{"ticker": "COF", "price": {"title": "Capital One Financial Historical Annual Stock Price Data", "value": 114.48, "historical": {"2021": {"Average Stock Price": "107.6396", "Year Open": "97.8400", "Year High": "114.4800", "Year Low": "97.8400", "Year Close": "114.4800", "Annual % Change": "15.81%"}, "2020": {"Average Stock Price": "75.4756", "Year Open": "103.6100", "Year High": "106.7600", "Year Low": "42.2700", "Year Close": "98.8500", "Annual % Change": "-3.95%"}, "2019": {"Average Stock Price": "89.3350", "Year Open": "77.2600", "Year High": "104.3700", "Year Low": "76.1600", "Year Close": "102.9100", "Annual % Change": "36.14%"}, "2018": {"Average Stock Price": "94.4743", "Year Open": "99.6100", "Year High": "105.7100", "Year Low": "70.7800", "Year Close": "75.5900", "Annual % Change": "-24.09%"}, "2017": {"Average Stock Price": "86.0020", "Year Open": "88.8700", "Year High": "100.5000", "Year Low": "76.9200", "Year Close": "99.5800", "Annual % Change": "14.14%"}, "2016": {"Average Stock Price": "71.2791", "Year Open": "70.7400", "Year High": "90.6200", "Year Low": "58.1500", "Year Close": "87.2400", "Annual % Change": "20.86%"}, "2015": {"Average Stock Price": "79.8685", "Year Open": "82.4900", "Year High": "91.7100", "Year Low": "71.5500", "Year Close": "72.1800", "Annual % Change": "-12.56%"}, "2014": {"Average Stock Price": "78.6152", "Year Open": "77.2500", "Year High": "84.9500", "Year Low": "68.6600", "Year Close": "82.5500", "Annual % Change": "7.75%"}, "2013": {"Average Stock Price": "63.5104", "Year Open": "61.2300", "Year High": "76.6100", "Year Low": "50.8000", "Year Close": "76.6100", "Annual % Change": "32.25%"}, "2012": {"Average Stock Price": "54.3159", "Year Open": "43.7500", "Year High": "61.4000", "Year Low": "43.7500", "Year Close": "57.9300", "Annual % Change": "36.98%"}, "2011": {"Average Stock Price": "47.4454", "Year Open": "43.6900", "Year High": "56.2100", "Year Low": "37.6300", "Year Close": "42.2900", "Annual % Change": "-0.63%"}, "2010": {"Average Stock Price": "40.3292", "Year Open": "39.0500", "Year High": "46.7300", "Year Low": "34.6300", "Year Close": "42.5600", "Annual % Change": "11.01%"}, "2009": {"Average Stock Price": "27.0380", "Year Open": "33.3100", "Year High": "41.0500", "Year Low": "8.3100", "Year Close": "38.3400", "Annual % Change": "20.23%"}, "2008": {"Average Stock Price": "43.3757", "Year Open": "47.3500", "Year High": "56.9700", "Year Low": "25.1900", "Year Close": "31.8900", "Annual % Change": "-32.52%"}, "2007": {"Average Stock Price": "70.4976", "Year Open": "77.2500", "Year High": "83.5800", "Year Low": "45.6600", "Year Close": "47.2600", "Annual % Change": "-38.48%"}, "2006": {"Average Stock Price": "81.1766", "Year Open": "86.9800", "Year High": "89.9200", "Year Low": "69.8800", "Year Close": "76.8200", "Annual % Change": "-11.09%"}, "2005": {"Average Stock Price": "78.5711", "Year Open": "83.8000", "Year High": "88.0100", "Year Low": "70.6500", "Year Close": "86.4000", "Annual % Change": "2.60%"}, "2004": {"Average Stock Price": "71.8226", "Year Open": "60.2300", "Year High": "84.2100", "Year Low": "60.2300", "Year Close": "84.2100", "Annual % Change": "37.40%"}, "2003": {"Average Stock Price": "47.1488", "Year Open": "31.7200", "Year High": "64.1200", "Year Low": "25.3800", "Year Close": "61.2900", "Annual % Change": "106.22%"}, "2002": {"Average Stock Price": "45.6777", "Year Open": "53.1200", "Year High": "65.7500", "Year Low": "24.7000", "Year Close": "29.7200", "Annual % Change": "-44.91%"}, "2001": {"Average Stock Price": "57.1760", "Year Open": "61.9400", "Year High": "72.0600", "Year Low": "39.9500", "Year Close": "53.9500", "Annual % Change": "-18.02%"}, "2000": {"Average Stock Price": "51.4234", "Year Open": "46.1900", "Year High": "71.7500", "Year Low": "33.0600", "Year Close": "65.8100", "Annual % Change": "36.56%"}, "1999": {"Average Stock Price": "46.8209", "Year Open": "38.6667", "Year High": "59.3667", "Year Low": "36.0000", "Year Close": "48.1900", "Annual % Change": "25.71%"}, "1998": {"Average Stock Price": "31.6379", "Year Open": "18.0833", "Year High": "42.8667", "Year Low": "17.4367", "Year Close": "38.3333", "Annual % Change": "112.22%"}, "1997": {"Average Stock Price": "13.2513", "Year Open": "11.4167", "Year High": "18.0633", "Year Low": "10.4600", "Year Close": "18.0633", "Annual % Change": "50.53%"}, "1996": {"Average Stock Price": "9.8330", "Year Open": "7.7933", "Year High": "12.2067", "Year Low": "7.2917", "Year Close": "12.0000", "Annual % Change": "50.75%"}, "1995": {"Average Stock Price": "7.4021", "Year Open": "5.3333", "Year High": "9.8333", "Year Low": "5.1667", "Year Close": "7.9600", "Annual % Change": "49.25%"}}}, "market cap": {"value": "$52.36B"}, "income statement": {"Revenue": {"2020-12-31": "31643.00000", "2019-12-31": "33766.00000", "2018-12-31": "32377.00000", "2017-12-31": "29999.00000", "2016-12-31": "27519.00000", "2015-12-31": "25038.00000", "2014-12-31": "23869.00000", "2013-12-31": "24176.00000", "2012-12-31": "23771.00000", "2011-12-31": "18525.00000", "2010-12-31": "19067.00000", "2009-12-31": "15950.00000", "2008-12-31": "17856.00000", "2007-12-31": "19132.38000", "2006-12-31": "15165.76000", "2005-12-31": "12084.99000"}, "Cost Of Goods Sold": {"2020-12-31": "3120.00000", "2019-12-31": "5173.00000", "2018-12-31": "4301.00000", "2017-12-31": "2762.00000", "2016-12-31": "2018.00000", "2015-12-31": "1625.00000", "2014-12-31": "1579.00000", "2013-12-31": "1792.00000", "2012-12-31": "2375.00000", "2011-12-31": "2246.00000", "2010-12-31": "2896.00000", "2009-12-31": "2967.00000", "2008-12-31": "3963.00000", "2007-12-31": "4548.31100", "2006-12-31": "3073.28900", "2005-12-31": "2046.63900"}, "Gross Profit": {"2020-12-31": "28523.00000", "2019-12-31": "28593.00000", "2018-12-31": "28076.00000", "2017-12-31": "27237.00000", "2016-12-31": "25501.00000", "2015-12-31": "23413.00000", "2014-12-31": "22290.00000", "2013-12-31": "22384.00000", "2012-12-31": "21396.00000", "2011-12-31": "16279.00000", "2010-12-31": "16171.00000", "2009-12-31": "12983.00000", "2008-12-31": "13893.00000", "2007-12-31": "14584.07000", "2006-12-31": "12092.47000", "2005-12-31": "10038.35000"}, "Research And Development Expenses": {"2020-12-31": "", "2019-12-31": "", "2018-12-31": "", "2017-12-31": "", "2016-12-31": "", "2015-12-31": "", "2014-12-31": "", "2013-12-31": "", "2012-12-31": "", "2011-12-31": "", "2010-12-31": "", "2009-12-31": "", "2008-12-31": "", "2007-12-31": "", "2006-12-31": "", "2005-12-31": ""}, "SG&A Expenses": {"2020-12-31": "25260.00000", "2019-12-31": "21607.00000", "2018-12-31": "20584.00000", "2017-12-31": "21500.00000", "2016-12-31": "19631.00000", "2015-12-31": "17102.00000", "2014-12-31": "15189.00000", "2013-12-31": "15135.00000", "2012-12-31": "15603.00000", "2011-12-31": "11425.00000", "2010-12-31": "11540.00000", "2009-12-31": "11528.00000", "2008-12-31": "13177.00000", "2007-12-31": "10576.28000", "2006-12-31": "8420.12900", "2005-12-31": "7209.34500"}, "Other Operating Income Or Expenses": {"2020-12-31": "", "2019-12-31": "", "2018-12-31": "", "2017-12-31": "", "2016-12-31": "", "2015-12-31": "", "2014-12-31": "", "2013-12-31": "", "2012-12-31": "", "2011-12-31": "", "2010-12-31": "", "2009-12-31": "", "2008-12-31": "", "2007-12-31": "", "2006-12-31": "", "2005-12-31": ""}, "Operating Expenses": {"2020-12-31": "28440.00000", "2019-12-31": "26892.00000", "2018-12-31": "25059.00000", "2017-12-31": "24507.00000", "2016-12-31": "22035.00000", "2015-12-31": "19157.00000", "2014-12-31": "17300.00000", "2013-12-31": "17598.00000", "2012-12-31": "18587.00000", "2011-12-31": "13893.00000", "2010-12-31": "14656.00000", "2009-12-31": "14495.00000", "2008-12-31": "17140.00000", "2007-12-31": "15124.59000", "2006-12-31": "11493.42000", "2005-12-31": "9255.98300"}, "Operating Income": {"2020-12-31": "3203.00000", "2019-12-31": "6874.00000", "2018-12-31": "7318.00000", "2017-12-31": "5492.00000", "2016-12-31": "5484.00000", "2015-12-31": "5881.00000", "2014-12-31": "6569.00000", "2013-12-31": "6578.00000", "2012-12-31": "5184.00000", "2011-12-31": "4632.00000", "2010-12-31": "4411.00000", "2009-12-31": "1455.00000", "2008-12-31": "716.00000", "2007-12-31": "4007.79700", "2006-12-31": "3672.34100", "2005-12-31": "2829.00300"}, "Total Non-Operating Income/Expense": {"2020-12-31": "", "2019-12-31": "", "2018-12-31": "", "2017-12-31": "", "2016-12-31": "", "2015-12-31": "", "2014-12-31": "", "2013-12-31": "", "2012-12-31": "", "2011-12-31": "-45.00000", "2010-12-31": "-81.00000", "2009-12-31": "-119.00000", "2008-12-31": "-134.00000", "2007-12-31": "-138.23700", "2006-12-31": "", "2005-12-31": ""}, "Pre-Tax Income": {"2020-12-31": "3203.00000", "2019-12-31": "6874.00000", "2018-12-31": "7318.00000", "2017-12-31": "5492.00000", "2016-12-31": "5484.00000", "2015-12-31": "5881.00000", "2014-12-31": "6569.00000", "2013-12-31": "6578.00000", "2012-12-31": "5184.00000", "2011-12-31": "4587.00000", "2010-12-31": "4330.00000", "2009-12-31": "1336.00000", "2008-12-31": "582.00000", "2007-12-31": "3869.55600", "2006-12-31": "3672.34100", "2005-12-31": "2829.00200"}, "Income Taxes": {"2020-12-31": "486.00000", "2019-12-31": "1341.00000", "2018-12-31": "1293.00000", "2017-12-31": "3375.00000", "2016-12-31": "1714.00000", "2015-12-31": "1869.00000", "2014-12-31": "2146.00000", "2013-12-31": "2224.00000", "2012-12-31": "1475.00000", "2011-12-31": "1334.00000", "2010-12-31": "1280.00000", "2009-12-31": "349.00000", "2008-12-31": "497.00000", "2007-12-31": "1277.83700", "2006-12-31": "1245.96400", "2005-12-31": "1019.85500"}, "Income After Taxes": {"2020-12-31": "2717.00000", "2019-12-31": "5533.00000", "2018-12-31": "6025.00000", "2017-12-31": "2117.00000", "2016-12-31": "3770.00000", "2015-12-31": "4012.00000", "2014-12-31": "4423.00000", "2013-12-31": "4354.00000", "2012-12-31": "3709.00000", "2011-12-31": "3253.00000", "2010-12-31": "3050.00000", "2009-12-31": "987.00000", "2008-12-31": "85.00000", "2007-12-31": "2591.71900", "2006-12-31": "2426.37700", "2005-12-31": "1809.14700"}, "Other Income": {"2020-12-31": "", "2019-12-31": "", "2018-12-31": "", "2017-12-31": "", "2016-12-31": "", "2015-12-31": "", "2014-12-31": "", "2013-12-31": "", "2012-12-31": "", "2011-12-31": "", "2010-12-31": "", "2009-12-31": "", "2008-12-31": "", "2007-12-31": "", "2006-12-31": "", "2005-12-31": ""}, "Income From Continuous Operations": {"2020-12-31": "2717.00000", "2019-12-31": "5533.00000", "2018-12-31": "6025.00000", "2017-12-31": "2117.00000", "2016-12-31": "3770.00000", "2015-12-31": "4012.00000", "2014-12-31": "4423.00000", "2013-12-31": "4354.00000", "2012-12-31": "3709.00000", "2011-12-31": "3253.00000", "2010-12-31": "3050.00000", "2009-12-31": "987.00000", "2008-12-31": "85.00000", "2007-12-31": "2591.71900", "2006-12-31": "2426.37700", "2005-12-31": "1809.14700"}, "Income From Discontinued Operations": {"2020-12-31": "-3.00000", "2019-12-31": "13.00000", "2018-12-31": "-10.00000", "2017-12-31": "-135.00000", "2016-12-31": "-19.00000", "2015-12-31": "38.00000", "2014-12-31": "5.00000", "2013-12-31": "-233.00000", "2012-12-31": "-217.00000", "2011-12-31": "-106.00000", "2010-12-31": "-307.00000", "2009-12-31": "-103.00000", "2008-12-31": "-131.00000", "2007-12-31": "-1021.38700", "2006-12-31": "-11.88400", "2005-12-31": ""}, "Net Income": {"2020-12-31": "2375.00000", "2019-12-31": "5192.00000", "2018-12-31": "5710.00000", "2017-12-31": "1704.00000", "2016-12-31": "3513.00000", "2015-12-31": "3872.00000", "2014-12-31": "4343.00000", "2013-12-31": "4051.00000", "2012-12-31": "3462.00000", "2011-12-31": "3121.00000", "2010-12-31": "2743.00000", "2009-12-31": "320.00000", "2008-12-31": "-79.00000", "2007-12-31": "1570.33200", "2006-12-31": "2414.49300", "2005-12-31": "1809.14700"}, "EBITDA": {"2020-12-31": "", "2019-12-31": "", "2018-12-31": "", "2017-12-31": "", "2016-12-31": "", "2015-12-31": "", "2014-12-31": "", "2013-12-31": "", "2012-12-31": "", "2011-12-31": "", "2010-12-31": "", "2009-12-31": "", "2008-12-31": "", "2007-12-31": "", "2006-12-31": "", "2005-12-31": ""}, "EBIT": {"2020-12-31": "", "2019-12-31": "", "2018-12-31": "", "2017-12-31": "", "2016-12-31": "", "2015-12-31": "", "2014-12-31": "", "2013-12-31": "", "2012-12-31": "", "2011-12-31": "", "2010-12-31": "", "2009-12-31": "", "2008-12-31": "", "2007-12-31": "", "2006-12-31": "", "2005-12-31": ""}, "Basic Shares Outstanding": {"2020-12-31": "457.80000", "2019-12-31": "467.60000", "2018-12-31": "479.90000", "2017-12-31": "484.20000", "2016-12-31": "504.90000", "2015-12-31": "541.80000", "2014-12-31": "563.10000", "2013-12-31": "579.70000", "2012-12-31": "561.10000", "2011-12-31": "455.50000", "2010-12-31": "452.00000", "2009-12-31": "428.00000", "2008-12-31": "376.00000", "2007-12-31": "390.28700", "2006-12-31": "309.58400", "2005-12-31": "259.15900"}, "Shares Outstanding": {"2020-12-31": "458.90000", "2019-12-31": "469.90000", "2018-12-31": "483.10000", "2017-12-31": "488.60000", "2016-12-31": "509.80000", "2015-12-31": "548.00000", "2014-12-31": "571.90000", "2013-12-31": "587.60000", "2012-12-31": "566.50000", "2011-12-31": "459.10000", "2010-12-31": "456.00000", "2009-12-31": "431.00000", "2008-12-31": "378.00000", "2007-12-31": "395.54500", "2006-12-31": "317.02300", "2005-12-31": "268.90800"}, "Basic EPS": {"2020-12-31": "5.19000", "2019-12-31": "11.10000", "2018-12-31": "11.90000", "2017-12-31": "3.52000", "2016-12-31": "6.96000", "2015-12-31": "7.15000", "2014-12-31": "7.71000", "2013-12-31": "6.99000", "2012-12-31": "6.17000", "2011-12-31": "6.85000", "2010-12-31": "6.07000", "2009-12-31": "0.75000", "2008-12-31": "-0.21000", "2007-12-31": "4.02000", "2006-12-31": "7.80000", "2005-12-31": "6.98000"}, "EPS - Earnings Per Share": {"2020-12-31": "5.18000", "2019-12-31": "11.05000", "2018-12-31": "11.82000", "2017-12-31": "3.49000", "2016-12-31": "6.89000", "2015-12-31": "7.07000", "2014-12-31": "7.59000", "2013-12-31": "6.89000", "2012-12-31": "6.11000", "2011-12-31": "6.80000", "2010-12-31": "6.01000", "2009-12-31": "0.74000", "2008-12-31": "-0.21000", "2007-12-31": "3.97000", "2006-12-31": "7.62000", "2005-12-31": "6.73000"}}, "income statement, quarterly": {"Revenue": {"2020-12-31": "7855.00000", "2020-09-30": "8041.00000", "2020-06-30": "7414.00000", "2020-03-31": "8333.00000", "2019-12-31": "8631.00000", "2019-09-30": "8297.00000", "2019-06-30": "8454.00000", "2019-03-31": "8384.00000", "2018-12-31": "8241.00000", "2018-09-30": "8071.00000", "2018-06-30": "8237.00000", "2018-03-31": "7828.00000", "2017-12-31": "7804.00000", "2017-09-30": "7705.00000", "2017-06-30": "7359.00000", "2017-03-31": "7131.00000", "2016-12-31": "7128.00000", "2016-09-30": "6978.00000", "2016-06-30": "6732.00000", "2016-03-31": "6681.00000", "2015-12-31": "6617.00000", "2015-09-30": "6304.00000", "2015-06-30": "6072.00000", "2015-03-31": "6045.00000", "2014-12-31": "6202.00000", "2014-09-30": "6029.00000", "2014-06-30": "5865.00000", "2014-03-31": "5773.00000", "2013-12-31": "5960.00000", "2013-09-30": "6089.00000", "2013-06-30": "6095.00000", "2013-03-31": "6032.00000", "2012-12-31": "6211.00000", "2012-09-30": "6390.00000", "2012-06-30": "5670.00000", "2012-03-31": "5500.00000", "2011-12-31": "4569.00000", "2011-09-30": "4706.00000", "2011-06-30": "4556.00000", "2011-03-31": "4694.00000", "2010-12-31": "4612.00000", "2010-09-30": "4722.00000", "2010-06-30": "4642.00000", "2010-03-31": "5091.00000", "2009-12-31": "4006.14700", "2009-09-30": "4255.00000", "2009-06-30": "3949.00000", "2009-03-31": "3739.85300", "2008-12-31": "4137.13700", "2008-09-30": "4468.68700", "2008-06-30": "4314.17300", "2008-03-31": "4936.00300", "2007-12-31": "5118.53800", "2007-09-30": "4916.62900", "2007-06-30": "4610.53700", "2007-03-31": "4486.67900", "2006-12-31": "3995.40000", "2006-09-30": "3826.45600", "2006-06-30": "3607.07000", "2006-03-31": "3736.83300", "2005-12-31": "3299.61300", "2005-09-30": "2999.23100", "2005-06-30": "2933.89600", "2005-03-31": "2852.24700"}, "Cost Of Goods Sold": {"2020-12-31": "518.00000", "2020-09-30": "660.00000", "2020-06-30": "858.00000", "2020-03-31": "1084.00000", "2019-12-31": "1204.00000", "2019-09-30": "1338.00000", "2019-06-30": "1330.00000", "2019-03-31": "1301.00000", "2018-12-31": "1228.00000", "2018-09-30": "1109.00000", "2018-06-30": "1045.00000", "2018-03-31": "919.00000", "2017-12-31": "791.00000", "2017-09-30": "720.00000", "2017-06-30": "655.00000", "2017-03-31": "596.00000", "2016-12-31": "562.00000", "2016-09-30": "517.00000", "2016-06-30": "478.00000", "2016-03-31": "461.00000", "2015-12-31": "423.00000", "2015-09-30": "404.00000", "2015-06-30": "400.00000", "2015-03-31": "398.00000", "2014-12-31": "389.00000", "2014-09-30": "390.00000", "2014-06-30": "397.00000", "2014-03-31": "403.00000", "2013-12-31": "416.00000", "2013-09-30": "438.00000", "2013-06-30": "457.00000", "2013-03-31": "481.00000", "2012-12-31": "587.00000", "2012-09-30": "608.00000", "2012-06-30": "615.00000", "2012-03-31": "565.00000", "2011-12-31": "519.00000", "2011-09-30": "552.00000", "2011-06-30": "563.00000", "2011-03-31": "612.00000", "2010-12-31": "650.00000", "2010-09-30": "706.00000", "2010-06-30": "738.00000", "2010-03-31": "802.00000", "2009-12-31": "640.97900", "2009-09-30": "697.00000", "2009-06-30": "772.00000", "2009-03-31": "857.02100", "2008-12-31": "966.14000", "2008-09-30": "965.15100", "2008-06-30": "964.10100", "2008-03-31": "1067.60800", "2007-12-31": "1197.94700", "2007-09-30": "1142.49300", "2007-06-30": "1100.10500", "2007-03-31": "1107.76600", "2006-12-31": "930.95290", "2006-09-30": "770.55600", "2006-06-30": "700.07500", "2006-03-31": "671.70500", "2005-12-31": "597.09910", "2005-09-30": "494.39600", "2005-06-30": "479.39700", "2005-03-31": "475.74700"}, "Gross Profit": {"2020-12-31": "7337.00000", "2020-09-30": "7381.00000", "2020-06-30": "6556.00000", "2020-03-31": "7249.00000", "2019-12-31": "7427.00000", "2019-09-30": "6959.00000", "2019-06-30": "7124.00000", "2019-03-31": "7083.00000", "2018-12-31": "7013.00000", "2018-09-30": "6962.00000", "2018-06-30": "7192.00000", "2018-03-31": "6909.00000", "2017-12-31": "7013.00000", "2017-09-30": "6985.00000", "2017-06-30": "6704.00000", "2017-03-31": "6535.00000", "2016-12-31": "6566.00000", "2016-09-30": "6461.00000", "2016-06-30": "6254.00000", "2016-03-31": "6220.00000", "2015-12-31": "6194.00000", "2015-09-30": "5900.00000", "2015-06-30": "5672.00000", "2015-03-31": "5647.00000", "2014-12-31": "5813.00000", "2014-09-30": "5639.00000", "2014-06-30": "5468.00000", "2014-03-31": "5370.00000", "2013-12-31": "5544.00000", "2013-09-30": "5651.00000", "2013-06-30": "5638.00000", "2013-03-31": "5551.00000", "2012-12-31": "5624.00000", "2012-09-30": "5782.00000", "2012-06-30": "5055.00000", "2012-03-31": "4935.00000", "2011-12-31": "4050.00000", "2011-09-30": "4154.00000", "2011-06-30": "3993.00000", "2011-03-31": "4082.00000", "2010-12-31": "3962.00000", "2010-09-30": "4016.00000", "2010-06-30": "3904.00000", "2010-03-31": "4289.00000", "2009-12-31": "3365.16800", "2009-09-30": "3558.00000", "2009-06-30": "3177.00000", "2009-03-31": "2882.83200", "2008-12-31": "3170.99700", "2008-09-30": "3503.53600", "2008-06-30": "3350.07200", "2008-03-31": "3868.39500", "2007-12-31": "3920.59100", "2007-09-30": "3774.13600", "2007-06-30": "3510.43200", "2007-03-31": "3378.91300", "2006-12-31": "3064.44700", "2006-09-30": "3055.90000", "2006-06-30": "2906.99500", "2006-03-31": "3065.12800", "2005-12-31": "2702.51400", "2005-09-30": "2504.83500", "2005-06-30": "2454.49900", "2005-03-31": "2376.50000"}, "Research And Development Expenses": {"2020-12-31": "", "2020-09-30": "", "2020-06-30": "", "2020-03-31": "", "2019-12-31": "", "2019-09-30": "", "2019-06-30": "", "2019-03-31": "", "2018-12-31": "", "2018-09-30": "", "2018-06-30": "", "2018-03-31": "", "2017-12-31": "", "2017-09-30": "", "2017-06-30": "", "2017-03-31": "", "2016-12-31": "", "2016-09-30": "", "2016-06-30": "", "2016-03-31": "", "2015-12-31": "", "2015-09-30": "", "2015-06-30": "", "2015-03-31": "", "2014-12-31": "", "2014-09-30": "", "2014-06-30": "", "2014-03-31": "", "2013-12-31": "", "2013-09-30": "", "2013-06-30": "", "2013-03-31": "", "2012-12-31": "", "2012-09-30": "", "2012-06-30": "", "2012-03-31": "", "2011-12-31": "", "2011-09-30": "", "2011-06-30": "", "2011-03-31": "", "2010-12-31": "", "2010-09-30": "", "2010-06-30": "", "2010-03-31": "", "2009-12-31": "", "2009-09-30": "", "2009-06-30": "", "2009-03-31": "", "2008-12-31": "", "2008-09-30": "", "2008-06-30": "", "2008-03-31": "", "2007-12-31": "", "2007-09-30": "", "2007-06-30": "", "2007-03-31": "", "2006-12-31": "", "2006-09-30": "", "2006-06-30": "", "2006-03-31": "", "2005-12-31": "", "2005-09-30": "", "2005-06-30": "", "2005-03-31": ""}, "SG&A Expenses": {"2020-12-31": "4265.00000", "2020-09-30": "3865.00000", "2020-06-30": "8000.00000", "2020-03-31": "9130.00000", "2019-12-31": "5951.00000", "2019-09-30": "5230.00000", "2019-06-30": "5092.00000", "2019-03-31": "5334.00000", "2018-12-31": "5727.00000", "2018-09-30": "4997.00000", "2018-06-30": "4657.00000", "2018-03-31": "5203.00000", "2017-12-31": "5644.00000", "2017-09-30": "5339.00000", "2017-06-30": "5153.00000", "2017-03-31": "5364.00000", "2016-12-31": "5330.00000", "2016-09-30": "4860.00000", "2016-06-30": "4792.00000", "2016-03-31": "4649.00000", "2015-12-31": "4757.00000", "2015-09-30": "4146.00000", "2015-06-30": "4325.00000", "2015-03-31": "3874.00000", "2014-12-31": "4270.00000", "2014-09-30": "3848.00000", "2014-06-30": "3547.00000", "2014-03-31": "3524.00000", "2013-12-31": "4026.00000", "2013-09-30": "3797.00000", "2013-06-30": "3613.00000", "2013-03-31": "3699.00000", "2012-12-31": "4333.00000", "2012-09-30": "3812.00000", "2012-06-30": "4529.00000", "2012-03-31": "2929.00000", "2011-12-31": "3230.00000", "2011-09-30": "2901.00000", "2011-06-30": "2598.00000", "2011-03-31": "2696.00000", "2010-12-31": "2629.00000", "2010-09-30": "2863.00000", "2010-06-30": "2723.00000", "2010-03-31": "3325.00000", "2009-12-31": "2759.20100", "2009-09-30": "2949.00000", "2009-06-30": "2813.00000", "2009-03-31": "3006.79900", "2008-12-31": "4804.42200", "2008-09-30": "2888.81700", "2008-06-30": "2635.17100", "2008-03-31": "2848.59000", "2007-12-31": "3401.60800", "2007-09-30": "2510.40100", "2007-06-30": "2340.17400", "2007-03-31": "2324.09200", "2006-12-31": "2475.84300", "2006-09-30": "2157.19500", "2006-06-30": "2043.34200", "2006-03-31": "1743.74900", "2005-12-31": "2254.86000", "2005-09-30": "1739.80500", "2005-06-30": "1627.21700", "2005-03-31": "1587.46300"}, "Other Operating Income Or Expenses": {"2020-12-31": "", "2020-09-30": "", "2020-06-30": "", "2020-03-31": "", "2019-12-31": "", "2019-09-30": "", "2019-06-30": "", "2019-03-31": "", "2018-12-31": "", "2018-09-30": "", "2018-06-30": "", "2018-03-31": "", "2017-12-31": "", "2017-09-30": "", "2017-06-30": "", "2017-03-31": "", "2016-12-31": "", "2016-09-30": "", "2016-06-30": "", "2016-03-31": "", "2015-12-31": "", "2015-09-30": "", "2015-06-30": "", "2015-03-31": "", "2014-12-31": "", "2014-09-30": "", "2014-06-30": "", "2014-03-31": "", "2013-12-31": "", "2013-09-30": "", "2013-06-30": "", "2013-03-31": "", "2012-12-31": "", "2012-09-30": "", "2012-06-30": "", "2012-03-31": "", "2011-12-31": "", "2011-09-30": "", "2011-06-30": "", "2011-03-31": "", "2010-12-31": "", "2010-09-30": "", "2010-06-30": "", "2010-03-31": "", "2009-12-31": "", "2009-09-30": "", "2009-06-30": "", "2009-03-31": "", "2008-12-31": "", "2008-09-30": "", "2008-06-30": "", "2008-03-31": "", "2007-12-31": "", "2007-09-30": "", "2007-06-30": "", "2007-03-31": "", "2006-12-31": "", "2006-09-30": "", "2006-06-30": "", "2006-03-31": "", "2005-12-31": "", "2005-09-30": "", "2005-06-30": "", "2005-03-31": ""}, "Operating Expenses": {"2020-12-31": "4791.00000", "2020-09-30": "4539.00000", "2020-06-30": "8874.00000", "2020-03-31": "10236.00000", "2019-12-31": "7183.00000", "2019-09-30": "6593.00000", "2019-06-30": "6451.00000", "2019-03-31": "6665.00000", "2018-12-31": "6998.00000", "2018-09-30": "6150.00000", "2018-06-30": "5745.00000", "2018-03-31": "6166.00000", "2017-12-31": "6496.00000", "2017-09-30": "6120.00000", "2017-06-30": "5869.00000", "2017-03-31": "6022.00000", "2016-12-31": "5993.00000", "2016-09-30": "5466.00000", "2016-06-30": "5365.00000", "2016-03-31": "5211.00000", "2015-12-31": "5283.00000", "2015-09-30": "4656.00000", "2015-06-30": "4836.00000", "2015-03-31": "4382.00000", "2014-12-31": "4782.00000", "2014-09-30": "4368.00000", "2014-06-30": "4080.00000", "2014-03-31": "4070.00000", "2013-12-31": "4608.00000", "2013-09-30": "4396.00000", "2013-06-30": "4237.00000", "2013-03-31": "4357.00000", "2012-12-31": "5111.00000", "2012-09-30": "4619.00000", "2012-06-30": "5301.00000", "2012-03-31": "3556.00000", "2011-12-31": "3749.00000", "2011-09-30": "3453.00000", "2011-06-30": "3161.00000", "2011-03-31": "3308.00000", "2010-12-31": "3279.00000", "2010-09-30": "3569.00000", "2010-06-30": "3461.00000", "2010-03-31": "4127.00000", "2009-12-31": "3400.18000", "2009-09-30": "3646.00000", "2009-06-30": "3585.00000", "2009-03-31": "3863.82000", "2008-12-31": "5770.56300", "2008-09-30": "3853.96800", "2008-06-30": "3599.27200", "2008-03-31": "3916.19800", "2007-12-31": "4599.55500", "2007-09-30": "3652.89400", "2007-06-30": "3440.27900", "2007-03-31": "3431.85800", "2006-12-31": "3406.79600", "2006-09-30": "2927.75100", "2006-06-30": "2743.41700", "2006-03-31": "2415.45400", "2005-12-31": "2851.95900", "2005-09-30": "2234.20100", "2005-06-30": "2106.61400", "2005-03-31": "2063.21000"}, "Operating Income": {"2020-12-31": "3064.00000", "2020-09-30": "3502.00000", "2020-06-30": "-1460.00000", "2020-03-31": "-1903.00000", "2019-12-31": "1448.00000", "2019-09-30": "1704.00000", "2019-06-30": "2003.00000", "2019-03-31": "1719.00000", "2018-12-31": "1243.00000", "2018-09-30": "1921.00000", "2018-06-30": "2492.00000", "2018-03-31": "1662.00000", "2017-12-31": "1308.00000", "2017-09-30": "1585.00000", "2017-06-30": "1490.00000", "2017-03-31": "1109.00000", "2016-12-31": "1135.00000", "2016-09-30": "1512.00000", "2016-06-30": "1367.00000", "2016-03-31": "1470.00000", "2015-12-31": "1334.00000", "2015-09-30": "1648.00000", "2015-06-30": "1236.00000", "2015-03-31": "1663.00000", "2014-12-31": "1420.00000", "2014-09-30": "1661.00000", "2014-06-30": "1785.00000", "2014-03-31": "1703.00000", "2013-12-31": "1352.00000", "2013-09-30": "1693.00000", "2013-06-30": "1858.00000", "2013-03-31": "1675.00000", "2012-12-31": "1100.00000", "2012-09-30": "1771.00000", "2012-06-30": "369.00000", "2012-03-31": "1944.00000", "2011-12-31": "820.00000", "2011-09-30": "1253.00000", "2011-06-30": "1395.00000", "2011-03-31": "1386.00000", "2010-12-31": "1333.00000", "2010-09-30": "1153.00000", "2010-06-30": "1181.00000", "2010-03-31": "964.00000", "2009-12-31": "605.96700", "2009-09-30": "609.00000", "2009-06-30": "364.00000", "2009-03-31": "-123.96700", "2008-12-31": "-1633.42600", "2008-09-30": "614.71920", "2008-06-30": "714.90090", "2008-03-31": "1019.80500", "2007-12-31": "518.98240", "2007-09-30": "1263.73500", "2007-06-30": "1170.25800", "2007-03-31": "1054.82100", "2006-12-31": "588.60420", "2006-09-30": "898.70510", "2006-06-30": "863.65280", "2006-03-31": "1321.37900", "2005-12-31": "447.65330", "2005-09-30": "765.02980", "2005-06-30": "827.28200", "2005-03-31": "789.03710"}, "Total Non-Operating Income/Expense": {"2020-12-31": "", "2020-09-30": "", "2020-06-30": "", "2020-03-31": "", "2019-12-31": "", "2019-09-30": "", "2019-06-30": "", "2019-03-31": "", "2018-12-31": "", "2018-09-30": "", "2018-06-30": "", "2018-03-31": "", "2017-12-31": "", "2017-09-30": "", "2017-06-30": "", "2017-03-31": "", "2016-12-31": "", "2016-09-30": "", "2016-06-30": "", "2016-03-31": "", "2015-12-31": "", "2015-09-30": "", "2015-06-30": "", "2015-03-31": "", "2014-12-31": "", "2014-09-30": "", "2014-06-30": "", "2014-03-31": "", "2013-12-31": "", "2013-09-30": "", "2013-06-30": "", "2013-03-31": "", "2012-12-31": "", "2012-09-30": "-48.00000", "2012-06-30": "-133.00000", "2012-03-31": "-86.00000", "2011-12-31": "-27.00000", "2011-09-30": "-18.00000", "2011-06-30": "", "2011-03-31": "", "2010-12-31": "", "2010-09-30": "", "2010-06-30": "", "2010-03-31": "", "2009-12-31": "-32.37300", "2009-09-30": "-26.00000", "2009-06-30": "-43.00000", "2009-03-31": "-17.62700", "2008-12-31": "-52.37500", "2008-09-30": "-15.30600", "2008-06-30": "-13.56000", "2008-03-31": "-52.75900", "2007-12-31": "-27.80900", "2007-09-30": "-19.35400", "2007-06-30": "-91.07400", "2007-03-31": "", "2006-12-31": "", "2006-09-30": "", "2006-06-30": "", "2006-03-31": "", "2005-12-31": "", "2005-09-30": "", "2005-06-30": "", "2005-03-31": ""}, "Pre-Tax Income": {"2020-12-31": "3064.00000", "2020-09-30": "3502.00000", "2020-06-30": "-1460.00000", "2020-03-31": "-1903.00000", "2019-12-31": "1448.00000", "2019-09-30": "1704.00000", "2019-06-30": "2003.00000", "2019-03-31": "1719.00000", "2018-12-31": "1243.00000", "2018-09-30": "1921.00000", "2018-06-30": "2492.00000", "2018-03-31": "1662.00000", "2017-12-31": "1308.00000", "2017-09-30": "1585.00000", "2017-06-30": "1490.00000", "2017-03-31": "1109.00000", "2016-12-31": "1135.00000", "2016-09-30": "1512.00000", "2016-06-30": "1367.00000", "2016-03-31": "1470.00000", "2015-12-31": "1334.00000", "2015-09-30": "1648.00000", "2015-06-30": "1236.00000", "2015-03-31": "1663.00000", "2014-12-31": "1420.00000", "2014-09-30": "1661.00000", "2014-06-30": "1785.00000", "2014-03-31": "1703.00000", "2013-12-31": "1352.00000", "2013-09-30": "1693.00000", "2013-06-30": "1858.00000", "2013-03-31": "1675.00000", "2012-12-31": "1367.00000", "2012-09-30": "1723.00000", "2012-06-30": "236.00000", "2012-03-31": "1858.00000", "2011-12-31": "571.00000", "2011-09-30": "1235.00000", "2011-06-30": "1395.00000", "2011-03-31": "1386.00000", "2010-12-31": "1032.00000", "2010-09-30": "1153.00000", "2010-06-30": "1181.00000", "2010-03-31": "964.00000", "2009-12-31": "573.59400", "2009-09-30": "583.00000", "2009-06-30": "321.00000", "2009-03-31": "-141.59400", "2008-12-31": "-1685.80000", "2008-09-30": "599.41300", "2008-06-30": "701.34100", "2008-03-31": "967.04600", "2007-12-31": "491.16980", "2007-09-30": "1244.38100", "2007-06-30": "1079.18400", "2007-03-31": "1054.82100", "2006-12-31": "588.60390", "2006-09-30": "898.70500", "2006-06-30": "863.65300", "2006-03-31": "1321.37900", "2005-12-31": "447.65300", "2005-09-30": "765.03000", "2005-06-30": "827.28200", "2005-03-31": "789.03700"}, "Income Taxes": {"2020-12-31": "496.00000", "2020-09-30": "1096.00000", "2020-06-30": "-543.00000", "2020-03-31": "-563.00000", "2019-12-31": "270.00000", "2019-09-30": "375.00000", "2019-06-30": "387.00000", "2019-03-31": "309.00000", "2018-12-31": "-21.00000", "2018-09-30": "420.00000", "2018-06-30": "575.00000", "2018-03-31": "319.00000", "2017-12-31": "2170.00000", "2017-09-30": "448.00000", "2017-06-30": "443.00000", "2017-03-31": "314.00000", "2016-12-31": "342.00000", "2016-09-30": "496.00000", "2016-06-30": "424.00000", "2016-03-31": "452.00000", "2015-12-31": "426.00000", "2015-09-30": "530.00000", "2015-06-30": "384.00000", "2015-03-31": "529.00000", "2014-12-31": "450.00000", "2014-09-30": "536.00000", "2014-06-30": "581.00000", "2014-03-31": "579.00000", "2013-12-31": "477.00000", "2013-09-30": "575.00000", "2013-06-30": "631.00000", "2013-03-31": "541.00000", "2012-12-31": "544.00000", "2012-09-30": "535.00000", "2012-06-30": "43.00000", "2012-03-31": "353.00000", "2011-12-31": "160.00000", "2011-09-30": "370.00000", "2011-06-30": "450.00000", "2011-03-31": "354.00000", "2010-12-31": "332.00000", "2010-09-30": "335.00000", "2010-06-30": "369.00000", "2010-03-31": "244.00000", "2009-12-31": "169.49000", "2009-09-30": "146.00000", "2009-06-30": "92.00000", "2009-03-31": "-58.49000", "2008-12-31": "-289.95800", "2008-09-30": "213.62400", "2008-06-30": "238.84300", "2008-03-31": "334.49100", "2007-12-31": "169.55800", "2007-09-30": "428.01000", "2007-06-30": "311.57200", "2007-03-31": "368.69700", "2006-12-31": "185.99200", "2006-09-30": "310.86600", "2006-06-30": "311.06600", "2006-03-31": "438.04000", "2005-12-31": "167.33500", "2005-09-30": "273.88100", "2005-06-30": "296.16400", "2005-03-31": "282.47500"}, "Income After Taxes": {"2020-12-31": "2568.00000", "2020-09-30": "2406.00000", "2020-06-30": "-917.00000", "2020-03-31": "-1340.00000", "2019-12-31": "1178.00000", "2019-09-30": "1329.00000", "2019-06-30": "1616.00000", "2019-03-31": "1410.00000", "2018-12-31": "1264.00000", "2018-09-30": "1501.00000", "2018-06-30": "1917.00000", "2018-03-31": "1343.00000", "2017-12-31": "-862.00000", "2017-09-30": "1137.00000", "2017-06-30": "1047.00000", "2017-03-31": "795.00000", "2016-12-31": "793.00000", "2016-09-30": "1016.00000", "2016-06-30": "943.00000", "2016-03-31": "1018.00000", "2015-12-31": "908.00000", "2015-09-30": "1118.00000", "2015-06-30": "852.00000", "2015-03-31": "1134.00000", "2014-12-31": "970.00000", "2014-09-30": "1125.00000", "2014-06-30": "1204.00000", "2014-03-31": "1124.00000", "2013-12-31": "875.00000", "2013-09-30": "1118.00000", "2013-06-30": "1227.00000", "2013-03-31": "1134.00000", "2012-12-31": "823.00000", "2012-09-30": "1188.00000", "2012-06-30": "193.00000", "2012-03-31": "1505.00000", "2011-12-31": "411.00000", "2011-09-30": "865.00000", "2011-06-30": "945.00000", "2011-03-31": "1032.00000", "2010-12-31": "700.00000", "2010-09-30": "818.00000", "2010-06-30": "812.00000", "2010-03-31": "720.00000", "2009-12-31": "404.10400", "2009-09-30": "437.00000", "2009-06-30": "229.00000", "2009-03-31": "-83.10400", "2008-12-31": "-1395.84200", "2008-09-30": "385.78900", "2008-06-30": "462.49800", "2008-03-31": "632.55510", "2007-12-31": "321.61180", "2007-09-30": "816.37100", "2007-06-30": "767.61190", "2007-03-31": "686.12400", "2006-12-31": "402.61190", "2006-09-30": "587.83900", "2006-06-30": "552.58700", "2006-03-31": "883.33900", "2005-12-31": "280.31800", "2005-09-30": "491.14900", "2005-06-30": "531.11800", "2005-03-31": "506.56200"}, "Other Income": {"2020-12-31": "", "2020-09-30": "", "2020-06-30": "", "2020-03-31": "", "2019-12-31": "", "2019-09-30": "", "2019-06-30": "", "2019-03-31": "", "2018-12-31": "", "2018-09-30": "", "2018-06-30": "", "2018-03-31": "", "2017-12-31": "", "2017-09-30": "", "2017-06-30": "", "2017-03-31": "", "2016-12-31": "", "2016-09-30": "", "2016-06-30": "", "2016-03-31": "", "2015-12-31": "", "2015-09-30": "", "2015-06-30": "", "2015-03-31": "", "2014-12-31": "", "2014-09-30": "", "2014-06-30": "", "2014-03-31": "", "2013-12-31": "", "2013-09-30": "", "2013-06-30": "", "2013-03-31": "", "2012-12-31": "", "2012-09-30": "", "2012-06-30": "", "2012-03-31": "", "2011-12-31": "", "2011-09-30": "", "2011-06-30": "", "2011-03-31": "", "2010-12-31": "", "2010-09-30": "", "2010-06-30": "", "2010-03-31": "", "2009-12-31": "", "2009-09-30": "", "2009-06-30": "", "2009-03-31": "", "2008-12-31": "", "2008-09-30": "", "2008-06-30": "", "2008-03-31": "", "2007-12-31": "", "2007-09-30": "", "2007-06-30": "", "2007-03-31": "", "2006-12-31": "", "2006-09-30": "", "2006-06-30": "", "2006-03-31": "", "2005-12-31": "", "2005-09-30": "", "2005-06-30": "", "2005-03-31": ""}, "Income From Continuous Operations": {"2020-12-31": "2568.00000", "2020-09-30": "2406.00000", "2020-06-30": "-917.00000", "2020-03-31": "-1340.00000", "2019-12-31": "1178.00000", "2019-09-30": "1329.00000", "2019-06-30": "1616.00000", "2019-03-31": "1410.00000", "2018-12-31": "1264.00000", "2018-09-30": "1501.00000", "2018-06-30": "1917.00000", "2018-03-31": "1343.00000", "2017-12-31": "-862.00000", "2017-09-30": "1137.00000", "2017-06-30": "1047.00000", "2017-03-31": "795.00000", "2016-12-31": "793.00000", "2016-09-30": "1016.00000", "2016-06-30": "943.00000", "2016-03-31": "1018.00000", "2015-12-31": "908.00000", "2015-09-30": "1118.00000", "2015-06-30": "852.00000", "2015-03-31": "1134.00000", "2014-12-31": "970.00000", "2014-09-30": "1125.00000", "2014-06-30": "1204.00000", "2014-03-31": "1124.00000", "2013-12-31": "875.00000", "2013-09-30": "1118.00000", "2013-06-30": "1227.00000", "2013-03-31": "1134.00000", "2012-12-31": "823.00000", "2012-09-30": "1188.00000", "2012-06-30": "193.00000", "2012-03-31": "1505.00000", "2011-12-31": "411.00000", "2011-09-30": "865.00000", "2011-06-30": "945.00000", "2011-03-31": "1032.00000", "2010-12-31": "700.00000", "2010-09-30": "818.00000", "2010-06-30": "812.00000", "2010-03-31": "720.00000", "2009-12-31": "404.10400", "2009-09-30": "437.00000", "2009-06-30": "229.00000", "2009-03-31": "-83.10400", "2008-12-31": "-1395.84200", "2008-09-30": "385.78900", "2008-06-30": "462.49800", "2008-03-31": "632.55500", "2007-12-31": "321.61200", "2007-09-30": "816.37100", "2007-06-30": "767.61200", "2007-03-31": "686.12400", "2006-12-31": "402.61190", "2006-09-30": "587.83900", "2006-06-30": "552.58700", "2006-03-31": "883.33900", "2005-12-31": "280.31800", "2005-09-30": "491.14900", "2005-06-30": "531.11800", "2005-03-31": "506.56200"}, "Income From Discontinued Operations": {"2020-12-31": "-2.00000", "2020-09-30": "0.00000", "2020-06-30": "-1.00000", "2020-03-31": "0.00000", "2019-12-31": "-2.00000", "2019-09-30": "4.00000", "2019-06-30": "9.00000", "2019-03-31": "2.00000", "2018-12-31": "-3.00000", "2018-09-30": "1.00000", "2018-06-30": "-11.00000", "2018-03-31": "3.00000", "2017-12-31": "-109.00000", "2017-09-30": "-30.00000", "2017-06-30": "-11.00000", "2017-03-31": "15.00000", "2016-12-31": "-2.00000", "2016-09-30": "-11.00000", "2016-06-30": "-1.00000", "2016-03-31": "-5.00000", "2015-12-31": "12.00000", "2015-09-30": "-4.00000", "2015-06-30": "11.00000", "2015-03-31": "19.00000", "2014-12-31": "29.00000", "2014-09-30": "-44.00000", "2014-06-30": "-10.00000", "2014-03-31": "30.00000", "2013-12-31": "-23.00000", "2013-09-30": "-13.00000", "2013-06-30": "-119.00000", "2013-03-31": "-78.00000", "2012-12-31": "-5.00000", "2012-09-30": "-10.00000", "2012-06-30": "-100.00000", "2012-03-31": "-102.00000", "2011-12-31": "-4.00000", "2011-09-30": "-52.00000", "2011-06-30": "-34.00000", "2011-03-31": "-16.00000", "2010-12-31": "-4.00000", "2010-09-30": "-15.00000", "2010-06-30": "-204.00000", "2010-03-31": "-84.00000", "2009-12-31": "-29.04200", "2009-09-30": "-43.00000", "2009-06-30": "-6.00000", "2009-03-31": "-24.95800", "2008-12-31": "-25.70600", "2008-09-30": "-11.65000", "2008-06-30": "-9.59300", "2008-03-31": "-84.05100", "2007-12-31": "-95.04400", "2007-09-30": "-898.02900", "2007-06-30": "-17.24000", "2007-03-31": "-11.07400", "2006-12-31": "", "2006-09-30": "", "2006-06-30": "", "2006-03-31": "", "2005-12-31": "", "2005-09-30": "", "2005-06-30": "", "2005-03-31": ""}, "Net Income": {"2020-12-31": "2462.00000", "2020-09-30": "2319.00000", "2020-06-30": "-1009.00000", "2020-03-31": "-1420.00000", "2019-12-31": "1041.00000", "2019-09-30": "1270.00000", "2019-06-30": "1533.00000", "2019-03-31": "1348.00000", "2018-12-31": "1172.00000", "2018-09-30": "1440.00000", "2018-06-30": "1814.00000", "2018-03-31": "1284.00000", "2017-12-31": "-1043.00000", "2017-09-30": "1047.00000", "2017-06-30": "948.00000", "2017-03-31": "752.00000", "2016-12-31": "710.00000", "2016-09-30": "962.00000", "2016-06-30": "871.00000", "2016-03-31": "970.00000", "2015-12-31": "848.00000", "2015-09-30": "1079.00000", "2015-06-30": "830.00000", "2015-03-31": "1115.00000", "2014-12-31": "974.00000", "2014-09-30": "1056.00000", "2014-06-30": "1177.00000", "2014-03-31": "1136.00000", "2013-12-31": "835.00000", "2013-09-30": "1087.00000", "2013-06-30": "1091.00000", "2013-03-31": "1038.00000", "2012-12-31": "801.00000", "2012-09-30": "1173.00000", "2012-06-30": "92.00000", "2012-03-31": "1396.00000", "2011-12-31": "381.00000", "2011-09-30": "813.00000", "2011-06-30": "911.00000", "2011-03-31": "1016.00000", "2010-12-31": "696.00000", "2010-09-30": "803.00000", "2010-06-30": "608.00000", "2010-03-31": "636.00000", "2009-12-31": "375.25200", "2009-09-30": "394.00000", "2009-06-30": "-277.00000", "2009-03-31": "-172.25200", "2008-12-31": "-1454.54800", "2008-09-30": "374.13900", "2008-06-30": "452.90500", "2008-03-31": "548.50400", "2007-12-31": "226.56800", "2007-09-30": "-81.65800", "2007-06-30": "750.37200", "2007-03-31": "675.05000", "2006-12-31": "390.72790", "2006-09-30": "587.83900", "2006-06-30": "552.58700", "2006-03-31": "883.33900", "2005-12-31": "280.31810", "2005-09-30": "491.14900", "2005-06-30": "531.11800", "2005-03-31": "506.56200"}, "EBITDA": {"2020-12-31": "", "2020-09-30": "", "2020-06-30": "", "2020-03-31": "", "2019-12-31": "", "2019-09-30": "", "2019-06-30": "", "2019-03-31": "", "2018-12-31": "", "2018-09-30": "", "2018-06-30": "", "2018-03-31": "", "2017-12-31": "", "2017-09-30": "", "2017-06-30": "", "2017-03-31": "", "2016-12-31": "", "2016-09-30": "", "2016-06-30": "", "2016-03-31": "", "2015-12-31": "", "2015-09-30": "", "2015-06-30": "", "2015-03-31": "", "2014-12-31": "", "2014-09-30": "", "2014-06-30": "", "2014-03-31": "", "2013-12-31": "", "2013-09-30": "", "2013-06-30": "", "2013-03-31": "", "2012-12-31": "", "2012-09-30": "", "2012-06-30": "", "2012-03-31": "", "2011-12-31": "", "2011-09-30": "", "2011-06-30": "", "2011-03-31": "", "2010-12-31": "", "2010-09-30": "", "2010-06-30": "", "2010-03-31": "", "2009-12-31": "", "2009-09-30": "", "2009-06-30": "", "2009-03-31": "", "2008-12-31": "", "2008-09-30": "", "2008-06-30": "", "2008-03-31": "", "2007-12-31": "", "2007-09-30": "", "2007-06-30": "", "2007-03-31": "", "2006-12-31": "", "2006-09-30": "", "2006-06-30": "", "2006-03-31": "", "2005-12-31": "", "2005-09-30": "", "2005-06-30": "", "2005-03-31": ""}, "EBIT": {"2020-12-31": "", "2020-09-30": "", "2020-06-30": "", "2020-03-31": "", "2019-12-31": "", "2019-09-30": "", "2019-06-30": "", "2019-03-31": "", "2018-12-31": "", "2018-09-30": "", "2018-06-30": "", "2018-03-31": "", "2017-12-31": "", "2017-09-30": "", "2017-06-30": "", "2017-03-31": "", "2016-12-31": "", "2016-09-30": "", "2016-06-30": "", "2016-03-31": "", "2015-12-31": "", "2015-09-30": "", "2015-06-30": "", "2015-03-31": "", "2014-12-31": "", "2014-09-30": "", "2014-06-30": "", "2014-03-31": "", "2013-12-31": "", "2013-09-30": "", "2013-06-30": "", "2013-03-31": "", "2012-12-31": "", "2012-09-30": "", "2012-06-30": "", "2012-03-31": "", "2011-12-31": "", "2011-09-30": "", "2011-06-30": "", "2011-03-31": "", "2010-12-31": "", "2010-09-30": "", "2010-06-30": "", "2010-03-31": "", "2009-12-31": "", "2009-09-30": "", "2009-06-30": "", "2009-03-31": "", "2008-12-31": "", "2008-09-30": "", "2008-06-30": "", "2008-03-31": "", "2007-12-31": "", "2007-09-30": "", "2007-06-30": "", "2007-03-31": "", "2006-12-31": "", "2006-09-30": "", "2006-06-30": "", "2006-03-31": "", "2005-12-31": "", "2005-09-30": "", "2005-06-30": "", "2005-03-31": ""}, "Basic Shares Outstanding": {"2020-12-31": "459.10000", "2020-09-30": "457.80000", "2020-06-30": "456.70000", "2020-03-31": "457.60000", "2019-12-31": "467.60000", "2019-09-30": "469.50000", "2019-06-30": "470.80000", "2019-03-31": "469.40000", "2018-12-31": "479.90000", "2018-09-30": "477.80000", "2018-06-30": "485.10000", "2018-03-31": "486.90000", "2017-12-31": "484.20000", "2017-09-30": "484.90000", "2017-06-30": "484.00000", "2017-03-31": "482.30000", "2016-12-31": "504.90000", "2016-09-30": "501.10000", "2016-06-30": "511.70000", "2016-03-31": "523.50000", "2015-12-31": "541.80000", "2015-09-30": "540.60000", "2015-06-30": "545.60000", "2015-03-31": "550.20000", "2014-12-31": "563.10000", "2014-09-30": "559.90000", "2014-06-30": "567.50000", "2014-03-31": "571.00000", "2013-12-31": "579.70000", "2013-09-30": "582.30000", "2013-06-30": "581.50000", "2013-03-31": "580.50000", "2012-12-31": "561.10000", "2012-09-30": "578.30000", "2012-06-30": "578.00000", "2012-03-31": "509.00000", "2011-12-31": "455.50000", "2011-09-30": "456.00000", "2011-06-30": "456.00000", "2011-03-31": "454.10000", "2010-12-31": "452.00000", "2010-09-30": "453.00000", "2010-06-30": "452.00000", "2010-03-31": "451.00000", "2009-12-31": "428.00000", "2009-09-30": "449.00000", "2009-06-30": "422.00000", "2009-03-31": "390.45600", "2008-12-31": "376.00000", "2008-09-30": "372.92800", "2008-06-30": "372.34800", "2008-03-31": "370.74300", "2007-12-31": "390.28700", "2007-09-30": "386.13300", "2007-06-30": "390.84700", "2007-03-31": "408.70900", "2006-12-31": "309.58400", "2006-09-30": "301.57100", "2006-06-30": "300.82900", "2006-03-31": "299.25700", "2005-12-31": "259.15900", "2005-09-30": "260.91800", "2005-06-30": "252.58500", "2005-03-31": "243.97800"}, "Shares Outstanding": {"2020-12-31": "460.20000", "2020-09-30": "458.50000", "2020-06-30": "456.70000", "2020-03-31": "457.60000", "2019-12-31": "469.90000", "2019-09-30": "471.80000", "2019-06-30": "473.00000", "2019-03-31": "471.60000", "2018-12-31": "483.10000", "2018-09-30": "480.90000", "2018-06-30": "488.30000", "2018-03-31": "490.80000", "2017-12-31": "488.60000", "2017-09-30": "489.00000", "2017-06-30": "488.10000", "2017-03-31": "487.90000", "2016-12-31": "509.80000", "2016-09-30": "505.90000", "2016-06-30": "516.50000", "2016-03-31": "528.00000", "2015-12-31": "548.00000", "2015-09-30": "546.30000", "2015-06-30": "552.00000", "2015-03-31": "557.20000", "2014-12-31": "571.90000", "2014-09-30": "567.90000", "2014-06-30": "577.60000", "2014-03-31": "580.30000", "2013-12-31": "587.60000", "2013-09-30": "591.10000", "2013-06-30": "588.80000", "2013-03-31": "586.30000", "2012-12-31": "566.50000", "2012-09-30": "584.10000", "2012-06-30": "583.00000", "2012-03-31": "513.00000", "2011-12-31": "459.10000", "2011-09-30": "460.00000", "2011-06-30": "462.00000", "2011-03-31": "460.30000", "2010-12-31": "456.00000", "2010-09-30": "457.00000", "2010-06-30": "456.00000", "2010-03-31": "455.00000", "2009-12-31": "431.00000", "2009-09-30": "453.00000", "2009-06-30": "422.00000", "2009-03-31": "390.45600", "2008-12-31": "378.00000", "2008-09-30": "374.29300", "2008-06-30": "373.65300", "2008-03-31": "372.27200", "2007-12-31": "395.54500", "2007-09-30": "390.84400", "2007-06-30": "397.47300", "2007-03-31": "415.53000", "2006-12-31": "317.02300", "2006-09-30": "310.38500", "2006-06-30": "309.98800", "2006-03-31": "309.12100", "2005-12-31": "268.90800", "2005-09-30": "270.69300", "2005-06-30": "261.66400", "2005-03-31": "255.18100"}, "Basic EPS": {"2020-12-31": "5.36000", "2020-09-30": "5.07000", "2020-06-30": "-2.21000", "2020-03-31": "-3.10000", "2019-12-31": "2.26000", "2019-09-30": "2.71000", "2019-06-30": "3.26000", "2019-03-31": "2.87000", "2018-12-31": "2.51000", "2018-09-30": "3.01000", "2018-06-30": "3.74000", "2018-03-31": "2.64000", "2017-12-31": "-2.16000", "2017-09-30": "2.16000", "2017-06-30": "1.96000", "2017-03-31": "1.56000", "2016-12-31": "1.49000", "2016-09-30": "1.92000", "2016-06-30": "1.70000", "2016-03-31": "1.85000", "2015-12-31": "1.60000", "2015-09-30": "2.00000", "2015-06-30": "1.52000", "2015-03-31": "2.03000", "2014-12-31": "1.76000", "2014-09-30": "1.89000", "2014-06-30": "2.07000", "2014-03-31": "1.99000", "2013-12-31": "1.45000", "2013-09-30": "1.87000", "2013-06-30": "1.88000", "2013-03-31": "1.79000", "2012-12-31": "1.24000", "2012-09-30": "2.03000", "2012-06-30": "0.16000", "2012-03-31": "2.74000", "2011-12-31": "0.83000", "2011-09-30": "1.78000", "2011-06-30": "2.00000", "2011-03-31": "2.24000", "2010-12-31": "1.54000", "2010-09-30": "1.78000", "2010-06-30": "1.34000", "2010-03-31": "1.41000", "2009-12-31": "0.97000", "2009-09-30": "0.88000", "2009-06-30": "-0.66000", "2009-03-31": "-0.44000", "2008-12-31": "-3.90000", "2008-09-30": "1.00000", "2008-06-30": "1.21000", "2008-03-31": "1.48000", "2007-12-31": "0.66000", "2007-09-30": "-0.21000", "2007-06-30": "1.92000", "2007-03-31": "1.65000", "2006-12-31": "1.06000", "2006-09-30": "1.95000", "2006-06-30": "1.84000", "2006-03-31": "2.95000", "2005-12-31": "0.92000", "2005-09-30": "1.88000", "2005-06-30": "2.10000", "2005-03-31": "2.08000"}, "EPS - Earnings Per Share": {"2020-12-31": "5.35000", "2020-09-30": "5.06000", "2020-06-30": "-2.21000", "2020-03-31": "-3.10000", "2019-12-31": "2.26000", "2019-09-30": "2.69000", "2019-06-30": "3.24000", "2019-03-31": "2.86000", "2018-12-31": "2.50000", "2018-09-30": "2.99000", "2018-06-30": "3.71000", "2018-03-31": "2.62000", "2017-12-31": "-2.13000", "2017-09-30": "2.14000", "2017-06-30": "1.94000", "2017-03-31": "1.54000", "2016-12-31": "1.46000", "2016-09-30": "1.90000", "2016-06-30": "1.69000", "2016-03-31": "1.84000", "2015-12-31": "1.59000", "2015-09-30": "1.98000", "2015-06-30": "1.50000", "2015-03-31": "2.00000", "2014-12-31": "1.73000", "2014-09-30": "1.86000", "2014-06-30": "2.04000", "2014-03-31": "1.96000", "2013-12-31": "1.43000", "2013-09-30": "1.84000", "2013-06-30": "1.85000", "2013-03-31": "1.77000", "2012-12-31": "1.22000", "2012-09-30": "2.01000", "2012-06-30": "0.16000", "2012-03-31": "2.72000", "2011-12-31": "0.85000", "2011-09-30": "1.77000", "2011-06-30": "1.97000", "2011-03-31": "2.21000", "2010-12-31": "1.52000", "2010-09-30": "1.76000", "2010-06-30": "1.33000", "2010-03-31": "1.40000", "2009-12-31": "0.97000", "2009-09-30": "0.87000", "2009-06-30": "-0.66000", "2009-03-31": "-0.44000", "2008-12-31": "-3.89000", "2008-09-30": "1.00000", "2008-06-30": "1.21000", "2008-03-31": "1.47000", "2007-12-31": "0.67000", "2007-09-30": "-0.21000", "2007-06-30": "1.89000", "2007-03-31": "1.62000", "2006-12-31": "1.09000", "2006-09-30": "1.89000", "2006-06-30": "1.78000", "2006-03-31": "2.86000", "2005-12-31": "0.90000", "2005-09-30": "1.81000", "2005-06-30": "2.03000", "2005-03-31": "1.99000"}}, "balance sheet": {"Cash On Hand": {"2020-12-31": "40771.00000", "2019-12-31": "13749.00000", "2018-12-31": "13489.00000", "2017-12-31": "14352.00000", "2016-12-31": "12493.00000", "2015-12-31": "9040.00000", "2014-12-31": "7476.00000", "2013-12-31": "7165.00000", "2012-12-31": "11486.00000", "2011-12-31": "6629.00000", "2010-12-31": "6851.00000", "2009-12-31": "9186.00000", "2008-12-31": "7491.34300", "2007-12-31": "4821.40900", "2006-12-31": "4660.49600", "2005-12-31": "4071.26700"}, "Receivables": {"2020-12-31": "", "2019-12-31": "", "2018-12-31": "", "2017-12-31": "", "2016-12-31": "", "2015-12-31": "", "2014-12-31": "", "2013-12-31": "", "2012-12-31": "", "2011-12-31": "", "2010-12-31": "", "2009-12-31": "", "2008-12-31": "", "2007-12-31": "", "2006-12-31": "", "2005-12-31": ""}, "Inventory": {"2020-12-31": "", "2019-12-31": "", "2018-12-31": "", "2017-12-31": "", "2016-12-31": "", "2015-12-31": "", "2014-12-31": "", "2013-12-31": "", "2012-12-31": "", "2011-12-31": "", "2010-12-31": "", "2009-12-31": "", "2008-12-31": "", "2007-12-31": "", "2006-12-31": "", "2005-12-31": ""}, "Pre-Paid Expenses": {"2020-12-31": "", "2019-12-31": "", "2018-12-31": "", "2017-12-31": "", "2016-12-31": "", "2015-12-31": "", "2014-12-31": "", "2013-12-31": "", "2012-12-31": "", "2011-12-31": "", "2010-12-31": "", "2009-12-31": "", "2008-12-31": "", "2007-12-31": "", "2006-12-31": "", "2005-12-31": ""}, "Other Current Assets": {"2020-12-31": "", "2019-12-31": "", "2018-12-31": "", "2017-12-31": "", "2016-12-31": "", "2015-12-31": "", "2014-12-31": "", "2013-12-31": "", "2012-12-31": "", "2011-12-31": "", "2010-12-31": "", "2009-12-31": "", "2008-12-31": "", "2007-12-31": "", "2006-12-31": "", "2005-12-31": ""}, "Total Current Assets": {"2020-12-31": "281012.00000", "2019-12-31": "274508.00000", "2018-12-31": "254974.00000", "2017-12-31": "263830.00000", "2016-12-31": "253970.00000", "2015-12-31": "235854.00000", "2014-12-31": "213114.00000", "2013-12-31": "201685.00000", "2012-12-31": "214114.00000", "2011-12-31": "139501.00000", "2010-12-31": "128586.00000", "2009-12-31": "104010.00000", "2008-12-31": "111224.30000", "2007-12-31": "109536.50000", "2006-12-31": "114833.60000", "2005-12-31": "67794.48000"}, "Property, Plant, And Equipment": {"2020-12-31": "4287.00000", "2019-12-31": "4378.00000", "2018-12-31": "4191.00000", "2017-12-31": "4033.00000", "2016-12-31": "3675.00000", "2015-12-31": "3584.00000", "2014-12-31": "3685.00000", "2013-12-31": "3839.00000", "2012-12-31": "3587.00000", "2011-12-31": "2748.00000", "2010-12-31": "2749.00000", "2009-12-31": "2736.00000", "2008-12-31": "2313.10600", "2007-12-31": "2299.60300", "2006-12-31": "2203.28000", "2005-12-31": "1191.40600"}, "Long-Term Investments": {"2020-12-31": "100445.00000", "2019-12-31": "79213.00000", "2018-12-31": "82921.00000", "2017-12-31": "66639.00000", "2016-12-31": "66449.00000", "2015-12-31": "63680.00000", "2014-12-31": "62008.00000", "2013-12-31": "60932.00000", "2012-12-31": "63988.00000", "2011-12-31": "38759.00000", "2010-12-31": "41537.00000", "2009-12-31": "38910.00000", "2008-12-31": "31003.27000", "2007-12-31": "19781.59000", "2006-12-31": "15452.05000", "2005-12-31": "14245.02000"}, "Goodwill And Intangible Assets": {"2020-12-31": "14653.00000", "2019-12-31": "14653.00000", "2018-12-31": "14544.00000", "2017-12-31": "14533.00000", "2016-12-31": "14519.00000", "2015-12-31": "14480.00000", "2014-12-31": "13978.00000", "2013-12-31": "13978.00000", "2012-12-31": "13904.00000", "2011-12-31": "13592.00000", "2010-12-31": "13591.00000", "2009-12-31": "13596.00000", "2008-12-31": "11964.49000", "2007-12-31": "12830.74000", "2006-12-31": "13635.43000", "2005-12-31": "3906.39900"}, "Other Long-Term Assets": {"2020-12-31": "21205.00000", "2019-12-31": "17613.00000", "2018-12-31": "15908.00000", "2017-12-31": "16658.00000", "2016-12-31": "18420.00000", "2015-12-31": "16450.00000", "2014-12-31": "15382.00000", "2013-12-31": "16499.00000", "2012-12-31": "17325.00000", "2011-12-31": "11419.00000", "2010-12-31": "11040.00000", "2009-12-31": "10394.00000", "2008-12-31": "9408.30900", "2007-12-31": "6141.94400", "2006-12-31": "3614.93200", "2005-12-31": "1564.10700"}, "Total Long-Term Assets": {"2020-12-31": "140590.00000", "2019-12-31": "115857.00000", "2018-12-31": "117564.00000", "2017-12-31": "101863.00000", "2016-12-31": "103063.00000", "2015-12-31": "98194.00000", "2014-12-31": "95053.00000", "2013-12-31": "95248.00000", "2012-12-31": "98804.00000", "2011-12-31": "66518.00000", "2010-12-31": "68917.00000", "2009-12-31": "65636.00000", "2008-12-31": "54689.17000", "2007-12-31": "41053.88000", "2006-12-31": "34905.70000", "2005-12-31": "20906.93000"}, "Total Assets": {"2020-12-31": "421602.00000", "2019-12-31": "390365.00000", "2018-12-31": "372538.00000", "2017-12-31": "365693.00000", "2016-12-31": "357033.00000", "2015-12-31": "334048.00000", "2014-12-31": "308167.00000", "2013-12-31": "296933.00000", "2012-12-31": "312918.00000", "2011-12-31": "206019.00000", "2010-12-31": "197503.00000", "2009-12-31": "169646.00000", "2008-12-31": "165913.50000", "2007-12-31": "150590.40000", "2006-12-31": "149739.30000", "2005-12-31": "88701.41000"}, "Total Current Liabilities": {"2020-12-31": "306462.00000", "2019-12-31": "263450.00000", "2018-12-31": "250574.00000", "2017-12-31": "244691.00000", "2016-12-31": "238087.00000", "2015-12-31": "219001.00000", "2014-12-31": "206682.00000", "2013-12-31": "205745.00000", "2012-12-31": "214183.00000", "2011-12-31": "130156.00000", "2010-12-31": "124215.00000", "2009-12-31": "117458.00000", "2008-12-31": "109297.20000", "2007-12-31": "83392.79000", "2006-12-31": "86345.66000", "2005-12-31": "48304.95000"}, "Long Term Debt": {"2020-12-31": "39871.00000", "2019-12-31": "55383.00000", "2018-12-31": "58553.00000", "2017-12-31": "59705.00000", "2016-12-31": "59468.00000", "2015-12-31": "58134.00000", "2014-12-31": "47577.00000", "2013-12-31": "39739.00000", "2012-12-31": "48662.00000", "2011-12-31": "38097.00000", "2010-12-31": "40279.00000", "2009-12-31": "19874.00000", "2008-12-31": "23178.49000", "2007-12-31": "37525.68000", "2006-12-31": "33982.48000", "2005-12-31": "22278.14000"}, "Other Non-Current Liabilities": {"2020-12-31": "15065.00000", "2019-12-31": "13521.00000", "2018-12-31": "11743.00000", "2017-12-31": "12567.00000", "2016-12-31": "11964.00000", "2015-12-31": "9629.00000", "2014-12-31": "8855.00000", "2013-12-31": "9817.00000", "2012-12-31": "9574.00000", "2011-12-31": "8100.00000", "2010-12-31": "6468.00000", "2009-12-31": "5724.00000", "2008-12-31": "6825.34100", "2007-12-31": "5377.79700", "2006-12-31": "4175.94700", "2005-12-31": "3989.40900"}, "Total Long Term Liabilities": {"2020-12-31": "54936.00000", "2019-12-31": "68904.00000", "2018-12-31": "70296.00000", "2017-12-31": "72272.00000", "2016-12-31": "71432.00000", "2015-12-31": "67763.00000", "2014-12-31": "56432.00000", "2013-12-31": "49556.00000", "2012-12-31": "58236.00000", "2011-12-31": "46197.00000", "2010-12-31": "46747.00000", "2009-12-31": "25598.00000", "2008-12-31": "30003.83000", "2007-12-31": "42903.47000", "2006-12-31": "38158.42000", "2005-12-31": "26267.55000"}, "Total Liabilities": {"2020-12-31": "361398.00000", "2019-12-31": "332354.00000", "2018-12-31": "320870.00000", "2017-12-31": "316963.00000", "2016-12-31": "309519.00000", "2015-12-31": "286764.00000", "2014-12-31": "263114.00000", "2013-12-31": "255301.00000", "2012-12-31": "272419.00000", "2011-12-31": "176353.00000", "2010-12-31": "170962.00000", "2009-12-31": "143056.00000", "2008-12-31": "139301.00000", "2007-12-31": "126296.30000", "2006-12-31": "124504.10000", "2005-12-31": "74572.50000"}, "Common Stock Net": {"2020-12-31": "7.00000", "2019-12-31": "7.00000", "2018-12-31": "7.00000", "2017-12-31": "7.00000", "2016-12-31": "7.00000", "2015-12-31": "6.00000", "2014-12-31": "6.00000", "2013-12-31": "6.00000", "2012-12-31": "6.00000", "2011-12-31": "5.00000", "2010-12-31": "5.00000", "2009-12-31": "5.00000", "2008-12-31": "4.38400", "2007-12-31": "4.19200", "2006-12-31": "4.12200", "2005-12-31": "3.02800"}, "Retained Earnings (Accumulated Deficit)": {"2020-12-31": "40088.00000", "2019-12-31": "40340.00000", "2018-12-31": "35875.00000", "2017-12-31": "30700.00000", "2016-12-31": "29766.00000", "2015-12-31": "27045.00000", "2014-12-31": "23973.00000", "2013-12-31": "20292.00000", "2012-12-31": "16853.00000", "2011-12-31": "13462.00000", "2010-12-31": "10406.00000", "2009-12-31": "10727.00000", "2008-12-31": "10621.16000", "2007-12-31": "11267.57000", "2006-12-31": "9760.18400", "2005-12-31": "7378.01500"}, "Comprehensive Income": {"2020-12-31": "3494.00000", "2019-12-31": "1156.00000", "2018-12-31": "-1263.00000", "2017-12-31": "-926.00000", "2016-12-31": "-949.00000", "2015-12-31": "-616.00000", "2014-12-31": "-430.00000", "2013-12-31": "-872.00000", "2012-12-31": "739.00000", "2011-12-31": "169.00000", "2010-12-31": "248.00000", "2009-12-31": "83.00000", "2008-12-31": "-1221.79600", "2007-12-31": "315.24800", "2006-12-31": "266.18000", "2005-12-31": "6.12900"}, "Other Share Holders Equity": {"2020-12-31": "", "2019-12-31": "", "2018-12-31": "", "2017-12-31": "", "2016-12-31": "", "2015-12-31": "", "2014-12-31": "", "2013-12-31": "", "2012-12-31": "", "2011-12-31": "", "2010-12-31": "", "2009-12-31": "", "2008-12-31": "", "2007-12-31": "", "2006-12-31": "", "2005-12-31": ""}, "Share Holder Equity": {"2020-12-31": "60204.00000", "2019-12-31": "58011.00000", "2018-12-31": "51668.00000", "2017-12-31": "48730.00000", "2016-12-31": "47514.00000", "2015-12-31": "47284.00000", "2014-12-31": "45053.00000", "2013-12-31": "41632.00000", "2012-12-31": "40499.00000", "2011-12-31": "29666.00000", "2010-12-31": "26541.00000", "2009-12-31": "26590.00000", "2008-12-31": "26612.43000", "2007-12-31": "24294.11000", "2006-12-31": "25235.21000", "2005-12-31": "14128.91000"}, "Total Liabilities And Share Holders Equity": {"2020-12-31": "421602.00000", "2019-12-31": "390365.00000", "2018-12-31": "372538.00000", "2017-12-31": "365693.00000", "2016-12-31": "357033.00000", "2015-12-31": "334048.00000", "2014-12-31": "308167.00000", "2013-12-31": "296933.00000", "2012-12-31": "312918.00000", "2011-12-31": "206019.00000", "2010-12-31": "197503.00000", "2009-12-31": "169646.00000", "2008-12-31": "165913.50000", "2007-12-31": "150590.40000", "2006-12-31": "149739.30000", "2005-12-31": "88701.41000"}}, "balance sheet, quarterly": {"Cash On Hand": {"2020-12-31": "40771.00000", "2020-09-30": "45001.00000", "2020-06-30": "56558.00000", "2020-03-31": "25300.00000", "2019-12-31": "13749.00000", "2019-09-30": "17537.00000", "2019-06-30": "15821.00000", "2019-03-31": "19438.00000", "2018-12-31": "13489.00000", "2018-09-30": "11628.00000", "2018-06-30": "13296.00000", "2018-03-31": "14317.00000", "2017-12-31": "14352.00000", "2017-09-30": "8788.00000", "2017-06-30": "7015.00000", "2017-03-31": "9801.00000", "2016-12-31": "12493.00000", "2016-09-30": "9381.00000", "2016-06-30": "7414.00000", "2016-03-31": "6195.00000", "2015-12-31": "9040.00000", "2015-09-30": "7423.00000", "2015-06-30": "7409.00000", "2015-03-31": "9125.00000", "2014-12-31": "7476.00000", "2014-09-30": "6553.00000", "2014-06-30": "7093.00000", "2014-03-31": "6732.00000", "2013-12-31": "7165.00000", "2013-09-30": "6108.00000", "2013-06-30": "5030.00000", "2013-03-31": "7764.00000", "2012-12-31": "11486.00000", "2012-09-30": "6729.00000", "2012-06-30": "6349.00000", "2012-03-31": "31746.00000", "2011-12-31": "6629.00000", "2011-09-30": "7342.00000", "2011-06-30": "7971.00000", "2011-03-31": "10527.00000", "2010-12-31": "6851.00000", "2010-09-30": "7628.00000", "2010-06-30": "8645.00000", "2010-03-31": "10784.37000", "2009-12-31": "9186.00000", "2009-09-30": "4127.20300", "2009-06-30": "4771.92700", "2009-03-31": "7754.32500", "2008-12-31": "7491.34300", "2008-09-30": "5620.74100", "2008-06-30": "4524.61500", "2008-03-31": "4830.00400", "2007-12-31": "4821.40900", "2007-09-30": "4445.66100", "2007-06-30": "7047.82200", "2007-03-31": "11425.16000", "2006-12-31": "4660.49600", "2006-09-30": "5599.64900", "2006-06-30": "2598.04600", "2006-03-31": "5297.57500", "2005-12-31": "4071.26700", "2005-09-30": "4602.60200", "2005-06-30": "2586.08800", "2005-03-31": "1220.31000"}, "Receivables": {"2020-12-31": "", "2020-09-30": "", "2020-06-30": "", "2020-03-31": "", "2019-12-31": "", "2019-09-30": "", "2019-06-30": "", "2019-03-31": "", "2018-12-31": "", "2018-09-30": "", "2018-06-30": "", "2018-03-31": "", "2017-12-31": "", "2017-09-30": "", "2017-06-30": "", "2017-03-31": "", "2016-12-31": "", "2016-09-30": "", "2016-06-30": "", "2016-03-31": "", "2015-12-31": "", "2015-09-30": "", "2015-06-30": "", "2015-03-31": "", "2014-12-31": "", "2014-09-30": "", "2014-06-30": "", "2014-03-31": "", "2013-12-31": "", "2013-09-30": "", "2013-06-30": "", "2013-03-31": "", "2012-12-31": "", "2012-09-30": "", "2012-06-30": "", "2012-03-31": "", "2011-12-31": "", "2011-09-30": "", "2011-06-30": "", "2011-03-31": "", "2010-12-31": "", "2010-09-30": "", "2010-06-30": "", "2010-03-31": "", "2009-12-31": "", "2009-09-30": "", "2009-06-30": "", "2009-03-31": "", "2008-12-31": "", "2008-09-30": "", "2008-06-30": "", "2008-03-31": "", "2007-12-31": "", "2007-09-30": "", "2007-06-30": "", "2007-03-31": "", "2006-12-31": "", "2006-09-30": "", "2006-06-30": "", "2006-03-31": "", "2005-12-31": "", "2005-09-30": "", "2005-06-30": "", "2005-03-31": ""}, "Inventory": {"2020-12-31": "", "2020-09-30": "", "2020-06-30": "", "2020-03-31": "", "2019-12-31": "", "2019-09-30": "", "2019-06-30": "", "2019-03-31": "", "2018-12-31": "", "2018-09-30": "", "2018-06-30": "", "2018-03-31": "", "2017-12-31": "", "2017-09-30": "", "2017-06-30": "", "2017-03-31": "", "2016-12-31": "", "2016-09-30": "", "2016-06-30": "", "2016-03-31": "", "2015-12-31": "", "2015-09-30": "", "2015-06-30": "", "2015-03-31": "", "2014-12-31": "", "2014-09-30": "", "2014-06-30": "", "2014-03-31": "", "2013-12-31": "", "2013-09-30": "", "2013-06-30": "", "2013-03-31": "", "2012-12-31": "", "2012-09-30": "", "2012-06-30": "", "2012-03-31": "", "2011-12-31": "", "2011-09-30": "", "2011-06-30": "", "2011-03-31": "", "2010-12-31": "", "2010-09-30": "", "2010-06-30": "", "2010-03-31": "", "2009-12-31": "", "2009-09-30": "", "2009-06-30": "", "2009-03-31": "", "2008-12-31": "", "2008-09-30": "", "2008-06-30": "", "2008-03-31": "", "2007-12-31": "", "2007-09-30": "", "2007-06-30": "", "2007-03-31": "", "2006-12-31": "", "2006-09-30": "", "2006-06-30": "", "2006-03-31": "", "2005-12-31": "", "2005-09-30": "", "2005-06-30": "", "2005-03-31": ""}, "Pre-Paid Expenses": {"2020-12-31": "", "2020-09-30": "", "2020-06-30": "", "2020-03-31": "", "2019-12-31": "", "2019-09-30": "", "2019-06-30": "", "2019-03-31": "", "2018-12-31": "", "2018-09-30": "", "2018-06-30": "", "2018-03-31": "", "2017-12-31": "", "2017-09-30": "", "2017-06-30": "", "2017-03-31": "", "2016-12-31": "", "2016-09-30": "", "2016-06-30": "", "2016-03-31": "", "2015-12-31": "", "2015-09-30": "", "2015-06-30": "", "2015-03-31": "", "2014-12-31": "", "2014-09-30": "", "2014-06-30": "", "2014-03-31": "", "2013-12-31": "", "2013-09-30": "", "2013-06-30": "", "2013-03-31": "", "2012-12-31": "", "2012-09-30": "", "2012-06-30": "", "2012-03-31": "", "2011-12-31": "", "2011-09-30": "", "2011-06-30": "", "2011-03-31": "", "2010-12-31": "", "2010-09-30": "", "2010-06-30": "", "2010-03-31": "", "2009-12-31": "", "2009-09-30": "", "2009-06-30": "", "2009-03-31": "", "2008-12-31": "", "2008-09-30": "", "2008-06-30": "", "2008-03-31": "", "2007-12-31": "", "2007-09-30": "", "2007-06-30": "", "2007-03-31": "", "2006-12-31": "", "2006-09-30": "", "2006-06-30": "", "2006-03-31": "", "2005-12-31": "", "2005-09-30": "", "2005-06-30": "", "2005-03-31": ""}, "Other Current Assets": {"2020-12-31": "", "2020-09-30": "", "2020-06-30": "", "2020-03-31": "", "2019-12-31": "", "2019-09-30": "", "2019-06-30": "", "2019-03-31": "", "2018-12-31": "", "2018-09-30": "", "2018-06-30": "", "2018-03-31": "", "2017-12-31": "", "2017-09-30": "", "2017-06-30": "", "2017-03-31": "", "2016-12-31": "", "2016-09-30": "", "2016-06-30": "", "2016-03-31": "", "2015-12-31": "", "2015-09-30": "", "2015-06-30": "", "2015-03-31": "", "2014-12-31": "", "2014-09-30": "", "2014-06-30": "", "2014-03-31": "", "2013-12-31": "", "2013-09-30": "", "2013-06-30": "", "2013-03-31": "", "2012-12-31": "", "2012-09-30": "", "2012-06-30": "", "2012-03-31": "", "2011-12-31": "", "2011-09-30": "", "2011-06-30": "", "2011-03-31": "", "2010-12-31": "", "2010-09-30": "", "2010-06-30": "", "2010-03-31": "", "2009-12-31": "", "2009-09-30": "", "2009-06-30": "", "2009-03-31": "", "2008-12-31": "", "2008-09-30": "", "2008-06-30": "", "2008-03-31": "", "2007-12-31": "", "2007-09-30": "", "2007-06-30": "", "2007-03-31": "", "2006-12-31": "", "2006-09-30": "", "2006-06-30": "", "2006-03-31": "", "2005-12-31": "", "2005-09-30": "", "2005-06-30": "", "2005-03-31": ""}, "Total Current Assets": {"2020-12-31": "281012.00000", "2020-09-30": "282079.00000", "2020-06-30": "293523.00000", "2020-03-31": "276960.00000", "2019-12-31": "274508.00000", "2019-09-30": "262727.00000", "2019-06-30": "256521.00000", "2019-03-31": "254918.00000", "2018-12-31": "254974.00000", "2018-09-30": "246090.00000", "2018-06-30": "245025.00000", "2018-03-31": "258000.00000", "2017-12-31": "263830.00000", "2017-09-30": "256784.00000", "2017-06-30": "246270.00000", "2017-03-31": "245508.00000", "2016-12-31": "253970.00000", "2016-09-30": "243387.00000", "2016-06-30": "238592.00000", "2016-03-31": "230864.00000", "2015-12-31": "235854.00000", "2015-09-30": "217572.00000", "2015-06-30": "214560.00000", "2015-03-31": "211107.00000", "2014-12-31": "213114.00000", "2014-09-30": "205628.00000", "2014-06-30": "203805.00000", "2014-03-31": "197159.00000", "2013-12-31": "201685.00000", "2013-09-30": "195073.00000", "2013-06-30": "199837.00000", "2013-03-31": "202279.00000", "2012-12-31": "214114.00000", "2012-09-30": "206508.00000", "2012-06-30": "206866.00000", "2012-03-31": "203388.00000", "2011-12-31": "139501.00000", "2011-09-30": "134385.00000", "2011-06-30": "133661.00000", "2011-03-31": "130806.00000", "2010-12-31": "128586.00000", "2010-09-30": "129136.00000", "2010-06-30": "130518.00000", "2010-03-31": "134735.30000", "2009-12-31": "104010.00000", "2009-09-30": "104471.00000", "2009-06-30": "107854.90000", "2009-03-31": "114588.80000", "2008-12-31": "111224.30000", "2008-09-30": "105896.90000", "2008-06-30": "104471.20000", "2008-03-31": "106252.60000", "2007-12-31": "109536.50000", "2007-09-30": "106684.90000", "2007-06-30": "105527.50000", "2007-03-31": "111020.30000", "2006-12-31": "114833.60000", "2006-09-30": "73518.04000", "2006-06-30": "66780.63000", "2006-03-31": "67546.77000", "2005-12-31": "67794.48000", "2005-09-30": "48501.40000", "2005-06-30": "44957.36000", "2005-03-31": "43603.87000"}, "Property, Plant, And Equipment": {"2020-12-31": "4287.00000", "2020-09-30": "4333.00000", "2020-06-30": "4324.00000", "2020-03-31": "4336.00000", "2019-12-31": "4378.00000", "2019-09-30": "4311.00000", "2019-06-30": "4243.00000", "2019-03-31": "4205.00000", "2018-12-31": "4191.00000", "2018-09-30": "4149.00000", "2018-06-30": "4095.00000", "2018-03-31": "4055.00000", "2017-12-31": "4033.00000", "2017-09-30": "3955.00000", "2017-06-30": "3825.00000", "2017-03-31": "3727.00000", "2016-12-31": "3675.00000", "2016-09-30": "3561.00000", "2016-06-30": "3556.00000", "2016-03-31": "3542.00000", "2015-12-31": "3584.00000", "2015-09-30": "3629.00000", "2015-06-30": "3602.00000", "2015-03-31": "3684.00000", "2014-12-31": "3685.00000", "2014-09-30": "3752.00000", "2014-06-30": "3764.00000", "2014-03-31": "3807.00000", "2013-12-31": "3839.00000", "2013-09-30": "3792.00000", "2013-06-30": "3766.00000", "2013-03-31": "3736.00000", "2012-12-31": "3587.00000", "2012-09-30": "3519.00000", "2012-06-30": "3556.00000", "2012-03-31": "3062.00000", "2011-12-31": "2748.00000", "2011-09-30": "2785.00000", "2011-06-30": "2754.00000", "2011-03-31": "2739.00000", "2010-12-31": "2749.00000", "2010-09-30": "2722.00000", "2010-06-30": "2730.00000", "2010-03-31": "2735.19200", "2009-12-31": "2736.00000", "2009-09-30": "2773.17300", "2009-06-30": "2824.78500", "2009-03-31": "2790.73300", "2008-12-31": "2313.10600", "2008-09-30": "2305.28600", "2008-06-30": "2321.48700", "2008-03-31": "2316.23300", "2007-12-31": "2299.60300", "2007-09-30": "2268.03400", "2007-06-30": "2260.92800", "2007-03-31": "2258.86100", "2006-12-31": "2203.28000", "2006-09-30": "1532.00600", "2006-06-30": "1467.92200", "2006-03-31": "1387.30200", "2005-12-31": "1191.40600", "2005-09-30": "768.19800", "2005-06-30": "782.37200", "2005-03-31": "806.41100"}, "Long-Term Investments": {"2020-12-31": "100445.00000", "2020-09-30": "99853.00000", "2020-06-30": "87859.00000", "2020-03-31": "81423.00000", "2019-12-31": "79213.00000", "2019-09-30": "80062.00000", "2019-06-30": "81133.00000", "2019-03-31": "82391.00000", "2018-12-31": "82921.00000", "2018-09-30": "82015.00000", "2018-06-30": "84155.00000", "2018-03-31": "70230.00000", "2017-12-31": "66639.00000", "2017-09-30": "68392.00000", "2017-06-30": "68840.00000", "2017-03-31": "67430.00000", "2016-12-31": "66449.00000", "2016-09-30": "66530.00000", "2016-06-30": "65080.00000", "2016-03-31": "65172.00000", "2015-12-31": "63680.00000", "2015-09-30": "63142.00000", "2015-06-30": "62804.00000", "2015-03-31": "62562.00000", "2014-12-31": "62008.00000", "2014-09-30": "61847.00000", "2014-06-30": "61801.00000", "2014-03-31": "60871.00000", "2013-12-31": "60932.00000", "2013-09-30": "61408.00000", "2013-06-30": "62602.00000", "2013-03-31": "63968.00000", "2012-12-31": "63988.00000", "2012-09-30": "61464.00000", "2012-06-30": "55289.00000", "2012-03-31": "60810.00000", "2011-12-31": "38759.00000", "2011-09-30": "38400.00000", "2011-06-30": "39474.00000", "2011-03-31": "41566.00000", "2010-12-31": "41537.00000", "2010-09-30": "39926.00000", "2010-06-30": "39424.00000", "2010-03-31": "38251.02000", "2009-12-31": "38910.00000", "2009-09-30": "37776.61000", "2009-06-30": "37754.71000", "2009-03-31": "36417.94000", "2008-12-31": "31003.27000", "2008-09-30": "26969.47000", "2008-06-30": "25028.85000", "2008-03-31": "22190.74000", "2007-12-31": "19781.59000", "2007-09-30": "19959.25000", "2007-06-30": "20407.93000", "2007-03-31": "17657.73000", "2006-12-31": "15452.05000", "2006-09-30": "13960.71000", "2006-06-30": "15292.45000", "2006-03-31": "14659.17000", "2005-12-31": "14245.02000", "2005-09-30": "9436.66700", "2005-06-30": "9522.51500", "2005-03-31": "9460.68800"}, "Goodwill And Intangible Assets": {"2020-12-31": "14653.00000", "2020-09-30": "14648.00000", "2020-06-30": "14645.00000", "2020-03-31": "14645.00000", "2019-12-31": "14653.00000", "2019-09-30": "14624.00000", "2019-06-30": "14545.00000", "2019-03-31": "14546.00000", "2018-12-31": "14544.00000", "2018-09-30": "14513.00000", "2018-06-30": "14531.00000", "2018-03-31": "14536.00000", "2017-12-31": "14533.00000", "2017-09-30": "14532.00000", "2017-06-30": "14524.00000", "2017-03-31": "14521.00000", "2016-12-31": "14519.00000", "2016-09-30": "14493.00000", "2016-06-30": "14495.00000", "2016-03-31": "14492.00000", "2015-12-31": "14480.00000", "2015-09-30": "13983.00000", "2015-06-30": "13984.00000", "2015-03-31": "13978.00000", "2014-12-31": "13978.00000", "2014-09-30": "13970.00000", "2014-06-30": "13977.00000", "2014-03-31": "13974.00000", "2013-12-31": "13978.00000", "2013-09-30": "13906.00000", "2013-06-30": "13900.00000", "2013-03-31": "13900.00000", "2012-12-31": "13904.00000", "2012-09-30": "13901.00000", "2012-06-30": "13864.00000", "2012-03-31": "13595.00000", "2011-12-31": "13592.00000", "2011-09-30": "13593.00000", "2011-06-30": "13596.00000", "2011-03-31": "13597.00000", "2010-12-31": "13591.00000", "2010-09-30": "13593.00000", "2010-06-30": "13588.00000", "2010-03-31": "13589.34000", "2009-12-31": "13596.00000", "2009-09-30": "13524.98000", "2009-06-30": "13381.06000", "2009-03-31": "13076.75000", "2008-12-31": "11964.49000", "2008-09-30": "12815.64000", "2008-06-30": "12826.74000", "2008-03-31": "12826.42000", "2007-12-31": "12830.74000", "2007-09-30": "12952.84000", "2007-06-30": "13612.00000", "2007-03-31": "13619.45000", "2006-12-31": "13635.43000", "2006-09-30": "3964.17700", "2006-06-30": "3933.62100", "2006-03-31": "3941.12800", "2005-12-31": "3906.39900", "2005-09-30": "736.05800", "2005-06-30": "739.88900", "2005-03-31": ""}, "Other Long-Term Assets": {"2020-12-31": "21205.00000", "2020-09-30": "20970.00000", "2020-06-30": "20945.00000", "2020-03-31": "19514.00000", "2019-12-31": "17613.00000", "2019-09-30": "17086.00000", "2019-06-30": "17177.00000", "2019-03-31": "17131.00000", "2018-12-31": "15908.00000", "2018-09-30": "16142.00000", "2018-06-30": "16183.00000", "2018-03-31": "16036.00000", "2017-12-31": "16658.00000", "2017-09-30": "17739.00000", "2017-06-30": "17134.00000", "2017-03-31": "17363.00000", "2016-12-31": "18420.00000", "2016-09-30": "17090.00000", "2016-06-30": "17394.00000", "2016-03-31": "16276.00000", "2015-12-31": "16450.00000", "2015-09-30": "15374.00000", "2015-06-30": "15560.00000", "2015-03-31": "14893.00000", "2014-12-31": "15382.00000", "2014-09-30": "15005.00000", "2014-06-30": "14970.00000", "2014-03-31": "14689.00000", "2013-12-31": "16499.00000", "2013-09-30": "15709.00000", "2013-06-30": "16437.00000", "2013-03-31": "16280.00000", "2012-12-31": "17325.00000", "2012-09-30": "16597.00000", "2012-06-30": "16997.00000", "2012-03-31": "13626.00000", "2011-12-31": "11419.00000", "2011-09-30": "10985.00000", "2011-06-30": "10268.00000", "2011-03-31": "10592.00000", "2010-12-31": "11040.00000", "2010-09-30": "11556.00000", "2010-06-30": "11229.00000", "2010-03-31": "11396.74000", "2009-12-31": "10394.00000", "2009-09-30": "9958.19000", "2009-06-30": "10095.88000", "2009-03-31": "10513.24000", "2008-12-31": "9408.30900", "2008-09-30": "6815.79200", "2008-06-30": "6466.01800", "2008-03-31": "7022.55300", "2007-12-31": "6141.94400", "2007-09-30": "5289.82900", "2007-06-30": "4129.57000", "2007-03-31": "4142.25000", "2006-12-31": "3614.93200", "2006-09-30": "1931.81900", "2006-06-30": "2055.56900", "2006-03-31": "1738.72100", "2005-12-31": "1564.10700", "2005-09-30": "982.19000", "2005-06-30": "993.83600", "2005-03-31": "1760.59500"}, "Total Long-Term Assets": {"2020-12-31": "140590.00000", "2020-09-30": "139804.00000", "2020-06-30": "127773.00000", "2020-03-31": "119918.00000", "2019-12-31": "115857.00000", "2019-09-30": "116083.00000", "2019-06-30": "117098.00000", "2019-03-31": "118273.00000", "2018-12-31": "117564.00000", "2018-09-30": "116819.00000", "2018-06-30": "118964.00000", "2018-03-31": "104857.00000", "2017-12-31": "101863.00000", "2017-09-30": "104618.00000", "2017-06-30": "104323.00000", "2017-03-31": "103041.00000", "2016-12-31": "103063.00000", "2016-09-30": "101674.00000", "2016-06-30": "100525.00000", "2016-03-31": "99482.00000", "2015-12-31": "98194.00000", "2015-09-30": "96128.00000", "2015-06-30": "95950.00000", "2015-03-31": "95117.00000", "2014-12-31": "95053.00000", "2014-09-30": "94574.00000", "2014-06-30": "94512.00000", "2014-03-31": "93341.00000", "2013-12-31": "95248.00000", "2013-09-30": "94815.00000", "2013-06-30": "96705.00000", "2013-03-31": "97884.00000", "2012-12-31": "98804.00000", "2012-09-30": "95481.00000", "2012-06-30": "89706.00000", "2012-03-31": "91093.00000", "2011-12-31": "66518.00000", "2011-09-30": "65763.00000", "2011-06-30": "66092.00000", "2011-03-31": "68494.00000", "2010-12-31": "68917.00000", "2010-09-30": "67797.00000", "2010-06-30": "66971.00000", "2010-03-31": "65972.29000", "2009-12-31": "65636.00000", "2009-09-30": "64032.95000", "2009-06-30": "64056.43000", "2009-03-31": "62798.67000", "2008-12-31": "54689.17000", "2008-09-30": "48906.19000", "2008-06-30": "46643.09000", "2008-03-31": "44355.95000", "2007-12-31": "41053.88000", "2007-09-30": "40469.95000", "2007-06-30": "40410.43000", "2007-03-31": "37678.29000", "2006-12-31": "34905.70000", "2006-09-30": "21388.71000", "2006-06-30": "22749.56000", "2006-03-31": "21726.32000", "2005-12-31": "20906.93000", "2005-09-30": "11923.11000", "2005-06-30": "12038.61000", "2005-03-31": "12027.69000"}, "Total Assets": {"2020-12-31": "421602.00000", "2020-09-30": "421883.00000", "2020-06-30": "421296.00000", "2020-03-31": "396878.00000", "2019-12-31": "390365.00000", "2019-09-30": "378810.00000", "2019-06-30": "373619.00000", "2019-03-31": "373191.00000", "2018-12-31": "372538.00000", "2018-09-30": "362909.00000", "2018-06-30": "363989.00000", "2018-03-31": "362857.00000", "2017-12-31": "365693.00000", "2017-09-30": "361402.00000", "2017-06-30": "350593.00000", "2017-03-31": "348549.00000", "2016-12-31": "357033.00000", "2016-09-30": "345061.00000", "2016-06-30": "339117.00000", "2016-03-31": "330346.00000", "2015-12-31": "334048.00000", "2015-09-30": "313700.00000", "2015-06-30": "310510.00000", "2015-03-31": "306224.00000", "2014-12-31": "308167.00000", "2014-09-30": "300202.00000", "2014-06-30": "298317.00000", "2014-03-31": "290500.00000", "2013-12-31": "296933.00000", "2013-09-30": "289888.00000", "2013-06-30": "296542.00000", "2013-03-31": "300163.00000", "2012-12-31": "312918.00000", "2012-09-30": "301989.00000", "2012-06-30": "296572.00000", "2012-03-31": "294481.00000", "2011-12-31": "206019.00000", "2011-09-30": "200148.00000", "2011-06-30": "199753.00000", "2011-03-31": "199300.00000", "2010-12-31": "197503.00000", "2010-09-30": "196933.00000", "2010-06-30": "197489.00000", "2010-03-31": "200707.60000", "2009-12-31": "169646.00000", "2009-09-30": "168503.90000", "2009-06-30": "171911.30000", "2009-03-31": "177387.50000", "2008-12-31": "165913.50000", "2008-09-30": "154803.10000", "2008-06-30": "151114.30000", "2008-03-31": "150608.50000", "2007-12-31": "150590.40000", "2007-09-30": "147154.80000", "2007-06-30": "145938.00000", "2007-03-31": "148698.60000", "2006-12-31": "149739.30000", "2006-09-30": "94906.74000", "2006-06-30": "89530.19000", "2006-03-31": "89273.08000", "2005-12-31": "88701.41000", "2005-09-30": "60424.52000", "2005-06-30": "56995.97000", "2005-03-31": "55631.57000"}, "Total Current Liabilities": {"2020-12-31": "306462.00000", "2020-09-30": "306759.00000", "2020-06-30": "305191.00000", "2020-03-31": "270447.00000", "2019-12-31": "263450.00000", "2019-09-30": "257982.00000", "2019-06-30": "255331.00000", "2019-03-31": "255824.00000", "2018-12-31": "250574.00000", "2018-09-30": "247970.00000", "2018-06-30": "249228.00000", "2018-03-31": "251856.00000", "2017-12-31": "244691.00000", "2017-09-30": "240130.00000", "2017-06-30": "241097.00000", "2017-03-31": "242488.00000", "2016-12-31": "238087.00000", "2016-09-30": "227297.00000", "2016-06-30": "222359.00000", "2016-03-31": "222913.00000", "2015-12-31": "219001.00000", "2015-09-30": "214122.00000", "2015-06-30": "210930.00000", "2015-03-31": "211568.00000", "2014-12-31": "206682.00000", "2014-09-30": "206843.00000", "2014-06-30": "208229.00000", "2014-03-31": "210127.00000", "2013-12-31": "205745.00000", "2013-09-30": "208796.00000", "2013-06-30": "211955.00000", "2013-03-31": "213575.00000", "2012-12-31": "214183.00000", "2012-09-30": "214590.00000", "2012-06-30": "215494.00000", "2012-03-31": "217682.00000", "2011-12-31": "130156.00000", "2011-09-30": "130160.00000", "2011-06-30": "129161.00000", "2011-03-31": "127827.00000", "2010-12-31": "124215.00000", "2010-09-30": "120623.00000", "2010-06-30": "118602.00000", "2010-03-31": "118308.50000", "2009-12-31": "117458.00000", "2009-09-30": "115086.10000", "2009-06-30": "117384.00000", "2009-03-31": "121775.70000", "2008-12-31": "109297.20000", "2008-09-30": "99421.07000", "2008-06-30": "93028.55000", "2008-03-31": "88204.23000", "2007-12-31": "83392.79000", "2007-09-30": "83895.48000", "2007-06-30": "86224.26000", "2007-03-31": "88203.91000", "2006-12-31": "86345.66000", "2006-09-30": "48000.15000", "2006-06-30": "47535.90000", "2006-03-31": "48133.36000", "2005-12-31": "48304.95000", "2005-09-30": "27123.38000", "2005-06-30": "26773.71000", "2005-03-31": "26096.49000"}, "Long Term Debt": {"2020-12-31": "39871.00000", "2020-09-30": "42093.00000", "2020-06-30": "44327.00000", "2020-03-31": "55282.00000", "2019-12-31": "55383.00000", "2019-09-30": "49685.00000", "2019-06-30": "48874.00000", "2019-03-31": "50023.00000", "2018-12-31": "58553.00000", "2018-09-30": "51821.00000", "2018-06-30": "52757.00000", "2018-03-31": "50037.00000", "2017-12-31": "59705.00000", "2017-09-30": "58691.00000", "2017-06-30": "48996.00000", "2017-03-31": "47393.00000", "2016-12-31": "59468.00000", "2016-09-30": "58741.00000", "2016-06-30": "58182.00000", "2016-03-31": "49580.00000", "2015-12-31": "58134.00000", "2015-09-30": "41757.00000", "2015-06-30": "43878.00000", "2015-03-31": "40096.00000", "2014-12-31": "47577.00000", "2014-09-30": "39913.00000", "2014-06-30": "37084.00000", "2014-03-31": "28574.00000", "2013-12-31": "39739.00000", "2013-09-30": "30159.00000", "2013-06-30": "34465.00000", "2013-03-31": "36637.00000", "2012-12-31": "48662.00000", "2012-09-30": "37410.00000", "2012-06-30": "34773.00000", "2012-03-31": "32115.00000", "2011-12-31": "38097.00000", "2011-09-30": "32874.00000", "2011-06-30": "35160.00000", "2011-03-31": "37827.00000", "2010-12-31": "40279.00000", "2010-09-30": "43386.00000", "2010-06-30": "47290.00000", "2010-03-31": "52672.10000", "2009-12-31": "19874.00000", "2009-09-30": "21334.95000", "2009-06-30": "23353.21000", "2009-03-31": "22868.30000", "2008-12-31": "23178.49000", "2008-09-30": "24240.93000", "2008-06-30": "27808.53000", "2008-03-31": "31508.06000", "2007-12-31": "37525.68000", "2007-09-30": "33506.70000", "2007-06-30": "29903.79000", "2007-03-31": "29680.86000", "2006-12-31": "33982.48000", "2006-09-30": "26321.61000", "2006-06-30": "22327.09000", "2006-03-31": "22270.81000", "2005-12-31": "22278.14000", "2005-09-30": "18265.07000", "2005-06-30": "16385.25000", "2005-03-31": "17119.67000"}, "Other Non-Current Liabilities": {"2020-12-31": "15065.00000", "2020-09-30": "14607.00000", "2020-06-30": "15733.00000", "2020-03-31": "14319.00000", "2019-12-31": "13521.00000", "2019-09-30": "12908.00000", "2019-06-30": "13647.00000", "2019-03-31": "13863.00000", "2018-12-31": "11743.00000", "2018-09-30": "12480.00000", "2018-06-30": "12078.00000", "2018-03-31": "11761.00000", "2017-12-31": "12567.00000", "2017-09-30": "12427.00000", "2017-06-30": "11363.00000", "2017-03-31": "10628.00000", "2016-12-31": "11964.00000", "2016-09-30": "10810.00000", "2016-06-30": "10468.00000", "2016-03-31": "10146.00000", "2015-12-31": "9629.00000", "2015-09-30": "10136.00000", "2015-06-30": "9043.00000", "2015-03-31": "8830.00000", "2014-12-31": "8855.00000", "2014-09-30": "9428.00000", "2014-06-30": "9189.00000", "2014-03-31": "8998.00000", "2013-12-31": "9817.00000", "2013-09-30": "9183.00000", "2013-06-30": "9081.00000", "2013-03-31": "8655.00000", "2012-12-31": "9574.00000", "2012-09-30": "10317.00000", "2012-06-30": "9113.00000", "2012-03-31": "7734.00000", "2011-12-31": "8100.00000", "2011-09-30": "7736.00000", "2011-06-30": "6751.00000", "2011-03-31": "6096.00000", "2010-12-31": "6468.00000", "2010-09-30": "6863.00000", "2010-06-30": "6327.00000", "2010-03-31": "5352.67300", "2009-12-31": "5724.00000", "2009-09-30": "5860.73900", "2009-06-30": "5844.54900", "2009-03-31": "5999.32700", "2008-12-31": "6825.34100", "2008-09-30": "5529.58000", "2008-06-30": "5355.73300", "2008-03-31": "6276.71800", "2007-12-31": "5377.79700", "2007-09-30": "4965.79400", "2007-06-30": "4623.24100", "2007-03-31": "4793.06200", "2006-12-31": "4175.94700", "2006-09-30": "3908.00800", "2006-06-30": "3770.13100", "2006-03-31": "3699.65900", "2005-12-31": "3989.40900", "2005-09-30": "3998.84000", "2005-06-30": "3425.22600", "2005-03-31": "3435.68000"}, "Total Long Term Liabilities": {"2020-12-31": "54936.00000", "2020-09-30": "56700.00000", "2020-06-30": "60060.00000", "2020-03-31": "69601.00000", "2019-12-31": "68904.00000", "2019-09-30": "62593.00000", "2019-06-30": "62521.00000", "2019-03-31": "63886.00000", "2018-12-31": "70296.00000", "2018-09-30": "64301.00000", "2018-06-30": "64835.00000", "2018-03-31": "61798.00000", "2017-12-31": "72272.00000", "2017-09-30": "71118.00000", "2017-06-30": "60359.00000", "2017-03-31": "58021.00000", "2016-12-31": "71432.00000", "2016-09-30": "69551.00000", "2016-06-30": "68650.00000", "2016-03-31": "59726.00000", "2015-12-31": "67763.00000", "2015-09-30": "51893.00000", "2015-06-30": "52921.00000", "2015-03-31": "48926.00000", "2014-12-31": "56432.00000", "2014-09-30": "49341.00000", "2014-06-30": "46273.00000", "2014-03-31": "37572.00000", "2013-12-31": "49556.00000", "2013-09-30": "39342.00000", "2013-06-30": "43546.00000", "2013-03-31": "45292.00000", "2012-12-31": "58236.00000", "2012-09-30": "47727.00000", "2012-06-30": "43886.00000", "2012-03-31": "39849.00000", "2011-12-31": "46197.00000", "2011-09-30": "40610.00000", "2011-06-30": "41911.00000", "2011-03-31": "43923.00000", "2010-12-31": "46747.00000", "2010-09-30": "50249.00000", "2010-06-30": "53617.00000", "2010-03-31": "58024.77000", "2009-12-31": "25598.00000", "2009-09-30": "27195.69000", "2009-06-30": "29197.76000", "2009-03-31": "28867.63000", "2008-12-31": "30003.83000", "2008-09-30": "29770.51000", "2008-06-30": "33164.26000", "2008-03-31": "37784.78000", "2007-12-31": "42903.47000", "2007-09-30": "38472.49000", "2007-06-30": "34527.04000", "2007-03-31": "34473.93000", "2006-12-31": "38158.42000", "2006-09-30": "30229.62000", "2006-06-30": "26097.22000", "2006-03-31": "25970.46000", "2005-12-31": "26267.55000", "2005-09-30": "22263.91000", "2005-06-30": "19810.48000", "2005-03-31": "20555.35000"}, "Total Liabilities": {"2020-12-31": "361398.00000", "2020-09-30": "363459.00000", "2020-06-30": "365251.00000", "2020-03-31": "340048.00000", "2019-12-31": "332354.00000", "2019-09-30": "320575.00000", "2019-06-30": "317852.00000", "2019-03-31": "319710.00000", "2018-12-31": "320870.00000", "2018-09-30": "312271.00000", "2018-06-30": "314063.00000", "2018-03-31": "313654.00000", "2017-12-31": "316963.00000", "2017-09-30": "311248.00000", "2017-06-30": "301456.00000", "2017-03-31": "300509.00000", "2016-12-31": "309519.00000", "2016-09-30": "296848.00000", "2016-06-30": "291009.00000", "2016-03-31": "282639.00000", "2015-12-31": "286764.00000", "2015-09-30": "266015.00000", "2015-06-30": "263851.00000", "2015-03-31": "260494.00000", "2014-12-31": "263114.00000", "2014-09-30": "256184.00000", "2014-06-30": "254502.00000", "2014-03-31": "247699.00000", "2013-12-31": "255301.00000", "2013-09-30": "248138.00000", "2013-06-30": "255501.00000", "2013-03-31": "258867.00000", "2012-12-31": "272419.00000", "2012-09-30": "262317.00000", "2012-06-30": "259380.00000", "2012-03-31": "257531.00000", "2011-12-31": "176353.00000", "2011-09-30": "170770.00000", "2011-06-30": "171072.00000", "2011-03-31": "171750.00000", "2010-12-31": "170962.00000", "2010-09-30": "170872.00000", "2010-06-30": "172219.00000", "2010-03-31": "176333.20000", "2009-12-31": "143056.00000", "2009-09-30": "142281.70000", "2009-06-30": "146581.70000", "2009-03-31": "150643.30000", "2008-12-31": "139301.00000", "2008-09-30": "129191.60000", "2008-06-30": "126192.80000", "2008-03-31": "125989.00000", "2007-12-31": "126296.30000", "2007-09-30": "122368.00000", "2007-06-30": "120751.30000", "2007-03-31": "122677.80000", "2006-12-31": "124504.10000", "2006-09-30": "78229.77000", "2006-06-30": "73633.13000", "2006-03-31": "74103.84000", "2005-12-31": "74572.50000", "2005-09-30": "49387.29000", "2005-06-30": "46584.19000", "2005-03-31": "46651.84000"}, "Common Stock Net": {"2020-12-31": "7.00000", "2020-09-30": "7.00000", "2020-06-30": "7.00000", "2020-03-31": "7.00000", "2019-12-31": "7.00000", "2019-09-30": "7.00000", "2019-06-30": "7.00000", "2019-03-31": "7.00000", "2018-12-31": "7.00000", "2018-09-30": "7.00000", "2018-06-30": "7.00000", "2018-03-31": "7.00000", "2017-12-31": "7.00000", "2017-09-30": "7.00000", "2017-06-30": "7.00000", "2017-03-31": "7.00000", "2016-12-31": "7.00000", "2016-09-30": "7.00000", "2016-06-30": "7.00000", "2016-03-31": "7.00000", "2015-12-31": "6.00000", "2015-09-30": "6.00000", "2015-06-30": "6.00000", "2015-03-31": "6.00000", "2014-12-31": "6.00000", "2014-09-30": "6.00000", "2014-06-30": "6.00000", "2014-03-31": "6.00000", "2013-12-31": "6.00000", "2013-09-30": "6.00000", "2013-06-30": "6.00000", "2013-03-31": "6.00000", "2012-12-31": "6.00000", "2012-09-30": "6.00000", "2012-06-30": "6.00000", "2012-03-31": "6.00000", "2011-12-31": "5.00000", "2011-09-30": "5.00000", "2011-06-30": "5.00000", "2011-03-31": "5.00000", "2010-12-31": "5.00000", "2010-09-30": "5.00000", "2010-06-30": "5.00000", "2010-03-31": "5.04100", "2009-12-31": "5.00000", "2009-09-30": "5.02100", "2009-06-30": "5.01900", "2009-03-31": "4.42500", "2008-12-31": "4.38400", "2008-09-30": "4.38300", "2008-06-30": "4.22300", "2008-03-31": "4.21300", "2007-12-31": "4.19200", "2007-09-30": "4.18300", "2007-06-30": "4.17400", "2007-03-31": "4.14600", "2006-12-31": "4.12200", "2006-09-30": "3.06500", "2006-06-30": "3.06000", "2006-03-31": "3.05100", "2005-12-31": "3.02800", "2005-09-30": "2.68200", "2005-06-30": "2.65000", "2005-03-31": "2.53600"}, "Retained Earnings (Accumulated Deficit)": {"2020-12-31": "40088.00000", "2020-09-30": "37653.00000", "2020-06-30": "35361.00000", "2020-03-31": "36552.00000", "2019-12-31": "40340.00000", "2019-09-30": "39476.00000", "2019-06-30": "38386.00000", "2019-03-31": "37030.00000", "2018-12-31": "35875.00000", "2018-09-30": "34883.00000", "2018-06-30": "33626.00000", "2018-03-31": "31996.00000", "2017-12-31": "30700.00000", "2017-09-30": "31946.00000", "2017-06-30": "31086.00000", "2017-03-31": "30326.00000", "2016-12-31": "29766.00000", "2016-09-30": "29245.00000", "2016-06-30": "28479.00000", "2016-03-31": "27808.00000", "2015-12-31": "27045.00000", "2015-09-30": "26407.00000", "2015-06-30": "25540.00000", "2015-03-31": "24925.00000", "2014-12-31": "23973.00000", "2014-09-30": "23162.00000", "2014-06-30": "22270.00000", "2014-03-31": "21259.00000", "2013-12-31": "20292.00000", "2013-09-30": "19731.00000", "2013-06-30": "18804.00000", "2013-03-31": "17876.00000", "2012-12-31": "16853.00000", "2012-09-30": "16054.00000", "2012-06-30": "14905.00000", "2012-03-31": "14841.00000", "2011-12-31": "13462.00000", "2011-09-30": "13091.00000", "2011-06-30": "12287.00000", "2011-03-31": "11399.00000", "2010-12-31": "10406.00000", "2010-09-30": "9730.00000", "2010-06-30": "8969.00000", "2010-03-31": "8417.81900", "2009-12-31": "10727.00000", "2009-09-30": "10404.25000", "2009-06-30": "10001.30000", "2009-03-31": "10296.69000", "2008-12-31": "10621.16000", "2008-09-30": "12222.17000", "2008-06-30": "11988.88000", "2008-03-31": "11676.71000", "2007-12-31": "11267.57000", "2007-09-30": "11049.04000", "2007-06-30": "11141.19000", "2007-03-31": "10401.31000", "2006-12-31": "9760.18400", "2006-09-30": "9377.57000", "2006-06-30": "8797.83600", "2006-03-31": "8253.33400", "2005-12-31": "7378.01500", "2005-09-30": "7104.79600", "2005-06-30": "6620.72900", "2005-03-31": "6096.32800"}, "Comprehensive Income": {"2020-12-31": "3494.00000", "2020-09-30": "3833.00000", "2020-06-30": "3981.00000", "2020-03-31": "3679.00000", "2019-12-31": "1156.00000", "2019-09-30": "453.00000", "2019-06-30": "170.00000", "2019-03-31": "-660.00000", "2018-12-31": "-1263.00000", "2018-09-30": "-1877.00000", "2018-06-30": "-1793.00000", "2018-03-31": "-1599.00000", "2017-12-31": "-926.00000", "2017-09-30": "-622.00000", "2017-06-30": "-683.00000", "2017-03-31": "-934.00000", "2016-12-31": "-949.00000", "2016-09-30": "121.00000", "2016-06-30": "241.00000", "2016-03-31": "-41.00000", "2015-12-31": "-616.00000", "2015-09-30": "-142.00000", "2015-06-30": "-397.00000", "2015-03-31": "-212.00000", "2014-12-31": "-430.00000", "2014-09-30": "-559.00000", "2014-06-30": "-371.00000", "2014-03-31": "-710.00000", "2013-12-31": "-872.00000", "2013-09-30": "-839.00000", "2013-06-30": "-792.00000", "2013-03-31": "473.00000", "2012-12-31": "739.00000", "2012-09-30": "781.00000", "2012-06-30": "350.00000", "2012-03-31": "253.00000", "2011-12-31": "169.00000", "2011-09-30": "291.00000", "2011-06-30": "442.00000", "2011-03-31": "245.00000", "2010-12-31": "248.00000", "2010-09-30": "469.00000", "2010-06-30": "467.00000", "2010-03-31": "158.91600", "2009-12-31": "83.00000", "2009-09-30": "56.52400", "2009-06-30": "-398.77900", "2009-03-31": "-852.04700", "2008-12-31": "-1221.79600", "2008-09-30": "-201.68000", "2008-06-30": "126.60300", "2008-03-31": "183.57300", "2007-12-31": "315.24800", "2007-09-30": "346.18400", "2007-06-30": "245.43100", "2007-03-31": "283.45800", "2006-12-31": "266.18000", "2006-09-30": "173.93400", "2006-06-30": "60.12700", "2006-03-31": "-8.14800", "2005-12-31": "6.12900", "2005-09-30": "20.10400", "2005-06-30": "75.02400", "2005-03-31": "69.74200"}, "Other Share Holders Equity": {"2020-12-31": "", "2020-09-30": "", "2020-06-30": "", "2020-03-31": "", "2019-12-31": "", "2019-09-30": "", "2019-06-30": "", "2019-03-31": "", "2018-12-31": "", "2018-09-30": "", "2018-06-30": "", "2018-03-31": "", "2017-12-31": "", "2017-09-30": "", "2017-06-30": "", "2017-03-31": "", "2016-12-31": "", "2016-09-30": "", "2016-06-30": "", "2016-03-31": "", "2015-12-31": "", "2015-09-30": "", "2015-06-30": "", "2015-03-31": "", "2014-12-31": "", "2014-09-30": "", "2014-06-30": "", "2014-03-31": "", "2013-12-31": "", "2013-09-30": "", "2013-06-30": "", "2013-03-31": "", "2012-12-31": "", "2012-09-30": "", "2012-06-30": "", "2012-03-31": "", "2011-12-31": "", "2011-09-30": "", "2011-06-30": "", "2011-03-31": "", "2010-12-31": "", "2010-09-30": "", "2010-06-30": "", "2010-03-31": "", "2009-12-31": "", "2009-09-30": "", "2009-06-30": "", "2009-03-31": "", "2008-12-31": "", "2008-09-30": "", "2008-06-30": "", "2008-03-31": "", "2007-12-31": "", "2007-09-30": "", "2007-06-30": "", "2007-03-31": "", "2006-12-31": "", "2006-09-30": "", "2006-06-30": "", "2006-03-31": "", "2005-12-31": "", "2005-09-30": "", "2005-06-30": "", "2005-03-31": ""}, "Share Holder Equity": {"2020-12-31": "60204.00000", "2020-09-30": "58424.00000", "2020-06-30": "56045.00000", "2020-03-31": "56830.00000", "2019-12-31": "58011.00000", "2019-09-30": "58235.00000", "2019-06-30": "55767.00000", "2019-03-31": "53481.00000", "2018-12-31": "51668.00000", "2018-09-30": "50638.00000", "2018-06-30": "49926.00000", "2018-03-31": "49203.00000", "2017-12-31": "48730.00000", "2017-09-30": "50154.00000", "2017-06-30": "49137.00000", "2017-03-31": "48040.00000", "2016-12-31": "47514.00000", "2016-09-30": "48213.00000", "2016-06-30": "48108.00000", "2016-03-31": "47707.00000", "2015-12-31": "47284.00000", "2015-09-30": "47685.00000", "2015-06-30": "46659.00000", "2015-03-31": "45730.00000", "2014-12-31": "45053.00000", "2014-09-30": "44018.00000", "2014-06-30": "43815.00000", "2014-03-31": "42801.00000", "2013-12-31": "41632.00000", "2013-09-30": "41750.00000", "2013-06-30": "41041.00000", "2013-03-31": "41296.00000", "2012-12-31": "40499.00000", "2012-09-30": "39672.00000", "2012-06-30": "37192.00000", "2012-03-31": "36950.00000", "2011-12-31": "29666.00000", "2011-09-30": "29378.00000", "2011-06-30": "28681.00000", "2011-03-31": "27550.00000", "2010-12-31": "26541.00000", "2010-09-30": "26061.00000", "2010-06-30": "25270.00000", "2010-03-31": "24374.38000", "2009-12-31": "26590.00000", "2009-09-30": "26222.15000", "2009-06-30": "25329.58000", "2009-03-31": "26744.16000", "2008-12-31": "26612.43000", "2008-09-30": "25611.54000", "2008-06-30": "24921.46000", "2008-03-31": "24619.53000", "2007-12-31": "24294.11000", "2007-09-30": "24786.85000", "2007-06-30": "25186.66000", "2007-03-31": "26020.77000", "2006-12-31": "25235.21000", "2006-09-30": "16676.98000", "2006-06-30": "15897.06000", "2006-03-31": "15169.25000", "2005-12-31": "14128.91000", "2005-09-30": "11037.23000", "2005-06-30": "10411.78000", "2005-03-31": "8979.73000"}, "Total Liabilities And Share Holders Equity": {"2020-12-31": "421602.00000", "2020-09-30": "421883.00000", "2020-06-30": "421296.00000", "2020-03-31": "396878.00000", "2019-12-31": "390365.00000", "2019-09-30": "378810.00000", "2019-06-30": "373619.00000", "2019-03-31": "373191.00000", "2018-12-31": "372538.00000", "2018-09-30": "362909.00000", "2018-06-30": "363989.00000", "2018-03-31": "362857.00000", "2017-12-31": "365693.00000", "2017-09-30": "361402.00000", "2017-06-30": "350593.00000", "2017-03-31": "348549.00000", "2016-12-31": "357033.00000", "2016-09-30": "345061.00000", "2016-06-30": "339117.00000", "2016-03-31": "330346.00000", "2015-12-31": "334048.00000", "2015-09-30": "313700.00000", "2015-06-30": "310510.00000", "2015-03-31": "306224.00000", "2014-12-31": "308167.00000", "2014-09-30": "300202.00000", "2014-06-30": "298317.00000", "2014-03-31": "290500.00000", "2013-12-31": "296933.00000", "2013-09-30": "289888.00000", "2013-06-30": "296542.00000", "2013-03-31": "300163.00000", "2012-12-31": "312918.00000", "2012-09-30": "301989.00000", "2012-06-30": "296572.00000", "2012-03-31": "294481.00000", "2011-12-31": "206019.00000", "2011-09-30": "200148.00000", "2011-06-30": "199753.00000", "2011-03-31": "199300.00000", "2010-12-31": "197503.00000", "2010-09-30": "196933.00000", "2010-06-30": "197489.00000", "2010-03-31": "200707.60000", "2009-12-31": "169646.00000", "2009-09-30": "168503.90000", "2009-06-30": "171911.30000", "2009-03-31": "177387.50000", "2008-12-31": "165913.50000", "2008-09-30": "154803.10000", "2008-06-30": "151114.30000", "2008-03-31": "150608.50000", "2007-12-31": "150590.40000", "2007-09-30": "147154.80000", "2007-06-30": "145938.00000", "2007-03-31": "148698.60000", "2006-12-31": "149739.30000", "2006-09-30": "94906.74000", "2006-06-30": "89530.19000", "2006-03-31": "89273.08000", "2005-12-31": "88701.41000", "2005-09-30": "60424.52000", "2005-06-30": "56995.97000", "2005-03-31": "55631.57000"}}, "cash flow statement": {"Net Income/Loss": {"2020-12-31": "0.00000", "2019-12-31": "5533.00000", "2018-12-31": "6025.00000", "2017-12-31": "2117.00000", "2016-12-31": "3751.00000", "2015-12-31": "4012.00000", "2014-12-31": "4423.00000", "2013-12-31": "4354.00000", "2012-12-31": "3709.00000", "2011-12-31": "3253.00000", "2010-12-31": "3050.00000", "2009-12-31": "987.00000", "2008-12-31": "85.00000", "2007-12-31": "2591.71900", "2006-12-31": "2426.37700", "2005-12-31": "1809.14700"}, "Total Depreciation And Amortization - Cash Flow": {"2020-12-31": "", "2019-12-31": "3339.00000", "2018-12-31": "2396.00000", "2017-12-31": "2440.00000", "2016-12-31": "2428.00000", "2015-12-31": "2100.00000", "2014-12-31": "2002.00000", "2013-12-31": "2065.00000", "2012-12-31": "1862.00000", "2011-12-31": "579.00000", "2010-12-31": "517.00000", "2009-12-31": "683.00000", "2008-12-31": "1503.00000", "2007-12-31": "678.75700", "2006-12-31": "542.09000", "2005-12-31": "425.64000"}, "Other Non-Cash Items": {"2020-12-31": "", "2019-12-31": "6173.00000", "2018-12-31": "6933.00000", "2017-12-31": "8668.00000", "2016-12-31": "6048.00000", "2015-12-31": "4286.00000", "2014-12-31": "3491.00000", "2013-12-31": "3239.00000", "2012-12-31": "3770.00000", "2011-12-31": "2300.00000", "2010-12-31": "3849.00000", "2009-12-31": "4038.00000", "2008-12-31": "5140.00000", "2007-12-31": "5050.37900", "2006-12-31": "2478.15300", "2005-12-31": "1673.10100"}, "Total Non-Cash Items": {"2020-12-31": "", "2019-12-31": "9512.00000", "2018-12-31": "9329.00000", "2017-12-31": "11108.00000", "2016-12-31": "8476.00000", "2015-12-31": "6386.00000", "2014-12-31": "5493.00000", "2013-12-31": "5304.00000", "2012-12-31": "5632.00000", "2011-12-31": "2879.00000", "2010-12-31": "4366.00000", "2009-12-31": "4721.00000", "2008-12-31": "6643.00000", "2007-12-31": "5729.13600", "2006-12-31": "3020.24300", "2005-12-31": "2098.74100"}, "Change In Accounts Receivable": {"2020-12-31": "", "2019-12-31": "757.00000", "2018-12-31": "-1219.00000", "2017-12-31": "437.00000", "2016-12-31": "-494.00000", "2015-12-31": "-295.00000", "2014-12-31": "-331.00000", "2013-12-31": "517.00000", "2012-12-31": "440.00000", "2011-12-31": "68.00000", "2010-12-31": "-77.00000", "2009-12-31": "-74.00000", "2008-12-31": "240.00000", "2007-12-31": "5633.58300", "2006-12-31": "-1715.92600", "2005-12-31": "-392.39800"}, "Change In Inventories": {"2020-12-31": "", "2019-12-31": "", "2018-12-31": "", "2017-12-31": "", "2016-12-31": "", "2015-12-31": "", "2014-12-31": "", "2013-12-31": "", "2012-12-31": "", "2011-12-31": "", "2010-12-31": "", "2009-12-31": "", "2008-12-31": "", "2007-12-31": "", "2006-12-31": "", "2005-12-31": ""}, "Change In Accounts Payable": {"2020-12-31": "", "2019-12-31": "-19.00000", "2018-12-31": "45.00000", "2017-12-31": "85.00000", "2016-12-31": "28.00000", "2015-12-31": "45.00000", "2014-12-31": "22.00000", "2013-12-31": "-165.00000", "2012-12-31": "-47.00000", "2011-12-31": "-22.00000", "2010-12-31": "-21.00000", "2009-12-31": "-167.00000", "2008-12-31": "45.00000", "2007-12-31": "56.84600", "2006-12-31": "87.00500", "2005-12-31": "92.90600"}, "Change In Assets/Liabilities": {"2020-12-31": "", "2019-12-31": "856.00000", "2018-12-31": "-1077.00000", "2017-12-31": "443.00000", "2016-12-31": "106.00000", "2015-12-31": "-21.00000", "2014-12-31": "-303.00000", "2013-12-31": "-26.00000", "2012-12-31": "-210.00000", "2011-12-31": "1277.00000", "2010-12-31": "824.00000", "2009-12-31": "-3385.00000", "2008-12-31": "-3530.00000", "2007-12-31": "-1110.40400", "2006-12-31": "-440.96100", "2005-12-31": "55.46700"}, "Total Change In Assets/Liabilities": {"2020-12-31": "", "2019-12-31": "1594.00000", "2018-12-31": "-2251.00000", "2017-12-31": "965.00000", "2016-12-31": "-360.00000", "2015-12-31": "-271.00000", "2014-12-31": "-612.00000", "2013-12-31": "326.00000", "2012-12-31": "183.00000", "2011-12-31": "1323.00000", "2010-12-31": "726.00000", "2009-12-31": "-3626.00000", "2008-12-31": "-3245.00000", "2007-12-31": "4580.02500", "2006-12-31": "-2069.88200", "2005-12-31": "-244.02500"}, "Cash Flow From Operating Activities": {"2020-12-31": "", "2019-12-31": "16639.00000", "2018-12-31": "12978.00000", "2017-12-31": "14182.00000", "2016-12-31": "11856.00000", "2015-12-31": "10127.00000", "2014-12-31": "9304.00000", "2013-12-31": "9984.00000", "2012-12-31": "9524.00000", "2011-12-31": "7455.00000", "2010-12-31": "8142.00000", "2009-12-31": "2082.00000", "2008-12-31": "3483.00000", "2007-12-31": "12900.88000", "2006-12-31": "3376.73800", "2005-12-31": "3663.86300"}, "Net Change In Property, Plant, And Equipment": {"2020-12-31": "", "2019-12-31": "-887.00000", "2018-12-31": "-874.00000", "2017-12-31": "-1018.00000", "2016-12-31": "-779.00000", "2015-12-31": "-532.00000", "2014-12-31": "-502.00000", "2013-12-31": "-818.00000", "2012-12-31": "-560.00000", "2011-12-31": "-315.00000", "2010-12-31": "-340.00000", "2009-12-31": "-243.00000", "2008-12-31": "-356.00000", "2007-12-31": "-437.54500", "2006-12-31": "-712.19000", "2005-12-31": "-159.82300"}, "Net Change In Intangible Assets": {"2020-12-31": "", "2019-12-31": "", "2018-12-31": "", "2017-12-31": "", "2016-12-31": "", "2015-12-31": "", "2014-12-31": "", "2013-12-31": "", "2012-12-31": "", "2011-12-31": "", "2010-12-31": "", "2009-12-31": "", "2008-12-31": "", "2007-12-31": "", "2006-12-31": "", "2005-12-31": ""}, "Net Acquisitions/Divestitures": {"2020-12-31": "", "2019-12-31": "-8393.00000", "2018-12-31": "-600.00000", "2017-12-31": "-3187.00000", "2016-12-31": "-629.00000", "2015-12-31": "-9314.00000", "2014-12-31": "-24.00000", "2013-12-31": "-204.00000", "2012-12-31": "-17603.00000", "2011-12-31": "-1444.00000", "2010-12-31": "", "2009-12-31": "778.00000", "2008-12-31": "", "2007-12-31": "-10.46400", "2006-12-31": "-3635.35600", "2005-12-31": "450.56200"}, "Net Change In Short-term Investments": {"2020-12-31": "", "2019-12-31": "", "2018-12-31": "", "2017-12-31": "", "2016-12-31": "", "2015-12-31": "", "2014-12-31": "", "2013-12-31": "", "2012-12-31": "", "2011-12-31": "", "2010-12-31": "57.00000", "2009-12-31": "0.00000", "2008-12-31": "0.00000", "2007-12-31": "", "2006-12-31": "", "2005-12-31": ""}, "Net Change In Long-Term Investments": {"2020-12-31": "", "2019-12-31": "5882.00000", "2018-12-31": "-16860.00000", "2017-12-31": "-309.00000", "2016-12-31": "-3247.00000", "2015-12-31": "-2193.00000", "2014-12-31": "-621.00000", "2013-12-31": "407.00000", "2012-12-31": "5416.00000", "2011-12-31": "2819.00000", "2010-12-31": "-2345.00000", "2009-12-31": "-4876.00000", "2008-12-31": "-12394.00000", "2007-12-31": "-4382.69900", "2006-12-31": "3403.24400", "2005-12-31": "-768.96580"}, "Net Change In Investments - Total": {"2020-12-31": "", "2019-12-31": "5882.00000", "2018-12-31": "-16860.00000", "2017-12-31": "-309.00000", "2016-12-31": "-3247.00000", "2015-12-31": "-2193.00000", "2014-12-31": "-621.00000", "2013-12-31": "407.00000", "2012-12-31": "5416.00000", "2011-12-31": "2819.00000", "2010-12-31": "-2288.00000", "2009-12-31": "-4876.00000", "2008-12-31": "-12394.00000", "2007-12-31": "-4382.69900", "2006-12-31": "3403.24400", "2005-12-31": "-768.96580"}, "Investing Activities - Other": {"2020-12-31": "", "2019-12-31": "-19600.00000", "2018-12-31": "2716.00000", "2017-12-31": "-11027.00000", "2016-12-31": "-20975.00000", "2015-12-31": "-17687.00000", "2014-12-31": "-14844.00000", "2013-12-31": "4336.00000", "2012-12-31": "-6067.00000", "2011-12-31": "-12234.00000", "2010-12-31": "7091.00000", "2009-12-31": "15503.00000", "2008-12-31": "-2859.00000", "2007-12-31": "-5634.46600", "2006-12-31": "-6182.39900", "2005-12-31": "-6439.96500"}, "Cash Flow From Investing Activities": {"2020-12-31": "", "2019-12-31": "-22998.00000", "2018-12-31": "-15618.00000", "2017-12-31": "-15541.00000", "2016-12-31": "-25630.00000", "2015-12-31": "-29726.00000", "2014-12-31": "-15991.00000", "2013-12-31": "3721.00000", "2012-12-31": "-18814.00000", "2011-12-31": "-11174.00000", "2010-12-31": "4463.00000", "2009-12-31": "11162.00000", "2008-12-31": "-15609.00000", "2007-12-31": "-10465.17000", "2006-12-31": "-7126.70100", "2005-12-31": "-6918.19200"}, "Net Long-Term Debt": {"2020-12-31": "", "2019-12-31": "-4186.00000", "2018-12-31": "-1191.00000", "2017-12-31": "-2778.00000", "2016-12-31": "1544.00000", "2015-12-31": "10747.00000", "2014-12-31": "7557.00000", "2013-12-31": "-8608.00000", "2012-12-31": "10306.00000", "2011-12-31": "-2477.00000", "2010-12-31": "-22344.00000", "2009-12-31": "-3324.00000", "2008-12-31": "-14853.00000", "2007-12-31": "7736.57800", "2006-12-31": "4142.14200", "2005-12-31": "2659.89800"}, "Net Current Debt": {"2020-12-31": "", "2019-12-31": "", "2018-12-31": "", "2017-12-31": "", "2016-12-31": "", "2015-12-31": "", "2014-12-31": "", "2013-12-31": "", "2012-12-31": "", "2011-12-31": "", "2010-12-31": "", "2009-12-31": "", "2008-12-31": "", "2007-12-31": "", "2006-12-31": "", "2005-12-31": ""}, "Debt Issuance/Retirement Net - Total": {"2020-12-31": "", "2019-12-31": "-4186.00000", "2018-12-31": "-1191.00000", "2017-12-31": "-2778.00000", "2016-12-31": "1544.00000", "2015-12-31": "10747.00000", "2014-12-31": "7557.00000", "2013-12-31": "-8608.00000", "2012-12-31": "10306.00000", "2011-12-31": "-2477.00000", "2010-12-31": "-22344.00000", "2009-12-31": "-3324.00000", "2008-12-31": "-14853.00000", "2007-12-31": "7736.57800", "2006-12-31": "4142.14200", "2005-12-31": "2659.89800"}, "Net Common Equity Issued/Repurchased": {"2020-12-31": "", "2019-12-31": "-1265.00000", "2018-12-31": "-2071.00000", "2017-12-31": "48.00000", "2016-12-31": "-3388.00000", "2015-12-31": "-2245.00000", "2014-12-31": "-1799.00000", "2013-12-31": "-838.00000", "2012-12-31": "3270.00000", "2011-12-31": "55.00000", "2010-12-31": "11.00000", "2009-12-31": "1516.00000", "2008-12-31": "818.00000", "2007-12-31": "-2679.56500", "2006-12-31": "253.49100", "2005-12-31": "1042.43800"}, "Net Total Equity Issued/Repurchased": {"2020-12-31": "", "2019-12-31": "-803.00000", "2018-12-31": "-2071.00000", "2017-12-31": "48.00000", "2016-12-31": "-2322.00000", "2015-12-31": "-773.00000", "2014-12-31": "-830.00000", "2013-12-31": "-838.00000", "2012-12-31": "4123.00000", "2011-12-31": "55.00000", "2010-12-31": "11.00000", "2009-12-31": "-2039.00000", "2008-12-31": "4373.00000", "2007-12-31": "-2679.56500", "2006-12-31": "253.49100", "2005-12-31": "1042.43800"}, "Total Common And Preferred Stock Dividends Paid": {"2020-12-31": "", "2019-12-31": "-1035.00000", "2018-12-31": "-1038.00000", "2017-12-31": "-1045.00000", "2016-12-31": "-1026.00000", "2015-12-31": "-974.00000", "2014-12-31": "-746.00000", "2013-12-31": "-608.00000", "2012-12-31": "-126.00000", "2011-12-31": "-91.00000", "2010-12-31": "-91.00000", "2009-12-31": "-319.00000", "2008-12-31": "-568.00000", "2007-12-31": "-42.05500", "2006-12-31": "-32.32400", "2005-12-31": "-27.50400"}, "Financial Activities - Other": {"2020-12-31": "", "2019-12-31": "12643.00000", "2018-12-31": "6077.00000", "2017-12-31": "6993.00000", "2016-12-31": "19031.00000", "2015-12-31": "12163.00000", "2014-12-31": "1657.00000", "2013-12-31": "-8418.00000", "2012-12-31": "207.00000", "2011-12-31": "6821.00000", "2010-12-31": "6383.00000", "2009-12-31": "-6368.00000", "2008-12-31": "25844.00000", "2007-12-31": "-7289.75200", "2006-12-31": "-24.11600", "2005-12-31": "2239.55300"}, "Cash Flow From Financial Activities": {"2020-12-31": "", "2019-12-31": "6619.00000", "2018-12-31": "1777.00000", "2017-12-31": "3218.00000", "2016-12-31": "17227.00000", "2015-12-31": "21163.00000", "2014-12-31": "7638.00000", "2013-12-31": "-18472.00000", "2012-12-31": "14510.00000", "2011-12-31": "4308.00000", "2010-12-31": "-16041.00000", "2009-12-31": "-12050.00000", "2008-12-31": "14796.00000", "2007-12-31": "-2274.79400", "2006-12-31": "4339.19200", "2005-12-31": "5914.38500"}, "Net Cash Flow": {"2020-12-31": "", "2019-12-31": "260.00000", "2018-12-31": "-863.00000", "2017-12-31": "1859.00000", "2016-12-31": "3453.00000", "2015-12-31": "1564.00000", "2014-12-31": "951.00000", "2013-12-31": "-4767.00000", "2012-12-31": "5220.00000", "2011-12-31": "589.00000", "2010-12-31": "-3436.00000", "2009-12-31": "1194.00000", "2008-12-31": "2670.00000", "2007-12-31": "160.91300", "2006-12-31": "589.22900", "2005-12-31": "2660.05600"}, "Stock-Based Compensation": {"2020-12-31": "", "2019-12-31": "239.00000", "2018-12-31": "170.00000", "2017-12-31": "244.00000", "2016-12-31": "239.00000", "2015-12-31": "161.00000", "2014-12-31": "205.00000", "2013-12-31": "240.00000", "2012-12-31": "199.00000", "2011-12-31": "189.00000", "2010-12-31": "149.00000", "2009-12-31": "146.00000", "2008-12-31": "112.00000", "2007-12-31": "229.22800", "2006-12-31": "211.11700", "2005-12-31": "149.49600"}, "Common Stock Dividends Paid": {"2020-12-31": "", "2019-12-31": "-753.00000", "2018-12-31": "-773.00000", "2017-12-31": "-780.00000", "2016-12-31": "-812.00000", "2015-12-31": "-816.00000", "2014-12-31": "-679.00000", "2013-12-31": "-555.00000", "2012-12-31": "-111.00000", "2011-12-31": "-91.00000", "2010-12-31": "-91.00000", "2009-12-31": "-214.00000", "2008-12-31": "-568.00000", "2007-12-31": "-42.05500", "2006-12-31": "-32.32400", "2005-12-31": "-27.50400"}}, "cash flow statement, quarterly": {"Net Income/Loss": {"2020-12-31": -149, "2020-09-30": 2406, "2020-06-30": -917, "2020-03-31": "-1340.00000", "2019-12-31": 1178, "2019-09-30": 1329, "2019-06-30": 1616, "2019-03-31": "1410.00000", "2018-12-31": 1264, "2018-09-30": 1501, "2018-06-30": 1917, "2018-03-31": "1343.00000", "2017-12-31": -836, "2017-09-30": 1107, "2017-06-30": 1051, "2017-03-31": "795.00000", "2016-12-31": 774, "2016-09-30": 1016, "2016-06-30": 943, "2016-03-31": "1018.00000", "2015-12-31": 908, "2015-09-30": 1118, "2015-06-30": 852, "2015-03-31": "1134.00000", "2014-12-31": 970, "2014-09-30": 1125, "2014-06-30": 1204, "2014-03-31": "1124.00000", "2013-12-31": 875, "2013-09-30": 1118, "2013-06-30": 1227, "2013-03-31": "1134.00000", "2012-12-31": 823, "2012-09-30": 1390, "2012-06-30": -9, "2012-03-31": "1505.00000", "2011-12-31": 411, "2011-09-30": 865, "2011-06-30": 945, "2011-03-31": "1032.00000", "2010-12-31": 701, "2010-09-30": 817, "2010-06-30": 812, "2010-03-31": "720.00000", "2009-12-31": 479, "2009-09-30": 393, "2009-06-30": 223.062, "2009-03-31": "-108.06200", "2008-12-31": -1290.548, "2008-09-30": 374.139, "2008-06-30": 452.905, "2008-03-31": "548.50400", "2007-12-31": 1247.955, "2007-09-30": -81.658, "2007-06-30": 750.372, "2007-03-31": "675.05000", "2006-12-31": 402.612, "2006-09-30": 587.839, "2006-06-30": 552.587, "2006-03-31": "883.33900", "2005-12-31": 280.318, "2005-09-30": 491.149, "2005-06-30": 531.118, "2005-03-31": "506.56200"}, "Total Depreciation And Amortization - Cash Flow": {"2020-12-31": -2701, "2020-09-30": 897, "2020-06-30": 911, "2020-03-31": "893.00000", "2019-12-31": 905, "2019-09-30": 849, "2019-06-30": 881, "2019-03-31": "704.00000", "2018-12-31": 675, "2018-09-30": 589, "2018-06-30": 582, "2018-03-31": "550.00000", "2017-12-31": 721, "2017-09-30": 588, "2017-06-30": 565, "2017-03-31": "566.00000", "2016-12-31": 609, "2016-09-30": 612, "2016-06-30": 616, "2016-03-31": "591.00000", "2015-12-31": 542, "2015-09-30": 546, "2015-06-30": 529, "2015-03-31": "483.00000", "2014-12-31": 470, "2014-09-30": 515, "2014-06-30": 503, "2014-03-31": "514.00000", "2013-12-31": 418, "2013-09-30": 495, "2013-06-30": 811, "2013-03-31": "341.00000", "2012-12-31": 605, "2012-09-30": 586, "2012-06-30": 451, "2012-03-31": "220.00000", "2011-12-31": 170, "2011-09-30": 110, "2011-06-30": 132, "2011-03-31": "167.00000", "2010-12-31": 95, "2010-09-30": 106, "2010-06-30": 169, "2010-03-31": "147.00000", "2009-12-31": 98, "2009-09-30": 204, "2009-06-30": 229.722, "2009-03-31": "151.27800", "2008-12-31": 966.564, "2008-09-30": 175.303, "2008-06-30": 175.626, "2008-03-31": "185.50700", "2007-12-31": 196.162, "2007-09-30": 159.292, "2007-06-30": 158.799, "2007-03-31": "164.50400", "2006-12-31": 159.122, "2006-09-30": 128.748, "2006-06-30": 129.226, "2006-03-31": "124.99400", "2005-12-31": 119.103, "2005-09-30": 110.021, "2005-06-30": 106.661, "2005-03-31": "89.85500"}, "Other Non-Cash Items": {"2020-12-31": -8683, "2020-09-30": 514, "2020-06-30": 3469, "2020-03-31": "4700.00000", "2019-12-31": 1681, "2019-09-30": 1371, "2019-06-30": 1317, "2019-03-31": "1804.00000", "2018-12-31": 2231, "2018-09-30": 1564, "2018-06-30": 1362, "2018-03-31": "1776.00000", "2017-12-31": 3323, "2017-09-30": 1673, "2017-06-30": 1736, "2017-03-31": "1936.00000", "2016-12-31": 1796, "2016-09-30": 1404, "2016-06-30": 1400, "2016-03-31": "1448.00000", "2015-12-31": 1024, "2015-09-30": 958, "2015-06-30": 1333, "2015-03-31": "971.00000", "2014-12-31": 880, "2014-09-30": 1051, "2014-06-30": 768, "2014-03-31": "792.00000", "2013-12-31": 1035, "2013-09-30": 904, "2013-06-30": 524, "2013-03-31": "776.00000", "2012-12-31": 1183, "2012-09-30": 808, "2012-06-30": 1684, "2012-03-31": "95.00000", "2011-12-31": 924, "2011-09-30": 394, "2011-06-30": 365, "2011-03-31": "617.00000", "2010-12-31": 1259, "2010-09-30": 856, "2010-06-30": 559, "2010-03-31": "1175.00000", "2009-12-31": 727, "2009-09-30": 1101, "2009-06-30": 896.837, "2009-03-31": "1313.16300", "2008-12-31": 1994.556, "2008-09-30": 1278.107, "2008-06-30": 849.813, "2008-03-31": "1017.52400", "2007-12-31": 1287.818, "2007-09-30": 861.675, "2007-06-30": 2012.975, "2007-03-31": "887.91100", "2006-12-31": 1339.279, "2006-09-30": 477.8559, "2006-06-30": 427.4291, "2006-03-31": "233.58900", "2005-12-31": 625.8, "2005-09-30": 420.151, "2005-06-30": 336.506, "2005-03-31": "290.64400"}, "Total Non-Cash Items": {"2020-12-31": -11384, "2020-09-30": 1411, "2020-06-30": 4380, "2020-03-31": "5593.00000", "2019-12-31": 2586, "2019-09-30": 2220, "2019-06-30": 2198, "2019-03-31": "2508.00000", "2018-12-31": 2906, "2018-09-30": 2153, "2018-06-30": 1944, "2018-03-31": "2326.00000", "2017-12-31": 4044, "2017-09-30": 2261, "2017-06-30": 2301, "2017-03-31": "2502.00000", "2016-12-31": 2405, "2016-09-30": 2016, "2016-06-30": 2016, "2016-03-31": "2039.00000", "2015-12-31": 1566, "2015-09-30": 1504, "2015-06-30": 1862, "2015-03-31": "1454.00000", "2014-12-31": 1350, "2014-09-30": 1566, "2014-06-30": 1271, "2014-03-31": "1306.00000", "2013-12-31": 1453, "2013-09-30": 1399, "2013-06-30": 1335, "2013-03-31": "1117.00000", "2012-12-31": 1788, "2012-09-30": 1394, "2012-06-30": 2135, "2012-03-31": "315.00000", "2011-12-31": 1094, "2011-09-30": 504, "2011-06-30": 497, "2011-03-31": "784.00000", "2010-12-31": 1354, "2010-09-30": 962, "2010-06-30": 728, "2010-03-31": "1322.00000", "2009-12-31": 825, "2009-09-30": 1305, "2009-06-30": 1126.559, "2009-03-31": "1464.44100", "2008-12-31": 2961.12, "2008-09-30": 1453.41, "2008-06-30": 1025.439, "2008-03-31": "1203.03100", "2007-12-31": 1483.98, "2007-09-30": 1020.967, "2007-06-30": 2171.774, "2007-03-31": "1052.41500", "2006-12-31": 1498.401, "2006-09-30": 606.604, "2006-06-30": 556.655, "2006-03-31": "358.58300", "2005-12-31": 744.903, "2005-09-30": 530.172, "2005-06-30": 443.167, "2005-03-31": "380.49900"}, "Change In Accounts Receivable": {"2020-12-31": 714, "2020-09-30": -542, "2020-06-30": 512, "2020-03-31": "-684.00000", "2019-12-31": 761, "2019-09-30": 485, "2019-06-30": -1072, "2019-03-31": "583.00000", "2018-12-31": -120, "2018-09-30": -445, "2018-06-30": -24, "2018-03-31": "-630.00000", "2017-12-31": 915, "2017-09-30": -753, "2017-06-30": -17, "2017-03-31": "292.00000", "2016-12-31": -120, "2016-09-30": -138, "2016-06-30": -120, "2016-03-31": "-116.00000", "2015-12-31": -391, "2015-09-30": 331, "2015-06-30": 480, "2015-03-31": "-715.00000", "2014-12-31": -262, "2014-09-30": 384, "2014-06-30": -423, "2014-03-31": "-30.00000", "2013-12-31": 127, "2013-09-30": 95, "2013-06-30": -124, "2013-03-31": "419.00000", "2012-12-31": -45, "2012-09-30": 876, "2012-06-30": -378, "2012-03-31": "-13.00000", "2011-12-31": 40, "2011-09-30": -163, "2011-06-30": 35, "2011-03-31": "156.00000", "2010-12-31": -76, "2010-09-30": 104, "2010-06-30": 56, "2010-03-31": "-161.00000", "2009-12-31": -149, "2009-09-30": 219, "2009-06-30": -166.965, "2009-03-31": "22.96500", "2008-12-31": -44.785, "2008-09-30": 15.2379, "2008-06-30": 24.5771, "2008-03-31": "244.97000", "2007-12-31": -30.77, "2007-09-30": 102.773, "2007-06-30": 345.674, "2007-03-31": "5215.90600", "2006-12-31": -1609.184, "2006-09-30": -0.587, "2006-06-30": -130.612, "2006-03-31": "24.45700", "2005-12-31": -266.604, "2005-09-30": -97.486, "2005-06-30": -21.815, "2005-03-31": "-6.49300"}, "Change In Inventories": {"2020-12-31": 0, "2020-09-30": 0, "2020-06-30": 0, "2020-03-31": "", "2019-12-31": 0, "2019-09-30": 0, "2019-06-30": 0, "2019-03-31": "", "2018-12-31": 0, "2018-09-30": 0, "2018-06-30": 0, "2018-03-31": "", "2017-12-31": 0, "2017-09-30": 0, "2017-06-30": 0, "2017-03-31": "", "2016-12-31": 0, "2016-09-30": 0, "2016-06-30": 0, "2016-03-31": "", "2015-12-31": 0, "2015-09-30": 0, "2015-06-30": 0, "2015-03-31": "", "2014-12-31": 0, "2014-09-30": 0, "2014-06-30": 0, "2014-03-31": "", "2013-12-31": 0, "2013-09-30": 0, "2013-06-30": 0, "2013-03-31": "", "2012-12-31": 0, "2012-09-30": 0, "2012-06-30": 0, "2012-03-31": "", "2011-12-31": 0, "2011-09-30": 0, "2011-06-30": 0, "2011-03-31": "", "2010-12-31": 0, "2010-09-30": 0, "2010-06-30": 0, "2010-03-31": "", "2009-12-31": 0, "2009-09-30": 0, "2009-06-30": 0, "2009-03-31": "", "2008-12-31": 0, "2008-09-30": 0, "2008-06-30": 0, "2008-03-31": "", "2007-12-31": 0, "2007-09-30": 0, "2007-06-30": 0, "2007-03-31": "", "2006-12-31": 0, "2006-09-30": 0, "2006-06-30": 0, "2006-03-31": "", "2005-12-31": 0, "2005-09-30": 0, "2005-06-30": 0, "2005-03-31": ""}, "Change In Accounts Payable": {"2020-12-31": 107, "2020-09-30": -48, "2020-06-30": 21, "2020-03-31": "-80.00000", "2019-12-31": 69, "2019-09-30": -67, "2019-06-30": 55, "2019-03-31": "-76.00000", "2018-12-31": 67, "2018-09-30": -59, "2018-06-30": 97, "2018-03-31": "-60.00000", "2017-12-31": 112, "2017-09-30": -76, "2017-06-30": 116, "2017-03-31": "-67.00000", "2016-12-31": 90, "2016-09-30": -64, "2016-06-30": 84, "2016-03-31": "-82.00000", "2015-12-31": 101, "2015-09-30": -64, "2015-06-30": 67, "2015-03-31": "-59.00000", "2014-12-31": 80, "2014-09-30": -60, "2014-06-30": 52, "2014-03-31": "-50.00000", "2013-12-31": 9, "2013-09-30": -48, "2013-06-30": 14, "2013-03-31": "-140.00000", "2012-12-31": 51, "2012-09-30": -94, "2012-06-30": 78, "2012-03-31": "-82.00000", "2011-12-31": 65, "2011-09-30": -68, "2011-06-30": 58, "2011-03-31": "-77.00000", "2010-12-31": 24, "2010-09-30": -79, "2010-06-30": 21, "2010-03-31": "13.00000", "2009-12-31": -74, "2009-09-30": -77, "2009-06-30": 3.629, "2009-03-31": "-19.62900", "2008-12-31": 168.518, "2008-09-30": -113.398, "2008-06-30": 112.211, "2008-03-31": "-122.33100", "2007-12-31": 79.275, "2007-09-30": 8.716, "2007-06-30": 3.579, "2007-03-31": "-34.72400", "2006-12-31": 71.686, "2006-09-30": 35.803, "2006-06-30": -2.685, "2006-03-31": "-17.79900", "2005-12-31": -18.165, "2005-09-30": 98.165, "2005-06-30": 10.213, "2005-03-31": "2.69300"}, "Change In Assets/Liabilities": {"2020-12-31": -1837, "2020-09-30": 100, "2020-06-30": -183, "2020-03-31": "1920.00000", "2019-12-31": -474, "2019-09-30": -555, "2019-06-30": 1429, "2019-03-31": "456.00000", "2018-12-31": -103, "2018-09-30": 252, "2018-06-30": 146, "2018-03-31": "-1372.00000", "2017-12-31": -140, "2017-09-30": 533, "2017-06-30": 409, "2017-03-31": "-359.00000", "2016-12-31": -1153, "2016-09-30": 463, "2016-06-30": -447, "2016-03-31": "1243.00000", "2015-12-31": -1062, "2015-09-30": 1768, "2015-06-30": -906, "2015-03-31": "179.00000", "2014-12-31": -535, "2014-09-30": -234, "2014-06-30": -343, "2014-03-31": "809.00000", "2013-12-31": -919, "2013-09-30": 951, "2013-06-30": 102, "2013-03-31": "-160.00000", "2012-12-31": -2112, "2012-09-30": 1422, "2012-06-30": 368, "2012-03-31": "112.00000", "2011-12-31": -58, "2011-09-30": 404, "2011-06-30": 957, "2011-03-31": "-26.00000", "2010-12-31": -1881, "2010-09-30": 1405, "2010-06-30": 1170, "2010-03-31": "130.00000", "2009-12-31": -1880, "2009-09-30": -1815, "2009-06-30": 190.1481, "2009-03-31": "119.85190", "2008-12-31": -2392.442, "2008-09-30": -152.022, "2008-06-30": -269.433, "2008-03-31": "-716.10300", "2007-12-31": 1748.047, "2007-09-30": -2125.346, "2007-06-30": -65.017, "2007-03-31": "-668.08800", "2006-12-31": 466.418, "2006-09-30": -688.728, "2006-06-30": 439.734, "2006-03-31": "-658.38500", "2005-12-31": 1129.438, "2005-09-30": -671.648, "2005-06-30": 648.255, "2005-03-31": "-1050.57800"}, "Total Change In Assets/Liabilities": {"2020-12-31": -1016, "2020-09-30": -490, "2020-06-30": 350, "2020-03-31": "1156.00000", "2019-12-31": 356, "2019-09-30": -137, "2019-06-30": 412, "2019-03-31": "963.00000", "2018-12-31": -156, "2018-09-30": -252, "2018-06-30": 219, "2018-03-31": "-2062.00000", "2017-12-31": 887, "2017-09-30": -296, "2017-06-30": 508, "2017-03-31": "-134.00000", "2016-12-31": -1183, "2016-09-30": 261, "2016-06-30": -483, "2016-03-31": "1045.00000", "2015-12-31": -1352, "2015-09-30": 2035, "2015-06-30": -359, "2015-03-31": "-595.00000", "2014-12-31": -717, "2014-09-30": 90, "2014-06-30": -714, "2014-03-31": "729.00000", "2013-12-31": -783, "2013-09-30": 998, "2013-06-30": -8, "2013-03-31": "119.00000", "2012-12-31": -2106, "2012-09-30": 2204, "2012-06-30": 68, "2012-03-31": "17.00000", "2011-12-31": 47, "2011-09-30": 173, "2011-06-30": 1050, "2011-03-31": "53.00000", "2010-12-31": -1933, "2010-09-30": 1430, "2010-06-30": 1247, "2010-03-31": "-18.00000", "2009-12-31": -2103, "2009-09-30": -1673, "2009-06-30": 26.8121, "2009-03-31": "123.18790", "2008-12-31": -2268.709, "2008-09-30": -250.1821, "2008-06-30": -132.6449, "2008-03-31": "-593.46400", "2007-12-31": 1796.552, "2007-09-30": -2013.857, "2007-06-30": 284.236, "2007-03-31": "4513.09400", "2006-12-31": -1071.08, "2006-09-30": -653.512, "2006-06-30": 306.437, "2006-03-31": "-651.72700", "2005-12-31": 844.669, "2005-09-30": -670.969, "2005-06-30": 636.653, "2005-03-31": "-1054.37800"}, "Cash Flow From Operating Activities": {"2020-12-31": -12072, "2020-09-30": 2857, "2020-06-30": 3806, "2020-03-31": "5409.00000", "2019-12-31": 4120, "2019-09-30": 3412, "2019-06-30": 4226, "2019-03-31": "4881.00000", "2018-12-31": 3940, "2018-09-30": 3351, "2018-06-30": 4080, "2018-03-31": "1607.00000", "2017-12-31": 4091, "2017-09-30": 3068, "2017-06-30": 3860, "2017-03-31": "3163.00000", "2016-12-31": 1995, "2016-09-30": 3293, "2016-06-30": 2466, "2016-03-31": "4102.00000", "2015-12-31": 1122, "2015-09-30": 4657, "2015-06-30": 2355, "2015-03-31": "1993.00000", "2014-12-31": 1603, "2014-09-30": 2781, "2014-06-30": 1761, "2014-03-31": "3159.00000", "2013-12-31": 1545, "2013-09-30": 3515, "2013-06-30": 2554, "2013-03-31": "2370.00000", "2012-12-31": 505, "2012-09-30": 4988, "2012-06-30": 2194, "2012-03-31": "1837.00000", "2011-12-31": 1539, "2011-09-30": 1555, "2011-06-30": 2492, "2011-03-31": "1869.00000", "2010-12-31": 122, "2010-09-30": 3209, "2010-06-30": 2787, "2010-03-31": "2024.00000", "2009-12-31": -799, "2009-09-30": 25, "2009-06-30": 1376.433, "2009-03-31": "1479.56700", "2008-12-31": -598.137, "2008-09-30": 1577.367, "2008-06-30": 1345.699, "2008-03-31": "1158.07100", "2007-12-31": 4528.487, "2007-09-30": -1074.548, "2007-06-30": 3206.382, "2007-03-31": "6240.55900", "2006-12-31": 829.933, "2006-09-30": 540.931, "2006-06-30": 1415.679, "2006-03-31": "590.19500", "2005-12-31": 1869.89, "2005-09-30": 350.352, "2005-06-30": 1610.938, "2005-03-31": "-167.31700"}, "Net Change In Property, Plant, And Equipment": {"2020-12-31": 543, "2020-09-30": -201, "2020-06-30": -188, "2020-03-31": "-154.00000", "2019-12-31": -256, "2019-09-30": -235, "2019-06-30": -213, "2019-03-31": "-183.00000", "2018-12-31": -205, "2018-09-30": -240, "2018-06-30": -224, "2018-03-31": "-205.00000", "2017-12-31": -242, "2017-09-30": -293, "2017-06-30": -261, "2017-03-31": "-222.00000", "2016-12-31": -271, "2016-09-30": -184, "2016-06-30": -190, "2016-03-31": "-134.00000", "2015-12-31": -121, "2015-09-30": -182, "2015-06-30": -76, "2015-03-31": "-153.00000", "2014-12-31": -97, "2014-09-30": -155, "2014-06-30": -121, "2014-03-31": "-129.00000", "2013-12-31": -196, "2013-09-30": -172, "2013-06-30": -214, "2013-03-31": "-236.00000", "2012-12-31": -201, "2012-09-30": -97, "2012-06-30": -106, "2012-03-31": "-156.00000", "2011-12-31": -46, "2011-09-30": -110, "2011-06-30": -92, "2011-03-31": "-67.00000", "2010-12-31": -115, "2010-09-30": -75, "2010-06-30": -76, "2010-03-31": "-74.00000", "2009-12-31": -29, "2009-09-30": -36, "2009-06-30": -70.782, "2009-03-31": "-107.21800", "2008-12-31": -85.936, "2008-09-30": -67.017, "2008-06-30": -101.793, "2008-03-31": "-101.25400", "2007-12-31": -123.482, "2007-09-30": -110.683, "2007-06-30": -75.471, "2007-03-31": "-127.90900", "2006-12-31": -181.195, "2006-09-30": -132.131, "2006-06-30": -143.272, "2006-03-31": "-255.59200", "2005-12-31": -90.768, "2005-09-30": -37.652, "2005-06-30": -30.408, "2005-03-31": "-0.99500"}, "Net Change In Intangible Assets": {"2020-12-31": 0, "2020-09-30": 0, "2020-06-30": 0, "2020-03-31": "", "2019-12-31": 0, "2019-09-30": 0, "2019-06-30": 0, "2019-03-31": "", "2018-12-31": 0, "2018-09-30": 0, "2018-06-30": 0, "2018-03-31": "", "2017-12-31": 0, "2017-09-30": 0, "2017-06-30": 0, "2017-03-31": "", "2016-12-31": 0, "2016-09-30": 0, "2016-06-30": 0, "2016-03-31": "", "2015-12-31": 0, "2015-09-30": 0, "2015-06-30": 0, "2015-03-31": "", "2014-12-31": 0, "2014-09-30": 0, "2014-06-30": 0, "2014-03-31": "", "2013-12-31": 0, "2013-09-30": 0, "2013-06-30": 0, "2013-03-31": "", "2012-12-31": 0, "2012-09-30": 0, "2012-06-30": 0, "2012-03-31": "", "2011-12-31": 0, "2011-09-30": 0, "2011-06-30": 0, "2011-03-31": "", "2010-12-31": 0, "2010-09-30": 0, "2010-06-30": 0, "2010-03-31": "", "2009-12-31": 0, "2009-09-30": 0, "2009-06-30": 0, "2009-03-31": "", "2008-12-31": 0, "2008-09-30": 0, "2008-06-30": 0, "2008-03-31": "", "2007-12-31": 0, "2007-09-30": 0, "2007-06-30": 0, "2007-03-31": "", "2006-12-31": 0, "2006-09-30": 0, "2006-06-30": 0, "2006-03-31": "", "2005-12-31": 0, "2005-09-30": 0, "2005-06-30": 0, "2005-03-31": ""}, "Net Acquisitions/Divestitures": {"2020-12-31": 7, "2020-09-30": -7, "2020-06-30": 0, "2020-03-31": "", "2019-12-31": -8308, "2019-09-30": -85, "2019-06-30": 0, "2019-03-31": "", "2018-12-31": -600, "2018-09-30": 0, "2018-06-30": 0, "2018-03-31": "", "2017-12-31": 33, "2017-09-30": -3220, "2017-06-30": 0, "2017-03-31": "", "2016-12-31": -640, "2016-09-30": 11, "2016-06-30": 0, "2016-03-31": "", "2015-12-31": -9314, "2015-09-30": 0, "2015-06-30": 0, "2015-03-31": "", "2014-12-31": -24, "2014-09-30": 0, "2014-06-30": 0, "2014-03-31": "", "2013-12-31": -204, "2013-09-30": 0, "2013-06-30": 0, "2013-03-31": "", "2012-12-31": 0, "2012-09-30": 0, "2012-06-30": -31343, "2012-03-31": "13740.00000", "2011-12-31": 0, "2011-09-30": 0, "2011-06-30": 0, "2011-03-31": "-1444.00000", "2010-12-31": 0, "2010-09-30": 0, "2010-06-30": 0, "2010-03-31": "", "2009-12-31": 0, "2009-09-30": 0, "2009-06-30": -0.166, "2009-03-31": "778.16600", "2008-12-31": 0, "2008-09-30": 0, "2008-06-30": 0, "2008-03-31": "", "2007-12-31": 0, "2007-09-30": 4.323, "2007-06-30": -7.348, "2007-03-31": "-7.43900", "2006-12-31": -3635.356, "2006-09-30": 22.923, "2006-06-30": 10.734, "2006-03-31": "-33.65700", "2005-12-31": 921.256, "2005-09-30": 0, "2005-06-30": 0, "2005-03-31": "-470.69400"}, "Net Change In Short-term Investments": {"2020-12-31": 0, "2020-09-30": 0, "2020-06-30": 0, "2020-03-31": "", "2019-12-31": 0, "2019-09-30": 0, "2019-06-30": 0, "2019-03-31": "", "2018-12-31": 0, "2018-09-30": 0, "2018-06-30": 0, "2018-03-31": "", "2017-12-31": 0, "2017-09-30": 0, "2017-06-30": 0, "2017-03-31": "", "2016-12-31": 0, "2016-09-30": 0, "2016-06-30": 0, "2016-03-31": "", "2015-12-31": 0, "2015-09-30": 0, "2015-06-30": 0, "2015-03-31": "", "2014-12-31": 0, "2014-09-30": 0, "2014-06-30": 0, "2014-03-31": "", "2013-12-31": 0, "2013-09-30": 0, "2013-06-30": 0, "2013-03-31": "", "2012-12-31": 0, "2012-09-30": 0, "2012-06-30": 0, "2012-03-31": "", "2011-12-31": 0, "2011-09-30": 0, "2011-06-30": 0, "2011-03-31": "", "2010-12-31": 0, "2010-09-30": 0, "2010-06-30": 0, "2010-03-31": "57.00000", "2009-12-31": 0, "2009-09-30": 0, "2009-06-30": 0, "2009-03-31": "", "2008-12-31": 0, "2008-09-30": 0, "2008-06-30": 0, "2008-03-31": "", "2007-12-31": 0, "2007-09-30": 0, "2007-06-30": 0, "2007-03-31": "", "2006-12-31": 0, "2006-09-30": 0, "2006-06-30": 0, "2006-03-31": "", "2005-12-31": 0, "2005-09-30": 0, "2005-06-30": 0, "2005-03-31": ""}, "Net Change In Long-Term Investments": {"2020-12-31": 18784, "2020-09-30": -13473, "2020-06-30": -5350, "2020-03-31": "39.00000", "2019-12-31": 1663, "2019-09-30": 1287, "2019-06-30": 957, "2019-03-31": "1975.00000", "2018-12-31": -541, "2018-09-30": 1707, "2018-06-30": -14367, "2018-03-31": "-3659.00000", "2017-12-31": 807, "2017-09-30": 346, "2017-06-30": -475, "2017-03-31": "-987.00000", "2016-12-31": -792, "2016-09-30": -1501, "2016-06-30": 274, "2016-03-31": "-1228.00000", "2015-12-31": -995, "2015-09-30": -273, "2015-06-30": -535, "2015-03-31": "-390.00000", "2014-12-31": -87, "2014-09-30": -162, "2014-06-30": -666, "2014-03-31": "294.00000", "2013-12-31": 351, "2013-09-30": 752, "2013-06-30": -372, "2013-03-31": "-324.00000", "2012-12-31": -2672, "2012-09-30": -5726, "2012-06-30": 5645, "2012-03-31": "8169.00000", "2011-12-31": -537, "2011-09-30": 1156, "2011-06-30": 2339, "2011-03-31": "-139.00000", "2010-12-31": -1977, "2010-09-30": -532, "2010-06-30": -713, "2010-03-31": "877.00000", "2009-12-31": -1196, "2009-09-30": 779, "2009-06-30": -1013.341, "2009-03-31": "-3445.65900", "2008-12-31": -4821.118, "2008-09-30": -2121.367, "2008-06-30": -3047.108, "2008-03-31": "-2404.40700", "2007-12-31": 273.455, "2007-09-30": 456.031, "2007-06-30": -2988.031, "2007-03-31": "-2124.15400", "2006-12-31": 3009.5858, "2006-09-30": 1535.7652, "2006-06-30": -722.074, "2006-03-31": "-420.03300", "2005-12-31": -496.5348, "2005-09-30": -15.026, "2005-06-30": 49.663, "2005-03-31": "-307.06800"}, "Net Change In Investments - Total": {"2020-12-31": 18784, "2020-09-30": -13473, "2020-06-30": -5350, "2020-03-31": "39.00000", "2019-12-31": 1663, "2019-09-30": 1287, "2019-06-30": 957, "2019-03-31": "1975.00000", "2018-12-31": -541, "2018-09-30": 1707, "2018-06-30": -14367, "2018-03-31": "-3659.00000", "2017-12-31": 807, "2017-09-30": 346, "2017-06-30": -475, "2017-03-31": "-987.00000", "2016-12-31": -792, "2016-09-30": -1501, "2016-06-30": 274, "2016-03-31": "-1228.00000", "2015-12-31": -995, "2015-09-30": -273, "2015-06-30": -535, "2015-03-31": "-390.00000", "2014-12-31": -87, "2014-09-30": -162, "2014-06-30": -666, "2014-03-31": "294.00000", "2013-12-31": 351, "2013-09-30": 752, "2013-06-30": -372, "2013-03-31": "-324.00000", "2012-12-31": -2672, "2012-09-30": -5726, "2012-06-30": 5645, "2012-03-31": "8169.00000", "2011-12-31": -537, "2011-09-30": 1156, "2011-06-30": 2339, "2011-03-31": "-139.00000", "2010-12-31": -1977, "2010-09-30": -532, "2010-06-30": -713, "2010-03-31": "934.00000", "2009-12-31": -1196, "2009-09-30": 779, "2009-06-30": -1013.341, "2009-03-31": "-3445.65900", "2008-12-31": -4821.118, "2008-09-30": -2121.367, "2008-06-30": -3047.108, "2008-03-31": "-2404.40700", "2007-12-31": 273.455, "2007-09-30": 456.031, "2007-06-30": -2988.031, "2007-03-31": "-2124.15400", "2006-12-31": 3009.5858, "2006-09-30": 1535.7652, "2006-06-30": -722.074, "2006-03-31": "-420.03300", "2005-12-31": -496.5348, "2005-09-30": -15.026, "2005-06-30": 49.663, "2005-03-31": "-307.06800"}, "Investing Activities - Other": {"2020-12-31": -10417, "2020-09-30": -295, "2020-06-30": 9556, "2020-03-31": "1156.00000", "2019-12-31": -10211, "2019-09-30": -6728, "2019-06-30": -5882, "2019-03-31": "3221.00000", "2018-12-31": -8401, "2018-09-30": -3723, "2018-06-30": 10294, "2018-03-31": "4546.00000", "2017-12-31": -4394, "2017-09-30": -4283, "2017-06-30": -5637, "2017-03-31": "3287.00000", "2016-12-31": -8750, "2016-09-30": -4585, "2016-06-30": -8274, "2016-03-31": "634.00000", "2015-12-31": -9736, "2015-09-30": -4634, "2015-06-30": -6931, "2015-03-31": "3614.00000", "2014-12-31": -7696, "2014-09-30": -3903, "2014-06-30": -6466, "2014-03-31": "3221.00000", "2013-12-31": -5987, "2013-09-30": 4791, "2013-06-30": -1184, "2013-03-31": "6716.00000", "2012-12-31": -3883, "2012-09-30": -1856, "2012-06-30": -1339, "2012-03-31": "1011.00000", "2011-12-31": -7442, "2011-09-30": -1418, "2011-06-30": -4568, "2011-03-31": "1194.00000", "2010-12-31": 605, "2010-09-30": 85, "2010-06-30": 1120, "2010-03-31": "5281.00000", "2009-12-31": 5468, "2009-09-30": 2991, "2009-06-30": 2507.009, "2009-03-31": "4536.99100", "2008-12-31": -4169.663, "2008-09-30": -1815.844, "2008-06-30": 481.264, "2008-03-31": "2645.24300", "2007-12-31": -7057.717, "2007-09-30": -2613.643, "2007-06-30": -1150.243, "2007-03-31": "5187.13700", "2006-12-31": -1439.659, "2006-09-30": -3400.023, "2006-06-30": -2770.261, "2006-03-31": "1427.54400", "2005-12-31": -5321.474, "2005-09-30": -599.6549, "2005-06-30": -1001.3581, "2005-03-31": "482.52200"}, "Cash Flow From Investing Activities": {"2020-12-31": 8917, "2020-09-30": -13976, "2020-06-30": 4018, "2020-03-31": "1041.00000", "2019-12-31": -17112, "2019-09-30": -5761, "2019-06-30": -5138, "2019-03-31": "5013.00000", "2018-12-31": -9747, "2018-09-30": -2256, "2018-06-30": -4297, "2018-03-31": "682.00000", "2017-12-31": -3796, "2017-09-30": -7450, "2017-06-30": -6373, "2017-03-31": "2078.00000", "2016-12-31": -10453, "2016-09-30": -6259, "2016-06-30": -8190, "2016-03-31": "-728.00000", "2015-12-31": -20166, "2015-09-30": -5089, "2015-06-30": -7542, "2015-03-31": "3071.00000", "2014-12-31": -7904, "2014-09-30": -4220, "2014-06-30": -7253, "2014-03-31": "3386.00000", "2013-12-31": -6036, "2013-09-30": 5371, "2013-06-30": -1770, "2013-03-31": "6156.00000", "2012-12-31": -6756, "2012-09-30": -7679, "2012-06-30": -27143, "2012-03-31": "22764.00000", "2011-12-31": -8025, "2011-09-30": -372, "2011-06-30": -2321, "2011-03-31": "-456.00000", "2010-12-31": -1487, "2010-09-30": -522, "2010-06-30": 331, "2010-03-31": "6141.00000", "2009-12-31": 4243, "2009-09-30": 3734, "2009-06-30": 1422.72, "2009-03-31": "1762.28000", "2008-12-31": -9076.717, "2008-09-30": -4004.228, "2008-06-30": -2667.637, "2008-03-31": "139.58200", "2007-12-31": -6907.74, "2007-09-30": -2263.972, "2007-06-30": -4221.093, "2007-03-31": "2927.63500", "2006-12-31": -2246.624, "2006-09-30": -1973.466, "2006-06-30": -3624.873, "2006-03-31": "718.26200", "2005-12-31": -4987.521, "2005-09-30": -652.333, "2005-06-30": -982.103, "2005-03-31": "-296.23500"}, "Net Long-Term Debt": {"2020-12-31": 7673, "2020-09-30": -2159, "2020-06-30": -5049, "2020-03-31": "-465.00000", "2019-12-31": -3167, "2019-09-30": 595, "2019-06-30": -1764, "2019-03-31": "150.00000", "2018-12-31": 6127, "2018-09-30": -989, "2018-06-30": 2826, "2018-03-31": "-9155.00000", "2017-12-31": 761, "2017-09-30": 7028, "2017-06-30": 1413, "2017-03-31": "-11980.00000", "2016-12-31": 1368, "2016-09-30": 751, "2016-06-30": 8450, "2016-03-31": "-9025.00000", "2015-12-31": 690, "2015-09-30": -2488, "2015-06-30": 9735, "2015-03-31": "2810.00000", "2014-12-31": 6062, "2014-09-30": 3238, "2014-06-30": 8847, "2014-03-31": "-10590.00000", "2013-12-31": 8732, "2013-09-30": -4375, "2013-06-30": -826, "2013-03-31": "-12139.00000", "2012-12-31": 11770, "2012-09-30": 2476, "2012-06-30": 2858, "2012-03-31": "-6798.00000", "2011-12-31": 5262, "2011-09-30": -3667, "2011-06-30": -2175, "2011-03-31": "-1897.00000", "2010-12-31": -1310, "2010-09-30": -4809, "2010-06-30": -4949, "2010-03-31": "-11276.00000", "2009-12-31": -163, "2009-09-30": -2165, "2009-06-30": 729.82, "2009-03-31": "-1725.82000", "2008-12-31": -1578.71, "2008-09-30": -3572.567, "2008-06-30": -3628.779, "2008-03-31": "-6072.94400", "2007-12-31": 6188.245, "2007-09-30": 4162.633, "2007-06-30": 1191.453, "2007-03-31": "-3805.75300", "2006-12-31": 123.921, "2006-09-30": 3969.96, "2006-06-30": 54.659, "2006-03-31": "-6.39800", "2005-12-31": 1504.487, "2005-09-30": 1920.1739, "2005-06-30": -748.3898, "2005-03-31": "-16.37310"}, "Net Current Debt": {"2020-12-31": 6636, "2020-09-30": 123, "2020-06-30": -5832, "2020-03-31": "-927.00000", "2019-12-31": 8964, "2019-09-30": 105, "2019-06-30": 13, "2019-03-31": "-9082.00000", "2018-12-31": 0, "2018-09-30": 0, "2018-06-30": 0, "2018-03-31": "", "2017-12-31": 0, "2017-09-30": 21, "2017-06-30": -21, "2017-03-31": "", "2016-12-31": -97, "2016-09-30": 79, "2016-06-30": 82, "2016-03-31": "-64.00000", "2015-12-31": 16035, "2015-09-30": -843, "2015-06-30": -4796, "2015-03-31": "-10396.00000", "2014-12-31": 0, "2014-09-30": 0, "2014-06-30": 0, "2014-03-31": "", "2013-12-31": 0, "2013-09-30": 0, "2013-06-30": 0, "2013-03-31": "", "2012-12-31": 0, "2012-09-30": 0, "2012-06-30": 0, "2012-03-31": "", "2011-12-31": 0, "2011-09-30": 0, "2011-06-30": 0, "2011-03-31": "", "2010-12-31": 0, "2010-09-30": 0, "2010-06-30": 0, "2010-03-31": "", "2009-12-31": 0, "2009-09-30": 0, "2009-06-30": 0, "2009-03-31": "", "2008-12-31": 0, "2008-09-30": 0, "2008-06-30": 0, "2008-03-31": "", "2007-12-31": 0, "2007-09-30": 0, "2007-06-30": 0, "2007-03-31": "", "2006-12-31": 0, "2006-09-30": 0, "2006-06-30": 0, "2006-03-31": "", "2005-12-31": 0, "2005-09-30": 0, "2005-06-30": 0, "2005-03-31": ""}, "Debt Issuance/Retirement Net - Total": {"2020-12-31": 14309, "2020-09-30": -2036, "2020-06-30": -10881, "2020-03-31": "-1392.00000", "2019-12-31": 5797, "2019-09-30": 700, "2019-06-30": -1751, "2019-03-31": "-8932.00000", "2018-12-31": 6127, "2018-09-30": -989, "2018-06-30": 2826, "2018-03-31": "-9155.00000", "2017-12-31": 761, "2017-09-30": 7049, "2017-06-30": 1392, "2017-03-31": "-11980.00000", "2016-12-31": 1271, "2016-09-30": 830, "2016-06-30": 8532, "2016-03-31": "-9089.00000", "2015-12-31": 16725, "2015-09-30": -3331, "2015-06-30": 4939, "2015-03-31": "-7586.00000", "2014-12-31": 6062, "2014-09-30": 3238, "2014-06-30": 8847, "2014-03-31": "-10590.00000", "2013-12-31": 8732, "2013-09-30": -4375, "2013-06-30": -826, "2013-03-31": "-12139.00000", "2012-12-31": 11770, "2012-09-30": 2476, "2012-06-30": 2858, "2012-03-31": "-6798.00000", "2011-12-31": 5262, "2011-09-30": -3667, "2011-06-30": -2175, "2011-03-31": "-1897.00000", "2010-12-31": -1310, "2010-09-30": -4809, "2010-06-30": -4949, "2010-03-31": "-11276.00000", "2009-12-31": -163, "2009-09-30": -2165, "2009-06-30": 729.82, "2009-03-31": "-1725.82000", "2008-12-31": -1578.71, "2008-09-30": -3572.567, "2008-06-30": -3628.779, "2008-03-31": "-6072.94400", "2007-12-31": 6188.245, "2007-09-30": 4162.633, "2007-06-30": 1191.453, "2007-03-31": "-3805.75300", "2006-12-31": 123.921, "2006-09-30": 3969.96, "2006-06-30": 54.659, "2006-03-31": "-6.39800", "2005-12-31": 1504.487, "2005-09-30": 1920.1739, "2005-06-30": -748.3898, "2005-03-31": "-16.37310"}, "Net Common Equity Issued/Repurchased": {"2020-12-31": 185, "2020-09-30": 62, "2020-06-30": 56, "2020-03-31": "-303.00000", "2019-12-31": -882, "2019-09-30": -414, "2019-06-30": 44, "2019-03-31": "-13.00000", "2018-12-31": -600, "2018-09-30": -506, "2018-06-30": -755, "2018-03-31": "-210.00000", "2017-12-31": -178, "2017-09-30": 285, "2017-06-30": 53, "2017-03-31": "-112.00000", "2016-12-31": -697, "2016-09-30": -1159, "2016-06-30": -595, "2016-03-31": "-937.00000", "2015-12-31": -597, "2015-09-30": -581, "2015-06-30": -547, "2015-03-31": "-520.00000", "2014-12-31": -418, "2014-09-30": -522, "2014-06-30": -859, "2014-03-31": "", "2013-12-31": -688, "2013-09-30": -209, "2013-06-30": 49, "2013-03-31": "10.00000", "2012-12-31": 39, "2012-09-30": 28, "2012-06-30": 41, "2012-03-31": "3162.00000", "2011-12-31": 9, "2011-09-30": 25, "2011-06-30": 28, "2011-03-31": "-7.00000", "2010-12-31": 5, "2010-09-30": 7, "2010-06-30": 10, "2010-03-31": "-11.00000", "2009-12-31": -9, "2009-09-30": 6, "2009-06-30": 1514.324, "2009-03-31": "4.67600", "2008-12-31": 5.822, "2008-09-30": 754.839, "2008-06-30": 34.598, "2008-03-31": "22.74100", "2007-12-31": -593.176, "2007-09-30": -451.619, "2007-06-30": -1660.687, "2007-03-31": "25.91700", "2006-12-31": 65.731, "2006-09-30": 38.084, "2006-06-30": 55.763, "2006-03-31": "93.91300", "2005-12-31": 26.62, "2005-09-30": 143.034, "2005-06-30": 794.377, "2005-03-31": "78.40700"}, "Net Total Equity Issued/Repurchased": {"2020-12-31": -270, "2020-09-30": 183, "2020-06-30": 56, "2020-03-31": "31.00000", "2019-12-31": -1883, "2019-09-30": 1049, "2019-06-30": 44, "2019-03-31": "-13.00000", "2018-12-31": -600, "2018-09-30": -506, "2018-06-30": -755, "2018-03-31": "-210.00000", "2017-12-31": 58, "2017-09-30": 49, "2017-06-30": 53, "2017-03-31": "-112.00000", "2016-12-31": -214, "2016-09-30": -576, "2016-06-30": -595, "2016-03-31": "-937.00000", "2015-12-31": -597, "2015-09-30": -97, "2015-06-30": 441, "2015-03-31": "-520.00000", "2014-12-31": 67, "2014-09-30": -522, "2014-06-30": -375, "2014-03-31": "", "2013-12-31": -688, "2013-09-30": -209, "2013-06-30": 49, "2013-03-31": "10.00000", "2012-12-31": 39, "2012-09-30": 881, "2012-06-30": 41, "2012-03-31": "3162.00000", "2011-12-31": 9, "2011-09-30": 25, "2011-06-30": 28, "2011-03-31": "-7.00000", "2010-12-31": 5, "2010-09-30": 7, "2010-06-30": 10, "2010-03-31": "-11.00000", "2009-12-31": -9, "2009-09-30": 6, "2009-06-30": -2040.676, "2009-03-31": "4.67600", "2008-12-31": 3560.822, "2008-09-30": 754.839, "2008-06-30": 34.598, "2008-03-31": "22.74100", "2007-12-31": -593.176, "2007-09-30": -451.619, "2007-06-30": -1660.687, "2007-03-31": "25.91700", "2006-12-31": 65.731, "2006-09-30": 38.084, "2006-06-30": 55.763, "2006-03-31": "93.91300", "2005-12-31": 26.62, "2005-09-30": 143.034, "2005-06-30": 794.377, "2005-03-31": "78.40700"}, "Total Common And Preferred Stock Dividends Paid": {"2020-12-31": 627, "2020-09-30": -114, "2020-06-30": -273, "2020-03-31": "-240.00000", "2019-12-31": -281, "2019-09-30": -243, "2019-06-30": -268, "2019-03-31": "-243.00000", "2018-12-31": -269, "2018-09-30": -244, "2018-06-30": -276, "2018-03-31": "-249.00000", "2017-12-31": -275, "2017-09-30": -247, "2017-06-30": -275, "2017-03-31": "-248.00000", "2016-12-31": -269, "2016-09-30": -239, "2016-06-30": -270, "2016-03-31": "-248.00000", "2015-12-31": -282, "2015-09-30": -246, "2015-06-30": -247, "2015-03-31": "-199.00000", "2014-12-31": -187, "2014-09-30": -189, "2014-06-30": -183, "2014-03-31": "-187.00000", "2013-12-31": -186, "2013-09-30": -190, "2013-06-30": -189, "2013-03-31": "-43.00000", "2012-12-31": -44, "2012-09-30": -29, "2012-06-30": -29, "2012-03-31": "-24.00000", "2011-12-31": -22, "2011-09-30": -23, "2011-06-30": -23, "2011-03-31": "-23.00000", "2010-12-31": -22, "2010-09-30": -23, "2010-06-30": -23, "2010-03-31": "-23.00000", "2009-12-31": -23, "2009-09-30": -23, "2009-06-30": -79.657, "2009-03-31": "-193.34300", "2008-12-31": -146.482, "2008-09-30": -140.847, "2008-06-30": -140.742, "2008-03-31": "-139.92900", "2007-12-31": -10.17, "2007-09-30": -10.494, "2007-06-30": -10.488, "2007-03-31": "-10.90300", "2006-12-31": -8.114, "2006-09-30": -8.105, "2006-06-30": -8.085, "2006-03-31": "-8.02000", "2005-12-31": -7.099, "2005-09-30": -7.082, "2005-06-30": -6.717, "2005-03-31": "-6.60600"}, "Financial Activities - Other": {"2020-12-31": -42763, "2020-09-30": 1529, "2020-06-30": 34532, "2020-03-31": "6702.00000", "2019-12-31": 5571, "2019-09-30": 2559, "2019-06-30": -730, "2019-03-31": "5243.00000", "2018-12-31": 2410, "2018-09-30": -1024, "2018-06-30": -2599, "2018-03-31": "7290.00000", "2017-12-31": 4725, "2017-09-30": -696, "2017-06-30": -1443, "2017-03-31": "4407.00000", "2016-12-31": 10782, "2016-09-30": 4918, "2016-06-30": -724, "2016-03-31": "4055.00000", "2015-12-31": 5167, "2015-09-30": 3787, "2015-06-30": -1681, "2015-03-31": "4890.00000", "2014-12-31": 1453, "2014-09-30": -1672, "2014-06-30": -2247, "2014-03-31": "4123.00000", "2013-12-31": -2794, "2013-09-30": -3047, "2013-06-30": -1911, "2013-03-31": "-666.00000", "2012-12-31": -425, "2012-09-30": -647, "2012-06-30": -2598, "2012-03-31": "3877.00000", "2011-12-31": 717, "2011-09-30": 2197, "2011-06-30": 671, "2011-03-31": "3236.00000", "2010-12-31": 2999, "2010-09-30": 1881, "2010-06-30": -455, "2010-03-31": "1958.00000", "2009-12-31": 1310, "2009-09-30": -2222, "2009-06-30": -4391.622, "2009-03-31": "-1064.37800", "2008-12-31": 9709.89, "2008-09-30": 6481.564, "2008-06-30": 4751.472, "2008-03-31": "4901.07400", "2007-12-31": -2829.895, "2007-09-30": -2964.161, "2007-06-30": -2882.903, "2007-03-31": "1387.20700", "2006-12-31": 296.001, "2006-09-30": 434.199, "2006-06-30": -592.672, "2006-03-31": "-161.64400", "2005-12-31": 1062.288, "2005-09-30": 262.369, "2005-06-30": 697.673, "2005-03-31": "217.22300"}, "Cash Flow From Financial Activities": {"2020-12-31": -28097, "2020-09-30": -438, "2020-06-30": 23434, "2020-03-31": "5101.00000", "2019-12-31": 9204, "2019-09-30": 4065, "2019-06-30": -2705, "2019-03-31": "-3945.00000", "2018-12-31": 7668, "2018-09-30": -2763, "2018-06-30": -804, "2018-03-31": "-2324.00000", "2017-12-31": 5269, "2017-09-30": 6155, "2017-06-30": -273, "2017-03-31": "-7933.00000", "2016-12-31": 11570, "2016-09-30": 4933, "2016-06-30": 6943, "2016-03-31": "-6219.00000", "2015-12-31": 21013, "2015-09-30": 113, "2015-06-30": 3452, "2015-03-31": "-3415.00000", "2014-12-31": 7395, "2014-09-30": 855, "2014-06-30": 6042, "2014-03-31": "-6654.00000", "2013-12-31": 5064, "2013-09-30": -7821, "2013-06-30": -2877, "2013-03-31": "-12838.00000", "2012-12-31": 11340, "2012-09-30": 2681, "2012-06-30": 272, "2012-03-31": "217.00000", "2011-12-31": 5966, "2011-09-30": -1468, "2011-06-30": -1499, "2011-03-31": "1309.00000", "2010-12-31": 1672, "2010-09-30": -2944, "2010-06-30": -5417, "2010-03-31": "-9352.00000", "2009-12-31": 1115, "2009-09-30": -4404, "2009-06-30": -5782.135, "2009-03-31": "-2978.86500", "2008-12-31": 11545.522, "2008-09-30": 3522.987, "2008-06-30": 1016.549, "2008-03-31": "-1289.05800", "2007-12-31": 2755.004, "2007-09-30": 736.359, "2007-06-30": -3362.625, "2007-03-31": "-2403.53200", "2006-12-31": 477.538, "2006-09-30": 4434.138, "2006-06-30": -490.335, "2006-03-31": "-82.14900", "2005-12-31": 2586.296, "2005-09-30": 2318.495, "2005-06-30": 736.943, "2005-03-31": "272.65100"}, "Net Cash Flow": {"2020-12-31": -31252, "2020-09-30": -11557, "2020-06-30": 31258, "2020-03-31": "11551.00000", "2019-12-31": -3788, "2019-09-30": 1716, "2019-06-30": -3617, "2019-03-31": "5949.00000", "2018-12-31": 1861, "2018-09-30": -1668, "2018-06-30": -1021, "2018-03-31": "-35.00000", "2017-12-31": 5564, "2017-09-30": 1773, "2017-06-30": -2786, "2017-03-31": "-2692.00000", "2016-12-31": 3112, "2016-09-30": 1967, "2016-06-30": 1219, "2016-03-31": "-2845.00000", "2015-12-31": 1969, "2015-09-30": -319, "2015-06-30": -1735, "2015-03-31": "1649.00000", "2014-12-31": 1094, "2014-09-30": -584, "2014-06-30": 550, "2014-03-31": "-109.00000", "2013-12-31": 573, "2013-09-30": 1065, "2013-06-30": -2093, "2013-03-31": "-4312.00000", "2012-12-31": 5089, "2012-09-30": -10, "2012-06-30": -24677, "2012-03-31": "24818.00000", "2011-12-31": -520, "2011-09-30": -285, "2011-06-30": -1328, "2011-03-31": "2722.00000", "2010-12-31": 307, "2010-09-30": -257, "2010-06-30": -2299, "2010-03-31": "-1187.00000", "2009-12-31": 4559, "2009-09-30": -645, "2009-06-30": -2982.982, "2009-03-31": "262.98200", "2008-12-31": 1870.668, "2008-09-30": 1096.126, "2008-06-30": -305.389, "2008-03-31": "8.59500", "2007-12-31": 375.748, "2007-09-30": -2602.161, "2007-06-30": -4377.336, "2007-03-31": "6764.66200", "2006-12-31": -939.153, "2006-09-30": 3001.603, "2006-06-30": -2699.529, "2006-03-31": "1226.30800", "2005-12-31": -531.335, "2005-09-30": 2016.514, "2005-06-30": 1365.778, "2005-03-31": "-190.90100"}, "Stock-Based Compensation": {"2020-12-31": -128, "2020-09-30": 54, "2020-06-30": 50, "2020-03-31": "24.00000", "2019-12-31": 64, "2019-09-30": 46, "2019-06-30": 57, "2019-03-31": "72.00000", "2018-12-31": 17, "2018-09-30": 45, "2018-06-30": 41, "2018-03-31": "67.00000", "2017-12-31": 80, "2017-09-30": 53, "2017-06-30": 34, "2017-03-31": "77.00000", "2016-12-31": 89, "2016-09-30": 60, "2016-06-30": 46, "2016-03-31": "44.00000", "2015-12-31": 40, "2015-09-30": -3, "2015-06-30": 74, "2015-03-31": "50.00000", "2014-12-31": 38, "2014-09-30": 30, "2014-06-30": 53, "2014-03-31": "84.00000", "2013-12-31": 68, "2013-09-30": 60, "2013-06-30": 58, "2013-03-31": "54.00000", "2012-12-31": 46, "2012-09-30": 37, "2012-06-30": 53, "2012-03-31": "63.00000", "2011-12-31": 54, "2011-09-30": 18, "2011-06-30": 42, "2011-03-31": "75.00000", "2010-12-31": 32, "2010-09-30": 30, "2010-06-30": 40, "2010-03-31": "47.00000", "2009-12-31": 44, "2009-09-30": 44, "2009-06-30": 33.285, "2009-03-31": "24.71500", "2008-12-31": 30.761, "2008-09-30": 36.385, "2008-06-30": 21.097, "2008-03-31": "23.75700", "2007-12-31": -80.741, "2007-09-30": 51.454, "2007-06-30": 145.51, "2007-03-31": "113.00500", "2006-12-31": 60.674, "2006-09-30": 47.736, "2006-06-30": 63.048, "2006-03-31": "39.65900", "2005-12-31": 31.496, "2005-09-30": 44.99, "2005-06-30": 40.898, "2005-03-31": "32.11200"}, "Common Stock Dividends Paid": {"2020-12-31": 415, "2020-09-30": -47, "2020-06-30": -183, "2020-03-31": "-185.00000", "2019-12-31": -184, "2019-09-30": -190, "2019-06-30": -188, "2019-03-31": "-191.00000", "2018-12-31": -189, "2018-09-30": -191, "2018-06-30": -196, "2018-03-31": "-197.00000", "2017-12-31": -195, "2017-09-30": -195, "2017-06-30": -195, "2017-03-31": "-195.00000", "2016-12-31": -194, "2016-09-30": -202, "2016-06-30": -205, "2016-03-31": "-211.00000", "2015-12-31": -214, "2015-09-30": -217, "2015-06-30": -218, "2015-03-31": "-167.00000", "2014-12-31": -166, "2014-09-30": -169, "2014-06-30": -170, "2014-03-31": "-174.00000", "2013-12-31": -172, "2013-09-30": -177, "2013-06-30": -176, "2013-03-31": "-30.00000", "2012-12-31": -29, "2012-09-30": -29, "2012-06-30": -29, "2012-03-31": "-24.00000", "2011-12-31": -22, "2011-09-30": -23, "2011-06-30": -23, "2011-03-31": "-23.00000", "2010-12-31": -22, "2010-09-30": -23, "2010-06-30": -23, "2010-03-31": "-23.00000", "2009-12-31": -23, "2009-09-30": -23, "2009-06-30": -19.591, "2009-03-31": "-148.40900", "2008-12-31": -146.482, "2008-09-30": -140.847, "2008-06-30": -140.742, "2008-03-31": "-139.92900", "2007-12-31": -10.17, "2007-09-30": -10.494, "2007-06-30": -10.488, "2007-03-31": "-10.90300", "2006-12-31": -8.114, "2006-09-30": -8.105, "2006-06-30": -8.085, "2006-03-31": "-8.02000", "2005-12-31": -7.099, "2005-09-30": -7.082, "2005-06-30": -6.717, "2005-03-31": "-6.60600"}}, "financial ratios": {"Current Ratio": {"2019-12-31": "", "2018-12-31": "", "2017-12-31": "", "2016-12-31": "", "2015-12-31": "", "2014-12-31": "", "2013-12-31": "", "2012-12-31": "", "2011-12-31": "", "2010-12-31": "", "2009-12-31": "", "2008-12-31": "", "2007-12-31": "", "2006-12-31": "", "2005-12-31": ""}, "Long-term Debt / Capital": {"2019-12-31": "0.48840", "2018-12-31": "0.53120", "2017-12-31": "0.55060", "2016-12-31": "0.55590", "2015-12-31": "0.55150", "2014-12-31": "0.51360", "2013-12-31": "0.48840", "2012-12-31": "0.54580", "2011-12-31": "0.56220", "2010-12-31": "0.60280", "2009-12-31": "0.42770", "2008-12-31": "0.46550", "2007-12-31": "0.60700", "2006-12-31": "0.57390", "2005-12-31": "0.61190"}, "Debt/Equity Ratio": {"2019-12-31": "0.96010", "2018-12-31": "1.14010", "2017-12-31": "1.23700", "2016-12-31": "1.27250", "2015-12-31": "1.25020", "2014-12-31": "1.07560", "2013-12-31": "0.97650", "2012-12-31": "1.23240", "2011-12-31": "1.33350", "2010-12-31": "1.57480", "2009-12-31": "0.79030", "2008-12-31": "0.87100", "2007-12-31": "1.54460", "2006-12-31": "1.34660", "2005-12-31": "1.57680"}, "Gross Margin": {"2019-12-31": "", "2018-12-31": "", "2017-12-31": "", "2016-12-31": "", "2015-12-31": "", "2014-12-31": "", "2013-12-31": "", "2012-12-31": "", "2011-12-31": "", "2010-12-31": "", "2009-12-31": "", "2008-12-31": "", "2007-12-31": "", "2006-12-31": "", "2005-12-31": ""}, "Operating Margin": {"2019-12-31": "", "2018-12-31": "", "2017-12-31": "", "2016-12-31": "", "2015-12-31": "", "2014-12-31": "", "2013-12-31": "", "2012-12-31": "", "2011-12-31": "", "2010-12-31": "", "2009-12-31": "", "2008-12-31": "", "2007-12-31": "", "2006-12-31": "", "2005-12-31": ""}, "EBIT Margin": {"2019-12-31": "", "2018-12-31": "", "2017-12-31": "", "2016-12-31": "", "2015-12-31": "", "2014-12-31": "", "2013-12-31": "", "2012-12-31": "", "2011-12-31": "", "2010-12-31": "", "2009-12-31": "", "2008-12-31": "", "2007-12-31": "", "2006-12-31": "", "2005-12-31": ""}, "EBITDA Margin": {"2019-12-31": "", "2018-12-31": "", "2017-12-31": "", "2016-12-31": "", "2015-12-31": "", "2014-12-31": "", "2013-12-31": "", "2012-12-31": "", "2011-12-31": "", "2010-12-31": "", "2009-12-31": "", "2008-12-31": "", "2007-12-31": "", "2006-12-31": "", "2005-12-31": ""}, "Pre-Tax Profit Margin": {"2019-12-31": "30.74650", "2018-12-31": "32.93430", "2017-12-31": "27.89800", "2016-12-31": "28.79950", "2015-12-31": "31.15430", "2014-12-31": "35.03650", "2013-12-31": "34.74720", "2012-12-31": "30.52820", "2011-12-31": "32.95500", "2010-12-31": "35.30660", "2009-12-31": "15.26330", "2008-12-31": "6.61970", "2007-12-31": "32.38780", "2006-12-31": "34.59240", "2005-12-31": "33.09830"}, "Net Profit Margin": {"2019-12-31": "23.22320", "2018-12-31": "25.69760", "2017-12-31": "8.65590", "2016-12-31": "18.44870", "2015-12-31": "20.51170", "2014-12-31": "23.16390", "2013-12-31": "21.39880", "2012-12-31": "20.38750", "2011-12-31": "22.42260", "2010-12-31": "22.36630", "2009-12-31": "3.65590", "2008-12-31": "-0.89850", "2007-12-31": "13.14350", "2006-12-31": "22.74380", "2005-12-31": "21.16640"}, "Asset Turnover": {"2019-12-31": "0.05730", "2018-12-31": "0.05960", "2017-12-31": "0.05380", "2016-12-31": "0.05330", "2015-12-31": "0.05650", "2014-12-31": "0.06080", "2013-12-31": "0.06380", "2012-12-31": "0.05430", "2011-12-31": "0.06760", "2010-12-31": "0.06210", "2009-12-31": "0.05160", "2008-12-31": "0.05300", "2007-12-31": "0.07930", "2006-12-31": "0.07090", "2005-12-31": "0.09640"}, "Inventory Turnover Ratio": {"2019-12-31": "", "2018-12-31": "", "2017-12-31": "", "2016-12-31": "", "2015-12-31": "", "2014-12-31": "", "2013-12-31": "", "2012-12-31": "", "2011-12-31": "", "2010-12-31": "", "2009-12-31": "", "2008-12-31": "", "2007-12-31": "", "2006-12-31": "", "2005-12-31": ""}, "Receiveable Turnover": {"2019-12-31": "", "2018-12-31": "", "2017-12-31": "", "2016-12-31": "", "2015-12-31": "", "2014-12-31": "", "2013-12-31": "", "2012-12-31": "", "2011-12-31": "", "2010-12-31": "", "2009-12-31": "", "2008-12-31": "", "2007-12-31": "", "2006-12-31": "", "2005-12-31": ""}, "Days Sales In Receivables": {"2019-12-31": "", "2018-12-31": "", "2017-12-31": "", "2016-12-31": "", "2015-12-31": "", "2014-12-31": "", "2013-12-31": "", "2012-12-31": "", "2011-12-31": "", "2010-12-31": "", "2009-12-31": "", "2008-12-31": "", "2007-12-31": "", "2006-12-31": "", "2005-12-31": ""}, "ROE - Return On Equity": {"2019-12-31": "9.53780", "2018-12-31": "11.66100", "2017-12-31": "4.34430", "2016-12-31": "7.93450", "2015-12-31": "8.48490", "2014-12-31": "9.81730", "2013-12-31": "10.45830", "2012-12-31": "9.15830", "2011-12-31": "10.96540", "2010-12-31": "11.49170", "2009-12-31": "3.71190", "2008-12-31": "0.36150", "2007-12-31": "10.66810", "2006-12-31": "9.61500", "2005-12-31": "12.80460"}, "Return On Tangible Equity": {"2019-12-31": "12.76120", "2018-12-31": "16.22940", "2017-12-31": "6.19060", "2016-12-31": "11.42600", "2015-12-31": "12.23020", "2014-12-31": "14.23330", "2013-12-31": "15.74460", "2012-12-31": "13.94620", "2011-12-31": "20.23770", "2010-12-31": "23.55210", "2009-12-31": "7.59580", "2008-12-31": "0.58030", "2007-12-31": "22.60870", "2006-12-31": "20.91750", "2005-12-31": "17.69770"}, "ROA - Return On Assets": {"2019-12-31": "1.41740", "2018-12-31": "1.61730", "2017-12-31": "0.57890", "2016-12-31": "1.05590", "2015-12-31": "1.20100", "2014-12-31": "1.43530", "2013-12-31": "1.46630", "2012-12-31": "1.18530", "2011-12-31": "1.57900", "2010-12-31": "1.54430", "2009-12-31": "0.58180", "2008-12-31": "0.05120", "2007-12-31": "1.72100", "2006-12-31": "1.62040", "2005-12-31": "2.03960"}, "ROI - Return On Investment": {"2019-12-31": "4.87940", "2018-12-31": "5.46630", "2017-12-31": "1.95230", "2016-12-31": "3.52400", "2015-12-31": "3.80580", "2014-12-31": "4.77490", "2013-12-31": "5.35080", "2012-12-31": "4.15990", "2011-12-31": "4.80060", "2010-12-31": "4.56450", "2009-12-31": "2.12420", "2008-12-31": "0.17070", "2007-12-31": "4.19240", "2006-12-31": "4.09740", "2005-12-31": "4.96920"}, "Book Value Per Share": {"2019-12-31": "127.06050", "2018-12-31": "110.46850", "2017-12-31": "100.36560", "2016-12-31": "98.94240", "2015-12-31": "89.67870", "2014-12-31": "81.41260", "2013-12-31": "72.69740", "2012-12-31": "69.56120", "2011-12-31": "64.49870", "2010-12-31": "58.07490", "2009-12-31": "58.41770", "2008-12-31": "67.92400", "2007-12-31": "65.15720", "2006-12-31": "61.56060", "2005-12-31": "46.97720"}, "Operating Cash Flow Per Share": {"2019-12-31": 8.5457, "2018-12-31": -2.1618, "2017-12-31": 5.7696, "2016-12-31": 4.7763, "2015-12-31": 2.2113, "2014-12-31": -0.7226, "2013-12-31": 0.1792, "2012-12-31": 0.5737, "2011-12-31": -1.617, "2010-12-31": 13.0247, "2009-12-31": -4.3837, "2008-12-31": -23.4012, "2007-12-31": 21.9641, "2006-12-31": -2.9736, "2005-12-31": 13.625}, "Free Cash Flow Per Share": {"2019-12-31": 8.4671, "2018-12-31": -1.8874, "2017-12-31": 5.2142, "2016-12-31": 4.219, "2015-12-31": 2.1183, "2014-12-31": -0.2083, "2013-12-31": -0.2244, "2012-12-31": 0.2713, "2011-12-31": -1.5575, "2010-12-31": 12.8429, "2009-12-31": -4.0057, "2008-12-31": -23.2368, "2007-12-31": 23.1044, "2006-12-31": -4.6257, "2005-12-31": 13.0306}}, "financial ratios, quarterly": {"Current Ratio": {"2020-09-30": "", "2020-06-30": "", "2020-03-31": "", "2019-12-31": "", "2019-09-30": "", "2019-06-30": "", "2019-03-31": "", "2018-12-31": "", "2018-09-30": "", "2018-06-30": "", "2018-03-31": "", "2017-12-31": "", "2017-09-30": "", "2017-06-30": "", "2017-03-31": "", "2016-12-31": "", "2016-09-30": "", "2016-06-30": "", "2016-03-31": "", "2015-12-31": "", "2015-09-30": "", "2015-06-30": "", "2015-03-31": "", "2014-12-31": "", "2014-09-30": "", "2014-06-30": "", "2014-03-31": "", "2013-12-31": "", "2013-09-30": "", "2013-06-30": "", "2013-03-31": "", "2012-12-31": "", "2012-09-30": "", "2012-06-30": "", "2012-03-31": "", "2011-12-31": "", "2011-09-30": "", "2011-06-30": "", "2011-03-31": "", "2010-12-31": "", "2010-09-30": "", "2010-06-30": "", "2010-03-31": "", "2009-12-31": "", "2009-09-30": "", "2009-06-30": "", "2009-03-31": "", "2008-12-31": "", "2008-09-30": "", "2008-06-30": "", "2008-03-31": "", "2007-12-31": "", "2007-09-30": "", "2007-06-30": "", "2007-03-31": "", "2006-12-31": "", "2006-09-30": "", "2006-06-30": "", "2006-03-31": "", "2005-12-31": "", "2005-09-30": "", "2005-06-30": "", "2005-03-31": ""}, "Long-term Debt / Capital": {"2020-09-30": "0.41880", "2020-06-30": "0.44160", "2020-03-31": "0.49310", "2019-12-31": "0.48840", "2019-09-30": "0.46040", "2019-06-30": "0.46710", "2019-03-31": "0.48330", "2018-12-31": "0.53120", "2018-09-30": "0.50580", "2018-06-30": "0.51380", "2018-03-31": "0.50420", "2017-12-31": "0.55060", "2017-09-30": "0.53920", "2017-06-30": "0.49930", "2017-03-31": "0.49660", "2016-12-31": "0.55590", "2016-09-30": "0.54920", "2016-06-30": "0.54740", "2016-03-31": "0.50960", "2015-12-31": "0.55150", "2015-09-30": "0.46690", "2015-06-30": "0.48460", "2015-03-31": "0.46720", "2014-12-31": "0.51360", "2014-09-30": "0.47550", "2014-06-30": "0.45840", "2014-03-31": "0.40030", "2013-12-31": "0.48840", "2013-09-30": "0.41940", "2013-06-30": "0.45650", "2013-03-31": "0.47010", "2012-12-31": "0.54580", "2012-09-30": "0.48530", "2012-06-30": "0.48320", "2012-03-31": "0.46500", "2011-12-31": "0.56220", "2011-09-30": "0.52810", "2011-06-30": "0.55070", "2011-03-31": "0.57860", "2010-12-31": "0.60280", "2010-09-30": "0.62470", "2010-06-30": "0.65170", "2010-03-31": "0.68360", "2009-12-31": "0.42770", "2009-09-30": "0.44860", "2009-06-30": "0.47970", "2009-03-31": "0.46090", "2008-12-31": "0.46550", "2008-09-30": "0.48630", "2008-06-30": "0.52740", "2008-03-31": "0.56140", "2007-12-31": "0.60700", "2007-09-30": "0.57480", "2007-06-30": "0.54280", "2007-03-31": "0.53290", "2006-12-31": "0.57390", "2006-09-30": "0.61220", "2006-06-30": "0.58410", "2006-03-31": "0.59480", "2005-12-31": "0.61190", "2005-09-30": "0.62330", "2005-06-30": "0.61150", "2005-03-31": "0.65590"}, "Debt/Equity Ratio": {"2020-09-30": "0.73250", "2020-06-30": "0.80110", "2020-03-31": "0.97980", "2019-12-31": "0.96010", "2019-09-30": "0.86110", "2019-06-30": "0.88280", "2019-03-31": "0.94160", "2018-12-31": "1.14010", "2018-09-30": "1.03090", "2018-06-30": "1.06780", "2018-03-31": "1.03030", "2017-12-31": "1.23700", "2017-09-30": "1.18550", "2017-06-30": "1.01660", "2017-03-31": "1.00830", "2016-12-31": "1.27250", "2016-09-30": "1.24070", "2016-06-30": "1.23020", "2016-03-31": "1.05850", "2015-12-31": "1.25020", "2015-09-30": "0.89710", "2015-06-30": "0.98090", "2015-03-31": "0.89720", "2014-12-31": "1.07560", "2014-09-30": "0.95970", "2014-06-30": "0.89270", "2014-03-31": "0.70370", "2013-12-31": "0.97650", "2013-09-30": "0.76280", "2013-06-30": "0.88280", "2013-03-31": "0.90790", "2012-12-31": "1.23240", "2012-09-30": "0.96740", "2012-06-30": "0.96460", "2012-03-31": "0.89000", "2011-12-31": "1.33350", "2011-09-30": "1.16810", "2011-06-30": "1.31570", "2011-03-31": "1.44450", "2010-12-31": "1.57480", "2010-09-30": "1.70110", "2010-06-30": "1.90020", "2010-03-31": "2.16100", "2009-12-31": "0.79030", "2009-09-30": "0.81360", "2009-06-30": "0.92200", "2009-03-31": "0.85510", "2008-12-31": "0.87100", "2008-09-30": "0.94650", "2008-06-30": "1.11580", "2008-03-31": "1.27980", "2007-12-31": "1.54460", "2007-09-30": "1.35180", "2007-06-30": "1.18730", "2007-03-31": "1.14070", "2006-12-31": "1.34660", "2006-09-30": "1.57830", "2006-06-30": "1.40450", "2006-03-31": "1.46820", "2005-12-31": "1.57680", "2005-09-30": "1.65490", "2005-06-30": "1.57370", "2005-03-31": "1.90650"}, "Gross Margin": {"2020-09-30": "", "2020-06-30": "", "2020-03-31": "", "2019-12-31": "", "2019-09-30": "", "2019-06-30": "", "2019-03-31": "", "2018-12-31": "", "2018-09-30": "", "2018-06-30": "", "2018-03-31": "", "2017-12-31": "", "2017-09-30": "", "2017-06-30": "", "2017-03-31": "", "2016-12-31": "", "2016-09-30": "", "2016-06-30": "", "2016-03-31": "", "2015-12-31": "", "2015-09-30": "", "2015-06-30": "", "2015-03-31": "", "2014-12-31": "", "2014-09-30": "", "2014-06-30": "", "2014-03-31": "", "2013-12-31": "", "2013-09-30": "", "2013-06-30": "", "2013-03-31": "", "2012-12-31": "", "2012-09-30": "", "2012-06-30": "", "2012-03-31": "", "2011-12-31": "", "2011-09-30": "", "2011-06-30": "", "2011-03-31": "", "2010-12-31": "", "2010-09-30": "", "2010-06-30": "", "2010-03-31": "", "2009-12-31": "", "2009-09-30": "", "2009-06-30": "", "2009-03-31": "", "2008-12-31": "", "2008-09-30": "", "2008-06-30": "", "2008-03-31": "", "2007-12-31": "", "2007-09-30": "", "2007-06-30": "", "2007-03-31": "", "2006-12-31": "", "2006-09-30": "", "2006-06-30": "", "2006-03-31": "", "2005-12-31": "", "2005-09-30": "", "2005-06-30": "", "2005-03-31": ""}, "Operating Margin": {"2020-09-30": "", "2020-06-30": "", "2020-03-31": "", "2019-12-31": "", "2019-09-30": "", "2019-06-30": "", "2019-03-31": "", "2018-12-31": "", "2018-09-30": "", "2018-06-30": "", "2018-03-31": "", "2017-12-31": "", "2017-09-30": "", "2017-06-30": "", "2017-03-31": "", "2016-12-31": "", "2016-09-30": "", "2016-06-30": "", "2016-03-31": "", "2015-12-31": "", "2015-09-30": "", "2015-06-30": "", "2015-03-31": "", "2014-12-31": "", "2014-09-30": "", "2014-06-30": "", "2014-03-31": "", "2013-12-31": "", "2013-09-30": "", "2013-06-30": "", "2013-03-31": "", "2012-12-31": "", "2012-09-30": "", "2012-06-30": "", "2012-03-31": "", "2011-12-31": "", "2011-09-30": "", "2011-06-30": "", "2011-03-31": "", "2010-12-31": "", "2010-09-30": "", "2010-06-30": "", "2010-03-31": "", "2009-12-31": "", "2009-09-30": "", "2009-06-30": "", "2009-03-31": "", "2008-12-31": "", "2008-09-30": "", "2008-06-30": "", "2008-03-31": "", "2007-12-31": "", "2007-09-30": "", "2007-06-30": "", "2007-03-31": "", "2006-12-31": "", "2006-09-30": "", "2006-06-30": "", "2006-03-31": "", "2005-12-31": "", "2005-09-30": "", "2005-06-30": "", "2005-03-31": ""}, "EBIT Margin": {"2020-09-30": "", "2020-06-30": "", "2020-03-31": "", "2019-12-31": "", "2019-09-30": "", "2019-06-30": "", "2019-03-31": "", "2018-12-31": "", "2018-09-30": "", "2018-06-30": "", "2018-03-31": "", "2017-12-31": "", "2017-09-30": "", "2017-06-30": "", "2017-03-31": "", "2016-12-31": "", "2016-09-30": "", "2016-06-30": "", "2016-03-31": "", "2015-12-31": "", "2015-09-30": "", "2015-06-30": "", "2015-03-31": "", "2014-12-31": "", "2014-09-30": "", "2014-06-30": "", "2014-03-31": "", "2013-12-31": "", "2013-09-30": "", "2013-06-30": "", "2013-03-31": "", "2012-12-31": "", "2012-09-30": "", "2012-06-30": "", "2012-03-31": "", "2011-12-31": "", "2011-09-30": "", "2011-06-30": "", "2011-03-31": "", "2010-12-31": "", "2010-09-30": "", "2010-06-30": "", "2010-03-31": "", "2009-12-31": "", "2009-09-30": "", "2009-06-30": "", "2009-03-31": "", "2008-12-31": "", "2008-09-30": "", "2008-06-30": "", "2008-03-31": "", "2007-12-31": "", "2007-09-30": "", "2007-06-30": "", "2007-03-31": "", "2006-12-31": "", "2006-09-30": "", "2006-06-30": "", "2006-03-31": "", "2005-12-31": "", "2005-09-30": "", "2005-06-30": "", "2005-03-31": ""}, "EBITDA Margin": {"2020-09-30": "", "2020-06-30": "", "2020-03-31": "", "2019-12-31": "", "2019-09-30": "", "2019-06-30": "", "2019-03-31": "", "2018-12-31": "", "2018-09-30": "", "2018-06-30": "", "2018-03-31": "", "2017-12-31": "", "2017-09-30": "", "2017-06-30": "", "2017-03-31": "", "2016-12-31": "", "2016-09-30": "", "2016-06-30": "", "2016-03-31": "", "2015-12-31": "", "2015-09-30": "", "2015-06-30": "", "2015-03-31": "", "2014-12-31": "", "2014-09-30": "", "2014-06-30": "", "2014-03-31": "", "2013-12-31": "", "2013-09-30": "", "2013-06-30": "", "2013-03-31": "", "2012-12-31": "", "2012-09-30": "", "2012-06-30": "", "2012-03-31": "", "2011-12-31": "", "2011-09-30": "", "2011-06-30": "", "2011-03-31": "", "2010-12-31": "", "2010-09-30": "", "2010-06-30": "", "2010-03-31": "", "2009-12-31": "", "2009-09-30": "", "2009-06-30": "", "2009-03-31": "", "2008-12-31": "", "2008-09-30": "", "2008-06-30": "", "2008-03-31": "", "2007-12-31": "", "2007-09-30": "", "2007-06-30": "", "2007-03-31": "", "2006-12-31": "", "2006-09-30": "", "2006-06-30": "", "2006-03-31": "", "2005-12-31": "", "2005-09-30": "", "2005-06-30": "", "2005-03-31": ""}, "Pre-Tax Profit Margin": {"2020-09-30": "49.67380", "2020-06-30": "-63.20350", "2020-03-31": "-104.21690", "2019-12-31": "25.81570", "2019-09-30": "30.55950", "2019-06-30": "34.64200", "2019-03-31": "31.89240", "2018-12-31": "23.12560", "2018-09-30": "33.73730", "2018-06-30": "42.12310", "2018-03-31": "31.74790", "2017-12-31": "25.71260", "2017-09-30": "30.76480", "2017-06-30": "30.38340", "2017-03-31": "24.41120", "2016-12-31": "23.57710", "2016-09-30": "31.02810", "2016-06-30": "29.32220", "2016-03-31": "31.32330", "2015-12-31": "27.71080", "2015-09-30": "34.27620", "2015-06-30": "27.20670", "2015-03-31": "35.29290", "2014-12-31": "30.18710", "2014-09-30": "35.75120", "2014-06-30": "37.46850", "2014-03-31": "36.74220", "2013-12-31": "29.47460", "2013-09-30": "35.25620", "2013-06-30": "38.10500", "2013-03-31": "35.89800", "2012-12-31": "30.56110", "2012-09-30": "36.13680", "2012-06-30": "6.98640", "2012-03-31": "42.59510", "2011-12-31": "17.90530", "2011-09-30": "34.96600", "2011-06-30": "38.21920", "2011-03-31": "39.06430", "2010-12-31": "33.04520", "2010-09-30": "36.61480", "2010-06-30": "37.12670", "2010-03-31": "34.29390", "2009-12-31": "22.74990", "2009-09-30": "24.44440", "2009-06-30": "14.31120", "2009-03-31": "-8.82920", "2008-12-31": "-157.24050", "2008-09-30": "24.87580", "2008-06-30": "27.82060", "2008-03-31": "34.66960", "2007-12-31": "18.70140", "2007-09-30": "39.14870", "2007-06-30": "34.65900", "2007-03-31": "34.82560", "2006-12-31": "23.07080", "2006-09-30": "34.23200", "2006-06-30": "33.94130", "2006-03-31": "45.64570", "2005-12-31": "20.94930", "2005-09-30": "35.90560", "2005-06-30": "38.24880", "2005-03-31": "37.27380"}, "Net Profit Margin": {"2020-09-30": "32.89360", "2020-06-30": "-43.67970", "2020-03-31": "-77.76560", "2019-12-31": "18.55950", "2019-09-30": "22.77620", "2019-06-30": "26.51330", "2019-03-31": "25.00930", "2018-12-31": "21.80470", "2018-09-30": "25.28980", "2018-06-30": "30.66260", "2018-03-31": "24.52720", "2017-12-31": "-20.50320", "2017-09-30": "20.32220", "2017-06-30": "19.33120", "2017-03-31": "16.55290", "2016-12-31": "14.74870", "2016-09-30": "19.74140", "2016-06-30": "18.68300", "2016-03-31": "20.66910", "2015-12-31": "17.61530", "2015-09-30": "22.44180", "2015-06-30": "18.26990", "2015-03-31": "23.66300", "2014-12-31": "20.70580", "2014-09-30": "22.72920", "2014-06-30": "24.70610", "2014-03-31": "24.50920", "2013-12-31": "18.20360", "2013-09-30": "22.63640", "2013-06-30": "22.37490", "2013-03-31": "22.24600", "2012-12-31": "17.90750", "2012-09-30": "24.60150", "2012-06-30": "2.72350", "2012-03-31": "32.00370", "2011-12-31": "11.94730", "2011-09-30": "23.01810", "2011-06-30": "24.95890", "2011-03-31": "28.63590", "2010-12-31": "22.28630", "2010-09-30": "25.50020", "2010-06-30": "19.11350", "2010-03-31": "22.62540", "2009-12-31": "14.88330", "2009-09-30": "16.51990", "2009-06-30": "-12.34950", "2009-03-31": "-10.74090", "2008-12-31": "-135.67080", "2008-09-30": "15.52690", "2008-06-30": "17.96570", "2008-03-31": "19.66440", "2007-12-31": "8.62660", "2007-09-30": "-2.56900", "2007-06-30": "24.09890", "2007-03-31": "22.28720", "2006-12-31": "15.31490", "2006-09-30": "22.39100", "2006-06-30": "21.71650", "2006-03-31": "30.51410", "2005-12-31": "13.11840", "2005-09-30": "23.05140", "2005-06-30": "24.55580", "2005-03-31": "23.92980"}, "Asset Turnover": {"2020-09-30": "0.01670", "2020-06-30": "0.00550", "2020-03-31": "0.00460", "2019-12-31": "0.01440", "2019-09-30": "0.01470", "2019-06-30": "0.01550", "2019-03-31": "0.01440", "2018-12-31": "0.01440", "2018-09-30": "0.01570", "2018-06-30": "0.01630", "2018-03-31": "0.01440", "2017-12-31": "0.01390", "2017-09-30": "0.01430", "2017-06-30": "0.01400", "2017-03-31": "0.01300", "2016-12-31": "0.01350", "2016-09-30": "0.01410", "2016-06-30": "0.01370", "2016-03-31": "0.01420", "2015-12-31": "0.01440", "2015-09-30": "0.01530", "2015-06-30": "0.01460", "2015-03-31": "0.01540", "2014-12-31": "0.01530", "2014-09-30": "0.01550", "2014-06-30": "0.01600", "2014-03-31": "0.01600", "2013-12-31": "0.01540", "2013-09-30": "0.01660", "2013-06-30": "0.01640", "2013-03-31": "0.01550", "2012-12-31": "0.01430", "2012-09-30": "0.01580", "2012-06-30": "0.01140", "2012-03-31": "0.01480", "2011-12-31": "0.01550", "2011-09-30": "0.01760", "2011-06-30": "0.01830", "2011-03-31": "0.01780", "2010-12-31": "0.01580", "2010-09-30": "0.01600", "2010-06-30": "0.01610", "2010-03-31": "0.01400", "2009-12-31": "0.01490", "2009-09-30": "0.01420", "2009-06-30": "0.01300", "2009-03-31": "0.00900", "2008-12-31": "0.00650", "2008-09-30": "0.01560", "2008-06-30": "0.01670", "2008-03-31": "0.01850", "2007-12-31": "0.01740", "2007-09-30": "0.02160", "2007-06-30": "0.02130", "2007-03-31": "0.02040", "2006-12-31": "0.01700", "2006-09-30": "0.02770", "2006-06-30": "0.02840", "2006-03-31": "0.03240", "2005-12-31": "0.02410", "2005-09-30": "0.03530", "2005-06-30": "0.03790", "2005-03-31": "0.03810"}, "Inventory Turnover Ratio": {"2020-09-30": "", "2020-06-30": "", "2020-03-31": "", "2019-12-31": "", "2019-09-30": "", "2019-06-30": "", "2019-03-31": "", "2018-12-31": "", "2018-09-30": "", "2018-06-30": "", "2018-03-31": "", "2017-12-31": "", "2017-09-30": "", "2017-06-30": "", "2017-03-31": "", "2016-12-31": "", "2016-09-30": "", "2016-06-30": "", "2016-03-31": "", "2015-12-31": "", "2015-09-30": "", "2015-06-30": "", "2015-03-31": "", "2014-12-31": "", "2014-09-30": "", "2014-06-30": "", "2014-03-31": "", "2013-12-31": "", "2013-09-30": "", "2013-06-30": "", "2013-03-31": "", "2012-12-31": "", "2012-09-30": "", "2012-06-30": "", "2012-03-31": "", "2011-12-31": "", "2011-09-30": "", "2011-06-30": "", "2011-03-31": "", "2010-12-31": "", "2010-09-30": "", "2010-06-30": "", "2010-03-31": "", "2009-12-31": "", "2009-09-30": "", "2009-06-30": "", "2009-03-31": "", "2008-12-31": "", "2008-09-30": "", "2008-06-30": "", "2008-03-31": "", "2007-12-31": "", "2007-09-30": "", "2007-06-30": "", "2007-03-31": "", "2006-12-31": "", "2006-09-30": "", "2006-06-30": "", "2006-03-31": "", "2005-12-31": "", "2005-09-30": "", "2005-06-30": "", "2005-03-31": ""}, "Receiveable Turnover": {"2020-09-30": "", "2020-06-30": "", "2020-03-31": "", "2019-12-31": "", "2019-09-30": "", "2019-06-30": "", "2019-03-31": "", "2018-12-31": "", "2018-09-30": "", "2018-06-30": "", "2018-03-31": "", "2017-12-31": "", "2017-09-30": "", "2017-06-30": "", "2017-03-31": "", "2016-12-31": "", "2016-09-30": "", "2016-06-30": "", "2016-03-31": "", "2015-12-31": "", "2015-09-30": "", "2015-06-30": "", "2015-03-31": "", "2014-12-31": "", "2014-09-30": "", "2014-06-30": "", "2014-03-31": "", "2013-12-31": "", "2013-09-30": "", "2013-06-30": "", "2013-03-31": "", "2012-12-31": "", "2012-09-30": "", "2012-06-30": "", "2012-03-31": "", "2011-12-31": "", "2011-09-30": "", "2011-06-30": "", "2011-03-31": "", "2010-12-31": "", "2010-09-30": "", "2010-06-30": "", "2010-03-31": "", "2009-12-31": "", "2009-09-30": "", "2009-06-30": "", "2009-03-31": "", "2008-12-31": "", "2008-09-30": "", "2008-06-30": "", "2008-03-31": "", "2007-12-31": "", "2007-09-30": "", "2007-06-30": "", "2007-03-31": "", "2006-12-31": "", "2006-09-30": "", "2006-06-30": "", "2006-03-31": "", "2005-12-31": "", "2005-09-30": "", "2005-06-30": "", "2005-03-31": ""}, "Days Sales In Receivables": {"2020-09-30": "", "2020-06-30": "", "2020-03-31": "", "2019-12-31": "", "2019-09-30": "", "2019-06-30": "", "2019-03-31": "", "2018-12-31": "", "2018-09-30": "", "2018-06-30": "", "2018-03-31": "", "2017-12-31": "", "2017-09-30": "", "2017-06-30": "", "2017-03-31": "", "2016-12-31": "", "2016-09-30": "", "2016-06-30": "", "2016-03-31": "", "2015-12-31": "", "2015-09-30": "", "2015-06-30": "", "2015-03-31": "", "2014-12-31": "", "2014-09-30": "", "2014-06-30": "", "2014-03-31": "", "2013-12-31": "", "2013-09-30": "", "2013-06-30": "", "2013-03-31": "", "2012-12-31": "", "2012-09-30": "", "2012-06-30": "", "2012-03-31": "", "2011-12-31": "", "2011-09-30": "", "2011-06-30": "", "2011-03-31": "", "2010-12-31": "", "2010-09-30": "", "2010-06-30": "", "2010-03-31": "", "2009-12-31": "", "2009-09-30": "", "2009-06-30": "", "2009-03-31": "", "2008-12-31": "", "2008-09-30": "", "2008-06-30": "", "2008-03-31": "", "2007-12-31": "", "2007-09-30": "", "2007-06-30": "", "2007-03-31": "", "2006-12-31": "", "2006-09-30": "", "2006-06-30": "", "2006-03-31": "", "2005-12-31": "", "2005-09-30": "", "2005-06-30": "", "2005-03-31": ""}, "ROE - Return On Equity": {"2020-09-30": "4.11820", "2020-06-30": "-1.63620", "2020-03-31": "-2.35790", "2019-12-31": "2.03060", "2019-09-30": "2.28210", "2019-06-30": "2.89780", "2019-03-31": "2.63650", "2018-12-31": "2.44640", "2018-09-30": "2.96420", "2018-06-30": "3.83970", "2018-03-31": "2.72950", "2017-12-31": "-1.76890", "2017-09-30": "2.26700", "2017-06-30": "2.13080", "2017-03-31": "1.65490", "2016-12-31": "1.66900", "2016-09-30": "2.10730", "2016-06-30": "1.96020", "2016-03-31": "2.13390", "2015-12-31": "1.92030", "2015-09-30": "2.34460", "2015-06-30": "1.82600", "2015-03-31": "2.47980", "2014-12-31": "2.15300", "2014-09-30": "2.55580", "2014-06-30": "2.74790", "2014-03-31": "2.62610", "2013-12-31": "2.10170", "2013-09-30": "2.67780", "2013-06-30": "2.98970", "2013-03-31": "2.74600", "2012-12-31": "2.03210", "2012-09-30": "3.06040", "2012-06-30": "0.51890", "2012-03-31": "4.07310", "2011-12-31": "1.38540", "2011-09-30": "2.94440", "2011-06-30": "3.29490", "2011-03-31": "3.74590", "2010-12-31": "2.63740", "2010-09-30": "3.13880", "2010-06-30": "3.21330", "2010-03-31": "2.95390", "2009-12-31": "1.51980", "2009-09-30": "1.66650", "2009-06-30": "0.90410", "2009-03-31": "-0.35170", "2008-12-31": "-5.93570", "2008-09-30": "1.50630", "2008-06-30": "1.85580", "2008-03-31": "2.56930", "2007-12-31": "1.32380", "2007-09-30": "3.29360", "2007-06-30": "3.04770", "2007-03-31": "2.63680", "2006-12-31": "1.59540", "2006-09-30": "3.52490", "2006-06-30": "3.47600", "2006-03-31": "5.82320", "2005-12-31": "1.98400", "2005-09-30": "4.44990", "2005-06-30": "5.10110", "2005-03-31": "5.64120"}, "Return On Tangible Equity": {"2020-09-30": "5.49620", "2020-06-30": "-2.21500", "2020-03-31": "-3.17650", "2019-12-31": "2.71690", "2019-09-30": "3.04740", "2019-06-30": "3.92020", "2019-03-31": "3.62140", "2018-12-31": "3.40480", "2018-09-30": "4.15500", "2018-06-30": "5.41600", "2018-03-31": "3.87400", "2017-12-31": "-2.52070", "2017-09-30": "3.19180", "2017-06-30": "3.02490", "2017-03-31": "2.37180", "2016-12-31": "2.40340", "2016-09-30": "3.01300", "2016-06-30": "2.80550", "2016-03-31": "3.06490", "2015-12-31": "2.76800", "2015-09-30": "3.31730", "2015-06-30": "2.60750", "2015-03-31": "3.57140", "2014-12-31": "3.12150", "2014-09-30": "3.74400", "2014-06-30": "4.03510", "2014-03-31": "3.89910", "2013-12-31": "3.16410", "2013-09-30": "4.01520", "2013-06-30": "4.52080", "2013-03-31": "4.13930", "2012-12-31": "3.09460", "2012-09-30": "4.60980", "2012-06-30": "0.82730", "2012-03-31": "6.44400", "2011-12-31": "2.55690", "2011-09-30": "5.47990", "2011-06-30": "6.26450", "2011-03-31": "7.39630", "2010-12-31": "5.40540", "2010-09-30": "6.56080", "2010-06-30": "6.95090", "2010-03-31": "6.67590", "2009-12-31": "3.10990", "2009-09-30": "3.44170", "2009-06-30": "1.91660", "2009-03-31": "-0.60800", "2008-12-31": "-9.52920", "2008-09-30": "3.01500", "2008-06-30": "3.82400", "2008-03-31": "5.36380", "2007-12-31": "2.80560", "2007-09-30": "6.89850", "2007-06-30": "6.63180", "2007-03-31": "5.53270", "2006-12-31": "3.47090", "2006-09-30": "4.62400", "2006-06-30": "4.61900", "2006-03-31": "7.86720", "2005-12-31": "2.74220", "2005-09-30": "4.76790", "2005-06-30": "5.49140", "2005-03-31": "5.64120"}, "ROA - Return On Assets": {"2020-09-30": "0.57030", "2020-06-30": "-0.21770", "2020-03-31": "-0.33760", "2019-12-31": "0.30180", "2019-09-30": "0.35080", "2019-06-30": "0.43250", "2019-03-31": "0.37780", "2018-12-31": "0.33930", "2018-09-30": "0.41360", "2018-06-30": "0.52670", "2018-03-31": "0.37010", "2017-12-31": "-0.23570", "2017-09-30": "0.31460", "2017-06-30": "0.29860", "2017-03-31": "0.22810", "2016-12-31": "0.22210", "2016-09-30": "0.29440", "2016-06-30": "0.27810", "2016-03-31": "0.30820", "2015-12-31": "0.27180", "2015-09-30": "0.35640", "2015-06-30": "0.27440", "2015-03-31": "0.37030", "2014-12-31": "0.31480", "2014-09-30": "0.37470", "2014-06-30": "0.40360", "2014-03-31": "0.38690", "2013-12-31": "0.29470", "2013-09-30": "0.38570", "2013-06-30": "0.41380", "2013-03-31": "0.37780", "2012-12-31": "0.26300", "2012-09-30": "0.39340", "2012-06-30": "0.06510", "2012-03-31": "0.51110", "2011-12-31": "0.19950", "2011-09-30": "0.43220", "2011-06-30": "0.47310", "2011-03-31": "0.51780", "2010-12-31": "0.35440", "2010-09-30": "0.41540", "2010-06-30": "0.41120", "2010-03-31": "0.35870", "2009-12-31": "0.23820", "2009-09-30": "0.25930", "2009-06-30": "0.13320", "2009-03-31": "-0.04680", "2008-12-31": "-0.84130", "2008-09-30": "0.24920", "2008-06-30": "0.30610", "2008-03-31": "0.42000", "2007-12-31": "0.21360", "2007-09-30": "0.55480", "2007-06-30": "0.52600", "2007-03-31": "0.46140", "2006-12-31": "0.26890", "2006-09-30": "0.61940", "2006-06-30": "0.61720", "2006-03-31": "0.98950", "2005-12-31": "0.31600", "2005-09-30": "0.81280", "2005-06-30": "0.93190", "2005-03-31": "0.91060"}, "ROI - Return On Investment": {"2020-09-30": "2.39360", "2020-06-30": "-0.91360", "2020-03-31": "-1.19520", "2019-12-31": "1.03890", "2019-09-30": "1.23150", "2019-06-30": "1.54430", "2019-03-31": "1.36230", "2018-12-31": "1.14680", "2018-09-30": "1.46500", "2018-06-30": "1.86690", "2018-03-31": "1.35330", "2017-12-31": "-0.79490", "2017-09-30": "1.04460", "2017-06-30": "1.06690", "2017-03-31": "0.83300", "2016-12-31": "0.74120", "2016-09-30": "0.94990", "2016-06-30": "0.88720", "2016-03-31": "1.04640", "2015-12-31": "0.86130", "2015-09-30": "1.25000", "2015-06-30": "0.94110", "2015-03-31": "1.32130", "2014-12-31": "1.04720", "2014-09-30": "1.34040", "2014-06-30": "1.48830", "2014-03-31": "1.57480", "2013-12-31": "1.07530", "2013-09-30": "1.55470", "2013-06-30": "1.62500", "2013-03-31": "1.45510", "2012-12-31": "0.92300", "2012-09-30": "1.54120", "2012-06-30": "0.26820", "2012-03-31": "2.17910", "2011-12-31": "0.60650", "2011-09-30": "1.38950", "2011-06-30": "1.48020", "2011-03-31": "1.57850", "2010-12-31": "1.04760", "2010-09-30": "1.17790", "2010-06-30": "1.11910", "2010-03-31": "0.93450", "2009-12-31": "0.86970", "2009-09-30": "0.91890", "2009-06-30": "0.47040", "2009-03-31": "-0.16750", "2008-12-31": "-2.80340", "2008-09-30": "0.77390", "2008-06-30": "0.87710", "2008-03-31": "1.12700", "2007-12-31": "0.52020", "2007-09-30": "1.40040", "2007-06-30": "1.39340", "2007-03-31": "1.23180", "2006-12-31": "0.67990", "2006-09-30": "1.36710", "2006-06-30": "1.44560", "2006-03-31": "2.35930", "2005-12-31": "0.77000", "2005-09-30": "1.67610", "2005-06-30": "1.98200", "2005-03-31": "1.94090"}, "Book Value Per Share": {"2020-09-30": "127.73150", "2020-06-30": "122.81550", "2020-03-31": "124.81610", "2019-12-31": "127.06050", "2019-09-30": "125.04270", "2019-06-30": "118.56920", "2019-03-31": "113.88700", "2018-12-31": "110.46850", "2018-09-30": "106.90860", "2018-06-30": "104.35490", "2018-03-31": "101.26600", "2017-12-31": "100.36560", "2017-09-30": "103.53410", "2017-06-30": "101.58720", "2017-03-31": "99.51010", "2016-12-31": "98.94240", "2016-09-30": "98.55080", "2016-06-30": "95.08920", "2016-03-31": "92.72880", "2015-12-31": "89.67870", "2015-09-30": "89.14650", "2015-06-30": "86.01370", "2015-03-31": "83.44850", "2014-12-31": "81.41260", "2014-09-30": "78.81090", "2014-06-30": "77.98350", "2014-03-31": "74.70690", "2013-12-31": "72.69740", "2013-09-30": "71.74230", "2013-06-30": "70.17210", "2013-03-31": "70.71450", "2012-12-31": "69.56120", "2012-09-30": "68.24720", "2012-06-30": "64.04940", "2012-03-31": "63.68210", "2011-12-31": "64.49870", "2011-09-30": "63.92460", "2011-06-30": "62.44440", "2011-03-31": "60.05530", "2010-12-31": "58.07490", "2010-09-30": "57.04060", "2010-06-30": "55.32600", "2010-03-31": "53.40340", "2009-12-31": "58.41770", "2009-09-30": "57.62060", "2009-06-30": "55.67660", "2009-03-31": "67.59360", "2008-12-31": "67.92400", "2008-09-30": "65.38840", "2008-06-30": "66.33610", "2008-03-31": "65.69940", "2007-12-31": "65.15720", "2007-09-30": "64.31060", "2007-06-30": "64.34360", "2007-03-31": "63.11460", "2006-12-31": "61.56060", "2006-09-30": "54.78170", "2006-06-30": "52.31380", "2006-03-31": "50.05630", "2005-12-31": "46.97720", "2005-09-30": "41.39830", "2005-06-30": "39.52060", "2005-03-31": "35.61790"}, "Operating Cash Flow Per Share": {"2020-09-30": 6.1519, "2020-06-30": 8.357, "2020-03-31": "11.82040", "2019-12-31": 8.8751, "2019-09-30": 7.2809, "2019-06-30": 8.9038, "2019-03-31": "10.34990", "2018-12-31": 8.0701, "2018-09-30": 7.1474, "2018-06-30": 8.3723, "2018-03-31": "3.27420", "2017-12-31": 8.3898, "2017-09-30": 6.2476, "2017-06-30": 7.9055, "2017-03-31": "6.48290", "2016-12-31": 3.7642, "2016-09-30": 6.7756, "2016-06-30": 4.9475, "2016-03-31": "7.76890", "2015-12-31": 1.9963, "2015-09-30": 8.6068, "2015-06-30": 4.3, "2015-03-31": "3.57680", "2014-12-31": 2.7081, "2014-09-30": 5.0425, "2014-06-30": 3.0743, "2014-03-31": "5.44370", "2013-12-31": 2.7144, "2013-09-30": 5.914, "2013-06-30": 4.3205, "2013-03-31": "4.04230", "2012-12-31": 1.3711, "2012-09-30": 8.5267, "2012-06-30": 3.3333, "2012-03-31": "3.58090", "2011-12-31": 3.3774, "2011-09-30": 3.4215, "2011-06-30": 5.379, "2011-03-31": "4.06040", "2010-12-31": 0.3061, "2010-09-30": 6.9988, "2010-06-30": 6.102, "2010-03-31": "4.44840", "2009-12-31": -1.5292, "2009-09-30": -0.408, "2009-06-30": 2.9785, "2009-03-31": "3.78930", "2008-12-31": -1.6893, "2008-09-30": 4.2028, "2008-06-30": 3.59, "2008-03-31": "3.11080", "2007-12-31": 11.1942, "2007-09-30": -2.3462, "2007-06-30": 8.7492, "2007-03-31": "15.01830", "2006-12-31": 2.4461, "2006-09-30": 1.7345, "2006-06-30": 4.5615, "2006-03-31": "1.90930", "2005-12-31": 6.9977, "2005-09-30": 1.1102, "2005-06-30": 6.1728, "2005-03-31": "-0.65570"}, "Free Cash Flow Per Share": {"2020-09-30": 5.7165, "2020-06-30": 7.9447, "2020-03-31": "11.48380", "2019-12-31": 8.3249, "2019-09-30": 6.7806, "2019-06-30": 8.4547, "2019-03-31": "9.96180", "2018-12-31": 7.6521, "2018-09-30": 6.6348, "2018-06-30": 7.9114, "2018-03-31": "2.85660", "2017-12-31": 7.8932, "2017-09-30": 5.6502, "2017-06-30": 7.371, "2017-03-31": "6.02790", "2016-12-31": 3.2403, "2016-09-30": 6.3987, "2016-06-30": 4.5739, "2016-03-31": "7.51520", "2015-12-31": 1.7778, "2015-09-30": 8.2693, "2015-06-30": 4.1598, "2015-03-31": "3.30220", "2014-12-31": 2.5435, "2014-09-30": 4.7621, "2014-06-30": 2.8638, "2014-03-31": "5.22140", "2013-12-31": 2.3746, "2013-09-30": 5.626, "2013-06-30": 3.9587, "2013-03-31": "3.63980", "2012-12-31": 0.9973, "2012-09-30": 8.3614, "2012-06-30": 3.188, "2012-03-31": "3.27680", "2011-12-31": 3.2761, "2011-09-30": 3.1809, "2011-06-30": 5.1804, "2011-03-31": "3.91480", "2010-12-31": 0.0528, "2010-09-30": 6.8354, "2010-06-30": 5.9358, "2010-03-31": "4.28570", "2009-12-31": -1.6206, "2009-09-30": -0.4586, "2009-06-30": 2.8313, "2009-03-31": "3.51470", "2008-12-31": -1.9096, "2008-09-30": 4.0247, "2008-06-30": 3.3186, "2008-03-31": "2.83880", "2007-12-31": 10.8915, "2007-09-30": -2.638, "2007-06-30": 8.5453, "2007-03-31": "14.71050", "2006-12-31": 1.9104, "2006-09-30": 1.3104, "2006-06-30": 4.1017, "2006-03-31": "1.08240", "2005-12-31": 6.6584, "2005-09-30": 0.9751, "2005-06-30": 6.0567, "2005-03-31": "-0.65960"}}, "revenue": {"Capital One Financial Annual Revenue (Millions of US $)": {"2020": "$31,643", "2019": "$33,766", "2018": "$32,377", "2017": "$29,999", "2016": "$27,519", "2015": "$25,038", "2014": "$23,869", "2013": "$24,176", "2012": "$23,771", "2011": "$18,525", "2010": "$19,067", "2009": "$15,950", "2008": "$17,856", "2007": "$19,132", "2006": "$15,166", "2005": "$12,085"}, "Capital One Financial Quarterly Revenue (Millions of US $)": {"2020-12-31": "$7,855", "2020-09-30": "$8,041", "2020-06-30": "$7,414", "2020-03-31": "$8,333", "2019-12-31": "$8,631", "2019-09-30": "$8,297", "2019-06-30": "$8,454", "2019-03-31": "$8,384", "2018-12-31": "$8,241", "2018-09-30": "$8,071", "2018-06-30": "$8,237", "2018-03-31": "$7,828", "2017-12-31": "$7,804", "2017-09-30": "$7,705", "2017-06-30": "$7,359", "2017-03-31": "$7,131", "2016-12-31": "$7,128", "2016-09-30": "$6,978", "2016-06-30": "$6,732", "2016-03-31": "$6,681", "2015-12-31": "$6,617", "2015-09-30": "$6,304", "2015-06-30": "$6,072", "2015-03-31": "$6,045", "2014-12-31": "$6,202", "2014-09-30": "$6,029", "2014-06-30": "$5,865", "2014-03-31": "$5,773", "2013-12-31": "$5,960", "2013-09-30": "$6,089", "2013-06-30": "$6,095", "2013-03-31": "$6,032", "2012-12-31": "$6,211", "2012-09-30": "$6,390", "2012-06-30": "$5,670", "2012-03-31": "$5,500", "2011-12-31": "$4,569", "2011-09-30": "$4,706", "2011-06-30": "$4,556", "2011-03-31": "$4,694", "2010-12-31": "$4,612", "2010-09-30": "$4,722", "2010-06-30": "$4,642", "2010-03-31": "$5,091", "2009-12-31": "$4,006", "2009-09-30": "$4,255", "2009-06-30": "$3,949", "2009-03-31": "$3,740", "2008-12-31": "$4,137", "2008-09-30": "$4,469", "2008-06-30": "$4,314", "2008-03-31": "$4,936", "2007-12-31": "$5,119", "2007-09-30": "$4,917", "2007-06-30": "$4,611", "2007-03-31": "$4,487", "2006-12-31": "$3,995", "2006-09-30": "$3,826", "2006-06-30": "$3,607", "2006-03-31": "$3,737", "2005-12-31": "$3,300", "2005-09-30": "$2,999", "2005-06-30": "$2,934", "2005-03-31": "$2,852"}}, "gross-profit": {"Capital One Financial Annual Gross Profit (Millions of US $)": {"2020": "$28,523", "2019": "$28,593", "2018": "$28,076", "2017": "$27,237", "2016": "$25,501", "2015": "$23,413", "2014": "$22,290", "2013": "$22,384", "2012": "$21,396", "2011": "$16,279", "2010": "$16,171", "2009": "$12,983", "2008": "$13,893", "2007": "$14,584", "2006": "$12,092", "2005": "$10,038"}, "Capital One Financial Quarterly Gross Profit (Millions of US $)": {"2020-12-31": "$7,337", "2020-09-30": "$7,381", "2020-06-30": "$6,556", "2020-03-31": "$7,249", "2019-12-31": "$7,427", "2019-09-30": "$6,959", "2019-06-30": "$7,124", "2019-03-31": "$7,083", "2018-12-31": "$7,013", "2018-09-30": "$6,962", "2018-06-30": "$7,192", "2018-03-31": "$6,909", "2017-12-31": "$7,013", "2017-09-30": "$6,985", "2017-06-30": "$6,704", "2017-03-31": "$6,535", "2016-12-31": "$6,566", "2016-09-30": "$6,461", "2016-06-30": "$6,254", "2016-03-31": "$6,220", "2015-12-31": "$6,194", "2015-09-30": "$5,900", "2015-06-30": "$5,672", "2015-03-31": "$5,647", "2014-12-31": "$5,813", "2014-09-30": "$5,639", "2014-06-30": "$5,468", "2014-03-31": "$5,370", "2013-12-31": "$5,544", "2013-09-30": "$5,651", "2013-06-30": "$5,638", "2013-03-31": "$5,551", "2012-12-31": "$5,624", "2012-09-30": "$5,782", "2012-06-30": "$5,055", "2012-03-31": "$4,935", "2011-12-31": "$4,050", "2011-09-30": "$4,154", "2011-06-30": "$3,993", "2011-03-31": "$4,082", "2010-12-31": "$3,962", "2010-09-30": "$4,016", "2010-06-30": "$3,904", "2010-03-31": "$4,289", "2009-12-31": "$3,365", "2009-09-30": "$3,558", "2009-06-30": "$3,177", "2009-03-31": "$2,883", "2008-12-31": "$3,171", "2008-09-30": "$3,504", "2008-06-30": "$3,350", "2008-03-31": "$3,868", "2007-12-31": "$3,921", "2007-09-30": "$3,774", "2007-06-30": "$3,510", "2007-03-31": "$3,379", "2006-12-31": "$3,064", "2006-09-30": "$3,056", "2006-06-30": "$2,907", "2006-03-31": "$3,065", "2005-12-31": "$2,703", "2005-09-30": "$2,505", "2005-06-30": "$2,454", "2005-03-31": "$2,377"}}, "operating-income": {"Capital One Financial Annual Operating Income (Millions of US $)": {"2020": "$3,203", "2019": "$6,874", "2018": "$7,318", "2017": "$5,492", "2016": "$5,484", "2015": "$5,881", "2014": "$6,569", "2013": "$6,578", "2012": "$5,184", "2011": "$4,632", "2010": "$4,411", "2009": "$1,455", "2008": "$716", "2007": "$4,008", "2006": "$3,672", "2005": "$2,829"}, "Capital One Financial Quarterly Operating Income (Millions of US $)": {"2020-12-31": "$3,064", "2020-09-30": "$3,502", "2020-06-30": "$-1,460", "2020-03-31": "$-1,903", "2019-12-31": "$1,448", "2019-09-30": "$1,704", "2019-06-30": "$2,003", "2019-03-31": "$1,719", "2018-12-31": "$1,243", "2018-09-30": "$1,921", "2018-06-30": "$2,492", "2018-03-31": "$1,662", "2017-12-31": "$1,308", "2017-09-30": "$1,585", "2017-06-30": "$1,490", "2017-03-31": "$1,109", "2016-12-31": "$1,135", "2016-09-30": "$1,512", "2016-06-30": "$1,367", "2016-03-31": "$1,470", "2015-12-31": "$1,334", "2015-09-30": "$1,648", "2015-06-30": "$1,236", "2015-03-31": "$1,663", "2014-12-31": "$1,420", "2014-09-30": "$1,661", "2014-06-30": "$1,785", "2014-03-31": "$1,703", "2013-12-31": "$1,352", "2013-09-30": "$1,693", "2013-06-30": "$1,858", "2013-03-31": "$1,675", "2012-12-31": "$1,100", "2012-09-30": "$1,771", "2012-06-30": "$369", "2012-03-31": "$1,944", "2011-12-31": "$820", "2011-09-30": "$1,253", "2011-06-30": "$1,395", "2011-03-31": "$1,386", "2010-12-31": "$1,333", "2010-09-30": "$1,153", "2010-06-30": "$1,181", "2010-03-31": "$964", "2009-12-31": "$606", "2009-09-30": "$609", "2009-06-30": "$364", "2009-03-31": "$-124", "2008-12-31": "$-1,633", "2008-09-30": "$615", "2008-06-30": "$715", "2008-03-31": "$1,020", "2007-12-31": "$519", "2007-09-30": "$1,264", "2007-06-30": "$1,170", "2007-03-31": "$1,055", "2006-12-31": "$589", "2006-09-30": "$899", "2006-06-30": "$864", "2006-03-31": "$1,321", "2005-12-31": "$448", "2005-09-30": "$765", "2005-06-30": "$827", "2005-03-31": "$789"}}, "ebitda": {"Capital One Financial Annual EBITDA (Millions of US $)": {"2019": "$", "2018": "$", "2017": "$", "2016": "$", "2015": "$", "2014": "$", "2013": "$", "2012": "$", "2011": "$", "2010": "$", "2009": "$", "2008": "$", "2007": "$", "2006": "$", "2005": "$"}, "Capital One Financial Quarterly EBITDA (Millions of US $)": {"2020-09-30": "", "2020-06-30": "", "2020-03-31": "", "2019-12-31": "", "2019-09-30": "", "2019-06-30": "", "2019-03-31": "", "2018-12-31": "", "2018-09-30": "", "2018-06-30": "", "2018-03-31": "", "2017-12-31": "", "2017-09-30": "", "2017-06-30": "", "2017-03-31": "", "2016-12-31": "", "2016-09-30": "", "2016-06-30": "", "2016-03-31": "", "2015-12-31": "", "2015-09-30": "", "2015-06-30": "", "2015-03-31": "", "2014-12-31": "", "2014-09-30": "", "2014-06-30": "", "2014-03-31": "", "2013-12-31": "", "2013-09-30": "", "2013-06-30": "", "2013-03-31": "", "2012-12-31": "", "2012-09-30": "", "2012-06-30": "", "2012-03-31": "", "2011-12-31": "", "2011-09-30": "", "2011-06-30": "", "2011-03-31": "", "2010-12-31": "", "2010-09-30": "", "2010-06-30": "", "2010-03-31": "", "2009-12-31": "", "2009-09-30": "", "2009-06-30": "", "2009-03-31": "", "2008-12-31": "", "2008-09-30": "", "2008-06-30": "", "2008-03-31": "", "2007-12-31": "", "2007-09-30": "", "2007-06-30": "", "2007-03-31": "", "2006-12-31": "", "2006-09-30": "", "2006-06-30": "", "2006-03-31": "", "2005-12-31": "", "2005-09-30": "", "2005-06-30": "", "2005-03-31": ""}}, "net-income": {"Capital One Financial Annual Net Income (Millions of US $)": {"2020": "$2,375", "2019": "$5,192", "2018": "$5,710", "2017": "$1,704", "2016": "$3,513", "2015": "$3,872", "2014": "$4,343", "2013": "$4,051", "2012": "$3,462", "2011": "$3,121", "2010": "$2,743", "2009": "$320", "2008": "$-79", "2007": "$1,570", "2006": "$2,414", "2005": "$1,809"}, "Capital One Financial Quarterly Net Income (Millions of US $)": {"2020-12-31": "$2,462", "2020-09-30": "$2,319", "2020-06-30": "$-1,009", "2020-03-31": "$-1,420", "2019-12-31": "$1,041", "2019-09-30": "$1,270", "2019-06-30": "$1,533", "2019-03-31": "$1,348", "2018-12-31": "$1,172", "2018-09-30": "$1,440", "2018-06-30": "$1,814", "2018-03-31": "$1,284", "2017-12-31": "$-1,043", "2017-09-30": "$1,047", "2017-06-30": "$948", "2017-03-31": "$752", "2016-12-31": "$710", "2016-09-30": "$962", "2016-06-30": "$871", "2016-03-31": "$970", "2015-12-31": "$848", "2015-09-30": "$1,079", "2015-06-30": "$830", "2015-03-31": "$1,115", "2014-12-31": "$974", "2014-09-30": "$1,056", "2014-06-30": "$1,177", "2014-03-31": "$1,136", "2013-12-31": "$835", "2013-09-30": "$1,087", "2013-06-30": "$1,091", "2013-03-31": "$1,038", "2012-12-31": "$801", "2012-09-30": "$1,173", "2012-06-30": "$92", "2012-03-31": "$1,396", "2011-12-31": "$381", "2011-09-30": "$813", "2011-06-30": "$911", "2011-03-31": "$1,016", "2010-12-31": "$696", "2010-09-30": "$803", "2010-06-30": "$608", "2010-03-31": "$636", "2009-12-31": "$375", "2009-09-30": "$394", "2009-06-30": "$-277", "2009-03-31": "$-172", "2008-12-31": "$-1,455", "2008-09-30": "$374", "2008-06-30": "$453", "2008-03-31": "$549", "2007-12-31": "$227", "2007-09-30": "$-82", "2007-06-30": "$750", "2007-03-31": "$675", "2006-12-31": "$391", "2006-09-30": "$588", "2006-06-30": "$553", "2006-03-31": "$883", "2005-12-31": "$280", "2005-09-30": "$491", "2005-06-30": "$531", "2005-03-31": "$507"}}, "eps-earnings-per-share-diluted": {"Capital One Financial Annual EPS": {"2020": "$5.18", "2019": "$11.05", "2018": "$11.82", "2017": "$3.49", "2016": "$6.89", "2015": "$7.07", "2014": "$7.59", "2013": "$6.89", "2012": "$6.11", "2011": "$6.80", "2010": "$6.01", "2009": "$0.74", "2008": "$-0.21", "2007": "$3.97", "2006": "$7.62", "2005": "$6.73"}, "Capital One Financial Quarterly EPS": {"2020-12-31": "$5.35", "2020-09-30": "$5.06", "2020-06-30": "$-2.21", "2020-03-31": "$-3.10", "2019-12-31": "$2.26", "2019-09-30": "$2.69", "2019-06-30": "$3.24", "2019-03-31": "$2.86", "2018-12-31": "$2.50", "2018-09-30": "$2.99", "2018-06-30": "$3.71", "2018-03-31": "$2.62", "2017-12-31": "$-2.13", "2017-09-30": "$2.14", "2017-06-30": "$1.94", "2017-03-31": "$1.54", "2016-12-31": "$1.46", "2016-09-30": "$1.90", "2016-06-30": "$1.69", "2016-03-31": "$1.84", "2015-12-31": "$1.59", "2015-09-30": "$1.98", "2015-06-30": "$1.50", "2015-03-31": "$2.00", "2014-12-31": "$1.73", "2014-09-30": "$1.86", "2014-06-30": "$2.04", "2014-03-31": "$1.96", "2013-12-31": "$1.43", "2013-09-30": "$1.84", "2013-06-30": "$1.85", "2013-03-31": "$1.77", "2012-12-31": "$1.22", "2012-09-30": "$2.01", "2012-06-30": "$0.16", "2012-03-31": "$2.72", "2011-12-31": "$0.85", "2011-09-30": "$1.77", "2011-06-30": "$1.97", "2011-03-31": "$2.21", "2010-12-31": "$1.52", "2010-09-30": "$1.76", "2010-06-30": "$1.33", "2010-03-31": "$1.40", "2009-12-31": "$0.97", "2009-09-30": "$0.87", "2009-06-30": "$-0.66", "2009-03-31": "$-0.44", "2008-12-31": "$-3.89", "2008-09-30": "$1.00", "2008-06-30": "$1.21", "2008-03-31": "$1.47", "2007-12-31": "$0.67", "2007-09-30": "$-0.21", "2007-06-30": "$1.89", "2007-03-31": "$1.62", "2006-12-31": "$1.09", "2006-09-30": "$1.89", "2006-06-30": "$1.78", "2006-03-31": "$2.86", "2005-12-31": "$0.90", "2005-09-30": "$1.81", "2005-06-30": "$2.03", "2005-03-31": "$1.99"}}, "shares-outstanding": {"Capital One Financial Annual Shares Outstanding (Millions of Shares)": {"2020": "459", "2019": "470", "2018": "483", "2017": "489", "2016": "510", "2015": "548", "2014": "572", "2013": "588", "2012": "567", "2011": "459", "2010": "456", "2009": "431", "2008": "378", "2007": "396", "2006": "317", "2005": "269"}, "Capital One Financial Quarterly Shares Outstanding (Millions of Shares)": {"2020-12-31": "460", "2020-09-30": "459", "2020-06-30": "457", "2020-03-31": "458", "2019-12-31": "470", "2019-09-30": "472", "2019-06-30": "473", "2019-03-31": "472", "2018-12-31": "483", "2018-09-30": "481", "2018-06-30": "488", "2018-03-31": "491", "2017-12-31": "489", "2017-09-30": "489", "2017-06-30": "488", "2017-03-31": "488", "2016-12-31": "510", "2016-09-30": "506", "2016-06-30": "517", "2016-03-31": "528", "2015-12-31": "548", "2015-09-30": "546", "2015-06-30": "552", "2015-03-31": "557", "2014-12-31": "572", "2014-09-30": "568", "2014-06-30": "578", "2014-03-31": "580", "2013-12-31": "588", "2013-09-30": "591", "2013-06-30": "589", "2013-03-31": "586", "2012-12-31": "567", "2012-09-30": "584", "2012-06-30": "583", "2012-03-31": "513", "2011-12-31": "459", "2011-09-30": "460", "2011-06-30": "462", "2011-03-31": "460", "2010-12-31": "456", "2010-09-30": "457", "2010-06-30": "456", "2010-03-31": "455", "2009-12-31": "431", "2009-09-30": "453", "2009-06-30": "422", "2009-03-31": "390", "2008-12-31": "378", "2008-09-30": "374", "2008-06-30": "374", "2008-03-31": "372", "2007-12-31": "396", "2007-09-30": "391", "2007-06-30": "397", "2007-03-31": "416", "2006-12-31": "317", "2006-09-30": "310", "2006-06-30": "310", "2006-03-31": "309", "2005-12-31": "269", "2005-09-30": "271", "2005-06-30": "262", "2005-03-31": "255"}}, "total-assets": {"Capital One Financial Annual Total Assets (Millions of US $)": {"2019": "$390,365", "2018": "$372,538", "2017": "$365,693", "2016": "$357,033", "2015": "$334,048", "2014": "$308,167", "2013": "$296,933", "2012": "$312,918", "2011": "$206,019", "2010": "$197,503", "2009": "$169,646", "2008": "$165,914", "2007": "$150,590", "2006": "$149,739", "2005": "$88,701"}, "Capital One Financial Quarterly Total Assets (Millions of US $)": {"2020-09-30": "$421,883", "2020-06-30": "$421,296", "2020-03-31": "$396,878", "2019-12-31": "$390,365", "2019-09-30": "$378,810", "2019-06-30": "$373,619", "2019-03-31": "$373,191", "2018-12-31": "$372,538", "2018-09-30": "$362,909", "2018-06-30": "$363,989", "2018-03-31": "$362,857", "2017-12-31": "$365,693", "2017-09-30": "$361,402", "2017-06-30": "$350,593", "2017-03-31": "$348,549", "2016-12-31": "$357,033", "2016-09-30": "$345,061", "2016-06-30": "$339,117", "2016-03-31": "$330,346", "2015-12-31": "$334,048", "2015-09-30": "$313,700", "2015-06-30": "$310,510", "2015-03-31": "$306,224", "2014-12-31": "$308,167", "2014-09-30": "$300,202", "2014-06-30": "$298,317", "2014-03-31": "$290,500", "2013-12-31": "$296,933", "2013-09-30": "$289,888", "2013-06-30": "$296,542", "2013-03-31": "$300,163", "2012-12-31": "$312,918", "2012-09-30": "$301,989", "2012-06-30": "$296,572", "2012-03-31": "$294,481", "2011-12-31": "$206,019", "2011-09-30": "$200,148", "2011-06-30": "$199,753", "2011-03-31": "$199,300", "2010-12-31": "$197,503", "2010-09-30": "$196,933", "2010-06-30": "$197,489", "2010-03-31": "$200,708", "2009-12-31": "$169,646", "2009-09-30": "$168,504", "2009-06-30": "$171,911", "2009-03-31": "$177,388", "2008-12-31": "$165,914", "2008-09-30": "$154,803", "2008-06-30": "$151,114", "2008-03-31": "$150,609", "2007-12-31": "$150,590", "2007-09-30": "$147,155", "2007-06-30": "$145,938", "2007-03-31": "$148,699", "2006-12-31": "$149,739", "2006-09-30": "$94,907", "2006-06-30": "$89,530", "2006-03-31": "$89,273", "2005-12-31": "$88,701", "2005-09-30": "$60,425", "2005-06-30": "$56,996", "2005-03-31": "$55,632"}}, "cash-on-hand": {"Capital One Financial Annual Cash on Hand (Millions of US $)": {"2019": "$13,749", "2018": "$13,489", "2017": "$14,352", "2016": "$12,493", "2015": "$9,040", "2014": "$7,476", "2013": "$7,165", "2012": "$11,486", "2011": "$6,629", "2010": "$6,851", "2009": "$9,186", "2008": "$7,491", "2007": "$4,821", "2006": "$4,660", "2005": "$4,071"}, "Capital One Financial Quarterly Cash on Hand (Millions of US $)": {"2020-09-30": "$45,001", "2020-06-30": "$56,558", "2020-03-31": "$25,300", "2019-12-31": "$13,749", "2019-09-30": "$17,537", "2019-06-30": "$15,821", "2019-03-31": "$19,438", "2018-12-31": "$13,489", "2018-09-30": "$11,628", "2018-06-30": "$13,296", "2018-03-31": "$14,317", "2017-12-31": "$14,352", "2017-09-30": "$8,788", "2017-06-30": "$7,015", "2017-03-31": "$9,801", "2016-12-31": "$12,493", "2016-09-30": "$9,381", "2016-06-30": "$7,414", "2016-03-31": "$6,195", "2015-12-31": "$9,040", "2015-09-30": "$7,423", "2015-06-30": "$7,409", "2015-03-31": "$9,125", "2014-12-31": "$7,476", "2014-09-30": "$6,553", "2014-06-30": "$7,093", "2014-03-31": "$6,732", "2013-12-31": "$7,165", "2013-09-30": "$6,108", "2013-06-30": "$5,030", "2013-03-31": "$7,764", "2012-12-31": "$11,486", "2012-09-30": "$6,729", "2012-06-30": "$6,349", "2012-03-31": "$31,746", "2011-12-31": "$6,629", "2011-09-30": "$7,342", "2011-06-30": "$7,971", "2011-03-31": "$10,527", "2010-12-31": "$6,851", "2010-09-30": "$7,628", "2010-06-30": "$8,645", "2010-03-31": "$10,784", "2009-12-31": "$9,186", "2009-09-30": "$4,127", "2009-06-30": "$4,772", "2009-03-31": "$7,754", "2008-12-31": "$7,491", "2008-09-30": "$5,621", "2008-06-30": "$4,525", "2008-03-31": "$4,830", "2007-12-31": "$4,821", "2007-09-30": "$4,446", "2007-06-30": "$7,048", "2007-03-31": "$11,425", "2006-12-31": "$4,660", "2006-09-30": "$5,600", "2006-06-30": "$2,598", "2006-03-31": "$5,298", "2005-12-31": "$4,071", "2005-09-30": "$4,603", "2005-06-30": "$2,586", "2005-03-31": "$1,220"}}, "long-term-debt": {"Capital One Financial Annual Long Term Debt (Millions of US $)": {"2019": "$55,383", "2018": "$58,553", "2017": "$59,705", "2016": "$59,468", "2015": "$58,134", "2014": "$47,577", "2013": "$39,739", "2012": "$48,662", "2011": "$38,097", "2010": "$40,279", "2009": "$19,874", "2008": "$23,178", "2007": "$37,526", "2006": "$33,982", "2005": "$22,278"}, "Capital One Financial Quarterly Long Term Debt (Millions of US $)": {"2020-09-30": "$42,093", "2020-06-30": "$44,327", "2020-03-31": "$55,282", "2019-12-31": "$55,383", "2019-09-30": "$49,685", "2019-06-30": "$48,874", "2019-03-31": "$50,023", "2018-12-31": "$58,553", "2018-09-30": "$51,821", "2018-06-30": "$52,757", "2018-03-31": "$50,037", "2017-12-31": "$59,705", "2017-09-30": "$58,691", "2017-06-30": "$48,996", "2017-03-31": "$47,393", "2016-12-31": "$59,468", "2016-09-30": "$58,741", "2016-06-30": "$58,182", "2016-03-31": "$49,580", "2015-12-31": "$58,134", "2015-09-30": "$41,757", "2015-06-30": "$43,878", "2015-03-31": "$40,096", "2014-12-31": "$47,577", "2014-09-30": "$39,913", "2014-06-30": "$37,084", "2014-03-31": "$28,574", "2013-12-31": "$39,739", "2013-09-30": "$30,159", "2013-06-30": "$34,465", "2013-03-31": "$36,637", "2012-12-31": "$48,662", "2012-09-30": "$37,410", "2012-06-30": "$34,773", "2012-03-31": "$32,115", "2011-12-31": "$38,097", "2011-09-30": "$32,874", "2011-06-30": "$35,160", "2011-03-31": "$37,827", "2010-12-31": "$40,279", "2010-09-30": "$43,386", "2010-06-30": "$47,290", "2010-03-31": "$52,672", "2009-12-31": "$19,874", "2009-09-30": "$21,335", "2009-06-30": "$23,353", "2009-03-31": "$22,868", "2008-12-31": "$23,178", "2008-09-30": "$24,241", "2008-06-30": "$27,809", "2008-03-31": "$31,508", "2007-12-31": "$37,526", "2007-09-30": "$33,507", "2007-06-30": "$29,904", "2007-03-31": "$29,681", "2006-12-31": "$33,982", "2006-09-30": "$26,322", "2006-06-30": "$22,327", "2006-03-31": "$22,271", "2005-12-31": "$22,278", "2005-09-30": "$18,265", "2005-06-30": "$16,385", "2005-03-31": "$17,120"}}, "total-liabilities": {"Capital One Financial Annual Total Liabilities (Millions of US $)": {"2019": "$332,354", "2018": "$320,870", "2017": "$316,963", "2016": "$309,519", "2015": "$286,764", "2014": "$263,114", "2013": "$255,301", "2012": "$272,419", "2011": "$176,353", "2010": "$170,962", "2009": "$143,056", "2008": "$139,301", "2007": "$126,296", "2006": "$124,504", "2005": "$74,573"}, "Capital One Financial Quarterly Total Liabilities (Millions of US $)": {"2020-09-30": "$363,459", "2020-06-30": "$365,251", "2020-03-31": "$340,048", "2019-12-31": "$332,354", "2019-09-30": "$320,575", "2019-06-30": "$317,852", "2019-03-31": "$319,710", "2018-12-31": "$320,870", "2018-09-30": "$312,271", "2018-06-30": "$314,063", "2018-03-31": "$313,654", "2017-12-31": "$316,963", "2017-09-30": "$311,248", "2017-06-30": "$301,456", "2017-03-31": "$300,509", "2016-12-31": "$309,519", "2016-09-30": "$296,848", "2016-06-30": "$291,009", "2016-03-31": "$282,639", "2015-12-31": "$286,764", "2015-09-30": "$266,015", "2015-06-30": "$263,851", "2015-03-31": "$260,494", "2014-12-31": "$263,114", "2014-09-30": "$256,184", "2014-06-30": "$254,502", "2014-03-31": "$247,699", "2013-12-31": "$255,301", "2013-09-30": "$248,138", "2013-06-30": "$255,501", "2013-03-31": "$258,867", "2012-12-31": "$272,419", "2012-09-30": "$262,317", "2012-06-30": "$259,380", "2012-03-31": "$257,531", "2011-12-31": "$176,353", "2011-09-30": "$170,770", "2011-06-30": "$171,072", "2011-03-31": "$171,750", "2010-12-31": "$170,962", "2010-09-30": "$170,872", "2010-06-30": "$172,219", "2010-03-31": "$176,333", "2009-12-31": "$143,056", "2009-09-30": "$142,282", "2009-06-30": "$146,582", "2009-03-31": "$150,643", "2008-12-31": "$139,301", "2008-09-30": "$129,192", "2008-06-30": "$126,193", "2008-03-31": "$125,989", "2007-12-31": "$126,296", "2007-09-30": "$122,368", "2007-06-30": "$120,751", "2007-03-31": "$122,678", "2006-12-31": "$124,504", "2006-09-30": "$78,230", "2006-06-30": "$73,633", "2006-03-31": "$74,104", "2005-12-31": "$74,573", "2005-09-30": "$49,387", "2005-06-30": "$46,584", "2005-03-31": "$46,652"}}, "total-share-holder-equity": {"Capital One Financial Annual Share Holder Equity (Millions of US $)": {"2019": "$58,011", "2018": "$51,668", "2017": "$48,730", "2016": "$47,514", "2015": "$47,284", "2014": "$45,053", "2013": "$41,632", "2012": "$40,499", "2011": "$29,666", "2010": "$26,541", "2009": "$26,590", "2008": "$26,612", "2007": "$24,294", "2006": "$25,235", "2005": "$14,129"}, "Capital One Financial Quarterly Share Holder Equity (Millions of US $)": {"2020-09-30": "$58,424", "2020-06-30": "$56,045", "2020-03-31": "$56,830", "2019-12-31": "$58,011", "2019-09-30": "$58,235", "2019-06-30": "$55,767", "2019-03-31": "$53,481", "2018-12-31": "$51,668", "2018-09-30": "$50,638", "2018-06-30": "$49,926", "2018-03-31": "$49,203", "2017-12-31": "$48,730", "2017-09-30": "$50,154", "2017-06-30": "$49,137", "2017-03-31": "$48,040", "2016-12-31": "$47,514", "2016-09-30": "$48,213", "2016-06-30": "$48,108", "2016-03-31": "$47,707", "2015-12-31": "$47,284", "2015-09-30": "$47,685", "2015-06-30": "$46,659", "2015-03-31": "$45,730", "2014-12-31": "$45,053", "2014-09-30": "$44,018", "2014-06-30": "$43,815", "2014-03-31": "$42,801", "2013-12-31": "$41,632", "2013-09-30": "$41,750", "2013-06-30": "$41,041", "2013-03-31": "$41,296", "2012-12-31": "$40,499", "2012-09-30": "$39,672", "2012-06-30": "$37,192", "2012-03-31": "$36,950", "2011-12-31": "$29,666", "2011-09-30": "$29,378", "2011-06-30": "$28,681", "2011-03-31": "$27,550", "2010-12-31": "$26,541", "2010-09-30": "$26,061", "2010-06-30": "$25,270", "2010-03-31": "$24,374", "2009-12-31": "$26,590", "2009-09-30": "$26,222", "2009-06-30": "$25,330", "2009-03-31": "$26,744", "2008-12-31": "$26,612", "2008-09-30": "$25,612", "2008-06-30": "$24,921", "2008-03-31": "$24,620", "2007-12-31": "$24,294", "2007-09-30": "$24,787", "2007-06-30": "$25,187", "2007-03-31": "$26,021", "2006-12-31": "$25,235", "2006-09-30": "$16,677", "2006-06-30": "$15,897", "2006-03-31": "$15,169", "2005-12-31": "$14,129", "2005-09-30": "$11,037", "2005-06-30": "$10,412", "2005-03-31": "$8,980"}}, "profit-margins": {"current": "8.58%"}, "gross margin": {"2020-12-31": "90.14%", "2020-09-30": "88.26%", "2020-06-30": "86.28%", "2020-03-31": "85.30%", "2019-12-31": "84.68%", "2019-09-30": "84.43%", "2019-06-30": "85.01%", "2019-03-31": "85.78%", "2018-12-31": "86.72%", "2018-09-30": "87.90%", "2018-06-30": "88.99%", "2018-03-31": "89.95%", "2017-12-31": "90.79%", "2017-09-30": "91.36%", "2017-06-30": "91.85%", "2017-03-31": "92.30%", "2016-12-31": "92.67%", "2016-09-30": "93.04%", "2016-06-30": "93.29%", "2016-03-31": "93.43%", "2015-12-31": "93.51%", "2015-09-30": "93.54%", "2015-06-30": "93.52%", "2015-03-31": "93.48%", "2014-12-31": "93.38%", "2014-09-30": "93.20%", "2014-06-30": "93.02%", "2014-03-31": "92.83%", "2013-12-31": "92.59%", "2013-09-30": "91.96%", "2013-06-30": "91.37%", "2013-03-31": "90.57%", "2012-12-31": "90.01%", "2012-09-30": "89.57%", "2012-06-30": "88.99%", "2012-03-31": "88.62%", "2011-12-31": "87.88%", "2011-09-30": "87.20%", "2011-06-30": "86.38%", "2011-03-31": "85.51%", "2010-12-31": "84.81%", "2010-09-30": "84.36%", "2010-06-30": "84.01%", "2010-03-31": "83.17%", "2009-12-31": "81.40%", "2009-09-30": "79.53%", "2009-06-30": "78.15%", "2009-03-31": "77.48%", "2008-12-31": "77.81%", "2008-09-30": "77.73%", "2008-06-30": "77.33%", "2008-03-31": "76.97%", "2007-12-31": "76.22%", "2007-09-30": "76.22%", "2007-06-30": "76.89%", "2007-03-31": "77.95%", "2006-12-31": "79.74%", "2006-09-30": "81.07%", "2006-06-30": "81.95%", "2006-03-31": "82.71%", "2005-12-31": "83.07%"}, "operating margin": {"2020-12-31": "10.12%", "2020-09-30": "4.90%", "2020-06-30": "-0.65%", "2020-03-31": "9.65%", "2019-12-31": "20.36%", "2019-09-30": "19.98%", "2019-06-30": "20.77%", "2019-03-31": "22.39%", "2018-12-31": "22.60%", "2018-09-30": "23.12%", "2018-06-30": "22.32%", "2018-03-31": "19.69%", "2017-12-31": "18.31%", "2017-09-30": "18.14%", "2017-06-30": "18.35%", "2017-03-31": "18.32%", "2016-12-31": "19.93%", "2016-09-30": "21.04%", "2016-06-30": "22.10%", "2016-03-31": "22.15%", "2015-12-31": "23.49%", "2015-09-30": "24.23%", "2015-06-30": "24.56%", "2015-03-31": "27.05%", "2014-12-31": "27.52%", "2014-09-30": "27.52%", "2014-06-30": "27.58%", "2014-03-31": "27.62%", "2013-12-31": "27.21%", "2013-09-30": "25.90%", "2013-06-30": "25.90%", "2013-03-31": "20.22%", "2012-12-31": "21.81%", "2012-09-30": "22.16%", "2012-06-30": "21.45%", "2012-03-31": "28.00%", "2011-12-31": "26.20%", "2011-09-30": "28.90%", "2011-06-30": "28.34%", "2011-03-31": "27.06%", "2010-12-31": "24.29%", "2010-09-30": "21.15%", "2010-06-30": "18.67%", "2010-03-31": "14.70%", "2009-12-31": "9.12%", "2009-09-30": "-4.88%", "2009-06-30": "-4.77%", "2009-03-31": "-2.56%", "2008-12-31": "4.02%", "2008-09-30": "15.23%", "2008-06-30": "18.24%", "2008-03-31": "20.29%", "2007-12-31": "20.95%", "2007-09-30": "22.64%", "2007-06-30": "21.95%", "2007-03-31": "21.41%", "2006-12-31": "24.22%", "2006-09-30": "24.41%", "2006-06-30": "24.91%", "2006-03-31": "25.91%", "2005-12-31": "23.41%"}, "ebitda margin": {"2020-09-30": "0.00%", "2020-06-30": "0.00%", "2020-03-31": "0.00%", "2019-12-31": "0.00%", "2019-09-30": "0.00%", "2019-06-30": "0.00%", "2019-03-31": "0.00%", "2018-12-31": "0.00%", "2018-09-30": "0.00%", "2018-06-30": "0.00%", "2018-03-31": "0.00%", "2017-12-31": "0.00%", "2017-09-30": "0.00%", "2017-06-30": "0.00%", "2017-03-31": "0.00%", "2016-12-31": "0.00%", "2016-09-30": "0.00%", "2016-06-30": "0.00%", "2016-03-31": "0.00%", "2015-12-31": "0.00%", "2015-09-30": "0.00%", "2015-06-30": "0.00%", "2015-03-31": "0.00%", "2014-12-31": "0.00%", "2014-09-30": "0.00%", "2014-06-30": "0.00%", "2014-03-31": "0.00%", "2013-12-31": "0.00%", "2013-09-30": "0.00%", "2013-06-30": "0.00%", "2013-03-31": "0.00%", "2012-12-31": "0.00%", "2012-09-30": "0.00%", "2012-06-30": "0.00%", "2012-03-31": "0.00%", "2011-12-31": "0.00%", "2011-09-30": "0.00%", "2011-06-30": "0.00%", "2011-03-31": "0.00%", "2010-12-31": "0.00%", "2010-09-30": "0.00%", "2010-06-30": "0.00%", "2010-03-31": "0.00%", "2009-12-31": "0.00%", "2009-09-30": "0.00%", "2009-06-30": "0.00%", "2009-03-31": "0.00%", "2008-12-31": "0.00%", "2008-09-30": "0.00%", "2008-06-30": "0.00%", "2008-03-31": "0.00%", "2007-12-31": "0.00%", "2007-09-30": "0.00%", "2007-06-30": "0.00%", "2007-03-31": "0.00%", "2006-12-31": "0.00%", "2006-09-30": "0.00%", "2006-06-30": "0.00%", "2006-03-31": "0.00%", "2005-12-31": "0.00%"}, "pre tax profit margin": {"2020-12-31": "10.12%", "2020-09-30": "4.90%", "2020-06-30": "-0.65%", "2020-03-31": "9.65%", "2019-12-31": "20.36%", "2019-09-30": "19.98%", "2019-06-30": "20.77%", "2019-03-31": "22.39%", "2018-12-31": "22.60%", "2018-09-30": "23.12%", "2018-06-30": "22.32%", "2018-03-31": "19.69%", "2017-12-31": "18.31%", "2017-09-30": "18.14%", "2017-06-30": "18.35%", "2017-03-31": "18.32%", "2016-12-31": "19.93%", "2016-09-30": "21.04%", "2016-06-30": "22.10%", "2016-03-31": "22.15%", "2015-12-31": "23.49%", "2015-09-30": "24.23%", "2015-06-30": "24.56%", "2015-03-31": "27.05%", "2014-12-31": "27.52%", "2014-09-30": "27.52%", "2014-06-30": "27.58%", "2014-03-31": "27.62%", "2013-12-31": "27.21%", "2013-09-30": "26.99%", "2013-06-30": "26.78%", "2013-03-31": "20.58%", "2012-12-31": "21.81%", "2012-09-30": "19.83%", "2012-06-30": "19.08%", "2012-03-31": "26.17%", "2011-12-31": "24.76%", "2011-09-30": "27.19%", "2011-06-30": "26.72%", "2011-03-31": "25.45%", "2010-12-31": "22.71%", "2010-09-30": "20.97%", "2010-06-30": "18.35%", "2010-03-31": "14.11%", "2009-12-31": "8.38%", "2009-09-30": "-5.75%", "2009-06-30": "-5.57%", "2009-03-31": "-3.17%", "2008-12-31": "3.25%", "2008-09-30": "14.64%", "2008-06-30": "17.64%", "2008-03-31": "19.31%", "2007-12-31": "20.22%", "2007-09-30": "22.03%", "2007-06-30": "21.41%", "2007-03-31": "21.41%", "2006-12-31": "24.22%", "2006-09-30": "24.41%", "2006-06-30": "24.91%", "2006-03-31": "25.91%", "2005-12-31": "23.41%"}, "net profit margin": {"2020-12-31": "7.43%", "2020-09-30": "2.87%", "2020-06-30": "-0.36%", "2020-03-31": "7.19%", "2019-12-31": "15.38%", "2019-09-30": "15.95%", "2019-06-30": "16.57%", "2019-03-31": "17.53%", "2018-12-31": "17.64%", "2018-09-30": "10.94%", "2018-06-30": "9.82%", "2018-03-31": "7.28%", "2017-12-31": "5.68%", "2017-09-30": "11.79%", "2017-06-30": "11.79%", "2017-03-31": "11.78%", "2016-12-31": "12.77%", "2016-09-30": "13.52%", "2016-06-30": "14.31%", "2016-03-31": "14.52%", "2015-12-31": "15.46%", "2015-09-30": "16.24%", "2015-06-30": "16.33%", "2015-03-31": "17.90%", "2014-12-31": "18.20%", "2014-09-30": "17.79%", "2014-06-30": "17.88%", "2014-03-31": "17.35%", "2013-12-31": "16.76%", "2013-09-30": "16.44%", "2013-06-30": "16.59%", "2013-03-31": "12.77%", "2012-12-31": "14.56%", "2012-09-30": "13.75%", "2012-06-30": "13.12%", "2012-03-31": "18.11%", "2011-12-31": "16.85%", "2011-09-30": "18.50%", "2011-06-30": "18.44%", "2011-03-31": "16.73%", "2010-12-31": "14.39%", "2010-09-30": "13.12%", "2010-06-30": "11.19%", "2010-03-31": "6.52%", "2009-12-31": "2.01%", "2009-09-30": "-9.39%", "2009-06-30": "-9.39%", "2009-03-31": "-4.80%", "2008-12-31": "-0.44%", "2008-09-30": "8.51%", "2008-06-30": "5.95%", "2008-03-31": "7.37%", "2007-12-31": "8.21%", "2007-09-30": "9.63%", "2007-06-30": "14.21%", "2007-03-31": "13.87%", "2006-12-31": "15.92%", "2006-09-30": "15.92%", "2006-06-30": "16.18%", "2006-03-31": "16.85%", "2005-12-31": "14.97%"}, "pe ratio": {"current": "20.05", "2021-02-05": "0.00", "2020-12-31": "0.00", "2020-09-30": "35.88", "2020-06-30": "0.00", "2020-03-31": "9.83", "2019-12-31": "9.20", "2019-09-30": "7.93", "2019-06-30": "7.67", "2019-03-31": "6.61", "2018-12-31": "6.21", "2018-09-30": "12.81", "2018-06-30": "14.02", "2018-03-31": "20.24", "2017-12-31": "27.50", "2017-09-30": "11.36", "2017-06-30": "11.42", "2017-03-31": "12.37", "2016-12-31": "11.86", "2016-09-30": "9.53", "2016-06-30": "8.28", "2016-03-31": "9.23", "2015-12-31": "9.34", "2015-09-30": "9.14", "2015-06-30": "11.22", "2015-03-31": "9.29", "2014-12-31": "9.75", "2014-09-30": "9.97", "2014-06-30": "10.05", "2014-03-31": "9.58", "2013-12-31": "9.70", "2013-09-30": "8.71", "2013-06-30": "7.76", "2013-03-31": "8.91", "2012-12-31": "8.00", "2012-09-30": "8.58", "2012-06-30": "8.58", "2012-03-31": "6.59", "2011-12-31": "5.36", "2011-09-30": "4.59", "2011-06-30": "5.99", "2011-03-31": "6.58", "2010-12-31": "6.11", "2010-09-30": "6.40", "2010-06-30": "7.71", "2010-03-31": "14.12", "2009-12-31": "49.11", "2009-09-30": "0.00", "2009-06-30": "0.00", "2009-03-31": "0.00", "2008-12-31": "0.00", "2008-09-30": "9.82", "2008-06-30": "10.11", "2008-03-31": "10.64", "2007-12-31": "9.75", "2007-09-30": "11.72", "2007-06-30": "9.47", "2007-03-31": "9.26", "2006-12-31": "7.92"}, "price sales": {"2021-02-05": "1.66", "2020-12-31": "1.43", "2020-09-30": "1.02", "2020-06-30": "0.89", "2020-03-31": "0.69", "2019-12-31": "1.42", "2019-09-30": "1.27", "2019-06-30": "1.28", "2019-03-31": "1.16", "2018-12-31": "1.10", "2018-09-30": "1.40", "2018-06-30": "1.37", "2018-03-31": "1.46", "2017-12-31": "1.54", "2017-09-30": "1.35", "2017-06-30": "1.36", "2017-03-31": "1.47", "2016-12-31": "1.53", "2016-09-30": "1.30", "2016-06-30": "1.19", "2016-03-31": "1.35", "2015-12-31": "1.45", "2015-09-30": "1.49", "2015-06-30": "1.84", "2015-03-31": "1.67", "2014-12-31": "1.78", "2014-09-30": "1.78", "2014-06-30": "1.81", "2014-03-31": "1.68", "2013-12-31": "1.65", "2013-09-30": "1.44", "2013-06-30": "1.29", "2013-03-31": "1.14", "2012-12-31": "1.19", "2012-09-30": "1.20", "2012-06-30": "1.17", "2012-03-31": "1.19", "2011-12-31": "0.91", "2011-09-30": "0.85", "2011-06-30": "1.10", "2011-03-31": "1.10", "2010-12-31": "0.88", "2010-09-30": "0.83", "2010-06-30": "0.87", "2010-03-31": "0.91", "2009-12-31": "0.87", "2009-09-30": "0.78", "2009-06-30": "0.45", "2009-03-31": "0.24", "2008-12-31": "0.56", "2008-09-30": "0.85", "2008-06-30": "0.62", "2008-03-31": "0.79", "2007-12-31": "0.79", "2007-09-30": "1.12", "2007-06-30": "1.33", "2007-03-31": "1.28", "2006-12-31": "1.27"}, "price book": {"current": "0.87", "2021-02-05": "0.90", "2020-09-30": "0.56", "2020-06-30": "0.51", "2020-03-31": "0.40", "2019-12-31": "0.80", "2019-09-30": "0.72", "2019-06-30": "0.75", "2019-03-31": "0.70", "2018-12-31": "0.66", "2018-09-30": "0.86", "2018-06-30": "0.85", "2018-03-31": "0.91", "2017-12-31": "0.95", "2017-09-30": "0.78", "2017-06-30": "0.77", "2017-03-31": "0.82", "2016-12-31": "0.82", "2016-09-30": "0.68", "2016-06-30": "0.62", "2016-03-31": "0.69", "2015-12-31": "0.74", "2015-09-30": "0.74", "2015-06-30": "0.92", "2015-03-31": "0.85", "2014-12-31": "0.91", "2014-09-30": "0.92", "2014-06-30": "0.94", "2014-03-31": "0.92", "2013-12-31": "0.93", "2013-09-30": "0.84", "2013-06-30": "0.78", "2013-03-31": "0.68", "2012-12-31": "0.72", "2012-09-30": "0.73", "2012-06-30": "0.74", "2012-03-31": "0.76", "2011-12-31": "0.57", "2011-09-30": "0.54", "2011-06-30": "0.72", "2011-03-31": "0.75", "2010-12-31": "0.63", "2010-09-30": "0.60", "2010-06-30": "0.63", "2010-03-31": "0.67", "2009-12-31": "0.56", "2009-09-30": "0.53", "2009-06-30": "0.34", "2009-03-31": "0.15", "2008-12-31": "0.39", "2008-09-30": "0.64", "2008-06-30": "0.47", "2008-03-31": "0.61", "2007-12-31": "0.58", "2007-09-30": "0.83", "2007-06-30": "0.98", "2007-03-31": "0.96", "2006-12-31": "1.00", "2006-09-30": "1.15", "2006-06-30": "1.31", "2006-03-31": "1.29"}, "price fcf": {"2021-02-05": "", "2020-09-30": "$33.47", "2020-06-30": "$34.53", "2020-03-31": "$35.04", "2019-12-31": "$33.52", "2019-09-30": "$32.85", "2019-06-30": "$32.70", "2019-03-31": "$32.16", "2018-12-31": "$25.05", "2018-09-30": "$25.30", "2018-06-30": "$24.31", "2018-03-31": "$23.77", "2017-12-31": "$26.94", "2017-09-30": "$22.29", "2017-06-30": "$23.04", "2017-03-31": "$20.24", "2016-12-31": "$21.73", "2016-09-30": "$20.27", "2016-06-30": "$22.14", "2016-03-31": "$21.72", "2015-12-31": "$17.51", "2015-09-30": "$18.27", "2015-06-30": "$14.77", "2015-03-31": "$13.47", "2014-12-31": "$15.39", "2014-09-30": "$15.22", "2014-06-30": "$16.09", "2014-03-31": "$17.18", "2013-12-31": "$15.60", "2013-09-30": "$14.22", "2013-06-30": "$16.96", "2013-03-31": "$16.19", "2012-12-31": "$15.82", "2012-09-30": "$18.10", "2012-06-30": "$12.92", "2012-03-31": "$14.91", "2011-12-31": "$15.55", "2011-09-30": "$12.33", "2011-06-30": "$15.98", "2011-03-31": "$16.74", "2010-12-31": "$17.11", "2010-09-30": "$15.44", "2010-06-30": "$8.14", "2010-03-31": "$5.04", "2009-12-31": "$4.27", "2009-09-30": "$3.98", "2009-06-30": "$8.46", "2009-03-31": "$8.95", "2008-12-31": "$8.27", "2008-09-30": "$21.07", "2008-06-30": "$14.41", "2008-03-31": "$19.64", "2007-12-31": "$31.51", "2007-09-30": "$22.53", "2007-06-30": "$26.48", "2007-03-31": "$22.03", "2006-12-31": "$8.40"}, "net worth": {"value": "$52.36B"}, "current ratio": {"2020-12-31": "0.92", "2020-09-30": "0.92", "2020-06-30": "0.96", "2020-03-31": "1.02", "2019-12-31": "1.04", "2019-09-30": "1.02", "2019-06-30": "1.01", "2019-03-31": "1.00", "2018-12-31": "1.02", "2018-09-30": "0.99", "2018-06-30": "0.98", "2018-03-31": "1.02", "2017-12-31": "1.08", "2017-09-30": "1.07", "2017-06-30": "1.02", "2017-03-31": "1.01", "2016-12-31": "1.07", "2016-09-30": "1.07", "2016-06-30": "1.07", "2016-03-31": "1.04", "2015-12-31": "1.08", "2015-09-30": "1.02", "2015-06-30": "1.02", "2015-03-31": "1.00", "2014-12-31": "1.03", "2014-09-30": "0.99", "2014-06-30": "0.98", "2014-03-31": "0.94", "2013-12-31": "0.98", "2013-09-30": "0.93", "2013-06-30": "0.94", "2013-03-31": "0.95", "2012-12-31": "1.00", "2012-09-30": "0.96", "2012-06-30": "0.96", "2012-03-31": "0.93", "2011-12-31": "1.07", "2011-09-30": "1.03", "2011-06-30": "1.04", "2011-03-31": "1.02", "2010-12-31": "1.04", "2010-09-30": "1.07", "2010-06-30": "1.10", "2010-03-31": "1.14", "2009-12-31": "0.89", "2009-09-30": "0.91", "2009-06-30": "0.92", "2009-03-31": "0.94", "2008-12-31": "1.02", "2008-09-30": "1.07", "2008-06-30": "1.12", "2008-03-31": "1.21", "2007-12-31": "1.31", "2007-09-30": "1.27", "2007-06-30": "1.22", "2007-03-31": "1.26", "2006-12-31": "1.33", "2006-09-30": "1.53", "2006-06-30": "1.41", "2006-03-31": "1.40", "2005-12-31": "1.40", "2005-09-30": "1.79", "2005-06-30": "1.68", "2005-03-31": "1.67"}, "quick ratio": {"2020-12-31": "0.00", "2020-09-30": "0.00", "2020-06-30": "0.00", "2020-03-31": "0.00", "2019-12-31": "0.00", "2019-09-30": "0.00", "2019-06-30": "0.00", "2019-03-31": "0.00", "2018-12-31": "0.00", "2018-09-30": "0.00", "2018-06-30": "0.00", "2018-03-31": "0.00", "2017-12-31": "0.00", "2017-09-30": "0.00", "2017-06-30": "0.00", "2017-03-31": "0.00", "2016-12-31": "0.00", "2016-09-30": "0.00", "2016-06-30": "0.00", "2016-03-31": "0.00", "2015-12-31": "0.00", "2015-09-30": "0.00", "2015-06-30": "0.00", "2015-03-31": "0.00", "2014-12-31": "0.00", "2014-09-30": "0.00", "2014-06-30": "0.00", "2014-03-31": "0.00", "2013-12-31": "0.00", "2013-09-30": "0.00", "2013-06-30": "0.00", "2013-03-31": "0.00", "2012-12-31": "0.00", "2012-09-30": "0.00", "2012-06-30": "0.00", "2012-03-31": "0.00", "2011-12-31": "0.00", "2011-09-30": "0.00", "2011-06-30": "0.00", "2011-03-31": "0.00", "2010-12-31": "0.00", "2010-09-30": "0.00", "2010-06-30": "0.00", "2010-03-31": "0.00", "2009-12-31": "0.00", "2009-09-30": "0.00", "2009-06-30": "0.00", "2009-03-31": "0.00", "2008-12-31": "0.00", "2008-09-30": "0.00", "2008-06-30": "0.00", "2008-03-31": "0.00", "2007-12-31": "0.00", "2007-09-30": "0.00", "2007-06-30": "0.00", "2007-03-31": "0.00", "2006-12-31": "0.00", "2006-09-30": "0.00", "2006-06-30": "0.00", "2006-03-31": "0.00", "2005-12-31": "0.00", "2005-09-30": "0.00", "2005-06-30": "0.00", "2005-03-31": "0.00"}, "debt equity ratio": {"current": "0.66", "2020-12-31": "6.00", "2020-09-30": "6.22", "2020-06-30": "6.52", "2020-03-31": "5.98", "2019-12-31": "5.73", "2019-09-30": "5.51", "2019-06-30": "5.70", "2019-03-31": "5.98", "2018-12-31": "6.21", "2018-09-30": "6.17", "2018-06-30": "6.29", "2018-03-31": "6.38", "2017-12-31": "6.50", "2017-09-30": "6.21", "2017-06-30": "6.14", "2017-03-31": "6.26", "2016-12-31": "6.51", "2016-09-30": "6.16", "2016-06-30": "6.05", "2016-03-31": "5.92", "2015-12-31": "6.07", "2015-09-30": "5.58", "2015-06-30": "5.66", "2015-03-31": "5.70", "2014-12-31": "5.84", "2014-09-30": "5.82", "2014-06-30": "5.81", "2014-03-31": "5.79", "2013-12-31": "6.13", "2013-09-30": "5.94", "2013-06-30": "6.23", "2013-03-31": "6.27", "2012-12-31": "6.73", "2012-09-30": "6.61", "2012-06-30": "6.97", "2012-03-31": "6.97", "2011-12-31": "5.95", "2011-09-30": "5.81", "2011-06-30": "5.97", "2011-03-31": "6.23", "2010-12-31": "6.44", "2010-09-30": "6.56", "2010-06-30": "6.82", "2010-03-31": "7.23", "2009-12-31": "5.38", "2009-09-30": "5.43", "2009-06-30": "5.79", "2009-03-31": "5.63", "2008-12-31": "5.23", "2008-09-30": "5.04", "2008-06-30": "5.06", "2008-03-31": "5.12", "2007-12-31": "5.20", "2007-09-30": "4.94", "2007-06-30": "4.79", "2007-03-31": "4.72", "2006-12-31": "4.93", "2006-09-30": "4.69", "2006-06-30": "4.63", "2006-03-31": "4.89", "2005-12-31": "5.28", "2005-09-30": "4.48", "2005-06-30": "4.47", "2005-03-31": "5.20"}, "return on equity": {"2020-12-31": "4.06%", "2020-09-30": "1.62%", "2020-06-30": "-0.21%", "2020-03-31": "4.24%", "2019-12-31": "9.21%", "2019-09-30": "9.72%", "2019-06-30": "10.39%", "2019-03-31": "11.23%", "2018-12-31": "11.34%", "2018-09-30": "7.04%", "2018-06-30": "6.27%", "2018-03-31": "4.53%", "2017-12-31": "3.48%", "2017-09-30": "7.10%", "2017-06-30": "6.99%", "2017-03-31": "6.87%", "2016-12-31": "7.34%", "2016-09-30": "7.63%", "2016-06-30": "7.90%", "2016-03-31": "7.87%", "2015-12-31": "8.27%", "2015-09-30": "8.64%", "2015-06-30": "8.76%", "2015-03-31": "9.68%", "2014-12-31": "9.89%", "2014-09-30": "9.76%", "2014-06-30": "9.96%", "2014-03-31": "9.92%", "2013-12-31": "9.78%", "2013-09-30": "9.76%", "2013-06-30": "10.10%", "2013-03-31": "7.83%", "2012-12-31": "8.97%", "2012-09-30": "8.48%", "2012-06-30": "8.05%", "2012-03-31": "11.23%", "2011-12-31": "10.83%", "2011-09-30": "12.26%", "2011-06-30": "12.59%", "2011-03-31": "11.85%", "2010-12-31": "10.73%", "2010-09-30": "9.47%", "2010-06-30": "7.86%", "2010-03-31": "4.40%", "2009-12-31": "1.22%", "2009-09-30": "-5.76%", "2009-06-30": "-5.87%", "2009-03-31": "-3.08%", "2008-12-31": "-0.31%", "2008-09-30": "6.45%", "2008-06-30": "4.65%", "2008-03-31": "5.84%", "2007-12-31": "6.26%", "2007-09-30": "6.85%", "2007-06-30": "10.33%", "2007-03-31": "10.53%", "2006-12-31": "13.24%", "2006-09-30": "14.90%", "2006-06-30": "15.70%", "2006-03-31": "17.22%", "2005-12-31": "16.24%"}, "return on assets": {"2020-12-31": "0.57%", "2020-09-30": "0.23%", "2020-06-30": "-0.03%", "2020-03-31": "0.63%", "2019-12-31": "1.37%", "2019-09-30": "1.42%", "2019-06-30": "1.48%", "2019-03-31": "1.57%", "2018-12-31": "1.56%", "2018-09-30": "0.96%", "2018-06-30": "0.85%", "2018-03-31": "0.62%", "2017-12-31": "0.48%", "2017-09-30": "0.98%", "2017-06-30": "0.96%", "2017-03-31": "0.95%", "2016-12-31": "1.02%", "2016-09-30": "1.08%", "2016-06-30": "1.14%", "2016-03-31": "1.16%", "2015-12-31": "1.22%", "2015-09-30": "1.29%", "2015-06-30": "1.30%", "2015-03-31": "1.43%", "2014-12-31": "1.45%", "2014-09-30": "1.42%", "2014-06-30": "1.44%", "2014-03-31": "1.41%", "2013-12-31": "1.37%", "2013-09-30": "1.34%", "2013-06-30": "1.35%", "2013-03-31": "1.02%", "2012-12-31": "1.15%", "2012-09-30": "1.11%", "2012-06-30": "1.08%", "2012-03-31": "1.56%", "2011-12-31": "1.55%", "2011-09-30": "1.73%", "2011-06-30": "1.73%", "2011-03-31": "1.58%", "2010-12-31": "1.38%", "2010-09-30": "1.27%", "2010-06-30": "1.09%", "2010-03-31": "0.63%", "2009-12-31": "0.19%", "2009-09-30": "-0.88%", "2009-06-30": "-0.91%", "2009-03-31": "-0.49%", "2008-12-31": "-0.05%", "2008-09-30": "1.06%", "2008-06-30": "0.77%", "2008-03-31": "0.97%", "2007-12-31": "1.06%", "2007-09-30": "1.17%", "2007-06-30": "1.78%", "2007-03-31": "1.83%", "2006-12-31": "2.28%", "2006-09-30": "2.54%", "2006-06-30": "2.69%", "2006-03-31": "2.96%", "2005-12-31": "2.76%"}, "return on investments": {"2020-12-31": "3.10%", "2020-09-30": "1.49%", "2020-06-30": "-0.19%", "2020-03-31": "2.97%", "2019-12-31": "6.40%", "2019-09-30": "6.26%", "2019-06-30": "6.55%", "2019-03-31": "7.04%", "2018-12-31": "7.06%", "2018-09-30": "7.15%", "2018-06-30": "6.72%", "2018-03-31": "5.83%", "2017-12-31": "5.35%", "2017-09-30": "5.20%", "2017-06-30": "5.15%", "2017-03-31": "4.93%", "2016-12-31": "5.25%", "2016-09-30": "5.47%", "2016-06-30": "5.84%", "2016-03-31": "5.95%", "2015-12-31": "6.34%", "2015-09-30": "6.66%", "2015-06-30": "6.78%", "2015-03-31": "7.61%", "2014-12-31": "7.99%", "2014-09-30": "8.19%", "2014-06-30": "8.55%", "2014-03-31": "8.80%", "2013-12-31": "8.58%", "2013-09-30": "8.05%", "2013-06-30": "8.01%", "2013-03-31": "6.22%", "2012-12-31": "6.75%", "2012-09-30": "6.86%", "2012-06-30": "6.47%", "2012-03-31": "8.23%", "2011-12-31": "7.49%", "2011-09-30": "8.31%", "2011-06-30": "7.94%", "2011-03-31": "7.37%", "2010-12-31": "6.48%", "2010-09-30": "5.88%", "2010-06-30": "5.52%", "2010-03-31": "4.63%", "2009-12-31": "3.03%", "2009-09-30": "-1.60%", "2009-06-30": "-1.57%", "2009-03-31": "-0.85%", "2008-12-31": "1.38%", "2008-09-30": "5.20%", "2008-06-30": "6.15%", "2008-03-31": "6.87%", "2007-12-31": "6.94%", "2007-09-30": "7.14%", "2007-06-30": "6.97%", "2007-03-31": "6.95%", "2006-12-31": "8.26%", "2006-09-30": "9.11%", "2006-06-30": "9.61%", "2006-03-31": "10.35%", "2005-12-31": "9.54%"}, "return on tangible equity": {"2020-09-30": "2.18%", "2020-06-30": "-0.28%", "2020-03-31": "5.69%", "2019-12-31": "12.43%", "2019-09-30": "13.23%", "2019-06-30": "14.32%", "2019-03-31": "15.65%", "2018-12-31": "15.94%", "2018-09-30": "9.96%", "2018-06-30": "8.87%", "2018-03-31": "6.43%", "2017-12-31": "4.94%", "2017-09-30": "10.11%", "2017-06-30": "10.00%", "2017-03-31": "9.85%", "2016-12-31": "10.52%", "2016-09-30": "10.95%", "2016-06-30": "11.30%", "2016-03-31": "11.26%", "2015-12-31": "11.83%", "2015-09-30": "12.38%", "2015-06-30": "12.66%", "2015-03-31": "14.09%", "2014-12-31": "14.50%", "2014-09-30": "14.45%", "2014-06-30": "14.84%", "2014-03-31": "14.89%", "2013-12-31": "14.73%", "2013-09-30": "14.74%", "2013-06-30": "15.35%", "2013-03-31": "12.04%", "2012-12-31": "13.98%", "2012-09-30": "13.74%", "2012-06-30": "13.66%", "2012-03-31": "19.92%", "2011-12-31": "20.50%", "2011-09-30": "23.79%", "2011-06-30": "25.17%", "2011-03-31": "24.47%", "2010-12-31": "22.91%", "2010-09-30": "20.21%", "2010-06-30": "16.72%", "2010-03-31": "9.32%", "2009-12-31": "2.49%", "2009-09-30": "-11.40%", "2009-06-30": "-11.53%", "2009-03-31": "-6.01%", "2008-12-31": "-0.62%", "2008-09-30": "13.32%", "2008-06-30": "9.72%", "2008-03-31": "12.38%", "2007-12-31": "13.28%", "2007-09-30": "14.63%", "2007-06-30": "19.91%", "2007-03-31": "18.14%", "2006-12-31": "20.34%", "2006-09-30": "19.98%", "2006-06-30": "20.19%", "2006-03-31": "21.10%", "2005-12-31": "18.47%"}, "dividend yield history": {"last payout": "$0.40", "last yield": "0.35%"}}