{"ticker": "CPRI", "price": {"title": "Capri Holdings Historical Annual Stock Price Data", "value": 46.1, "historical": {"2020": {"Average Stock Price": "22.1521", "Year Open": "38.2800", "Year High": "43.7500", "Year Low": "7.5200", "Year Close": "42.0000", "Annual % Change": "10.09%"}, "2019": {"Average Stock Price": "37.6522", "Year Open": "39.3600", "Year High": "49.8300", "Year Low": "25.5700", "Year Close": "38.1500", "Annual % Change": "0.61%"}, "2018": {"Average Stock Price": "62.3269", "Year Open": "64.0300", "Year High": "75.4100", "Year Low": "36.0300", "Year Close": "37.9200", "Annual % Change": "-39.76%"}, "2017": {"Average Stock Price": "42.7875", "Year Open": "43.0800", "Year High": "64.0300", "Year Low": "33.0500", "Year Close": "62.9500", "Annual % Change": "46.46%"}, "2016": {"Average Stock Price": "48.9599", "Year Open": "40.3700", "Year High": "58.5400", "Year Low": "35.5700", "Year Close": "42.9800", "Annual % Change": "7.29%"}, "2015": {"Average Stock Price": "51.9091", "Year Open": "74.7800", "Year High": "74.7800", "Year Low": "38.0600", "Year Close": "40.0600", "Annual % Change": "-46.66%"}, "2014": {"Average Stock Price": "84.1750", "Year Open": "82.4100", "Year High": "99.8400", "Year Low": "68.8900", "Year Close": "75.1000", "Annual % Change": "-7.50%"}, "2013": {"Average Stock Price": "66.1509", "Year Open": "51.5100", "Year High": "84.1900", "Year Low": "51.5100", "Year Close": "81.1900", "Annual % Change": "59.10%"}, "2012": {"Average Stock Price": "45.0206", "Year Open": "27.1500", "Year High": "57.3500", "Year Low": "26.0000", "Year Close": "51.0300", "Annual % Change": "87.27%"}, "2011": {"Average Stock Price": "26.2300", "Year Open": "24.2000", "Year High": "27.4100", "Year Low": "24.1000", "Year Close": "27.2500", "Annual % Change": "0.00%"}}}, "market cap": {"value": "$6.96B"}, "income statement": {"Revenue": {"2020-03-31": "5551.00000", "2019-03-31": "5238.00000", "2018-03-31": "4719.00000", "2017-03-31": "4494.00000", "2016-03-31": "4712.10000", "2015-03-31": "4371.50000", "2014-03-31": "3310.80000", "2013-03-31": "2181.73200", "2012-03-31": "1302.25400", "2011-03-31": "803.33900", "2010-03-31": "508.09900", "2009-03-31": "397.07400"}, "Cost Of Goods Sold": {"2020-03-31": "2280.00000", "2019-03-31": "2058.00000", "2018-03-31": "1860.00000", "2017-03-31": "1833.00000", "2016-03-31": "1914.90000", "2015-03-31": "1723.80000", "2014-03-31": "1294.70000", "2013-03-31": "875.16600", "2012-03-31": "549.15800", "2011-03-31": "357.27400", "2010-03-31": "241.36500", "2009-03-31": "208.28300"}, "Gross Profit": {"2020-03-31": "3271.00000", "2019-03-31": "3180.00000", "2018-03-31": "2859.00000", "2017-03-31": "2661.00000", "2016-03-31": "2797.20000", "2015-03-31": "2647.70000", "2014-03-31": "2016.10000", "2013-03-31": "1306.56600", "2012-03-31": "753.09600", "2011-03-31": "446.06500", "2010-03-31": "266.73400", "2009-03-31": "188.79100"}, "Research And Development Expenses": {"2020-03-31": "", "2019-03-31": "", "2018-03-31": "", "2017-03-31": "", "2016-03-31": "", "2015-03-31": "", "2014-03-31": "", "2013-03-31": "", "2012-03-31": "", "2011-03-31": "", "2010-03-31": "", "2009-03-31": ""}, "SG&A Expenses": {"2020-03-31": "2464.00000", "2019-03-31": "2075.00000", "2018-03-31": "1767.00000", "2017-03-31": "1541.00000", "2016-03-31": "1428.00000", "2015-03-31": "1251.50000", "2014-03-31": "926.90000", "2013-03-31": "621.53600", "2012-03-31": "464.56800", "2011-03-31": "279.82200", "2010-03-31": "191.71700", "2009-03-31": "147.49000"}, "Other Operating Income Or Expenses": {"2020-03-31": "-708.00000", "2019-03-31": "-21.00000", "2018-03-31": "-33.00000", "2017-03-31": "-199.00000", "2016-03-31": "-10.90000", "2015-03-31": "-0.80000", "2014-03-31": "-1.30000", "2013-03-31": "-0.72500", "2012-03-31": "-3.29200", "2011-03-31": "-3.83400", "2010-03-31": "", "2009-03-31": "-3.04300"}, "Operating Expenses": {"2020-03-31": "5743.00000", "2019-03-31": "4503.00000", "2018-03-31": "3970.00000", "2017-03-31": "3804.00000", "2016-03-31": "3537.00000", "2015-03-31": "3114.50000", "2014-03-31": "2302.60000", "2013-03-31": "1551.71800", "2012-03-31": "1054.57200", "2011-03-31": "666.47300", "2010-03-31": "451.92500", "2009-03-31": "372.83600"}, "Operating Income": {"2020-03-31": "-192.00000", "2019-03-31": "735.00000", "2018-03-31": "749.00000", "2017-03-31": "690.00000", "2016-03-31": "1175.10000", "2015-03-31": "1257.00000", "2014-03-31": "1008.20000", "2013-03-31": "630.01390", "2012-03-31": "247.68200", "2011-03-31": "136.86600", "2010-03-31": "56.17400", "2009-03-31": "24.23800"}, "Total Non-Operating Income/Expense": {"2020-03-31": "-23.00000", "2019-03-31": "-114.00000", "2018-03-31": "-7.00000", "2017-03-31": "-1.00000", "2016-03-31": "-2.80000", "2015-03-31": "-1.20000", "2014-03-31": "-0.50000", "2013-03-31": "-2.88700", "2012-03-31": "1.13400", "2011-03-31": "-3.64700", "2010-03-31": "-1.22700", "2009-03-31": "-1.99100"}, "Pre-Tax Income": {"2020-03-31": "-215.00000", "2019-03-31": "621.00000", "2018-03-31": "742.00000", "2017-03-31": "689.00000", "2016-03-31": "1172.30000", "2015-03-31": "1255.80000", "2014-03-31": "1007.70000", "2013-03-31": "627.12700", "2012-03-31": "248.81600", "2011-03-31": "133.21900", "2010-03-31": "54.94700", "2009-03-31": "22.24700"}, "Income Taxes": {"2020-03-31": "10.00000", "2019-03-31": "79.00000", "2018-03-31": "150.00000", "2017-03-31": "137.00000", "2016-03-31": "334.60000", "2015-03-31": "374.80000", "2014-03-31": "346.20000", "2013-03-31": "229.52500", "2012-03-31": "101.45200", "2011-03-31": "60.71300", "2010-03-31": "15.69900", "2009-03-31": "9.20800"}, "Income After Taxes": {"2020-03-31": "-225.00000", "2019-03-31": "542.00000", "2018-03-31": "592.00000", "2017-03-31": "552.00000", "2016-03-31": "837.70010", "2015-03-31": "881.00010", "2014-03-31": "661.50000", "2013-03-31": "397.60200", "2012-03-31": "147.36400", "2011-03-31": "72.50600", "2010-03-31": "39.24800", "2009-03-31": "13.03900"}, "Other Income": {"2020-03-31": "", "2019-03-31": "", "2018-03-31": "", "2017-03-31": "", "2016-03-31": "", "2015-03-31": "", "2014-03-31": "", "2013-03-31": "", "2012-03-31": "", "2011-03-31": "", "2010-03-31": "", "2009-03-31": ""}, "Income From Continuous Operations": {"2020-03-31": "-225.00000", "2019-03-31": "542.00000", "2018-03-31": "592.00000", "2017-03-31": "552.00000", "2016-03-31": "837.70010", "2015-03-31": "881.00010", "2014-03-31": "661.50000", "2013-03-31": "397.60200", "2012-03-31": "147.36400", "2011-03-31": "72.50600", "2010-03-31": "39.24800", "2009-03-31": "13.03900"}, "Income From Discontinued Operations": {"2020-03-31": "", "2019-03-31": "", "2018-03-31": "", "2017-03-31": "", "2016-03-31": "", "2015-03-31": "", "2014-03-31": "", "2013-03-31": "", "2012-03-31": "", "2011-03-31": "", "2010-03-31": "", "2009-03-31": ""}, "Net Income": {"2020-03-31": "-223.00000", "2019-03-31": "543.00000", "2018-03-31": "592.00000", "2017-03-31": "553.00000", "2016-03-31": "839.10000", "2015-03-31": "881.00000", "2014-03-31": "661.50000", "2013-03-31": "397.60200", "2012-03-31": "126.13700", "2011-03-31": "56.87700", "2010-03-31": "30.78800", "2009-03-31": "10.22800"}, "EBITDA": {"2020-03-31": "65.00000", "2019-03-31": "964.00000", "2018-03-31": "961.00000", "2017-03-31": "1110.00000", "2016-03-31": "1361.80000", "2015-03-31": "1401.20000", "2014-03-31": "1094.90000", "2013-03-31": "688.25290", "2012-03-31": "289.94800", "2011-03-31": "167.43600", "2010-03-31": "76.64800", "2009-03-31": "39.72300"}, "EBIT": {"2020-03-31": "-192.00000", "2019-03-31": "735.00000", "2018-03-31": "749.00000", "2017-03-31": "690.00000", "2016-03-31": "1175.10000", "2015-03-31": "1257.00000", "2014-03-31": "1008.20000", "2013-03-31": "630.01390", "2012-03-31": "247.68200", "2011-03-31": "136.86600", "2010-03-31": "56.17400", "2009-03-31": "24.23800"}, "Basic Shares Outstanding": {"2020-03-31": "150.71460", "2019-03-31": "149.76550", "2018-03-31": "152.28360", "2017-03-31": "165.98670", "2016-03-31": "186.29300", "2015-03-31": "202.68100", "2014-03-31": "202.58300", "2013-03-31": "196.61500", "2012-03-31": "158.25800", "2011-03-31": "140.55440", "2010-03-31": "140.55400", "2009-03-31": "140.55400"}, "Shares Outstanding": {"2020-03-31": "150.71460", "2019-03-31": "151.61430", "2018-03-31": "155.10290", "2017-03-31": "168.12380", "2016-03-31": "189.05400", "2015-03-31": "205.86600", "2014-03-31": "205.63800", "2013-03-31": "201.54000", "2012-03-31": "189.29900", "2011-03-31": "179.17730", "2010-03-31": "179.17700", "2009-03-31": "179.17700"}, "Basic EPS": {"2020-03-31": "-1.48000", "2019-03-31": "3.62000", "2018-03-31": "3.89000", "2017-03-31": "3.33000", "2016-03-31": "4.50000", "2015-03-31": "4.35000", "2014-03-31": "3.27000", "2013-03-31": "2.02000", "2012-03-31": "0.80000", "2011-03-31": "0.40000", "2010-03-31": "0.22000", "2009-03-31": "0.07000"}, "EPS - Earnings Per Share": {"2020-03-31": "-1.48000", "2019-03-31": "3.58000", "2018-03-31": "3.82000", "2017-03-31": "3.29000", "2016-03-31": "4.44000", "2015-03-31": "4.28000", "2014-03-31": "3.22000", "2013-03-31": "1.97000", "2012-03-31": "0.78000", "2011-03-31": "0.40000", "2010-03-31": "0.22000", "2009-03-31": "0.07000"}}, "income statement, quarterly": {"Revenue": {"2020-12-31": "1302.00000", "2020-09-30": "1110.00000", "2020-06-30": "451.00000", "2020-03-31": "1192.00000", "2019-12-31": "1571.00000", "2019-09-30": "1442.00000", "2019-06-30": "1346.00000", "2019-03-31": "1344.00000", "2018-12-31": "1438.00000", "2018-09-30": "1253.00000", "2018-06-30": "1203.00000", "2018-03-31": "1179.90000", "2017-12-31": "1440.10000", "2017-09-30": "1146.60000", "2017-06-30": "952.40000", "2017-03-31": "1065.10000", "2016-12-31": "1352.80000", "2016-09-30": "1088.20000", "2016-06-30": "987.90000", "2016-03-31": "1198.70000", "2015-12-31": "1397.40000", "2015-09-30": "1130.00000", "2015-06-30": "986.00000", "2015-03-31": "1081.01500", "2014-12-31": "1314.72600", "2014-09-30": "1056.60500", "2014-06-30": "919.15400", "2014-03-31": "917.40910", "2013-12-31": "1012.22900", "2013-09-30": "740.30300", "2013-06-30": "640.85900", "2013-03-31": "597.15390", "2012-12-31": "636.77800", "2012-09-30": "532.93500", "2012-06-30": "414.86500", "2012-03-31": "379.99000", "2011-12-31": "373.60600", "2011-09-30": "305.53200", "2011-06-30": "243.12600", "2011-03-31": "", "2010-12-31": "222.45200", "2010-03-31": "", "2009-03-31": ""}, "Cost Of Goods Sold": {"2020-12-31": "454.00000", "2020-09-30": "400.00000", "2020-06-30": "149.00000", "2020-03-31": "561.00000", "2019-12-31": "639.00000", "2019-09-30": "568.00000", "2019-06-30": "512.00000", "2019-03-31": "551.00000", "2018-12-31": "565.00000", "2018-09-30": "490.00000", "2018-06-30": "452.00000", "2018-03-31": "470.40000", "2017-12-31": "556.10000", "2017-09-30": "455.80000", "2017-06-30": "377.70000", "2017-03-31": "445.80000", "2016-12-31": "547.10000", "2016-09-30": "443.50000", "2016-06-30": "396.60000", "2016-03-31": "501.50000", "2015-12-31": "565.50000", "2015-09-30": "465.50000", "2015-06-30": "382.40000", "2015-03-31": "450.11800", "2014-12-31": "514.58300", "2014-09-30": "411.57800", "2014-06-30": "347.52100", "2014-03-31": "367.95300", "2013-12-31": "392.73100", "2013-09-30": "290.42800", "2013-06-30": "243.58800", "2013-03-31": "240.93900", "2012-12-31": "253.32700", "2012-09-30": "217.03500", "2012-06-30": "163.86500", "2012-03-31": "160.87000", "2011-12-31": "151.70100", "2011-09-30": "130.43200", "2011-06-30": "106.15700", "2011-03-31": "", "2010-12-31": "", "2010-03-31": "", "2009-03-31": ""}, "Gross Profit": {"2020-12-31": "848.00000", "2020-09-30": "710.00000", "2020-06-30": "302.00000", "2020-03-31": "631.00000", "2019-12-31": "932.00000", "2019-09-30": "874.00000", "2019-06-30": "834.00000", "2019-03-31": "793.00000", "2018-12-31": "873.00000", "2018-09-30": "763.00000", "2018-06-30": "751.00000", "2018-03-31": "709.49980", "2017-12-31": "884.00000", "2017-09-30": "690.80000", "2017-06-30": "574.70000", "2017-03-31": "619.29990", "2016-12-31": "805.70010", "2016-09-30": "644.70000", "2016-06-30": "591.30000", "2016-03-31": "697.20020", "2015-12-31": "831.90000", "2015-09-30": "664.50000", "2015-06-30": "603.60000", "2015-03-31": "630.89690", "2014-12-31": "800.14290", "2014-09-30": "645.02700", "2014-06-30": "571.63300", "2014-03-31": "549.45610", "2013-12-31": "619.49800", "2013-09-30": "449.87500", "2013-06-30": "397.27100", "2013-03-31": "356.21490", "2012-12-31": "383.45100", "2012-09-30": "315.90000", "2012-06-30": "251.00000", "2012-03-31": "219.12000", "2011-12-31": "221.90500", "2011-09-30": "175.10000", "2011-06-30": "136.96900", "2011-03-31": "", "2010-12-31": "222.45200", "2010-03-31": "", "2009-03-31": ""}, "Research And Development Expenses": {"2020-12-31": "", "2020-09-30": "", "2020-06-30": "", "2020-03-31": "", "2019-12-31": "", "2019-09-30": "", "2019-06-30": "", "2019-03-31": "", "2018-12-31": "", "2018-09-30": "", "2018-06-30": "", "2018-03-31": "", "2017-12-31": "", "2017-09-30": "", "2017-06-30": "", "2017-03-31": "", "2016-12-31": "", "2016-09-30": "", "2016-06-30": "", "2016-03-31": "", "2015-12-31": "", "2015-09-30": "", "2015-06-30": "", "2015-03-31": "", "2014-12-31": "", "2014-09-30": "", "2014-06-30": "", "2014-03-31": "", "2013-12-31": "", "2013-09-30": "", "2013-06-30": "", "2013-03-31": "", "2012-12-31": "", "2012-09-30": "", "2012-06-30": "", "2012-03-31": "0.00000", "2011-12-31": "", "2011-09-30": "", "2011-06-30": "", "2011-03-31": "", "2010-12-31": "", "2010-03-31": "", "2009-03-31": ""}, "SG&A Expenses": {"2020-12-31": "538.00000", "2020-09-30": "474.00000", "2020-06-30": "402.00000", "2020-03-31": "613.00000", "2019-12-31": "630.00000", "2019-09-30": "623.00000", "2019-06-30": "598.00000", "2019-03-31": "609.00000", "2018-12-31": "507.00000", "2018-09-30": "494.00000", "2018-06-30": "465.00000", "2018-03-31": "498.30000", "2017-12-31": "485.90000", "2017-09-30": "405.10000", "2017-06-30": "377.70000", "2017-03-31": "399.70000", "2016-12-31": "407.60000", "2016-09-30": "379.70000", "2016-06-30": "354.00000", "2016-03-31": "391.70000", "2015-12-31": "377.60000", "2015-09-30": "345.30000", "2015-06-30": "313.40000", "2015-03-31": "336.05700", "2014-12-31": "344.17400", "2014-09-30": "305.40500", "2014-06-30": "265.86400", "2014-03-31": "278.20500", "2013-12-31": "254.60300", "2013-09-30": "210.35800", "2013-06-30": "183.73400", "2013-03-31": "184.97600", "2012-12-31": "164.84400", "2012-09-30": "145.71400", "2012-06-30": "126.00200", "2012-03-31": "130.38000", "2011-12-31": "143.40000", "2011-09-30": "107.30700", "2011-06-30": "83.49200", "2011-03-31": "", "2010-12-31": "", "2010-03-31": "", "2009-03-31": ""}, "Other Operating Income Or Expenses": {"2020-12-31": "-90.00000", "2020-09-30": "-20.00000", "2020-06-30": "", "2020-03-31": "-488.00000", "2019-12-31": "-19.00000", "2019-09-30": "-104.00000", "2019-06-30": "-97.00000", "2019-03-31": "-4.00000", "2018-12-31": "-6.00000", "2018-09-30": "-7.00000", "2018-06-30": "-4.00000", "2018-03-31": "-14.10000", "2017-12-31": "-2.60000", "2017-09-30": "-16.30000", "2017-06-30": "", "2017-03-31": "-193.60000", "2016-12-31": "-0.50000", "2016-09-30": "-4.90000", "2016-06-30": "", "2016-03-31": "", "2015-12-31": "", "2015-09-30": "", "2015-06-30": "", "2015-03-31": "", "2014-12-31": "", "2014-09-30": "", "2014-06-30": "", "2014-03-31": "", "2013-12-31": "", "2013-09-30": "", "2013-06-30": "", "2013-03-31": "", "2012-12-31": "", "2012-09-30": "", "2012-06-30": "", "2012-03-31": "", "2011-12-31": "-3.29200", "2011-09-30": "", "2011-06-30": "", "2011-03-31": "", "2010-12-31": "", "2010-03-31": "", "2009-03-31": ""}, "Operating Expenses": {"2020-12-31": "1135.00000", "2020-09-30": "957.00000", "2020-06-30": "613.00000", "2020-03-31": "1728.00000", "2019-12-31": "1366.00000", "2019-09-30": "1367.00000", "2019-06-30": "1282.00000", "2019-03-31": "1304.00000", "2018-12-31": "1148.00000", "2018-09-30": "1063.00000", "2018-06-30": "988.00000", "2018-03-31": "1092.90000", "2017-12-31": "1126.60000", "2017-09-30": "947.49990", "2017-06-30": "803.00000", "2017-03-31": "1107.60000", "2016-12-31": "1010.90000", "2016-09-30": "884.50000", "2016-06-30": "801.00000", "2016-03-31": "954.59990", "2015-12-31": "988.10000", "2015-09-30": "856.90000", "2015-06-30": "737.40000", "2015-03-31": "824.82120", "2014-12-31": "896.24900", "2014-09-30": "751.04700", "2014-06-30": "642.38300", "2014-03-31": "671.47080", "2013-12-31": "668.98900", "2013-09-30": "518.84300", "2013-06-30": "443.29700", "2013-03-31": "441.85000", "2012-12-31": "431.93900", "2012-09-30": "375.00700", "2012-06-30": "302.92200", "2012-03-31": "301.17000", "2011-12-31": "309.01900", "2011-09-30": "246.25400", "2011-06-30": "198.15000", "2011-03-31": "", "2010-12-31": "", "2010-03-31": "", "2009-03-31": ""}, "Operating Income": {"2020-12-31": "167.00000", "2020-09-30": "153.00000", "2020-06-30": "-162.00000", "2020-03-31": "-536.00000", "2019-12-31": "205.00000", "2019-09-30": "75.00000", "2019-06-30": "64.00000", "2019-03-31": "40.00000", "2018-12-31": "290.00000", "2018-09-30": "190.00000", "2018-06-30": "215.00000", "2018-03-31": "86.99990", "2017-12-31": "313.50000", "2017-09-30": "199.10000", "2017-06-30": "149.40000", "2017-03-31": "-42.50010", "2016-12-31": "341.90000", "2016-09-30": "203.70000", "2016-06-30": "186.90000", "2016-03-31": "244.10030", "2015-12-31": "409.30000", "2015-09-30": "273.10000", "2015-06-30": "248.60000", "2015-03-31": "256.19370", "2014-12-31": "418.47690", "2014-09-30": "305.55800", "2014-06-30": "276.77100", "2014-03-31": "245.93820", "2013-12-31": "343.24000", "2013-09-30": "221.46000", "2013-06-30": "197.56200", "2013-03-31": "155.30380", "2012-12-31": "204.83900", "2012-09-30": "157.92800", "2012-06-30": "111.94300", "2012-03-31": "78.82000", "2011-12-31": "64.58700", "2011-09-30": "59.27800", "2011-06-30": "44.97600", "2011-03-31": "", "2010-12-31": "222.45200", "2010-03-31": "", "2009-03-31": ""}, "Total Non-Operating Income/Expense": {"2020-12-31": "6.00000", "2020-09-30": "-12.00000", "2020-06-30": "-13.00000", "2020-03-31": "-4.00000", "2019-12-31": "", "2019-09-30": "-6.00000", "2019-06-30": "-13.00000", "2019-03-31": "-18.00000", "2018-12-31": "-48.00000", "2018-09-30": "-38.00000", "2018-06-30": "-10.00000", "2018-03-31": "-12.50000", "2017-12-31": "-35.20000", "2017-09-30": "40.00000", "2017-06-30": "0.70000", "2017-03-31": "1.60000", "2016-12-31": "-0.20000", "2016-09-30": "-1.10000", "2016-06-30": "-1.30000", "2016-03-31": "1.40000", "2015-12-31": "-0.70000", "2015-09-30": "-1.90000", "2015-06-30": "-1.60000", "2015-03-31": "2.49700", "2014-12-31": "-1.46700", "2014-09-30": "-1.46100", "2014-06-30": "-0.76900", "2014-03-31": "0.18800", "2013-12-31": "-0.11200", "2013-09-30": "-0.14800", "2013-06-30": "-0.42800", "2013-03-31": "-0.74900", "2012-12-31": "-1.79800", "2012-09-30": "-0.28000", "2012-06-30": "-0.06000", "2012-03-31": "-1.68000", "2011-12-31": "1.73900", "2011-09-30": "3.24700", "2011-06-30": "-2.17800", "2011-03-31": "", "2010-12-31": "", "2010-03-31": "", "2009-03-31": ""}, "Pre-Tax Income": {"2020-12-31": "173.00000", "2020-09-30": "141.00000", "2020-06-30": "-175.00000", "2020-03-31": "-540.00000", "2019-12-31": "205.00000", "2019-09-30": "69.00000", "2019-06-30": "51.00000", "2019-03-31": "22.00000", "2018-12-31": "242.00000", "2018-09-30": "152.00000", "2018-06-30": "205.00000", "2018-03-31": "74.50000", "2017-12-31": "278.30000", "2017-09-30": "239.10000", "2017-06-30": "150.10000", "2017-03-31": "-40.90000", "2016-12-31": "341.70000", "2016-09-30": "202.60000", "2016-06-30": "185.60000", "2016-03-31": "245.50010", "2015-12-31": "408.60000", "2015-09-30": "271.20000", "2015-06-30": "247.00000", "2015-03-31": "258.69100", "2014-12-31": "417.01000", "2014-09-30": "304.09700", "2014-06-30": "276.00200", "2014-03-31": "246.12600", "2013-12-31": "343.12800", "2013-09-30": "221.31200", "2013-06-30": "197.13400", "2013-03-31": "154.55500", "2012-12-31": "203.04100", "2012-09-30": "157.64800", "2012-06-30": "111.88300", "2012-03-31": "77.18000", "2011-12-31": "66.32600", "2011-09-30": "62.52500", "2011-06-30": "42.79800", "2011-03-31": "", "2010-12-31": "222.45200", "2010-03-31": "", "2009-03-31": ""}, "Income Taxes": {"2020-12-31": "-5.00000", "2020-09-30": "20.00000", "2020-06-30": "5.00000", "2020-03-31": "12.00000", "2019-12-31": "-4.00000", "2019-09-30": "-4.00000", "2019-06-30": "6.00000", "2019-03-31": "3.00000", "2018-12-31": "42.00000", "2018-09-30": "15.00000", "2018-06-30": "19.00000", "2018-03-31": "30.10000", "2017-12-31": "58.90000", "2017-09-30": "36.40000", "2017-06-30": "24.60000", "2017-03-31": "-14.60000", "2016-12-31": "70.40000", "2016-09-30": "41.90000", "2016-06-30": "39.30000", "2016-03-31": "69.20000", "2015-12-31": "114.40000", "2015-09-30": "78.40000", "2015-06-30": "72.60000", "2015-03-31": "76.07200", "2014-12-31": "113.33500", "2014-09-30": "97.10700", "2014-06-30": "88.28600", "2014-03-31": "85.07300", "2013-12-31": "113.48500", "2013-09-30": "75.50400", "2013-06-30": "72.13800", "2013-03-31": "53.45400", "2012-12-31": "73.01300", "2012-09-30": "59.82000", "2012-06-30": "43.23800", "2012-03-31": "33.57000", "2011-12-31": "27.29500", "2011-09-30": "21.91900", "2011-06-30": "18.68300", "2011-03-31": "", "2010-12-31": "", "2010-03-31": "", "2009-03-31": ""}, "Income After Taxes": {"2020-12-31": "178.00000", "2020-09-30": "121.00000", "2020-06-30": "-180.00000", "2020-03-31": "-552.00000", "2019-12-31": "209.00000", "2019-09-30": "73.00000", "2019-06-30": "45.00000", "2019-03-31": "19.00000", "2018-12-31": "200.00000", "2018-09-30": "137.00000", "2018-06-30": "186.00000", "2018-03-31": "44.40000", "2017-12-31": "219.40000", "2017-09-30": "202.70000", "2017-06-30": "125.50000", "2017-03-31": "-26.30000", "2016-12-31": "271.30000", "2016-09-30": "160.70000", "2016-06-30": "146.30000", "2016-03-31": "176.30000", "2015-12-31": "294.20000", "2015-09-30": "192.80000", "2015-06-30": "174.40000", "2015-03-31": "182.61910", "2014-12-31": "303.67500", "2014-09-30": "206.99000", "2014-06-30": "187.71600", "2014-03-31": "161.05300", "2013-12-31": "229.64300", "2013-09-30": "145.80800", "2013-06-30": "124.99600", "2013-03-31": "101.10100", "2012-12-31": "130.02800", "2012-09-30": "97.82800", "2012-06-30": "68.64500", "2012-03-31": "43.61000", "2011-12-31": "39.03100", "2011-09-30": "40.60600", "2011-06-30": "24.11500", "2011-03-31": "", "2010-12-31": "222.45200", "2010-03-31": "", "2009-03-31": ""}, "Other Income": {"2020-12-31": "", "2020-09-30": "", "2020-06-30": "", "2020-03-31": "", "2019-12-31": "", "2019-09-30": "", "2019-06-30": "", "2019-03-31": "", "2018-12-31": "", "2018-09-30": "", "2018-06-30": "", "2018-03-31": "", "2017-12-31": "", "2017-09-30": "", "2017-06-30": "", "2017-03-31": "", "2016-12-31": "", "2016-09-30": "", "2016-06-30": "", "2016-03-31": "", "2015-12-31": "", "2015-09-30": "", "2015-06-30": "", "2015-03-31": "", "2014-12-31": "", "2014-09-30": "", "2014-06-30": "", "2014-03-31": "", "2013-12-31": "", "2013-09-30": "", "2013-06-30": "", "2013-03-31": "", "2012-12-31": "", "2012-09-30": "", "2012-06-30": "", "2012-03-31": "0.00000", "2011-12-31": "", "2011-09-30": "", "2011-06-30": "", "2011-03-31": "", "2010-12-31": "", "2010-03-31": "", "2009-03-31": ""}, "Income From Continuous Operations": {"2020-12-31": "178.00000", "2020-09-30": "121.00000", "2020-06-30": "-180.00000", "2020-03-31": "-552.00000", "2019-12-31": "209.00000", "2019-09-30": "73.00000", "2019-06-30": "45.00000", "2019-03-31": "19.00000", "2018-12-31": "200.00000", "2018-09-30": "137.00000", "2018-06-30": "186.00000", "2018-03-31": "44.40000", "2017-12-31": "219.40000", "2017-09-30": "202.70000", "2017-06-30": "125.50000", "2017-03-31": "-26.30000", "2016-12-31": "271.30000", "2016-09-30": "160.70000", "2016-06-30": "146.30000", "2016-03-31": "176.30000", "2015-12-31": "294.20000", "2015-09-30": "192.80000", "2015-06-30": "174.40000", "2015-03-31": "182.61910", "2014-12-31": "303.67500", "2014-09-30": "206.99000", "2014-06-30": "187.71600", "2014-03-31": "161.05300", "2013-12-31": "229.64300", "2013-09-30": "145.80800", "2013-06-30": "124.99600", "2013-03-31": "101.10100", "2012-12-31": "130.02800", "2012-09-30": "97.82800", "2012-06-30": "68.64500", "2012-03-31": "43.61200", "2011-12-31": "39.03100", "2011-09-30": "40.60600", "2011-06-30": "24.11500", "2011-03-31": "", "2010-12-31": "27.79000", "2010-03-31": "", "2009-03-31": ""}, "Income From Discontinued Operations": {"2020-12-31": "", "2020-09-30": "", "2020-06-30": "", "2020-03-31": "", "2019-12-31": "", "2019-09-30": "", "2019-06-30": "", "2019-03-31": "", "2018-12-31": "", "2018-09-30": "", "2018-06-30": "", "2018-03-31": "", "2017-12-31": "", "2017-09-30": "", "2017-06-30": "", "2017-03-31": "", "2016-12-31": "", "2016-09-30": "", "2016-06-30": "", "2016-03-31": "", "2015-12-31": "", "2015-09-30": "", "2015-06-30": "", "2015-03-31": "", "2014-12-31": "", "2014-09-30": "", "2014-06-30": "", "2014-03-31": "", "2013-12-31": "", "2013-09-30": "", "2013-06-30": "", "2013-03-31": "", "2012-12-31": "", "2012-09-30": "", "2012-06-30": "", "2012-03-31": "0.00000", "2011-12-31": "", "2011-09-30": "", "2011-06-30": "", "2011-03-31": "", "2010-12-31": "0.00000", "2010-03-31": "", "2009-03-31": ""}, "Net Income": {"2020-12-31": "179.00000", "2020-09-30": "122.00000", "2020-06-30": "-180.00000", "2020-03-31": "-551.00000", "2019-12-31": "210.00000", "2019-09-30": "73.00000", "2019-06-30": "45.00000", "2019-03-31": "19.00000", "2018-12-31": "200.00000", "2018-09-30": "138.00000", "2018-06-30": "186.00000", "2018-03-31": "44.20000", "2017-12-31": "219.40000", "2017-09-30": "202.90000", "2017-06-30": "125.50000", "2017-03-31": "-26.30000", "2016-12-31": "271.30000", "2016-09-30": "160.90000", "2016-06-30": "147.10000", "2016-03-31": "177.00000", "2015-12-31": "294.60000", "2015-09-30": "193.10000", "2015-06-30": "174.40000", "2015-03-31": "182.61900", "2014-12-31": "303.67500", "2014-09-30": "206.99000", "2014-06-30": "187.71600", "2014-03-31": "161.05300", "2013-12-31": "229.64300", "2013-09-30": "145.80800", "2013-06-30": "124.99600", "2013-03-31": "101.10100", "2012-12-31": "130.02800", "2012-09-30": "97.82800", "2012-06-30": "68.64500", "2012-03-31": "43.61200", "2011-12-31": "31.99900", "2011-09-30": "31.63100", "2011-06-30": "18.91700", "2011-03-31": "", "2010-12-31": "27.79000", "2010-03-31": "", "2009-03-31": ""}, "EBITDA": {"2020-12-31": "221.00000", "2020-09-30": "208.00000", "2020-06-30": "-107.00000", "2020-03-31": "-473.00000", "2019-12-31": "271.00000", "2019-09-30": "142.00000", "2019-06-30": "125.00000", "2019-03-31": "106.00000", "2018-12-31": "342.00000", "2018-09-30": "244.00000", "2018-06-30": "272.00000", "2018-03-31": "146.59990", "2017-12-31": "369.50000", "2017-09-30": "247.70000", "2017-06-30": "197.20000", "2017-03-31": "212.79990", "2016-12-31": "397.30000", "2016-09-30": "261.30000", "2016-06-30": "238.60000", "2016-03-31": "295.50030", "2015-12-31": "454.80000", "2015-09-30": "320.60000", "2015-06-30": "290.90000", "2015-03-31": "295.34670", "2014-12-31": "456.94190", "2014-09-30": "341.41800", "2014-06-30": "307.49300", "2014-03-31": "271.27520", "2013-12-31": "366.63700", "2013-09-30": "241.96900", "2013-06-30": "215.01900", "2013-03-31": "171.82180", "2012-12-31": "218.94000", "2012-09-30": "171.11000", "2012-06-30": "126.38100", "2012-03-31": "90.45300", "2011-12-31": "75.80400", "2011-09-30": "68.86600", "2011-06-30": "54.79800", "2011-03-31": "", "2010-12-31": "222.45200", "2010-03-31": "", "2009-03-31": ""}, "EBIT": {"2020-12-31": "167.00000", "2020-09-30": "153.00000", "2020-06-30": "-162.00000", "2020-03-31": "-536.00000", "2019-12-31": "205.00000", "2019-09-30": "75.00000", "2019-06-30": "64.00000", "2019-03-31": "40.00000", "2018-12-31": "290.00000", "2018-09-30": "190.00000", "2018-06-30": "215.00000", "2018-03-31": "86.99990", "2017-12-31": "313.50000", "2017-09-30": "199.10000", "2017-06-30": "149.40000", "2017-03-31": "-42.50000", "2016-12-31": "341.90000", "2016-09-30": "203.70000", "2016-06-30": "186.90000", "2016-03-31": "244.10010", "2015-12-31": "409.30000", "2015-09-30": "273.10000", "2015-06-30": "248.60000", "2015-03-31": "256.19380", "2014-12-31": "418.47690", "2014-09-30": "305.55800", "2014-06-30": "276.77100", "2014-03-31": "245.93820", "2013-12-31": "343.24000", "2013-09-30": "221.46000", "2013-06-30": "197.56200", "2013-03-31": "155.30390", "2012-12-31": "204.83900", "2012-09-30": "157.92800", "2012-06-30": "111.94300", "2012-03-31": "78.82000", "2011-12-31": "64.58700", "2011-09-30": "59.27800", "2011-06-30": "44.97600", "2011-03-31": "", "2010-12-31": "222.45200", "2010-03-31": "", "2009-03-31": ""}, "Basic Shares Outstanding": {"2020-12-31": "150.66130", "2020-09-30": "150.49230", "2020-06-30": "149.55630", "2020-03-31": "150.71460", "2019-12-31": "150.82620", "2019-09-30": "151.60250", "2019-06-30": "151.04960", "2019-03-31": "149.76550", "2018-12-31": "149.18300", "2018-09-30": "149.57510", "2018-06-30": "149.50210", "2018-03-31": "152.28360", "2017-12-31": "152.04800", "2017-09-30": "151.78100", "2017-06-30": "154.48690", "2017-03-31": "165.98670", "2016-12-31": "163.14860", "2016-09-30": "166.69560", "2016-06-30": "174.15860", "2016-03-31": "186.29300", "2015-12-31": "182.17600", "2015-09-30": "188.85740", "2015-06-30": "196.97700", "2015-03-31": "202.68100", "2014-12-31": "202.66900", "2014-09-30": "204.46500", "2014-06-30": "203.75000", "2014-03-31": "202.58300", "2013-12-31": "203.17500", "2013-09-30": "202.56100", "2013-06-30": "201.20800", "2013-03-31": "196.61500", "2012-12-31": "199.29150", "2012-09-30": "194.32390", "2012-06-30": "192.79050", "2012-03-31": "191.18400", "2011-12-31": "154.73840", "2011-09-30": "146.55600", "2011-06-30": "140.55400", "2011-03-31": "", "2010-12-31": "140.55400", "2010-03-31": "", "2009-03-31": ""}, "Shares Outstanding": {"2020-12-31": "151.95810", "2020-09-30": "151.67720", "2020-06-30": "149.55630", "2020-03-31": "150.71460", "2019-12-31": "152.15440", "2019-09-30": "152.57630", "2019-06-30": "152.33420", "2019-03-31": "151.61430", "2018-12-31": "150.26840", "2018-09-30": "151.70570", "2018-06-30": "152.39970", "2018-03-31": "155.10290", "2017-12-31": "154.62330", "2017-09-30": "154.16800", "2017-06-30": "156.87150", "2017-03-31": "168.12380", "2016-12-31": "165.21400", "2016-09-30": "168.84000", "2016-06-30": "176.61380", "2016-03-31": "189.05400", "2015-12-31": "184.85200", "2015-09-30": "191.52420", "2015-06-30": "200.05450", "2015-03-31": "205.86600", "2014-12-31": "205.64800", "2014-09-30": "207.43200", "2014-06-30": "207.17600", "2014-03-31": "205.63800", "2013-12-31": "206.08800", "2013-09-30": "205.15500", "2013-06-30": "204.33600", "2013-03-31": "201.54000", "2012-12-31": "202.81780", "2012-09-30": "200.19230", "2012-06-30": "199.39110", "2012-03-31": "196.85500", "2011-12-31": "193.58400", "2011-09-30": "187.58000", "2011-06-30": "179.17700", "2011-03-31": "", "2010-12-31": "179.17700", "2010-03-31": "", "2009-03-31": ""}, "Basic EPS": {"2020-12-31": "1.19000", "2020-09-30": "0.81000", "2020-06-30": "-1.21000", "2020-03-31": "-3.65000", "2019-12-31": "1.39000", "2019-09-30": "0.48000", "2019-06-30": "0.30000", "2019-03-31": "0.11000", "2018-12-31": "1.34000", "2018-09-30": "0.92000", "2018-06-30": "1.25000", "2018-03-31": "0.30000", "2017-12-31": "1.44000", "2017-09-30": "1.34000", "2017-06-30": "0.81000", "2017-03-31": "-0.14000", "2016-12-31": "1.66000", "2016-09-30": "0.97000", "2016-06-30": "0.84000", "2016-03-31": "0.97000", "2015-12-31": "1.62000", "2015-09-30": "1.02000", "2015-06-30": "0.89000", "2015-03-31": "0.92000", "2014-12-31": "1.50000", "2014-09-30": "1.01000", "2014-06-30": "0.92000", "2014-03-31": "0.80000", "2013-12-31": "1.13000", "2013-09-30": "0.72000", "2013-06-30": "0.62000", "2013-03-31": "0.51000", "2012-12-31": "0.65000", "2012-09-30": "0.50000", "2012-06-30": "0.36000", "2012-03-31": "0.23000", "2011-12-31": "0.21000", "2011-09-30": "0.22000", "2011-06-30": "0.13000", "2011-03-31": "", "2010-12-31": "0.16000", "2010-03-31": "", "2009-03-31": ""}, "EPS - Earnings Per Share": {"2020-12-31": "1.18000", "2020-09-30": "0.81000", "2020-06-30": "-1.21000", "2020-03-31": "-3.63000", "2019-12-31": "1.38000", "2019-09-30": "0.47000", "2019-06-30": "0.30000", "2019-03-31": "0.12000", "2018-12-31": "1.33000", "2018-09-30": "0.91000", "2018-06-30": "1.22000", "2018-03-31": "0.28000", "2017-12-31": "1.42000", "2017-09-30": "1.32000", "2017-06-30": "0.80000", "2017-03-31": "-0.13000", "2016-12-31": "1.64000", "2016-09-30": "0.95000", "2016-06-30": "0.83000", "2016-03-31": "0.97000", "2015-12-31": "1.59000", "2015-09-30": "1.01000", "2015-06-30": "0.87000", "2015-03-31": "0.89000", "2014-12-31": "1.48000", "2014-09-30": "1.00000", "2014-06-30": "0.91000", "2014-03-31": "0.79000", "2013-12-31": "1.11000", "2013-09-30": "0.71000", "2013-06-30": "0.61000", "2013-03-31": "0.50000", "2012-12-31": "0.64000", "2012-09-30": "0.49000", "2012-06-30": "0.34000", "2012-03-31": "0.22000", "2011-12-31": "0.20000", "2011-09-30": "0.22000", "2011-06-30": "0.13000", "2011-03-31": "0.00000", "2010-12-31": "0.16000", "2010-03-31": "0.00000", "2009-03-31": "0.00000"}}, "balance sheet": {"Cash On Hand": {"2020-03-31": "592.00000", "2019-03-31": "172.00000", "2018-03-31": "163.00000", "2017-03-31": "227.70000", "2016-03-31": "702.00000", "2015-03-31": "978.90000", "2014-03-31": "971.19400", "2013-03-31": "472.51100", "2012-03-31": "106.35400", "2011-03-31": "21.06500", "2010-03-31": "5.66400", "2009-03-31": ""}, "Receivables": {"2020-03-31": "308.00000", "2019-03-31": "383.00000", "2018-03-31": "290.00000", "2017-03-31": "265.80000", "2016-03-31": "307.90000", "2015-03-31": "363.40000", "2014-03-31": "298.00600", "2013-03-31": "206.45400", "2012-03-31": "127.22600", "2011-03-31": "80.08100", "2010-03-31": "65.22800", "2009-03-31": ""}, "Inventory": {"2020-03-31": "827.00000", "2019-03-31": "953.00000", "2018-03-31": "661.00000", "2017-03-31": "549.30000", "2016-03-31": "546.80000", "2015-03-31": "519.90000", "2014-03-31": "426.93800", "2013-03-31": "266.89400", "2012-03-31": "187.41300", "2011-03-31": "117.17300", "2010-03-31": "64.90300", "2009-03-31": ""}, "Pre-Paid Expenses": {"2020-03-31": "167.00000", "2019-03-31": "221.00000", "2018-03-31": "148.00000", "2017-03-31": "121.90000", "2016-03-31": "113.10000", "2015-03-31": "127.50000", "2014-03-31": "50.49200", "2013-03-31": "34.85000", "2012-03-31": "31.92500", "2011-03-31": "19.75700", "2010-03-31": "10.76900", "2009-03-31": ""}, "Other Current Assets": {"2020-03-31": "", "2019-03-31": "", "2018-03-31": "", "2017-03-31": "", "2016-03-31": "", "2015-03-31": "", "2014-03-31": "", "2013-03-31": "", "2012-03-31": "", "2011-03-31": "", "2010-03-31": "", "2009-03-31": ""}, "Total Current Assets": {"2020-03-31": "1894.00000", "2019-03-31": "1729.00000", "2018-03-31": "1262.00000", "2017-03-31": "1164.70000", "2016-03-31": "1669.80000", "2015-03-31": "1989.70000", "2014-03-31": "1777.16900", "2013-03-31": "989.18900", "2012-03-31": "464.06300", "2011-03-31": "245.39800", "2010-03-31": "154.02300", "2009-03-31": ""}, "Property, Plant, And Equipment": {"2020-03-31": "561.00000", "2019-03-31": "615.00000", "2018-03-31": "583.00000", "2017-03-31": "591.50000", "2016-03-31": "758.20000", "2015-03-31": "562.90000", "2014-03-31": "350.67800", "2013-03-31": "242.11300", "2012-03-31": "170.75500", "2011-03-31": "119.32300", "2010-03-31": "84.00000", "2009-03-31": ""}, "Long-Term Investments": {"2020-03-31": "", "2019-03-31": "", "2018-03-31": "", "2017-03-31": "", "2016-03-31": "", "2015-03-31": "", "2014-03-31": "", "2013-03-31": "", "2012-03-31": "", "2011-03-31": "", "2010-03-31": "", "2009-03-31": ""}, "Goodwill And Intangible Assets": {"2020-03-31": "3474.00000", "2019-03-31": "3952.00000", "2018-03-31": "2084.00000", "2017-03-31": "537.80000", "2016-03-31": "90.60000", "2015-03-31": "75.50000", "2014-03-31": "62.03900", "2013-03-31": "34.98500", "2012-03-31": "28.15100", "2011-03-31": "29.80100", "2010-03-31": "32.71000", "2009-03-31": "0.00000"}, "Other Long-Term Assets": {"2020-03-31": "167.00000", "2019-03-31": "242.00000", "2018-03-31": "74.00000", "2017-03-31": "42.30000", "2016-03-31": "23.70000", "2015-03-31": "33.50000", "2014-03-31": "23.42500", "2013-03-31": "18.88900", "2012-03-31": "7.50400", "2011-03-31": "3.02200", "2010-03-31": "2.35700", "2009-03-31": ""}, "Total Long-Term Assets": {"2020-03-31": "6052.00000", "2019-03-31": "4921.00000", "2018-03-31": "2797.00000", "2017-03-31": "1244.90000", "2016-03-31": "897.00010", "2015-03-31": "694.90000", "2014-03-31": "439.80400", "2013-03-31": "300.37600", "2012-03-31": "210.36200", "2011-03-31": "154.09700", "2010-03-31": "127.82900", "2009-03-31": ""}, "Total Assets": {"2020-03-31": "7946.00000", "2019-03-31": "6650.00000", "2018-03-31": "4059.00000", "2017-03-31": "2409.60000", "2016-03-31": "2566.80000", "2015-03-31": "2684.60000", "2014-03-31": "2216.97300", "2013-03-31": "1289.56500", "2012-03-31": "674.42500", "2011-03-31": "399.49500", "2010-03-31": "281.85200", "2009-03-31": "0.00000"}, "Total Current Liabilities": {"2020-03-31": "1401.00000", "2019-03-31": "1542.00000", "2018-03-31": "960.00000", "2017-03-31": "565.80000", "2016-03-31": "435.50000", "2015-03-31": "326.30000", "2014-03-31": "308.37000", "2013-03-31": "164.24800", "2012-03-31": "165.00600", "2011-03-31": "127.72500", "2010-03-31": "102.76000", "2009-03-31": ""}, "Long Term Debt": {"2020-03-31": "2012.00000", "2019-03-31": "1936.00000", "2018-03-31": "675.00000", "2017-03-31": "", "2016-03-31": "2.30000", "2015-03-31": "", "2014-03-31": "", "2013-03-31": "", "2012-03-31": "", "2011-03-31": "101.65000", "2010-03-31": "103.50000", "2009-03-31": ""}, "Other Non-Current Liabilities": {"2020-03-31": "142.00000", "2019-03-31": "302.00000", "2018-03-31": "216.00000", "2017-03-31": "168.80000", "2016-03-31": "126.00000", "2015-03-31": "110.30000", "2014-03-31": "96.58500", "2013-03-31": "64.90800", "2012-03-31": "46.88200", "2011-03-31": "39.30500", "2010-03-31": "26.58100", "2009-03-31": ""}, "Total Long Term Liabilities": {"2020-03-31": "4377.00000", "2019-03-31": "2676.00000", "2018-03-31": "1077.00000", "2017-03-31": "248.80000", "2016-03-31": "131.80000", "2015-03-31": "117.30000", "2014-03-31": "102.47200", "2013-03-31": "78.07100", "2012-03-31": "53.18200", "2011-03-31": "146.45000", "2010-03-31": "130.08100", "2009-03-31": ""}, "Total Liabilities": {"2020-03-31": "5778.00000", "2019-03-31": "4218.00000", "2018-03-31": "2037.00000", "2017-03-31": "814.60000", "2016-03-31": "567.30000", "2015-03-31": "443.60000", "2014-03-31": "410.84200", "2013-03-31": "242.31900", "2012-03-31": "218.18800", "2011-03-31": "274.17500", "2010-03-31": "232.84100", "2009-03-31": "0.00000"}, "Common Stock Net": {"2020-03-31": "", "2019-03-31": "", "2018-03-31": "", "2017-03-31": "", "2016-03-31": "", "2015-03-31": "", "2014-03-31": "", "2013-03-31": "", "2012-03-31": "", "2011-03-31": "", "2010-03-31": "", "2009-03-31": "0.00000"}, "Retained Earnings (Accumulated Deficit)": {"2020-03-31": "4332.00000", "2019-03-31": "4707.00000", "2018-03-31": "4152.00000", "2017-03-31": "3560.30000", "2016-03-31": "3007.80000", "2015-03-31": "2168.80000", "2014-03-31": "1287.73800", "2013-03-31": "626.25300", "2012-03-31": "228.65100", "2011-03-31": "81.28700", "2010-03-31": "8.78100", "2009-03-31": ""}, "Comprehensive Income": {"2020-03-31": "75.00000", "2019-03-31": "-66.00000", "2018-03-31": "51.00000", "2017-03-31": "-80.60000", "2016-03-31": "-80.90000", "2015-03-31": "-66.80000", "2014-03-31": "-6.37300", "2013-03-31": "-3.46100", "2012-03-31": "-0.73500", "2011-03-31": "4.03300", "2010-03-31": "0.23000", "2009-03-31": ""}, "Other Share Holders Equity": {"2020-03-31": "", "2019-03-31": "", "2018-03-31": "", "2017-03-31": "", "2016-03-31": "", "2015-03-31": "", "2014-03-31": "", "2013-03-31": "", "2012-03-31": "", "2011-03-31": "", "2010-03-31": "", "2009-03-31": "0.00000"}, "Share Holder Equity": {"2020-03-31": "2168.00000", "2019-03-31": "2432.00000", "2018-03-31": "2022.00000", "2017-03-31": "1595.00000", "2016-03-31": "1999.50000", "2015-03-31": "2241.00000", "2014-03-31": "1806.13100", "2013-03-31": "1047.24600", "2012-03-31": "456.23700", "2011-03-31": "125.32000", "2010-03-31": "49.01100", "2009-03-31": "0.00000"}, "Total Liabilities And Share Holders Equity": {"2020-03-31": "7946.00000", "2019-03-31": "6650.00000", "2018-03-31": "4059.00000", "2017-03-31": "2409.60000", "2016-03-31": "2566.80000", "2015-03-31": "2684.60000", "2014-03-31": "2216.97300", "2013-03-31": "1289.56500", "2012-03-31": "674.42500", "2011-03-31": "399.49500", "2010-03-31": "281.85200", "2009-03-31": "0.00000"}}, "balance sheet, quarterly": {"Cash On Hand": {"2020-12-31": "229.00000", "2020-09-30": "238.00000", "2020-06-30": "207.00000", "2020-03-31": "592.00000", "2019-12-31": "237.00000", "2019-09-30": "179.00000", "2019-06-30": "160.00000", "2019-03-31": "172.00000", "2018-12-31": "264.50000", "2018-09-30": "155.20000", "2018-06-30": "169.90000", "2018-03-31": "163.00000", "2017-12-31": "317.10000", "2017-09-30": "178.20000", "2017-06-30": "273.70000", "2017-03-31": "227.70000", "2016-12-31": "368.80000", "2016-09-30": "186.40000", "2016-06-30": "337.10000", "2016-03-31": "702.00000", "2015-12-31": "696.82300", "2015-09-30": "431.54100", "2015-06-30": "808.54000", "2015-03-31": "978.90000", "2014-12-31": "949.84600", "2014-09-30": "1012.39300", "2014-06-30": "1125.03700", "2014-03-31": "971.19400", "2013-12-31": "828.34100", "2013-09-30": "618.84100", "2013-06-30": "639.15600", "2013-03-31": "472.51100", "2012-12-31": "405.77600", "2012-09-30": "312.24400", "2012-06-30": "162.07500", "2012-03-31": "106.35400", "2011-12-31": "105.66000", "2011-09-30": "", "2011-06-30": "", "2011-03-31": "21.06000", "2010-12-31": "", "2010-03-31": "5.66000", "2009-03-31": ""}, "Receivables": {"2020-12-31": "369.00000", "2020-09-30": "344.00000", "2020-06-30": "183.00000", "2020-03-31": "308.00000", "2019-12-31": "321.00000", "2019-09-30": "368.00000", "2019-06-30": "310.00000", "2019-03-31": "383.00000", "2018-12-31": "291.20000", "2018-09-30": "339.90000", "2018-06-30": "262.50000", "2018-03-31": "290.00000", "2017-12-31": "288.00000", "2017-09-30": "274.50000", "2017-06-30": "171.30000", "2017-03-31": "265.80000", "2016-12-31": "252.40000", "2016-09-30": "288.00000", "2016-06-30": "202.80000", "2016-03-31": "307.90000", "2015-12-31": "301.63200", "2015-09-30": "344.13500", "2015-06-30": "252.50200", "2015-03-31": "363.40000", "2014-12-31": "364.07000", "2014-09-30": "346.82200", "2014-06-30": "229.10600", "2014-03-31": "298.00600", "2013-12-31": "292.81200", "2013-09-30": "228.85000", "2013-06-30": "170.39100", "2013-03-31": "206.45400", "2012-12-31": "172.65800", "2012-09-30": "185.70000", "2012-06-30": "104.70000", "2012-03-31": "127.22600", "2011-12-31": "88.76000", "2011-09-30": "", "2011-06-30": "", "2011-03-31": "80.08000", "2010-12-31": "", "2010-03-31": "65.22000", "2009-03-31": ""}, "Inventory": {"2020-12-31": "789.00000", "2020-09-30": "930.00000", "2020-06-30": "948.00000", "2020-03-31": "827.00000", "2019-12-31": "960.00000", "2019-09-30": "1073.00000", "2019-06-30": "1016.00000", "2019-03-31": "953.00000", "2018-12-31": "764.70000", "2018-09-30": "767.60000", "2018-06-30": "697.00000", "2018-03-31": "661.00000", "2017-12-31": "677.20000", "2017-09-30": "696.50000", "2017-06-30": "616.10000", "2017-03-31": "549.30000", "2016-12-31": "586.20000", "2016-09-30": "695.70000", "2016-06-30": "606.90000", "2016-03-31": "546.80000", "2015-12-31": "588.29500", "2015-09-30": "713.73100", "2015-06-30": "606.45000", "2015-03-31": "519.90000", "2014-12-31": "537.50100", "2014-09-30": "619.29600", "2014-06-30": "527.25400", "2014-03-31": "426.93800", "2013-12-31": "431.56400", "2013-09-30": "404.19400", "2013-06-30": "319.45900", "2013-03-31": "266.89400", "2012-12-31": "290.15400", "2012-09-30": "278.36800", "2012-06-30": "246.60100", "2012-03-31": "187.41300", "2011-12-31": "160.80000", "2011-09-30": "", "2011-06-30": "", "2011-03-31": "117.17000", "2010-12-31": "", "2010-03-31": "64.90000", "2009-03-31": ""}, "Pre-Paid Expenses": {"2020-12-31": "106.00000", "2020-09-30": "122.00000", "2020-06-30": "151.00000", "2020-03-31": "167.00000", "2019-12-31": "263.00000", "2019-09-30": "275.00000", "2019-06-30": "224.00000", "2019-03-31": "221.00000", "2018-12-31": "2119.10000", "2018-09-30": "211.40000", "2018-06-30": "164.80000", "2018-03-31": "148.00000", "2017-12-31": "162.30000", "2017-09-30": "181.50000", "2017-06-30": "123.90000", "2017-03-31": "121.90000", "2016-12-31": "160.30000", "2016-09-30": "146.00000", "2016-06-30": "109.30000", "2016-03-31": "113.10000", "2015-12-31": "74.92100", "2015-09-30": "106.61600", "2015-06-30": "118.14500", "2015-03-31": "127.50000", "2014-12-31": "110.34700", "2014-09-30": "125.65800", "2014-06-30": "54.55000", "2014-03-31": "50.49200", "2013-12-31": "36.72200", "2013-09-30": "84.67500", "2013-06-30": "36.52300", "2013-03-31": "34.85000", "2012-12-31": "44.02100", "2012-09-30": "99.16300", "2012-06-30": "40.29800", "2012-03-31": "31.92500", "2011-12-31": "", "2011-09-30": "", "2011-06-30": "", "2011-03-31": "", "2010-12-31": "", "2010-03-31": "", "2009-03-31": ""}, "Other Current Assets": {"2020-12-31": "", "2020-09-30": "", "2020-06-30": "", "2020-03-31": "", "2019-12-31": "", "2019-09-30": "", "2019-06-30": "", "2019-03-31": "", "2018-12-31": "", "2018-09-30": "", "2018-06-30": "", "2018-03-31": "", "2017-12-31": "", "2017-09-30": "", "2017-06-30": "", "2017-03-31": "", "2016-12-31": "", "2016-09-30": "", "2016-06-30": "", "2016-03-31": "", "2015-12-31": "", "2015-09-30": "", "2015-06-30": "", "2015-03-31": "", "2014-12-31": "", "2014-09-30": "", "2014-06-30": "", "2014-03-31": "", "2013-12-31": "", "2013-09-30": "", "2013-06-30": "", "2013-03-31": "", "2012-12-31": "", "2012-09-30": "", "2012-06-30": "", "2012-03-31": "", "2011-12-31": "41.09000", "2011-09-30": "", "2011-06-30": "", "2011-03-31": "27.07000", "2010-12-31": "", "2010-03-31": "25.68000", "2009-03-31": ""}, "Total Current Assets": {"2020-12-31": "1493.00000", "2020-09-30": "1634.00000", "2020-06-30": "1489.00000", "2020-03-31": "1894.00000", "2019-12-31": "1781.00000", "2019-09-30": "1895.00000", "2019-06-30": "1710.00000", "2019-03-31": "1729.00000", "2018-12-31": "3439.50000", "2018-09-30": "1474.10000", "2018-06-30": "1294.20000", "2018-03-31": "1262.00000", "2017-12-31": "1444.60000", "2017-09-30": "1330.70000", "2017-06-30": "1185.00000", "2017-03-31": "1164.70000", "2016-12-31": "1367.70000", "2016-09-30": "1316.10000", "2016-06-30": "1256.10000", "2016-03-31": "1669.80000", "2015-12-31": "1661.67100", "2015-09-30": "1624.23500", "2015-06-30": "1813.85100", "2015-03-31": "1989.70000", "2014-12-31": "1983.31900", "2014-09-30": "2133.37300", "2014-06-30": "1964.74200", "2014-03-31": "1777.16900", "2013-12-31": "1600.22900", "2013-09-30": "1345.94100", "2013-06-30": "1174.21200", "2013-03-31": "989.18900", "2012-12-31": "926.46100", "2012-09-30": "887.30800", "2012-06-30": "569.19200", "2012-03-31": "464.06300", "2011-12-31": "396.32000", "2011-09-30": "", "2011-06-30": "", "2011-03-31": "245.39000", "2010-12-31": "", "2010-03-31": "154.02000", "2009-03-31": ""}, "Property, Plant, And Equipment": {"2020-12-31": "518.00000", "2020-09-30": "530.00000", "2020-06-30": "541.00000", "2020-03-31": "561.00000", "2019-12-31": "596.00000", "2019-09-30": "589.00000", "2019-06-30": "608.00000", "2019-03-31": "615.00000", "2018-12-31": "543.60000", "2018-09-30": "552.00000", "2018-06-30": "560.70000", "2018-03-31": "583.00000", "2017-12-31": "599.40000", "2017-09-30": "562.70000", "2017-06-30": "585.50000", "2017-03-31": "591.50000", "2016-12-31": "771.00000", "2016-09-30": "801.00000", "2016-06-30": "798.70000", "2016-03-31": "758.20000", "2015-12-31": "739.86300", "2015-09-30": "672.40900", "2015-06-30": "624.19400", "2015-03-31": "562.90000", "2014-12-31": "532.30400", "2014-09-30": "453.83600", "2014-06-30": "404.01800", "2014-03-31": "350.67800", "2013-12-31": "321.54200", "2013-09-30": "284.58000", "2013-06-30": "258.02100", "2013-03-31": "242.11300", "2012-12-31": "217.54900", "2012-09-30": "194.11400", "2012-06-30": "180.31700", "2012-03-31": "170.75500", "2011-12-31": "", "2011-09-30": "", "2011-06-30": "", "2011-03-31": "197.01000", "2010-12-31": "", "2010-03-31": "140.30000", "2009-03-31": ""}, "Long-Term Investments": {"2020-12-31": "", "2020-09-30": "", "2020-06-30": "", "2020-03-31": "", "2019-12-31": "", "2019-09-30": "", "2019-06-30": "", "2019-03-31": "", "2018-12-31": "", "2018-09-30": "", "2018-06-30": "", "2018-03-31": "", "2017-12-31": "", "2017-09-30": "", "2017-06-30": "", "2017-03-31": "", "2016-12-31": "", "2016-09-30": "", "2016-06-30": "", "2016-03-31": "", "2015-12-31": "", "2015-09-30": "", "2015-06-30": "", "2015-03-31": "", "2014-12-31": "", "2014-09-30": "", "2014-06-30": "", "2014-03-31": "", "2013-12-31": "", "2013-09-30": "", "2013-06-30": "", "2013-03-31": "", "2012-12-31": "", "2012-09-30": "", "2012-06-30": "", "2012-03-31": "", "2011-12-31": "", "2011-09-30": "", "2011-06-30": "", "2011-03-31": "", "2010-12-31": "", "2010-03-31": "", "2009-03-31": ""}, "Goodwill And Intangible Assets": {"2020-12-31": "3717.00000", "2020-09-30": "3563.00000", "2020-06-30": "3467.00000", "2020-03-31": "3474.00000", "2019-12-31": "3906.00000", "2019-09-30": "3769.00000", "2019-06-30": "3902.00000", "2019-03-31": "3952.00000", "2018-12-31": "1912.90000", "2018-09-30": "1955.50000", "2018-06-30": "1984.30000", "2018-03-31": "2084.00000", "2017-12-31": "2037.40000", "2017-09-30": "525.40000", "2017-06-30": "534.00000", "2017-03-31": "537.80000", "2016-12-31": "573.40000", "2016-09-30": "583.10000", "2016-06-30": "586.50000", "2016-03-31": "90.60000", "2015-12-31": "89.57800", "2015-09-30": "95.46000", "2015-06-30": "82.90400", "2015-03-31": "75.50000", "2014-12-31": "77.64900", "2014-09-30": "67.28300", "2014-06-30": "64.60700", "2014-03-31": "62.03900", "2013-12-31": "56.10300", "2013-09-30": "50.32100", "2013-06-30": "40.54600", "2013-03-31": "34.98500", "2012-12-31": "30.79300", "2012-09-30": "27.53800", "2012-06-30": "27.68900", "2012-03-31": "28.15100", "2011-12-31": "28.55000", "2011-09-30": "0.00000", "2011-06-30": "0.00000", "2011-03-31": "29.80000", "2010-12-31": "", "2010-03-31": "32.71000", "2009-03-31": "0.00000"}, "Other Long-Term Assets": {"2020-12-31": "179.00000", "2020-09-30": "173.00000", "2020-06-30": "169.00000", "2020-03-31": "167.00000", "2019-12-31": "212.00000", "2019-09-30": "309.00000", "2019-06-30": "221.00000", "2019-03-31": "242.00000", "2018-12-31": "85.20000", "2018-09-30": "78.60000", "2018-06-30": "75.40000", "2018-03-31": "74.00000", "2017-12-31": "70.70000", "2017-09-30": "43.70000", "2017-06-30": "41.30000", "2017-03-31": "42.30000", "2016-12-31": "38.10000", "2016-09-30": "36.10000", "2016-06-30": "32.50000", "2016-03-31": "23.70000", "2015-12-31": "19.08600", "2015-09-30": "17.07700", "2015-06-30": "31.09200", "2015-03-31": "33.50000", "2014-12-31": "33.57600", "2014-09-30": "28.51500", "2014-06-30": "25.33000", "2014-03-31": "23.42500", "2013-12-31": "19.45600", "2013-09-30": "19.15500", "2013-06-30": "18.87500", "2013-03-31": "18.88900", "2012-12-31": "11.42000", "2012-09-30": "7.36600", "2012-06-30": "6.78000", "2012-03-31": "7.50400", "2011-12-31": "7.33000", "2011-09-30": "", "2011-06-30": "", "2011-03-31": "3.02000", "2010-12-31": "", "2010-03-31": "2.35000", "2009-03-31": ""}, "Total Long-Term Assets": {"2020-12-31": "6272.00000", "2020-09-30": "6169.00000", "2020-06-30": "6044.00000", "2020-03-31": "6052.00000", "2019-12-31": "6544.00000", "2019-09-30": "6498.00000", "2019-06-30": "6598.00000", "2019-03-31": "4921.00000", "2018-12-31": "2588.90000", "2018-09-30": "2633.20000", "2018-06-30": "2666.60000", "2018-03-31": "2797.00000", "2017-12-31": "2772.20000", "2017-09-30": "1201.00000", "2017-06-30": "1228.00000", "2017-03-31": "1244.90000", "2016-12-31": "1403.30000", "2016-09-30": "1439.20000", "2016-06-30": "1434.60000", "2016-03-31": "897.00010", "2015-12-31": "872.54600", "2015-09-30": "795.72500", "2015-06-30": "742.81700", "2015-03-31": "694.90000", "2014-12-31": "647.26900", "2014-09-30": "556.05700", "2014-06-30": "497.61700", "2014-03-31": "439.80400", "2013-12-31": "406.73400", "2013-09-30": "361.83300", "2013-06-30": "322.63300", "2013-03-31": "300.37600", "2012-12-31": "261.19400", "2012-09-30": "232.17600", "2012-06-30": "218.72800", "2012-03-31": "210.36200", "2011-12-31": "38.29000", "2011-09-30": "", "2011-06-30": "", "2011-03-31": "231.78000", "2010-12-31": "", "2010-03-31": "184.12000", "2009-03-31": ""}, "Total Assets": {"2020-12-31": "7765.00000", "2020-09-30": "7803.00000", "2020-06-30": "7533.00000", "2020-03-31": "7946.00000", "2019-12-31": "8325.00000", "2019-09-30": "8393.00000", "2019-06-30": "8308.00000", "2019-03-31": "6650.00000", "2018-12-31": "6028.40000", "2018-09-30": "4107.30000", "2018-06-30": "3960.80000", "2018-03-31": "4059.00000", "2017-12-31": "4216.80000", "2017-09-30": "2531.70000", "2017-06-30": "2413.00000", "2017-03-31": "2409.60000", "2016-12-31": "2771.00000", "2016-09-30": "2755.30000", "2016-06-30": "2690.70000", "2016-03-31": "2566.80000", "2015-12-31": "2534.21700", "2015-09-30": "2419.96000", "2015-06-30": "2556.66800", "2015-03-31": "2684.60000", "2014-12-31": "2630.58800", "2014-09-30": "2689.43000", "2014-06-30": "2462.35900", "2014-03-31": "2216.97300", "2013-12-31": "2006.96300", "2013-09-30": "1707.77400", "2013-06-30": "1496.84500", "2013-03-31": "1289.56500", "2012-12-31": "1187.65500", "2012-09-30": "1119.48400", "2012-06-30": "787.92000", "2012-03-31": "674.42500", "2011-12-31": "590.35000", "2011-09-30": "0.00000", "2011-06-30": "0.00000", "2011-03-31": "399.49000", "2010-12-31": "0.00000", "2010-03-31": "281.85000", "2009-03-31": "0.00000"}, "Total Current Liabilities": {"2020-12-31": "1594.00000", "2020-09-30": "1581.00000", "2020-06-30": "1589.00000", "2020-03-31": "1401.00000", "2019-12-31": "2305.00000", "2019-09-30": "1803.00000", "2019-06-30": "1668.00000", "2019-03-31": "1542.00000", "2018-12-31": "1387.40000", "2018-09-30": "997.90000", "2018-06-30": "945.70000", "2018-03-31": "960.00000", "2017-12-31": "722.10000", "2017-09-30": "474.70000", "2017-06-30": "581.00000", "2017-03-31": "565.80000", "2016-12-31": "671.80000", "2016-09-30": "832.30000", "2016-06-30": "701.90000", "2016-03-31": "435.50000", "2015-12-31": "423.07000", "2015-09-30": "387.14100", "2015-06-30": "339.00000", "2015-03-31": "326.30000", "2014-12-31": "361.32200", "2014-09-30": "325.86500", "2014-06-30": "322.62900", "2014-03-31": "308.37000", "2013-12-31": "275.25300", "2013-09-30": "218.19800", "2013-06-30": "209.14000", "2013-03-31": "164.24800", "2012-12-31": "192.77900", "2012-09-30": "277.08900", "2012-06-30": "196.24800", "2012-03-31": "165.00600", "2011-12-31": "165.24000", "2011-09-30": "", "2011-06-30": "", "2011-03-31": "127.72000", "2010-12-31": "", "2010-03-31": "102.76000", "2009-03-31": ""}, "Long Term Debt": {"2020-12-31": "1243.00000", "2020-09-30": "1581.00000", "2020-06-30": "1577.00000", "2020-03-31": "2012.00000", "2019-12-31": "1085.00000", "2019-09-30": "1796.00000", "2019-06-30": "1917.00000", "2019-03-31": "1936.00000", "2018-12-31": "1954.70000", "2018-09-30": "504.60000", "2018-06-30": "554.20000", "2018-03-31": "675.00000", "2017-12-31": "992.40000", "2017-09-30": "", "2017-06-30": "", "2017-03-31": "", "2016-12-31": "", "2016-09-30": "", "2016-06-30": "", "2016-03-31": "2.30000", "2015-12-31": "3.97700", "2015-09-30": "4.12300", "2015-06-30": "", "2015-03-31": "", "2014-12-31": "", "2014-09-30": "", "2014-06-30": "", "2014-03-31": "", "2013-12-31": "", "2013-09-30": "", "2013-06-30": "", "2013-03-31": "", "2012-12-31": "", "2012-09-30": "", "2012-06-30": "", "2012-03-31": "", "2011-12-31": "", "2011-09-30": "", "2011-06-30": "", "2011-03-31": "101.65000", "2010-12-31": "", "2010-03-31": "103.50000", "2009-03-31": ""}, "Other Non-Current Liabilities": {"2020-12-31": "405.00000", "2020-09-30": "187.00000", "2020-06-30": "144.00000", "2020-03-31": "142.00000", "2019-12-31": "133.00000", "2019-09-30": "180.00000", "2019-06-30": "214.00000", "2019-03-31": "302.00000", "2018-12-31": "237.60000", "2018-09-30": "240.00000", "2018-06-30": "236.90000", "2018-03-31": "216.00000", "2017-12-31": "205.00000", "2017-09-30": "173.10000", "2017-06-30": "171.50000", "2017-03-31": "168.80000", "2016-12-31": "155.70000", "2016-09-30": "151.10000", "2016-06-30": "142.60000", "2016-03-31": "126.00000", "2015-12-31": "122.97800", "2015-09-30": "123.68300", "2015-06-30": "114.71000", "2015-03-31": "110.30000", "2014-12-31": "117.63600", "2014-09-30": "114.53100", "2014-06-30": "106.89800", "2014-03-31": "96.58500", "2013-12-31": "87.74600", "2013-09-30": "84.26900", "2013-06-30": "71.90100", "2013-03-31": "64.90800", "2012-12-31": "58.80200", "2012-09-30": "55.54500", "2012-06-30": "49.20600", "2012-03-31": "46.88200", "2011-12-31": "3.98000", "2011-09-30": "", "2011-06-30": "", "2011-03-31": "39.30000", "2010-12-31": "", "2010-03-31": "26.58000", "2009-03-31": ""}, "Total Long Term Liabilities": {"2020-12-31": "3816.00000", "2020-09-30": "4023.00000", "2020-06-30": "3937.00000", "2020-03-31": "4377.00000", "2019-12-31": "3409.00000", "2019-09-30": "4182.00000", "2019-06-30": "4316.00000", "2019-03-31": "2676.00000", "2018-12-31": "2373.90000", "2018-09-30": "926.10000", "2018-06-30": "973.60000", "2018-03-31": "1077.00000", "2017-12-31": "1414.40000", "2017-09-30": "251.80000", "2017-06-30": "250.70000", "2017-03-31": "248.80000", "2016-12-31": "244.70000", "2016-09-30": "239.70000", "2016-06-30": "231.10000", "2016-03-31": "131.80000", "2015-12-31": "131.22400", "2015-09-30": "144.08300", "2015-06-30": "128.47900", "2015-03-31": "117.30000", "2014-12-31": "117.78100", "2014-09-30": "118.43600", "2014-06-30": "110.37600", "2014-03-31": "102.47200", "2013-12-31": "107.76000", "2013-09-30": "103.27900", "2013-06-30": "87.18900", "2013-03-31": "78.07100", "2012-12-31": "70.67300", "2012-09-30": "64.41700", "2012-06-30": "56.02200", "2012-03-31": "53.18200", "2011-12-31": "49.85000", "2011-09-30": "", "2011-06-30": "", "2011-03-31": "146.44000", "2010-12-31": "", "2010-03-31": "130.08000", "2009-03-31": ""}, "Total Liabilities": {"2020-12-31": "5410.00000", "2020-09-30": "5604.00000", "2020-06-30": "5526.00000", "2020-03-31": "5778.00000", "2019-12-31": "5714.00000", "2019-09-30": "5985.00000", "2019-06-30": "5984.00000", "2019-03-31": "4218.00000", "2018-12-31": "3761.30000", "2018-09-30": "1924.00000", "2018-06-30": "1919.30000", "2018-03-31": "2037.00000", "2017-12-31": "2136.50000", "2017-09-30": "726.50000", "2017-06-30": "831.70000", "2017-03-31": "814.60000", "2016-12-31": "916.50000", "2016-09-30": "1072.00000", "2016-06-30": "933.00000", "2016-03-31": "567.30000", "2015-12-31": "554.29400", "2015-09-30": "531.22400", "2015-06-30": "467.47900", "2015-03-31": "443.60000", "2014-12-31": "479.10300", "2014-09-30": "444.30100", "2014-06-30": "433.00500", "2014-03-31": "410.84200", "2013-12-31": "383.01300", "2013-09-30": "321.47700", "2013-06-30": "296.32900", "2013-03-31": "242.31900", "2012-12-31": "263.45200", "2012-09-30": "341.50600", "2012-06-30": "252.27000", "2012-03-31": "218.18800", "2011-12-31": "215.09000", "2011-09-30": "0.00000", "2011-06-30": "0.00000", "2011-03-31": "274.17000", "2010-12-31": "", "2010-03-31": "232.84000", "2009-03-31": "0.00000"}, "Common Stock Net": {"2020-12-31": "", "2020-09-30": "", "2020-06-30": "", "2020-03-31": "", "2019-12-31": "", "2019-09-30": "", "2019-06-30": "", "2019-03-31": "", "2018-12-31": "", "2018-09-30": "", "2018-06-30": "", "2018-03-31": "", "2017-12-31": "", "2017-09-30": "", "2017-06-30": "", "2017-03-31": "", "2016-12-31": "", "2016-09-30": "", "2016-06-30": "", "2016-03-31": "", "2015-12-31": "", "2015-09-30": "", "2015-06-30": "", "2015-03-31": "", "2014-12-31": "", "2014-09-30": "", "2014-06-30": "", "2014-03-31": "", "2013-12-31": "", "2013-09-30": "", "2013-06-30": "", "2013-03-31": "", "2012-12-31": "", "2012-09-30": "", "2012-06-30": "", "2012-03-31": "", "2011-12-31": "0.00000", "2011-09-30": "0.00000", "2011-06-30": "0.00000", "2011-03-31": "0.00000", "2010-12-31": "", "2010-03-31": "0.00000", "2009-03-31": "0.00000"}, "Retained Earnings (Accumulated Deficit)": {"2020-12-31": "4453.00000", "2020-09-30": "4274.00000", "2020-06-30": "4152.00000", "2020-03-31": "4332.00000", "2019-12-31": "4883.00000", "2019-09-30": "4673.00000", "2019-06-30": "4600.00000", "2019-03-31": "4707.00000", "2018-12-31": "4687.30000", "2018-09-30": "4487.70000", "2018-06-30": "4350.10000", "2018-03-31": "4152.00000", "2017-12-31": "4107.90000", "2017-09-30": "3888.50000", "2017-06-30": "3685.60000", "2017-03-31": "3560.30000", "2016-12-31": "3587.10000", "2016-09-30": "3315.80000", "2016-06-30": "3154.90000", "2016-03-31": "3007.80000", "2015-12-31": "2830.81000", "2015-09-30": "2536.25200", "2015-06-30": "2343.11600", "2015-03-31": "2168.80000", "2014-12-31": "1986.11900", "2014-09-30": "1682.44400", "2014-06-30": "1475.45400", "2014-03-31": "1287.73800", "2013-12-31": "1126.70000", "2013-09-30": "897.05700", "2013-06-30": "751.24900", "2013-03-31": "626.25300", "2012-12-31": "525.15200", "2012-09-30": "395.12400", "2012-06-30": "297.29600", "2012-03-31": "228.65100", "2011-12-31": "185.03000", "2011-09-30": "", "2011-06-30": "", "2011-03-31": "81.28000", "2010-12-31": "", "2010-03-31": "8.78000", "2009-03-31": ""}, "Comprehensive Income": {"2020-12-31": "91.00000", "2020-09-30": "125.00000", "2020-06-30": "71.00000", "2020-03-31": "75.00000", "2019-12-31": "-29.00000", "2019-09-30": "-103.00000", "2019-06-30": "-93.00000", "2019-03-31": "-66.00000", "2018-12-31": "-92.90000", "2018-09-30": "-62.90000", "2018-06-30": "-40.50000", "2018-03-31": "51.00000", "2017-12-31": "-18.40000", "2017-09-30": "-59.60000", "2017-06-30": "-68.20000", "2017-03-31": "-80.60000", "2016-12-31": "-90.10000", "2016-09-30": "-79.80000", "2016-06-30": "-78.30000", "2016-03-31": "-80.90000", "2015-12-31": "-97.91500", "2015-09-30": "-81.14800", "2015-06-30": "-67.62400", "2015-03-31": "-66.80000", "2014-12-31": "-39.87000", "2014-09-30": "-20.41900", "2014-06-30": "-1.84200", "2014-03-31": "-6.37300", "2013-12-31": "-3.94200", "2013-09-30": "-1.70100", "2013-06-30": "-5.44000", "2013-03-31": "-3.46100", "2012-12-31": "0.55500", "2012-09-30": "0.73100", "2012-06-30": "-4.01300", "2012-03-31": "-0.73500", "2011-12-31": "", "2011-09-30": "", "2011-06-30": "", "2011-03-31": "", "2010-12-31": "", "2010-03-31": "", "2009-03-31": ""}, "Other Share Holders Equity": {"2020-12-31": "", "2020-09-30": "", "2020-06-30": "", "2020-03-31": "", "2019-12-31": "", "2019-09-30": "", "2019-06-30": "", "2019-03-31": "", "2018-12-31": "", "2018-09-30": "", "2018-06-30": "", "2018-03-31": "", "2017-12-31": "", "2017-09-30": "", "2017-06-30": "", "2017-03-31": "", "2016-12-31": "", "2016-09-30": "", "2016-06-30": "", "2016-03-31": "", "2015-12-31": "", "2015-09-30": "", "2015-06-30": "", "2015-03-31": "", "2014-12-31": "", "2014-09-30": "", "2014-06-30": "", "2014-03-31": "", "2013-12-31": "", "2013-09-30": "", "2013-06-30": "", "2013-03-31": "", "2012-12-31": "", "2012-09-30": "", "2012-06-30": "", "2012-03-31": "", "2011-12-31": "-2.96000", "2011-09-30": "0.00000", "2011-06-30": "0.00000", "2011-03-31": "4.03000", "2010-12-31": "", "2010-03-31": "0.23000", "2009-03-31": "0.00000"}, "Share Holder Equity": {"2020-12-31": "2355.00000", "2020-09-30": "2199.00000", "2020-06-30": "2007.00000", "2020-03-31": "2168.00000", "2019-12-31": "2611.00000", "2019-09-30": "2408.00000", "2019-06-30": "2324.00000", "2019-03-31": "2432.00000", "2018-12-31": "2267.10000", "2018-09-30": "2183.30000", "2018-06-30": "2041.50000", "2018-03-31": "2022.00000", "2017-12-31": "2080.30000", "2017-09-30": "1805.20000", "2017-06-30": "1581.30000", "2017-03-31": "1595.00000", "2016-12-31": "1854.50000", "2016-09-30": "1683.30000", "2016-06-30": "1757.70000", "2016-03-31": "1999.50000", "2015-12-31": "1979.92300", "2015-09-30": "1888.73600", "2015-06-30": "2089.18900", "2015-03-31": "2241.00000", "2014-12-31": "2151.48500", "2014-09-30": "2245.12900", "2014-06-30": "2029.35400", "2014-03-31": "1806.13100", "2013-12-31": "1623.95000", "2013-09-30": "1386.29700", "2013-06-30": "1200.51600", "2013-03-31": "1047.24600", "2012-12-31": "924.20300", "2012-09-30": "777.97800", "2012-06-30": "535.65000", "2012-03-31": "456.23700", "2011-12-31": "375.26000", "2011-09-30": "0.00000", "2011-06-30": "0.00000", "2011-03-31": "125.32000", "2010-12-31": "", "2010-03-31": "49.01000", "2009-03-31": "0.00000"}, "Total Liabilities And Share Holders Equity": {"2020-12-31": "7765.00000", "2020-09-30": "7803.00000", "2020-06-30": "7533.00000", "2020-03-31": "7946.00000", "2019-12-31": "8325.00000", "2019-09-30": "8393.00000", "2019-06-30": "8308.00000", "2019-03-31": "6650.00000", "2018-12-31": "6028.40000", "2018-09-30": "4107.30000", "2018-06-30": "3960.80000", "2018-03-31": "4059.00000", "2017-12-31": "4216.80000", "2017-09-30": "2531.70000", "2017-06-30": "2413.00000", "2017-03-31": "2409.60000", "2016-12-31": "2771.00000", "2016-09-30": "2755.30000", "2016-06-30": "2690.70000", "2016-03-31": "2566.80000", "2015-12-31": "2534.21700", "2015-09-30": "2419.96000", "2015-06-30": "2556.66800", "2015-03-31": "2684.60000", "2014-12-31": "2630.58800", "2014-09-30": "2689.43000", "2014-06-30": "2462.35900", "2014-03-31": "2216.97300", "2013-12-31": "2006.96300", "2013-09-30": "1707.77400", "2013-06-30": "1496.84500", "2013-03-31": "1289.56500", "2012-12-31": "1187.65500", "2012-09-30": "1119.48400", "2012-06-30": "787.92000", "2012-03-31": "674.42500", "2011-12-31": "590.35000", "2011-09-30": "0.00000", "2011-06-30": "0.00000", "2011-03-31": "399.49000", "2010-12-31": "", "2010-03-31": "281.85000", "2009-03-31": "0.00000"}}, "cash flow statement": {"Net Income/Loss": {"2020-03-31": "-225.00000", "2019-03-31": "542.00000", "2018-03-31": "592.00000", "2017-03-31": "552.00000", "2016-03-31": "837.70000", "2015-03-31": "881.00000", "2014-03-31": "661.50000", "2013-03-31": "397.60200", "2012-03-31": "147.36400", "2011-03-31": "72.50600", "2010-03-31": "39.24800", "2009-03-31": "13.03900"}, "Total Depreciation And Amortization - Cash Flow": {"2020-03-31": "257.00000", "2019-03-31": "229.00000", "2018-03-31": "212.00000", "2017-03-31": "420.00000", "2016-03-31": "186.70000", "2015-03-31": "144.20000", "2014-03-31": "86.70000", "2013-03-31": "58.23900", "2012-03-31": "42.26600", "2011-03-31": "30.57000", "2010-03-31": "20.47400", "2009-03-31": "15.48500"}, "Other Non-Cash Items": {"2020-03-31": "695.00000", "2019-03-31": "88.00000", "2018-03-31": "109.00000", "2017-03-31": "-18.00000", "2016-03-31": "43.10000", "2015-03-31": "16.60000", "2014-03-31": "-48.70000", "2013-03-31": "-117.77900", "2012-03-31": "-10.88500", "2011-03-31": "16.28100", "2010-03-31": "9.10100", "2009-03-31": "8.98800"}, "Total Non-Cash Items": {"2020-03-31": "952.00000", "2019-03-31": "317.00000", "2018-03-31": "321.00000", "2017-03-31": "402.00000", "2016-03-31": "229.80000", "2015-03-31": "160.80000", "2014-03-31": "38.00000", "2013-03-31": "-59.54000", "2012-03-31": "31.38100", "2011-03-31": "46.85100", "2010-03-31": "29.57500", "2009-03-31": "24.47300"}, "Change In Accounts Receivable": {"2020-03-31": "42.00000", "2019-03-31": "-23.00000", "2018-03-31": "11.00000", "2017-03-31": "60.00000", "2016-03-31": "52.50000", "2015-03-31": "-83.30000", "2014-03-31": "-104.40000", "2013-03-31": "-73.08000", "2012-03-31": "-48.39900", "2011-03-31": "-14.07100", "2010-03-31": "-35.35000", "2009-03-31": "6.55400"}, "Change In Inventories": {"2020-03-31": "115.00000", "2019-03-31": "-125.00000", "2018-03-31": "46.00000", "2017-03-31": "21.00000", "2016-03-31": "-16.30000", "2015-03-31": "-112.40000", "2014-03-31": "-158.20000", "2013-03-31": "-81.10800", "2012-03-31": "-71.15100", "2011-03-31": "-50.46500", "2010-03-31": "-13.39000", "2009-03-31": "-18.98900"}, "Change In Accounts Payable": {"2020-03-31": "63.00000", "2019-03-31": "-48.00000", "2018-03-31": "-21.00000", "2017-03-31": "37.00000", "2016-03-31": "14.20000", "2015-03-31": "-8.60000", "2014-03-31": "53.70000", "2013-03-31": "17.69800", "2012-03-31": "14.88800", "2011-03-31": "18.04300", "2010-03-31": "4.61200", "2009-03-31": "-0.59500"}, "Change In Assets/Liabilities": {"2020-03-31": "7.00000", "2019-03-31": "11.00000", "2018-03-31": "57.00000", "2017-03-31": "17.00000", "2016-03-31": "6.00000", "2015-03-31": "-15.90000", "2014-03-31": "15.90000", "2013-03-31": "11.03400", "2012-03-31": "-5.21200", "2011-03-31": "0.03900", "2010-03-31": "-1.25200", "2009-03-31": "2.98100"}, "Total Change In Assets/Liabilities": {"2020-03-31": "132.00000", "2019-03-31": "-165.00000", "2018-03-31": "149.00000", "2017-03-31": "81.00000", "2016-03-31": "182.00000", "2015-03-31": "-183.90000", "2014-03-31": "-66.50000", "2013-03-31": "25.77500", "2012-03-31": "-63.45500", "2011-03-31": "-9.04900", "2010-03-31": "-40.23100", "2009-03-31": "-8.06200"}, "Cash Flow From Operating Activities": {"2020-03-31": "859.00000", "2019-03-31": "694.00000", "2018-03-31": "1062.00000", "2017-03-31": "1035.00000", "2016-03-31": "1249.50000", "2015-03-31": "857.90000", "2014-03-31": "633.00000", "2013-03-31": "363.83700", "2012-03-31": "115.29000", "2011-03-31": "110.30800", "2010-03-31": "28.59200", "2009-03-31": "29.45000"}, "Net Change In Property, Plant, And Equipment": {"2020-03-31": "-223.00000", "2019-03-31": "-181.00000", "2018-03-31": "-120.00000", "2017-03-31": "-165.00000", "2016-03-31": "-369.20000", "2015-03-31": "-356.20000", "2014-03-31": "-184.70000", "2013-03-31": "-121.32100", "2012-03-31": "-88.18700", "2011-03-31": "-57.34800", "2010-03-31": "-30.81600", "2009-03-31": "-35.79300"}, "Net Change In Intangible Assets": {"2020-03-31": "0.00000", "2019-03-31": "-3.00000", "2018-03-31": "-3.00000", "2017-03-31": "-5.00000", "2016-03-31": "-11.40000", "2015-03-31": "-29.20000", "2014-03-31": "-28.80000", "2013-03-31": "-8.54600", "2012-03-31": "", "2011-03-31": "-0.48200", "2010-03-31": "-1.35900", "2009-03-31": "-2.60600"}, "Net Acquisitions/Divestitures": {"2020-03-31": "-13.00000", "2019-03-31": "-1875.00000", "2018-03-31": "-1415.00000", "2017-03-31": "-481.00000", "2016-03-31": "0.50000", "2015-03-31": "", "2014-03-31": "", "2013-03-31": "", "2012-03-31": "", "2011-03-31": "", "2010-03-31": "", "2009-03-31": ""}, "Net Change In Short-term Investments": {"2020-03-31": "", "2019-03-31": "", "2018-03-31": "", "2017-03-31": "", "2016-03-31": "-1.00000", "2015-03-31": "-3.00000", "2014-03-31": "", "2013-03-31": "-6.00000", "2012-03-31": "", "2011-03-31": "", "2010-03-31": "", "2009-03-31": ""}, "Net Change In Long-Term Investments": {"2020-03-31": "", "2019-03-31": "", "2018-03-31": "", "2017-03-31": "", "2016-03-31": "", "2015-03-31": "", "2014-03-31": "-2.00000", "2013-03-31": "-3.23200", "2012-03-31": "", "2011-03-31": "", "2010-03-31": "", "2009-03-31": ""}, "Net Change In Investments - Total": {"2020-03-31": "", "2019-03-31": "", "2018-03-31": "", "2017-03-31": "", "2016-03-31": "-1.00000", "2015-03-31": "-3.00000", "2014-03-31": "-2.00000", "2013-03-31": "-9.23200", "2012-03-31": "", "2011-03-31": "", "2010-03-31": "", "2009-03-31": ""}, "Investing Activities - Other": {"2020-03-31": "298.00000", "2019-03-31": "-66.00000", "2018-03-31": "5.00000", "2017-03-31": "", "2016-03-31": "", "2015-03-31": "", "2014-03-31": "", "2013-03-31": "", "2012-03-31": "", "2011-03-31": "", "2010-03-31": "", "2009-03-31": ""}, "Cash Flow From Investing Activities": {"2020-03-31": "62.00000", "2019-03-31": "-2125.00000", "2018-03-31": "-1533.00000", "2017-03-31": "-651.00000", "2016-03-31": "-381.10000", "2015-03-31": "-388.40000", "2014-03-31": "-215.50000", "2013-03-31": "-139.09900", "2012-03-31": "-88.18700", "2011-03-31": "-57.83000", "2010-03-31": "-32.17500", "2009-03-31": "-38.39900"}, "Net Long-Term Debt": {"2020-03-31": "-394.00000", "2019-03-31": "1644.00000", "2018-03-31": "736.00000", "2017-03-31": "", "2016-03-31": "", "2015-03-31": "", "2014-03-31": "", "2013-03-31": "", "2012-03-31": "", "2011-03-31": "", "2010-03-31": "", "2009-03-31": ""}, "Net Current Debt": {"2020-03-31": "", "2019-03-31": "", "2018-03-31": "", "2017-03-31": "147.00000", "2016-03-31": "-7.20000", "2015-03-31": "", "2014-03-31": "", "2013-03-31": "-22.67400", "2012-03-31": "9.90900", "2011-03-31": "-35.59500", "2010-03-31": "7.44300", "2009-03-31": "9.60500"}, "Debt Issuance/Retirement Net - Total": {"2020-03-31": "-394.00000", "2019-03-31": "1644.00000", "2018-03-31": "736.00000", "2017-03-31": "147.00000", "2016-03-31": "-7.20000", "2015-03-31": "", "2014-03-31": "", "2013-03-31": "-22.67400", "2012-03-31": "9.90900", "2011-03-31": "-35.59500", "2010-03-31": "7.44300", "2009-03-31": "9.60500"}, "Net Common Equity Issued/Repurchased": {"2020-03-31": "-102.00000", "2019-03-31": "-178.00000", "2018-03-31": "-347.00000", "2017-03-31": "-997.00000", "2016-03-31": "-1139.70000", "2015-03-31": "-480.00000", "2014-03-31": "16.60000", "2013-03-31": "30.43500", "2012-03-31": "19.22200", "2011-03-31": "", "2010-03-31": "", "2009-03-31": ""}, "Net Total Equity Issued/Repurchased": {"2020-03-31": "-102.00000", "2019-03-31": "-178.00000", "2018-03-31": "-347.00000", "2017-03-31": "-997.00000", "2016-03-31": "-1139.70000", "2015-03-31": "-480.00000", "2014-03-31": "16.60000", "2013-03-31": "30.43500", "2012-03-31": "19.22200", "2011-03-31": "", "2010-03-31": "", "2009-03-31": ""}, "Total Common And Preferred Stock Dividends Paid": {"2020-03-31": "", "2019-03-31": "", "2018-03-31": "", "2017-03-31": "", "2016-03-31": "", "2015-03-31": "", "2014-03-31": "", "2013-03-31": "", "2012-03-31": "", "2011-03-31": "", "2010-03-31": "-1.86200", "2009-03-31": "-1.00000"}, "Financial Activities - Other": {"2020-03-31": "-1.00000", "2019-03-31": "-15.00000", "2018-03-31": "", "2017-03-31": "", "2016-03-31": "-2.50000", "2015-03-31": "45.30000", "2014-03-31": "54.50000", "2013-03-31": "142.80000", "2012-03-31": "29.50800", "2011-03-31": "-2.13100", "2010-03-31": "", "2009-03-31": ""}, "Cash Flow From Financial Activities": {"2020-03-31": "-497.00000", "2019-03-31": "1451.00000", "2018-03-31": "389.00000", "2017-03-31": "-850.00000", "2016-03-31": "-1149.40000", "2015-03-31": "-434.70000", "2014-03-31": "71.10000", "2013-03-31": "150.56100", "2012-03-31": "58.63900", "2011-03-31": "-37.72600", "2010-03-31": "5.58100", "2009-03-31": "8.60500"}, "Net Cash Flow": {"2020-03-31": "420.00000", "2019-03-31": "9.00000", "2018-03-31": "-67.00000", "2017-03-31": "-472.00000", "2016-03-31": "-276.90000", "2015-03-31": "7.70000", "2014-03-31": "483.90000", "2013-03-31": "373.65800", "2012-03-31": "85.28900", "2011-03-31": "15.40100", "2010-03-31": "3.20400", "2009-03-31": "-0.34000"}, "Stock-Based Compensation": {"2020-03-31": "70.00000", "2019-03-31": "60.00000", "2018-03-31": "50.00000", "2017-03-31": "34.00000", "2016-03-31": "48.40000", "2015-03-31": "48.90000", "2014-03-31": "29.10000", "2013-03-31": "20.93200", "2012-03-31": "27.02000", "2011-03-31": "", "2010-03-31": "", "2009-03-31": ""}, "Common Stock Dividends Paid": {"2020-03-31": "", "2019-03-31": "", "2018-03-31": "", "2017-03-31": "", "2016-03-31": "", "2015-03-31": "", "2014-03-31": "", "2013-03-31": "", "2012-03-31": "", "2011-03-31": "", "2010-03-31": "-1.86200", "2009-03-31": "-1.00000"}}, "cash flow statement, quarterly": {"Net Income/Loss": {"2020-12-31": 178, "2020-09-30": 121, "2020-06-30": "-180.00000", "2020-03-31": -552, "2019-12-31": 209, "2019-09-30": 73, "2019-06-30": "45.00000", "2019-03-31": 19, "2018-12-31": 200, "2018-09-30": 137, "2018-06-30": "186.00000", "2018-03-31": 44.4, "2017-12-31": 219.4, "2017-09-30": 202.7, "2017-06-30": "125.50000", "2017-03-31": -26.3, "2016-12-31": 271.3, "2016-09-30": 160.7, "2016-06-30": "146.30000", "2016-03-31": 176.3, "2015-12-31": 294.2, "2015-09-30": 192.8, "2015-06-30": "174.40000", "2015-03-31": 182.619, "2014-12-31": 303.675, "2014-09-30": 206.99, "2014-06-30": "187.71600", "2014-03-31": 161.053, "2013-12-31": 229.643, "2013-09-30": 145.808, "2013-06-30": "124.99600", "2013-03-31": 101.101, "2012-12-31": 130.028, "2012-09-30": 97.828, "2012-06-30": "68.64500", "2012-03-31": 43.608, "2011-12-31": 39.031, "2011-09-30": 40.606, "2011-06-30": "24.11500", "2011-03-31": 72.5, "2010-12-31": -39.24, "2010-03-31": 26.21, "2009-03-31": 13.03}, "Total Depreciation And Amortization - Cash Flow": {"2020-12-31": 54, "2020-09-30": 55, "2020-06-30": "55.00000", "2020-03-31": 63, "2019-12-31": 66, "2019-09-30": 67, "2019-06-30": "61.00000", "2019-03-31": 66, "2018-12-31": 52, "2018-09-30": 54, "2018-06-30": "57.00000", "2018-03-31": 59.6, "2017-12-31": 56, "2017-09-30": 48.6, "2017-06-30": "47.80000", "2017-03-31": 255.3, "2016-12-31": 55.4, "2016-09-30": 57.6, "2016-06-30": "51.70000", "2016-03-31": 51.4, "2015-12-31": 45.5, "2015-09-30": 47.5, "2015-06-30": "42.30000", "2015-03-31": 39.153, "2014-12-31": 38.465, "2014-09-30": 35.86, "2014-06-30": "30.72200", "2014-03-31": 25.337, "2013-12-31": 23.397, "2013-09-30": 20.509, "2013-06-30": "17.45700", "2013-03-31": 16.518, "2012-12-31": 14.101, "2012-09-30": 13.182, "2012-06-30": "14.43800", "2012-03-31": 11.633, "2011-12-31": 11.217, "2011-09-30": 9.588, "2011-06-30": "9.82200", "2011-03-31": 30.57, "2010-12-31": -20.47, "2010-03-31": 4.99, "2009-03-31": 15.48}, "Other Non-Cash Items": {"2020-12-31": 7, "2020-09-30": 24, "2020-06-30": "-4.00000", "2020-03-31": 450, "2019-12-31": 21, "2019-09-30": 109, "2019-06-30": "115.00000", "2019-03-31": -36, "2018-12-31": 89, "2018-09-30": 11, "2018-06-30": "24.00000", "2018-03-31": 39.7, "2017-12-31": 29, "2017-09-30": 18.3, "2017-06-30": "22.00000", "2017-03-31": -52.6, "2016-12-31": 3.4, "2016-09-30": 12.2, "2016-06-30": "19.00000", "2016-03-31": 9.2, "2015-12-31": 16.3, "2015-09-30": 9.7, "2015-06-30": "7.90000", "2015-03-31": 29.802, "2014-12-31": -4.922, "2014-09-30": 2.317, "2014-06-30": "-10.59700", "2014-03-31": -29.684, "2013-12-31": 5.413, "2013-09-30": -11.992, "2013-06-30": "-12.43700", "2013-03-31": -6.236, "2012-12-31": -0.439, "2012-09-30": -105.619, "2012-06-30": "-5.48500", "2012-03-31": -15.393, "2011-12-31": 3.82, "2011-09-30": -0.81, "2011-06-30": "1.49800", "2011-03-31": 0, "2010-12-31": 0, "2010-03-31": 0, "2009-03-31": 0}, "Total Non-Cash Items": {"2020-12-31": 61, "2020-09-30": 79, "2020-06-30": "51.00000", "2020-03-31": 513, "2019-12-31": 87, "2019-09-30": 176, "2019-06-30": "176.00000", "2019-03-31": 30, "2018-12-31": 141, "2018-09-30": 65, "2018-06-30": "81.00000", "2018-03-31": 99.3, "2017-12-31": 85, "2017-09-30": 66.9, "2017-06-30": "69.80000", "2017-03-31": 202.7, "2016-12-31": 58.8, "2016-09-30": 69.8, "2016-06-30": "70.70000", "2016-03-31": 60.6, "2015-12-31": 61.8, "2015-09-30": 57.2, "2015-06-30": "50.20000", "2015-03-31": 68.955, "2014-12-31": 33.543, "2014-09-30": 38.177, "2014-06-30": "20.12500", "2014-03-31": -4.347, "2013-12-31": 28.81, "2013-09-30": 8.517, "2013-06-30": "5.02000", "2013-03-31": 10.282, "2012-12-31": 13.662, "2012-09-30": -92.437, "2012-06-30": "8.95300", "2012-03-31": 7.125, "2011-12-31": 15.037, "2011-09-30": 8.778, "2011-06-30": "11.32000", "2011-03-31": 30.57, "2010-12-31": -20.47, "2010-03-31": 4.99, "2009-03-31": 15.48}, "Change In Accounts Receivable": {"2020-12-31": -14, "2020-09-30": -160, "2020-06-30": "131.00000", "2020-03-31": 31, "2019-12-31": 3, "2019-09-30": -65, "2019-06-30": "73.00000", "2019-03-31": -14, "2018-12-31": 46, "2018-09-30": -79, "2018-06-30": "24.00000", "2018-03-31": -6.1, "2017-12-31": 19.5, "2017-09-30": -100.6, "2017-06-30": "98.20000", "2017-03-31": -13.6, "2016-12-31": 28.4, "2016-09-30": -82.3, "2016-06-30": "127.50000", "2016-03-31": -2.6, "2015-12-31": 40.6, "2015-09-30": -98, "2015-06-30": "112.50000", "2015-03-31": -60.752, "2014-12-31": 16.003, "2014-09-30": -124.521, "2014-06-30": "85.97000", "2014-03-31": -20.406, "2013-12-31": -63.518, "2013-09-30": -56.656, "2013-06-30": "36.18000", "2013-03-31": -27.699, "2012-12-31": 13.635, "2012-09-30": -80.741, "2012-06-30": "21.72500", "2012-03-31": -38.241, "2011-12-31": 15.392, "2011-09-30": -57.931, "2011-06-30": "32.38100", "2011-03-31": 0, "2010-12-31": 0, "2010-03-31": 0, "2009-03-31": 0}, "Change In Inventories": {"2020-12-31": 172, "2020-09-30": 46, "2020-06-30": "-119.00000", "2020-03-31": 123, "2019-12-31": 133, "2019-09-30": -78, "2019-06-30": "-63.00000", "2019-03-31": 2, "2018-12-31": -1, "2018-09-30": -74, "2018-06-30": "-52.00000", "2018-03-31": 25.2, "2017-12-31": 149.2, "2017-09-30": -72.8, "2017-06-30": "-55.60000", "2017-03-31": 41.2, "2016-12-31": 100, "2016-09-30": -87.8, "2016-06-30": "-32.40000", "2016-03-31": 49.3, "2015-12-31": 114.4, "2015-09-30": -99.4, "2015-06-30": "-80.60000", "2015-03-31": 12.851, "2014-12-31": 75.794, "2014-09-30": -101.087, "2014-06-30": "-99.95800", "2014-03-31": 4.03, "2013-12-31": -26.805, "2013-09-30": -82.78, "2013-06-30": "-52.64500", "2013-03-31": 21.527, "2012-12-31": -11.599, "2012-09-30": -29.817, "2012-06-30": "-61.21900", "2012-03-31": -26.095, "2011-12-31": -14.367, "2011-09-30": -26.129, "2011-06-30": "-4.56000", "2011-03-31": 0, "2010-12-31": 0, "2010-03-31": 0, "2009-03-31": 0}, "Change In Accounts Payable": {"2020-12-31": -81, "2020-09-30": -52, "2020-06-30": "167.00000", "2020-03-31": 57, "2019-12-31": -26, "2019-09-30": 40, "2019-06-30": "-8.00000", "2019-03-31": -100, "2018-12-31": 42, "2018-09-30": 14, "2018-06-30": "-4.00000", "2018-03-31": 0.4, "2017-12-31": -16.8, "2017-09-30": 19.1, "2017-06-30": "-23.70000", "2017-03-31": -37.4, "2016-12-31": 36.1, "2016-09-30": 12.7, "2016-06-30": "25.60000", "2016-03-31": -33, "2015-12-31": -11.5, "2015-09-30": 29.5, "2015-06-30": "29.20000", "2015-03-31": -43.481, "2014-12-31": -7.226, "2014-09-30": 31.921, "2014-06-30": "10.18600", "2014-03-31": -8.328, "2013-12-31": 25.938, "2013-09-30": 14.295, "2013-06-30": "21.79500", "2013-03-31": -20.391, "2012-12-31": 17.839, "2012-09-30": 4.476, "2012-06-30": "15.77400", "2012-03-31": -12.246, "2011-12-31": 13.32, "2011-09-30": 15.875, "2011-06-30": "-2.06100", "2011-03-31": 0, "2010-12-31": 0, "2010-03-31": 0, "2009-03-31": 0}, "Change In Assets/Liabilities": {"2020-12-31": 15, "2020-09-30": 33, "2020-06-30": "17.00000", "2020-03-31": 54, "2019-12-31": 27, "2019-09-30": -60, "2019-06-30": "-14.00000", "2019-03-31": 36, "2018-12-31": 21, "2018-09-30": -49, "2018-06-30": "3.00000", "2018-03-31": 24.1, "2017-12-31": 54.5, "2017-09-30": -19.8, "2017-06-30": "-1.80000", "2017-03-31": 38.5, "2016-12-31": -3.1, "2016-09-30": -33.1, "2016-06-30": "14.70000", "2016-03-31": -37.4, "2015-12-31": 28.8, "2015-09-30": 14.5, "2015-06-30": "0.10000", "2015-03-31": 16.136, "2014-12-31": 21.35, "2014-09-30": -57.782, "2014-06-30": "4.39600", "2014-03-31": 9.479, "2013-12-31": 8.134, "2013-09-30": -4.634, "2013-06-30": "2.92100", "2013-03-31": -46.973, "2012-12-31": 57.634, "2012-09-30": 7.925, "2012-06-30": "-7.55200", "2012-03-31": 3.146, "2011-12-31": -6.86, "2011-09-30": -1.718, "2011-06-30": "0.22000", "2011-03-31": 0, "2010-12-31": 0, "2010-03-31": 0, "2009-03-31": 0}, "Total Change In Assets/Liabilities": {"2020-12-31": 169, "2020-09-30": -130, "2020-06-30": "196.00000", "2020-03-31": 146, "2019-12-31": 213, "2019-09-30": -164, "2019-06-30": "-63.00000", "2019-03-31": -131, "2018-12-31": 171, "2018-09-30": -144, "2018-06-30": "-61.00000", "2018-03-31": 45, "2017-12-31": 239.8, "2017-09-30": -134.8, "2017-06-30": "-1.00000", "2017-03-31": -37.1, "2016-12-31": 217.8, "2016-09-30": -206, "2016-06-30": "106.30000", "2016-03-31": 51.9, "2015-12-31": 211.8, "2015-09-30": -136.8, "2015-06-30": "55.10000", "2015-03-31": -102.674, "2014-12-31": 172.929, "2014-09-30": -268.699, "2014-06-30": "14.54400", "2014-03-31": 26.451, "2013-12-31": 9.904, "2013-09-30": -155.489, "2013-06-30": "52.63400", "2013-03-31": 3.287, "2012-12-31": -8.203, "2012-09-30": 49.707, "2012-06-30": "-19.01600", "2012-03-31": -41.911, "2011-12-31": 43.416, "2011-09-30": -75.445, "2011-06-30": "10.49000", "2011-03-31": -9.04, "2010-12-31": 40.23, "2010-03-31": -32.17, "2009-03-31": -8.06}, "Cash Flow From Operating Activities": {"2020-12-31": 408, "2020-09-30": 70, "2020-06-30": "67.00000", "2020-03-31": 107, "2019-12-31": 509, "2019-09-30": 85, "2019-06-30": "158.00000", "2019-03-31": -82, "2018-12-31": 512, "2018-09-30": 58, "2018-06-30": "206.00000", "2018-03-31": 188.7, "2017-12-31": 544.2, "2017-09-30": 134.8, "2017-06-30": "194.30000", "2017-03-31": 139.3, "2016-12-31": 547.9, "2016-09-30": 24.5, "2016-06-30": "323.30000", "2016-03-31": 288.8, "2015-12-31": 567.8, "2015-09-30": 113.2, "2015-06-30": "279.70000", "2015-03-31": 148.9, "2014-12-31": 510.147, "2014-09-30": -23.532, "2014-06-30": "222.38500", "2014-03-31": 183.157, "2013-12-31": 268.357, "2013-09-30": -1.164, "2013-06-30": "182.65000", "2013-03-31": 114.67, "2012-12-31": 135.487, "2012-09-30": 55.098, "2012-06-30": "58.58200", "2012-03-31": -2.058, "2011-12-31": 97.484, "2011-09-30": -26.061, "2011-06-30": "45.92500", "2011-03-31": 110.3, "2010-12-31": -28.59, "2010-03-31": -0.86, "2009-03-31": 29.45}, "Net Change In Property, Plant, And Equipment": {"2020-12-31": -26, "2020-09-30": -27, "2020-06-30": "-32.00000", "2020-03-31": -59, "2019-12-31": -59, "2019-09-30": -51, "2019-06-30": "-54.00000", "2019-03-31": -46, "2018-12-31": -45, "2018-09-30": -49, "2018-06-30": "-41.00000", "2018-03-31": -36.2, "2017-12-31": -25.9, "2017-09-30": -43.1, "2017-06-30": "-14.80000", "2017-03-31": -17.3, "2016-12-31": -48.5, "2016-09-30": -52.3, "2016-06-30": "-46.90000", "2016-03-31": -79, "2015-12-31": -96.8, "2015-09-30": -87.4, "2015-06-30": "-106.00000", "2015-03-31": -73.467, "2014-12-31": -125.33, "2014-09-30": -84.216, "2014-06-30": "-73.18700", "2014-03-31": -57.758, "2013-12-31": -53.362, "2013-09-30": -40.271, "2013-06-30": "-33.30900", "2013-03-31": -46.486, "2012-12-31": -31.994, "2012-09-30": -25.471, "2012-06-30": "-17.37000", "2012-03-31": -31.382, "2011-12-31": -24.807, "2011-09-30": -22.87, "2011-06-30": "-9.12100", "2011-03-31": -57.34, "2010-12-31": 30.81, "2010-03-31": 4.98, "2009-03-31": -35.79}, "Net Change In Intangible Assets": {"2020-12-31": 0, "2020-09-30": 0, "2020-06-30": "", "2020-03-31": 0, "2019-12-31": 0, "2019-09-30": 0, "2019-06-30": "", "2019-03-31": -1, "2018-12-31": -1, "2018-09-30": -1, "2018-06-30": "", "2018-03-31": 0.2, "2017-12-31": -3.2, "2017-09-30": 0, "2017-06-30": "", "2017-03-31": 0.6, "2016-12-31": 0.1, "2016-09-30": -5.5, "2016-06-30": "-0.20000", "2016-03-31": -2, "2015-12-31": -0.1, "2015-09-30": -1.9, "2015-06-30": "-7.40000", "2015-03-31": -3.05, "2014-12-31": -14.09, "2014-09-30": -7.556, "2014-06-30": "-4.50400", "2014-03-31": -6.838, "2013-12-31": -7.274, "2013-09-30": -8.845, "2013-06-30": "-5.84300", "2013-03-31": -4.927, "2012-12-31": -3.619, "2012-09-30": 0, "2012-06-30": "", "2012-03-31": 0, "2011-12-31": 0, "2011-09-30": 0, "2011-06-30": "", "2011-03-31": 0, "2010-12-31": 0, "2010-03-31": 0, "2009-03-31": 0}, "Net Acquisitions/Divestitures": {"2020-12-31": 0, "2020-09-30": -12, "2020-06-30": "", "2020-03-31": -12, "2019-12-31": 0, "2019-09-30": 0, "2019-06-30": "-1.00000", "2019-03-31": -1873, "2018-12-31": 0, "2018-09-30": -2, "2018-06-30": "", "2018-03-31": -0.5, "2017-12-31": -1413.1, "2017-09-30": 0, "2017-06-30": "-1.40000", "2017-03-31": -0.4, "2016-12-31": 0, "2016-09-30": 0, "2016-06-30": "-480.60000", "2016-03-31": -3.6, "2015-12-31": 3, "2015-09-30": 1.1, "2015-06-30": "", "2015-03-31": 0, "2014-12-31": 0, "2014-09-30": 0, "2014-06-30": "", "2014-03-31": 0, "2013-12-31": 0, "2013-09-30": 0, "2013-06-30": "", "2013-03-31": 0, "2012-12-31": 0, "2012-09-30": 0, "2012-06-30": "", "2012-03-31": 0, "2011-12-31": 0, "2011-09-30": 0, "2011-06-30": "", "2011-03-31": 0, "2010-12-31": 0, "2010-03-31": 0, "2009-03-31": 0}, "Net Change In Short-term Investments": {"2020-12-31": 0, "2020-09-30": 0, "2020-06-30": "", "2020-03-31": 0, "2019-12-31": 0, "2019-09-30": 0, "2019-06-30": "", "2019-03-31": 0, "2018-12-31": 0, "2018-09-30": 0, "2018-06-30": "", "2018-03-31": 0, "2017-12-31": 0, "2017-09-30": 0, "2017-06-30": "", "2017-03-31": 0, "2016-12-31": 0, "2016-09-30": 0, "2016-06-30": "", "2016-03-31": -1, "2015-12-31": 0, "2015-09-30": 0, "2015-06-30": "", "2015-03-31": -0.06, "2014-12-31": 0, "2014-09-30": -2.94, "2014-06-30": "", "2014-03-31": 0, "2013-12-31": 0, "2013-09-30": 0, "2013-06-30": "", "2013-03-31": -6, "2012-12-31": 0, "2012-09-30": 0, "2012-06-30": "", "2012-03-31": 0, "2011-12-31": 0, "2011-09-30": 0, "2011-06-30": "", "2011-03-31": 0, "2010-12-31": 0, "2010-03-31": 0, "2009-03-31": 0}, "Net Change In Long-Term Investments": {"2020-12-31": 0, "2020-09-30": 0, "2020-06-30": "", "2020-03-31": 0, "2019-12-31": 0, "2019-09-30": 0, "2019-06-30": "", "2019-03-31": 0, "2018-12-31": 0, "2018-09-30": 0, "2018-06-30": "", "2018-03-31": 0, "2017-12-31": 0, "2017-09-30": 0, "2017-06-30": "", "2017-03-31": 0, "2016-12-31": 0, "2016-09-30": 0, "2016-06-30": "", "2016-03-31": 1, "2015-12-31": -0.1, "2015-09-30": 0, "2015-06-30": "-0.90000", "2015-03-31": 0, "2014-12-31": 0, "2014-09-30": 0, "2014-06-30": "", "2014-03-31": -2, "2013-12-31": 0, "2013-09-30": 0, "2013-06-30": "", "2013-03-31": 0, "2012-12-31": -3.232, "2012-09-30": 0, "2012-06-30": "", "2012-03-31": 0, "2011-12-31": 0, "2011-09-30": 0, "2011-06-30": "", "2011-03-31": 0, "2010-12-31": 0, "2010-03-31": 0, "2009-03-31": 0}, "Net Change In Investments - Total": {"2020-12-31": 0, "2020-09-30": 0, "2020-06-30": "", "2020-03-31": 0, "2019-12-31": 0, "2019-09-30": 0, "2019-06-30": "", "2019-03-31": 0, "2018-12-31": 0, "2018-09-30": 0, "2018-06-30": "", "2018-03-31": 0, "2017-12-31": 0, "2017-09-30": 0, "2017-06-30": "", "2017-03-31": 0, "2016-12-31": 0, "2016-09-30": 0, "2016-06-30": "", "2016-03-31": 0, "2015-12-31": -0.1, "2015-09-30": 0, "2015-06-30": "-0.90000", "2015-03-31": -0.06, "2014-12-31": 0, "2014-09-30": -2.94, "2014-06-30": "", "2014-03-31": -2, "2013-12-31": 0, "2013-09-30": 0, "2013-06-30": "", "2013-03-31": -6, "2012-12-31": -3.232, "2012-09-30": 0, "2012-06-30": "", "2012-03-31": 0, "2011-12-31": 0, "2011-09-30": 0, "2011-06-30": "", "2011-03-31": 0, "2010-12-31": 0, "2010-03-31": 0, "2009-03-31": 0}, "Investing Activities - Other": {"2020-12-31": 0, "2020-09-30": 0, "2020-06-30": "", "2020-03-31": 266, "2019-12-31": 1, "2019-09-30": 8, "2019-06-30": "23.00000", "2019-03-31": 11, "2018-12-31": -108, "2018-09-30": 31, "2018-06-30": "", "2018-03-31": 0.3, "2017-12-31": 41.4, "2017-09-30": -36.7, "2017-06-30": "", "2017-03-31": 0, "2016-12-31": 0, "2016-09-30": 0, "2016-06-30": "", "2016-03-31": 0, "2015-12-31": 0, "2015-09-30": 0, "2015-06-30": "", "2015-03-31": 0, "2014-12-31": 0, "2014-09-30": 0, "2014-06-30": "", "2014-03-31": 0, "2013-12-31": 0, "2013-09-30": 0, "2013-06-30": "", "2013-03-31": 0, "2012-12-31": 0, "2012-09-30": 0, "2012-06-30": "", "2012-03-31": 0, "2011-12-31": 0, "2011-09-30": 0, "2011-06-30": "", "2011-03-31": -0.48, "2010-12-31": 1.35, "2010-03-31": 1.25, "2009-03-31": -2.6}, "Cash Flow From Investing Activities": {"2020-12-31": -26, "2020-09-30": -39, "2020-06-30": "-32.00000", "2020-03-31": 195, "2019-12-31": -58, "2019-09-30": -43, "2019-06-30": "-32.00000", "2019-03-31": -1909, "2018-12-31": -154, "2018-09-30": -21, "2018-06-30": "-41.00000", "2018-03-31": -36.2, "2017-12-31": -1400.8, "2017-09-30": -79.8, "2017-06-30": "-16.20000", "2017-03-31": -17.1, "2016-12-31": -48.4, "2016-09-30": -57.8, "2016-06-30": "-527.70000", "2016-03-31": -84.6, "2015-12-31": -94, "2015-09-30": -88.2, "2015-06-30": "-114.30000", "2015-03-31": -76.577, "2014-12-31": -139.42, "2014-09-30": -94.712, "2014-06-30": "-77.69100", "2014-03-31": -66.596, "2013-12-31": -60.636, "2013-09-30": -49.116, "2013-06-30": "-39.15200", "2013-03-31": -57.413, "2012-12-31": -38.845, "2012-09-30": -25.471, "2012-06-30": "-17.37000", "2012-03-31": -31.382, "2011-12-31": -24.807, "2011-09-30": -22.87, "2011-06-30": "-9.12100", "2011-03-31": -57.83, "2010-12-31": 32.17, "2010-03-31": 6.22, "2009-03-31": -38.39}, "Net Long-Term Debt": {"2020-12-31": -382, "2020-09-30": -1, "2020-06-30": "-415.00000", "2020-03-31": 58, "2019-12-31": -297, "2019-09-30": -19, "2019-06-30": "-136.00000", "2019-03-31": -27, "2018-12-31": 1786, "2018-09-30": -62, "2018-06-30": "-53.00000", "2018-03-31": -120.7001, "2017-12-31": 856.7001, "2017-09-30": -22.7, "2017-06-30": "22.70000", "2017-03-31": -162.2, "2016-12-31": 162.2, "2016-09-30": 0, "2016-06-30": "", "2016-03-31": 5.5, "2015-12-31": -5.5, "2015-09-30": 0, "2015-06-30": "", "2015-03-31": 0, "2014-12-31": 0, "2014-09-30": 0, "2014-06-30": "", "2014-03-31": 0, "2013-12-31": 0, "2013-09-30": 0, "2013-06-30": "", "2013-03-31": 0, "2012-12-31": 0, "2012-09-30": 0, "2012-06-30": "", "2012-03-31": 0, "2011-12-31": 0, "2011-09-30": 0, "2011-06-30": "", "2011-03-31": 0, "2010-12-31": 0, "2010-03-31": 0, "2009-03-31": 0}, "Net Current Debt": {"2020-12-31": 0, "2020-09-30": 0, "2020-06-30": "", "2020-03-31": 0, "2019-12-31": 0, "2019-09-30": 0, "2019-06-30": "", "2019-03-31": 0, "2018-12-31": 0, "2018-09-30": 0, "2018-06-30": "", "2018-03-31": 0, "2017-12-31": 133.1, "2017-09-30": -133.1, "2017-06-30": "", "2017-03-31": 147, "2016-12-31": -375.7, "2016-09-30": 131.3, "2016-06-30": "244.40000", "2016-03-31": -7.2, "2015-12-31": 0, "2015-09-30": 0, "2015-06-30": "", "2015-03-31": 0, "2014-12-31": 0, "2014-09-30": 0, "2014-06-30": "", "2014-03-31": 0, "2013-12-31": 0, "2013-09-30": 0, "2013-06-30": "", "2013-03-31": 0, "2012-12-31": -13.731, "2012-09-30": -15.52, "2012-06-30": "6.57700", "2012-03-31": 7.126, "2011-12-31": -0.679, "2011-09-30": 3.453, "2011-06-30": "", "2011-03-31": -35.59, "2010-12-31": -7.44, "2010-03-31": -2.16, "2009-03-31": 9.6}, "Debt Issuance/Retirement Net - Total": {"2020-12-31": -382, "2020-09-30": -1, "2020-06-30": "-415.00000", "2020-03-31": 58, "2019-12-31": -297, "2019-09-30": -19, "2019-06-30": "-136.00000", "2019-03-31": -27, "2018-12-31": 1786, "2018-09-30": -62, "2018-06-30": "-53.00000", "2018-03-31": -120.7001, "2017-12-31": 989.8001, "2017-09-30": -155.8, "2017-06-30": "22.70000", "2017-03-31": -15.2, "2016-12-31": -213.5, "2016-09-30": 131.3, "2016-06-30": "244.40000", "2016-03-31": -1.7, "2015-12-31": -5.5, "2015-09-30": 0, "2015-06-30": "", "2015-03-31": 0, "2014-12-31": 0, "2014-09-30": 0, "2014-06-30": "", "2014-03-31": 0, "2013-12-31": 0, "2013-09-30": 0, "2013-06-30": "", "2013-03-31": 0, "2012-12-31": -13.731, "2012-09-30": -15.52, "2012-06-30": "6.57700", "2012-03-31": -2.774, "2011-12-31": -0.679, "2011-09-30": 3.453, "2011-06-30": "", "2011-03-31": 0, "2010-12-31": 0, "2010-03-31": 0, "2009-03-31": 0}, "Net Common Equity Issued/Repurchased": {"2020-12-31": 0, "2020-09-30": 0, "2020-06-30": "-1.00000", "2020-03-31": 0, "2019-12-31": -100, "2019-09-30": 0, "2019-06-30": "-2.00000", "2019-03-31": 6, "2018-12-31": -97, "2018-09-30": 13, "2018-06-30": "-100.00000", "2018-03-31": -191.5, "2017-12-31": 2.4, "2017-09-30": 2.3, "2017-06-30": "-160.20000", "2017-03-31": -250.2, "2016-12-31": -98.3, "2016-09-30": -247.1, "2016-06-30": "-401.40000", "2016-03-31": -193.8, "2015-12-31": -200.8, "2015-09-30": -398.9, "2015-06-30": "-346.20000", "2015-03-31": -86.805, "2014-12-31": -400.301, "2014-09-30": 2.97, "2014-06-30": "4.13600", "2014-03-31": 5.512, "2013-12-31": -1.955, "2013-09-30": 6.632, "2013-06-30": "6.41100", "2013-03-31": 4.679, "2012-12-31": 2.089, "2012-09-30": 21.106, "2012-06-30": "2.56100", "2012-03-31": 4.3, "2011-12-31": 5.372, "2011-09-30": 9.55, "2011-06-30": "", "2011-03-31": 0, "2010-12-31": 0, "2010-03-31": 0, "2009-03-31": 0}, "Net Total Equity Issued/Repurchased": {"2020-12-31": 0, "2020-09-30": 0, "2020-06-30": "-1.00000", "2020-03-31": 0, "2019-12-31": -100, "2019-09-30": 0, "2019-06-30": "-2.00000", "2019-03-31": 6, "2018-12-31": -97, "2018-09-30": 13, "2018-06-30": "-100.00000", "2018-03-31": -191.5, "2017-12-31": 2.4, "2017-09-30": 2.3, "2017-06-30": "-160.20000", "2017-03-31": -250.2, "2016-12-31": -98.3, "2016-09-30": -247.1, "2016-06-30": "-401.40000", "2016-03-31": -193.8, "2015-12-31": -200.8, "2015-09-30": -398.9, "2015-06-30": "-346.20000", "2015-03-31": -86.805, "2014-12-31": -400.301, "2014-09-30": 2.97, "2014-06-30": "4.13600", "2014-03-31": 5.512, "2013-12-31": -1.955, "2013-09-30": 6.632, "2013-06-30": "6.41100", "2013-03-31": 4.679, "2012-12-31": 2.089, "2012-09-30": 21.106, "2012-06-30": "2.56100", "2012-03-31": -5.372, "2011-12-31": 5.372, "2011-09-30": 9.55, "2011-06-30": "", "2011-03-31": 0, "2010-12-31": 0, "2010-03-31": 0, "2009-03-31": 0}, "Total Common And Preferred Stock Dividends Paid": {"2020-12-31": 0, "2020-09-30": 0, "2020-06-30": "", "2020-03-31": 0, "2019-12-31": 0, "2019-09-30": 0, "2019-06-30": "", "2019-03-31": 0, "2018-12-31": 0, "2018-09-30": 0, "2018-06-30": "", "2018-03-31": 0, "2017-12-31": 0, "2017-09-30": 0, "2017-06-30": "", "2017-03-31": 0, "2016-12-31": 0, "2016-09-30": 0, "2016-06-30": "", "2016-03-31": 0, "2015-12-31": 0, "2015-09-30": 0, "2015-06-30": "", "2015-03-31": 0, "2014-12-31": 0, "2014-09-30": 0, "2014-06-30": "", "2014-03-31": 0, "2013-12-31": 0, "2013-09-30": 0, "2013-06-30": "", "2013-03-31": 0, "2012-12-31": 0, "2012-09-30": 0, "2012-06-30": "", "2012-03-31": 0, "2011-12-31": 0, "2011-09-30": 0, "2011-06-30": "", "2011-03-31": 0, "2010-12-31": 1.86, "2010-03-31": -0.86, "2009-03-31": -1}, "Financial Activities - Other": {"2020-12-31": 0, "2020-09-30": 0, "2020-06-30": "-4.00000", "2020-03-31": -1, "2019-12-31": 0, "2019-09-30": 0, "2019-06-30": "", "2019-03-31": 0, "2018-12-31": -15, "2018-09-30": 0, "2018-06-30": "", "2018-03-31": 0.2, "2017-12-31": -0.1, "2017-09-30": 0.1, "2017-06-30": "-0.20000", "2017-03-31": 0, "2016-12-31": 0, "2016-09-30": 0, "2016-06-30": "", "2016-03-31": -13.3, "2015-12-31": 1.7, "2015-09-30": 0.8, "2015-06-30": "8.30000", "2015-03-31": 5.08, "2014-12-31": 10.567, "2014-09-30": 10.967, "2014-06-30": "18.68600", "2014-03-31": 9.945, "2013-12-31": 4.424, "2013-09-30": 21.866, "2013-06-30": "18.26500", "2013-03-31": 14.094, "2012-12-31": 8.678, "2012-09-30": 113.639, "2012-06-30": "6.38900", "2012-03-31": 31.79, "2011-12-31": 9.373, "2011-09-30": -1.983, "2011-06-30": "", "2011-03-31": -2.13, "2010-12-31": 0, "2010-03-31": 0, "2009-03-31": 0}, "Cash Flow From Financial Activities": {"2020-12-31": -382, "2020-09-30": -1, "2020-06-30": "-420.00000", "2020-03-31": 57, "2019-12-31": -397, "2019-09-30": -19, "2019-06-30": "-138.00000", "2019-03-31": -21, "2018-12-31": 1674, "2018-09-30": -49, "2018-06-30": "-153.00000", "2018-03-31": -312, "2017-12-31": 992.1, "2017-09-30": -153.4, "2017-06-30": "-137.70000", "2017-03-31": -265.4, "2016-12-31": -311.8, "2016-09-30": -115.8, "2016-06-30": "-157.00000", "2016-03-31": -208.8, "2015-12-31": -204.6, "2015-09-30": -398.1, "2015-06-30": "-337.90000", "2015-03-31": -81.725, "2014-12-31": -389.734, "2014-09-30": 13.937, "2014-06-30": "22.82200", "2014-03-31": 15.457, "2013-12-31": 2.469, "2013-09-30": 28.498, "2013-06-30": "24.67600", "2013-03-31": 18.773, "2012-12-31": -2.964, "2012-09-30": 119.225, "2012-06-30": "15.52700", "2012-03-31": 33.544, "2011-12-31": 14.066, "2011-09-30": 11.02, "2011-06-30": "", "2011-03-31": -37.72, "2010-12-31": -5.58, "2010-03-31": -3.02, "2009-03-31": 8.6}, "Net Cash Flow": {"2020-12-31": -9, "2020-09-30": 31, "2020-06-30": "-385.00000", "2020-03-31": 355, "2019-12-31": 58, "2019-09-30": 19, "2019-06-30": "-12.00000", "2019-03-31": -2014, "2018-12-31": 2031, "2018-09-30": -15, "2018-06-30": "7.00000", "2018-03-31": -154.8, "2017-12-31": 139.2, "2017-09-30": -95.5, "2017-06-30": "44.10000", "2017-03-31": -139.9, "2016-12-31": 183.5, "2016-09-30": -150.7, "2016-06-30": "-364.90000", "2016-03-31": 5.2, "2015-12-31": 265.3, "2015-09-30": -377, "2015-06-30": "-170.40000", "2015-03-31": -23.936, "2014-12-31": -26.151, "2014-09-30": -112.789, "2014-06-30": "170.57600", "2014-03-31": 128.07, "2013-12-31": 209.5, "2013-09-30": -20.315, "2013-06-30": "166.64500", "2013-03-31": 74.236, "2012-12-31": 93.532, "2012-09-30": 150.169, "2012-06-30": "55.72100", "2012-03-31": 0.677, "2011-12-31": 86.368, "2011-09-30": -38.898, "2011-06-30": "37.13300", "2011-03-31": 15.4, "2010-12-31": -3.2, "2010-03-31": 3.54, "2009-03-31": -0.34}, "Stock-Based Compensation": {"2020-12-31": 12, "2020-09-30": 17, "2020-06-30": "24.00000", "2020-03-31": 5, "2019-12-31": 16, "2019-09-30": 21, "2019-06-30": "28.00000", "2019-03-31": 22, "2018-12-31": 12, "2018-09-30": 13, "2018-06-30": "13.00000", "2018-03-31": 20.4, "2017-12-31": 8.5, "2017-09-30": 10.3, "2017-06-30": "10.80000", "2017-03-31": 7.3, "2016-12-31": 5.3, "2016-09-30": 11.6, "2016-06-30": "9.80000", "2016-03-31": 9.7, "2015-12-31": 12.8, "2015-09-30": 13.4, "2015-06-30": "12.50000", "2015-03-31": 15.455, "2014-12-31": 11.866, "2014-09-30": 13.425, "2014-06-30": "8.15400", "2014-03-31": 8.181, "2013-12-31": 7.782, "2013-09-30": 7.56, "2013-06-30": "5.57700", "2013-03-31": 5.727, "2012-12-31": 5.401, "2012-09-30": 4.822, "2012-06-30": "4.98200", "2012-03-31": 6.979, "2011-12-31": 20.041, "2011-09-30": 0, "2011-06-30": "", "2011-03-31": 0, "2010-12-31": 0, "2010-03-31": 0, "2009-03-31": 0}, "Common Stock Dividends Paid": {"2020-12-31": 0, "2020-09-30": 0, "2020-06-30": "", "2020-03-31": 0, "2019-12-31": 0, "2019-09-30": 0, "2019-06-30": "", "2019-03-31": 0, "2018-12-31": 0, "2018-09-30": 0, "2018-06-30": "", "2018-03-31": 0, "2017-12-31": 0, "2017-09-30": 0, "2017-06-30": "", "2017-03-31": 0, "2016-12-31": 0, "2016-09-30": 0, "2016-06-30": "", "2016-03-31": 0, "2015-12-31": 0, "2015-09-30": 0, "2015-06-30": "", "2015-03-31": 0, "2014-12-31": 0, "2014-09-30": 0, "2014-06-30": "", "2014-03-31": 0, "2013-12-31": 0, "2013-09-30": 0, "2013-06-30": "", "2013-03-31": 0, "2012-12-31": 0, "2012-09-30": 0, "2012-06-30": "", "2012-03-31": 0, "2011-12-31": 0, "2011-09-30": 0, "2011-06-30": "", "2011-03-31": 0, "2010-12-31": 0, "2010-03-31": 0, "2009-03-31": 0}}, "financial ratios": {"Current Ratio": {"2020-03-31": "1.35190", "2019-03-31": "1.12130", "2018-03-31": "1.31460", "2017-03-31": "2.05850", "2016-03-31": "3.83420", "2015-03-31": "6.09780", "2014-03-31": "5.76310", "2013-03-31": "6.02250", "2012-03-31": "2.81240", "2011-03-31": "1.92130", "2010-03-31": "1.49890", "2009-03-31": ""}, "Long-term Debt / Capital": {"2020-03-31": "0.48130", "2019-03-31": "0.44320", "2018-03-31": "0.25030", "2017-03-31": "", "2016-03-31": "0.00110", "2015-03-31": "", "2014-03-31": "", "2013-03-31": "", "2012-03-31": "", "2011-03-31": "0.44790", "2010-03-31": "0.67860", "2009-03-31": ""}, "Debt/Equity Ratio": {"2020-03-31": "1.00510", "2019-03-31": "1.05510", "2018-03-31": "0.43270", "2017-03-31": "0.08340", "2016-03-31": "0.00120", "2015-03-31": "", "2014-03-31": "", "2013-03-31": "", "2012-03-31": "0.04970", "2011-03-31": "0.91300", "2010-03-31": "3.09850", "2009-03-31": ""}, "Gross Margin": {"2020-03-31": "58.92630", "2019-03-31": "60.71020", "2018-03-31": "60.58490", "2017-03-31": "59.21230", "2016-03-31": "59.36210", "2015-03-31": "60.56730", "2014-03-31": "60.89470", "2013-03-31": "59.88670", "2012-03-31": "57.83020", "2011-03-31": "55.52640", "2010-03-31": "52.49650", "2009-03-31": "47.54560"}, "Operating Margin": {"2020-03-31": "-3.45880", "2019-03-31": "14.03210", "2018-03-31": "15.87200", "2017-03-31": "15.35380", "2016-03-31": "24.93790", "2015-03-31": "28.75440", "2014-03-31": "30.45190", "2013-03-31": "28.87680", "2012-03-31": "19.01950", "2011-03-31": "17.03710", "2010-03-31": "11.05570", "2009-03-31": "6.10410"}, "EBIT Margin": {"2020-03-31": "-3.45880", "2019-03-31": "14.03210", "2018-03-31": "15.87200", "2017-03-31": "15.35380", "2016-03-31": "24.93790", "2015-03-31": "28.75440", "2014-03-31": "30.45190", "2013-03-31": "28.87680", "2012-03-31": "19.01950", "2011-03-31": "17.03710", "2010-03-31": "11.05570", "2009-03-31": "6.10410"}, "EBITDA Margin": {"2020-03-31": "1.17100", "2019-03-31": "18.40400", "2018-03-31": "20.36450", "2017-03-31": "24.69960", "2016-03-31": "28.90010", "2015-03-31": "32.05310", "2014-03-31": "33.07060", "2013-03-31": "31.54620", "2012-03-31": "22.26510", "2011-03-31": "20.84250", "2010-03-31": "15.08530", "2009-03-31": "10.00390"}, "Pre-Tax Profit Margin": {"2020-03-31": "-3.87320", "2019-03-31": "11.85570", "2018-03-31": "15.72370", "2017-03-31": "15.33160", "2016-03-31": "24.87850", "2015-03-31": "28.72700", "2014-03-31": "30.43680", "2013-03-31": "28.74450", "2012-03-31": "19.10660", "2011-03-31": "16.58320", "2010-03-31": "10.81420", "2009-03-31": "5.60270"}, "Net Profit Margin": {"2020-03-31": "-4.01730", "2019-03-31": "10.36660", "2018-03-31": "12.54500", "2017-03-31": "12.30530", "2016-03-31": "17.80740", "2015-03-31": "20.15330", "2014-03-31": "19.98010", "2013-03-31": "18.22420", "2012-03-31": "9.68610", "2011-03-31": "7.08010", "2010-03-31": "6.05940", "2009-03-31": "2.57580"}, "Asset Turnover": {"2020-03-31": "0.69860", "2019-03-31": "0.78770", "2018-03-31": "1.16260", "2017-03-31": "1.86500", "2016-03-31": "1.83580", "2015-03-31": "1.62840", "2014-03-31": "1.49340", "2013-03-31": "1.69180", "2012-03-31": "1.93090", "2011-03-31": "2.01090", "2010-03-31": "1.80270", "2009-03-31": ""}, "Inventory Turnover Ratio": {"2020-03-31": "2.75700", "2019-03-31": "2.15950", "2018-03-31": "2.81390", "2017-03-31": "3.33700", "2016-03-31": "3.50200", "2015-03-31": "3.31560", "2014-03-31": "3.03250", "2013-03-31": "3.27910", "2012-03-31": "2.93020", "2011-03-31": "3.04910", "2010-03-31": "3.71890", "2009-03-31": ""}, "Receiveable Turnover": {"2020-03-31": "18.02270", "2019-03-31": "13.67620", "2018-03-31": "16.27240", "2017-03-31": "16.90750", "2016-03-31": "15.30400", "2015-03-31": "12.02940", "2014-03-31": "11.10980", "2013-03-31": "10.56760", "2012-03-31": "10.23580", "2011-03-31": "10.03160", "2010-03-31": "7.78960", "2009-03-31": ""}, "Days Sales In Receivables": {"2020-03-31": "20.25220", "2019-03-31": "26.68860", "2018-03-31": "22.43060", "2017-03-31": "21.58810", "2016-03-31": "23.85000", "2015-03-31": "30.34220", "2014-03-31": "32.85380", "2013-03-31": "34.53940", "2012-03-31": "35.65930", "2011-03-31": "36.38510", "2010-03-31": "46.85740", "2009-03-31": ""}, "ROE - Return On Equity": {"2020-03-31": "-10.37820", "2019-03-31": "22.28620", "2018-03-31": "29.27790", "2017-03-31": "34.60820", "2016-03-31": "41.89550", "2015-03-31": "39.31280", "2014-03-31": "36.62530", "2013-03-31": "37.96640", "2012-03-31": "32.29990", "2011-03-31": "57.85670", "2010-03-31": "80.08000", "2009-03-31": ""}, "Return On Tangible Equity": {"2020-03-31": "17.22820", "2019-03-31": "-35.65790", "2018-03-31": "-954.83870", "2017-03-31": "52.21340", "2016-03-31": "43.88390", "2015-03-31": "40.68350", "2014-03-31": "37.92810", "2013-03-31": "39.27860", "2012-03-31": "34.42390", "2011-03-31": "75.90740", "2010-03-31": "240.77070", "2009-03-31": ""}, "ROA - Return On Assets": {"2020-03-31": "-2.83160", "2019-03-31": "8.15040", "2018-03-31": "14.58490", "2017-03-31": "22.90840", "2016-03-31": "32.63600", "2015-03-31": "32.81680", "2014-03-31": "29.83800", "2013-03-31": "30.83230", "2012-03-31": "21.85030", "2011-03-31": "18.14940", "2010-03-31": "13.92500", "2009-03-31": ""}, "ROI - Return On Investment": {"2020-03-31": "-5.38280", "2019-03-31": "12.40840", "2018-03-31": "21.95030", "2017-03-31": "34.60820", "2016-03-31": "41.84730", "2015-03-31": "39.31280", "2014-03-31": "36.62530", "2013-03-31": "37.96640", "2012-03-31": "32.29990", "2011-03-31": "31.94520", "2010-03-31": "25.73450", "2009-03-31": ""}, "Book Value Per Share": {"2020-03-31": "14.50890", "2019-03-31": "16.11320", "2018-03-31": "13.50720", "2017-03-31": "10.23530", "2016-03-31": "11.33230", "2015-03-31": "11.22430", "2014-03-31": "8.84230", "2013-03-31": "5.19840", "2012-03-31": "2.36720", "2011-03-31": "0.89160", "2010-03-31": "0.34870", "2009-03-31": ""}, "Operating Cash Flow Per Share": {"2020-03-31": 1.1221, "2019-03-31": -2.2697, "2018-03-31": 0.6909, "2017-03-31": -0.453, "2016-03-31": 2.4419, "2015-03-31": 1.0891, "2014-03-31": 1.2729, "2013-03-31": 1.1963, "2012-03-31": -0.0066, "2011-03-31": 0.456, "2010-03-31": -0.0048, "2009-03-31": 0.1644}, "Free Cash Flow Per Share": {"2020-03-31": 0.8363, "2019-03-31": -2.6898, "2018-03-31": 0.8986, "2017-03-31": 0.5185, "2016-03-31": 2.2193, "2015-03-31": 0.257, "2014-03-31": 0.9767, "2013-03-31": 1.0601, "2012-03-31": -0.1524, "2011-03-31": 0.308, "2010-03-31": 0.023, "2009-03-31": -0.0354}}, "financial ratios, quarterly": {"Current Ratio": {"2020-12-31": "0.93660", "2020-09-30": "1.03350", "2020-06-30": "0.93710", "2020-03-31": "1.35190", "2019-12-31": "0.77270", "2019-09-30": "1.05100", "2019-06-30": "1.02520", "2019-03-31": "1.12130", "2018-12-31": "2.47910", "2018-09-30": "1.47720", "2018-06-30": "1.36850", "2018-03-31": "1.31460", "2017-12-31": "2.00060", "2017-09-30": "2.80320", "2017-06-30": "2.03960", "2017-03-31": "2.05850", "2016-12-31": "2.03590", "2016-09-30": "1.58130", "2016-06-30": "1.78960", "2016-03-31": "3.83420", "2015-12-31": "3.92770", "2015-09-30": "4.19550", "2015-06-30": "5.35060", "2015-03-31": "6.09780", "2014-12-31": "5.48910", "2014-09-30": "6.54680", "2014-06-30": "6.08980", "2014-03-31": "5.76310", "2013-12-31": "5.81370", "2013-09-30": "6.16840", "2013-06-30": "5.61450", "2013-03-31": "6.02250", "2012-12-31": "4.80580", "2012-09-30": "3.20220", "2012-06-30": "2.90040", "2012-03-31": "2.81240", "2011-12-31": "2.39850", "2011-09-30": "", "2011-06-30": "", "2011-03-31": "", "2010-12-31": "", "2010-03-31": "", "2009-03-31": ""}, "Long-term Debt / Capital": {"2020-12-31": "0.34550", "2020-09-30": "0.41830", "2020-06-30": "0.44000", "2020-03-31": "0.48130", "2019-12-31": "0.29360", "2019-09-30": "0.42720", "2019-06-30": "0.45200", "2019-03-31": "0.44320", "2018-12-31": "0.46300", "2018-09-30": "0.18770", "2018-06-30": "0.21350", "2018-03-31": "0.25030", "2017-12-31": "0.32300", "2017-09-30": "", "2017-06-30": "", "2017-03-31": "", "2016-12-31": "", "2016-09-30": "", "2016-06-30": "", "2016-03-31": "0.00110", "2015-12-31": "0.00200", "2015-09-30": "0.00220", "2015-06-30": "", "2015-03-31": "", "2014-12-31": "", "2014-09-30": "", "2014-06-30": "", "2014-03-31": "", "2013-12-31": "", "2013-09-30": "", "2013-06-30": "", "2013-03-31": "", "2012-12-31": "", "2012-09-30": "", "2012-06-30": "", "2012-03-31": "", "2011-12-31": "", "2011-09-30": "", "2011-06-30": "", "2011-03-31": "", "2010-12-31": "", "2010-03-31": "", "2009-03-31": ""}, "Debt/Equity Ratio": {"2020-12-31": "0.59960", "2020-09-30": "0.80990", "2020-06-30": "0.88090", "2020-03-31": "1.00510", "2019-12-31": "0.81040", "2019-09-30": "0.99630", "2019-06-30": "1.04600", "2019-03-31": "1.05510", "2018-12-31": "1.11780", "2018-09-30": "0.34790", "2018-06-30": "0.40220", "2018-03-31": "0.43270", "2017-12-31": "0.47710", "2017-09-30": "", "2017-06-30": "0.09850", "2017-03-31": "0.08340", "2016-12-31": "0.07970", "2016-09-30": "0.22840", "2016-06-30": "0.14140", "2016-03-31": "0.00120", "2015-12-31": "0.00200", "2015-09-30": "0.00510", "2015-06-30": "", "2015-03-31": "", "2014-12-31": "", "2014-09-30": "", "2014-06-30": "", "2014-03-31": "", "2013-12-31": "", "2013-09-30": "", "2013-06-30": "", "2013-03-31": "", "2012-12-31": "", "2012-09-30": "0.01490", "2012-06-30": "0.05170", "2012-03-31": "0.04970", "2011-12-31": "0.04140", "2011-09-30": "", "2011-06-30": "", "2011-03-31": "", "2010-12-31": "", "2010-03-31": "", "2009-03-31": ""}, "Gross Margin": {"2020-12-31": "65.13060", "2020-09-30": "63.96400", "2020-06-30": "66.96230", "2020-03-31": "52.93620", "2019-12-31": "59.32530", "2019-09-30": "60.61030", "2019-06-30": "61.96140", "2019-03-31": "59.00300", "2018-12-31": "60.70930", "2018-09-30": "60.89390", "2018-06-30": "62.42730", "2018-03-31": "60.13220", "2017-12-31": "61.38460", "2017-09-30": "60.24770", "2017-06-30": "60.34230", "2017-03-31": "58.14480", "2016-12-31": "59.55800", "2016-09-30": "59.24460", "2016-06-30": "59.85420", "2016-03-31": "58.16300", "2015-12-31": "59.53200", "2015-09-30": "58.80530", "2015-06-30": "61.21700", "2015-03-31": "58.36150", "2014-12-31": "60.86010", "2014-09-30": "61.04710", "2014-06-30": "62.19120", "2014-03-31": "59.89220", "2013-12-31": "61.20140", "2013-09-30": "60.76900", "2013-06-30": "61.99040", "2013-03-31": "59.65220", "2012-12-31": "60.21740", "2012-09-30": "59.27550", "2012-06-30": "60.50160", "2012-03-31": "57.66730", "2011-12-31": "59.39550", "2011-09-30": "57.30990", "2011-06-30": "56.33660", "2011-03-31": "", "2010-12-31": "100.00000", "2010-03-31": "", "2009-03-31": ""}, "Operating Margin": {"2020-12-31": "12.82640", "2020-09-30": "13.78380", "2020-06-30": "-35.92020", "2020-03-31": "-44.96650", "2019-12-31": "13.04900", "2019-09-30": "5.20110", "2019-06-30": "4.75480", "2019-03-31": "2.97620", "2018-12-31": "20.16690", "2018-09-30": "15.16360", "2018-06-30": "17.87200", "2018-03-31": "7.37350", "2017-12-31": "21.76930", "2017-09-30": "17.36440", "2017-06-30": "15.68670", "2017-03-31": "-3.99020", "2016-12-31": "25.27350", "2016-09-30": "18.71900", "2016-06-30": "18.91890", "2016-03-31": "20.36380", "2015-12-31": "29.29010", "2015-09-30": "24.16810", "2015-06-30": "25.21300", "2015-03-31": "23.69940", "2014-12-31": "31.83000", "2014-09-30": "28.91890", "2014-06-30": "30.11150", "2014-03-31": "26.80790", "2013-12-31": "33.90930", "2013-09-30": "29.91480", "2013-06-30": "30.82770", "2013-03-31": "26.00730", "2012-12-31": "32.16800", "2012-09-30": "29.63360", "2012-06-30": "26.98300", "2012-03-31": "20.74270", "2011-12-31": "17.28750", "2011-09-30": "19.40160", "2011-06-30": "18.49910", "2011-03-31": "", "2010-12-31": "100.00000", "2010-03-31": "", "2009-03-31": ""}, "EBIT Margin": {"2020-12-31": "12.82640", "2020-09-30": "13.78380", "2020-06-30": "-35.92020", "2020-03-31": "-44.96650", "2019-12-31": "13.04900", "2019-09-30": "5.20110", "2019-06-30": "4.75480", "2019-03-31": "2.97620", "2018-12-31": "20.16690", "2018-09-30": "15.16360", "2018-06-30": "17.87200", "2018-03-31": "7.37350", "2017-12-31": "21.76930", "2017-09-30": "17.36440", "2017-06-30": "15.68670", "2017-03-31": "-3.99020", "2016-12-31": "25.27350", "2016-09-30": "18.71900", "2016-06-30": "18.91890", "2016-03-31": "20.36370", "2015-12-31": "29.29010", "2015-09-30": "24.16810", "2015-06-30": "25.21300", "2015-03-31": "23.69940", "2014-12-31": "31.83000", "2014-09-30": "28.91890", "2014-06-30": "30.11150", "2014-03-31": "26.80790", "2013-12-31": "33.90930", "2013-09-30": "29.91480", "2013-06-30": "30.82770", "2013-03-31": "26.00740", "2012-12-31": "32.16800", "2012-09-30": "29.63360", "2012-06-30": "26.98300", "2012-03-31": "20.74270", "2011-12-31": "17.28750", "2011-09-30": "19.40160", "2011-06-30": "18.49910", "2011-03-31": "", "2010-12-31": "100.00000", "2010-03-31": "", "2009-03-31": ""}, "EBITDA Margin": {"2020-12-31": "", "2020-09-30": "", "2020-06-30": "", "2020-03-31": "", "2019-12-31": "", "2019-09-30": "", "2019-06-30": "", "2019-03-31": "", "2018-12-31": "", "2018-09-30": "", "2018-06-30": "", "2018-03-31": "", "2017-12-31": "", "2017-09-30": "", "2017-06-30": "", "2017-03-31": "", "2016-12-31": "", "2016-09-30": "", "2016-06-30": "", "2016-03-31": "", "2015-12-31": "", "2015-09-30": "", "2015-06-30": "", "2015-03-31": "", "2014-12-31": "", "2014-09-30": "", "2014-06-30": "", "2014-03-31": "", "2013-12-31": "", "2013-09-30": "", "2013-06-30": "", "2013-03-31": "", "2012-12-31": "", "2012-09-30": "", "2012-06-30": "", "2012-03-31": "", "2011-12-31": "", "2011-09-30": "", "2011-06-30": "", "2011-03-31": "", "2010-12-31": "", "2010-03-31": "", "2009-03-31": ""}, "Pre-Tax Profit Margin": {"2020-12-31": "13.28730", "2020-09-30": "12.70270", "2020-06-30": "-38.80270", "2020-03-31": "-45.30200", "2019-12-31": "13.04900", "2019-09-30": "4.78500", "2019-06-30": "3.78900", "2019-03-31": "1.63690", "2018-12-31": "16.82890", "2018-09-30": "12.13090", "2018-06-30": "17.04070", "2018-03-31": "6.31410", "2017-12-31": "19.32510", "2017-09-30": "20.85300", "2017-06-30": "15.76020", "2017-03-31": "-3.84000", "2016-12-31": "25.25870", "2016-09-30": "18.61790", "2016-06-30": "18.78730", "2016-03-31": "20.48050", "2015-12-31": "29.24000", "2015-09-30": "24.00000", "2015-06-30": "25.05070", "2015-03-31": "23.93040", "2014-12-31": "31.71840", "2014-09-30": "28.78060", "2014-06-30": "30.02780", "2014-03-31": "26.82840", "2013-12-31": "33.89830", "2013-09-30": "29.89480", "2013-06-30": "30.76090", "2013-03-31": "25.88190", "2012-12-31": "31.88570", "2012-09-30": "29.58110", "2012-06-30": "26.96850", "2012-03-31": "20.31110", "2011-12-31": "17.75290", "2011-09-30": "20.46430", "2011-06-30": "17.60320", "2011-03-31": "", "2010-12-31": "100.00000", "2010-03-31": "", "2009-03-31": ""}, "Net Profit Margin": {"2020-12-31": "13.74810", "2020-09-30": "10.99100", "2020-06-30": "-39.91130", "2020-03-31": "-46.22480", "2019-12-31": "13.36730", "2019-09-30": "5.06240", "2019-06-30": "3.34320", "2019-03-31": "1.41370", "2018-12-31": "13.90820", "2018-09-30": "11.01360", "2018-06-30": "15.46140", "2018-03-31": "3.74610", "2017-12-31": "15.23510", "2017-09-30": "17.69580", "2017-06-30": "13.17720", "2017-03-31": "-2.46930", "2016-12-31": "20.05470", "2016-09-30": "14.78590", "2016-06-30": "14.89020", "2016-03-31": "14.76600", "2015-12-31": "21.08200", "2015-09-30": "17.08850", "2015-06-30": "17.68760", "2015-03-31": "16.89330", "2014-12-31": "23.09800", "2014-09-30": "19.59010", "2014-06-30": "20.42270", "2014-03-31": "17.55520", "2013-12-31": "22.68690", "2013-09-30": "19.69570", "2013-06-30": "19.50450", "2013-03-31": "16.93050", "2012-12-31": "20.41970", "2012-09-30": "18.35650", "2012-06-30": "16.54640", "2012-03-31": "11.47710", "2011-12-31": "8.56490", "2011-09-30": "10.35280", "2011-06-30": "7.78070", "2011-03-31": "", "2010-12-31": "12.49260", "2010-03-31": "", "2009-03-31": ""}, "Asset Turnover": {"2020-12-31": "0.16770", "2020-09-30": "0.14230", "2020-06-30": "0.05990", "2020-03-31": "0.15000", "2019-12-31": "0.18870", "2019-09-30": "0.17180", "2019-06-30": "0.16200", "2019-03-31": "0.20210", "2018-12-31": "0.23850", "2018-09-30": "0.30510", "2018-06-30": "0.30370", "2018-03-31": "0.29070", "2017-12-31": "0.34150", "2017-09-30": "0.45290", "2017-06-30": "0.39470", "2017-03-31": "0.44200", "2016-12-31": "0.48820", "2016-09-30": "0.39490", "2016-06-30": "0.36720", "2016-03-31": "0.46700", "2015-12-31": "0.55140", "2015-09-30": "0.46690", "2015-06-30": "0.38570", "2015-03-31": "0.40270", "2014-12-31": "0.49980", "2014-09-30": "0.39290", "2014-06-30": "0.37330", "2014-03-31": "0.41380", "2013-12-31": "0.50440", "2013-09-30": "0.43350", "2013-06-30": "0.42810", "2013-03-31": "0.46310", "2012-12-31": "0.53620", "2012-09-30": "0.47610", "2012-06-30": "0.52650", "2012-03-31": "0.56340", "2011-12-31": "0.63290", "2011-09-30": "", "2011-06-30": "", "2011-03-31": "", "2010-12-31": "", "2010-03-31": "", "2009-03-31": ""}, "Inventory Turnover Ratio": {"2020-12-31": "0.57540", "2020-09-30": "0.43010", "2020-06-30": "0.15720", "2020-03-31": "0.67840", "2019-12-31": "0.66560", "2019-09-30": "0.52940", "2019-06-30": "0.50390", "2019-03-31": "0.57820", "2018-12-31": "0.73890", "2018-09-30": "0.63840", "2018-06-30": "0.64850", "2018-03-31": "0.71160", "2017-12-31": "0.82120", "2017-09-30": "0.65440", "2017-06-30": "0.61300", "2017-03-31": "0.81160", "2016-12-31": "0.93330", "2016-09-30": "0.63750", "2016-06-30": "0.65350", "2016-03-31": "0.91720", "2015-12-31": "0.96130", "2015-09-30": "0.65220", "2015-06-30": "0.63060", "2015-03-31": "0.86580", "2014-12-31": "0.95740", "2014-09-30": "0.66460", "2014-06-30": "0.65910", "2014-03-31": "0.86180", "2013-12-31": "0.91000", "2013-09-30": "0.71850", "2013-06-30": "0.76250", "2013-03-31": "0.90280", "2012-12-31": "0.87310", "2012-09-30": "0.77970", "2012-06-30": "0.66450", "2012-03-31": "0.85840", "2011-12-31": "0.94340", "2011-09-30": "", "2011-06-30": "", "2011-03-31": "", "2010-12-31": "", "2010-03-31": "", "2009-03-31": ""}, "Receiveable Turnover": {"2020-12-31": "3.52850", "2020-09-30": "3.22670", "2020-06-30": "2.46450", "2020-03-31": "3.87010", "2019-12-31": "4.89410", "2019-09-30": "3.91850", "2019-06-30": "4.34190", "2019-03-31": "3.50910", "2018-12-31": "4.93820", "2018-09-30": "3.68640", "2018-06-30": "4.58290", "2018-03-31": "4.06860", "2017-12-31": "5.00030", "2017-09-30": "4.17700", "2017-06-30": "5.55980", "2017-03-31": "4.00710", "2016-12-31": "5.35970", "2016-09-30": "3.77850", "2016-06-30": "4.87130", "2016-03-31": "3.89310", "2015-12-31": "4.63280", "2015-09-30": "3.28360", "2015-06-30": "3.90490", "2015-03-31": "2.97470", "2014-12-31": "3.61120", "2014-09-30": "3.04650", "2014-06-30": "4.01190", "2014-03-31": "3.07850", "2013-12-31": "3.45690", "2013-09-30": "3.23490", "2013-06-30": "3.76110", "2013-03-31": "2.89240", "2012-12-31": "3.68810", "2012-09-30": "2.86990", "2012-06-30": "3.96240", "2012-03-31": "2.98670", "2011-12-31": "4.20920", "2011-09-30": "", "2011-06-30": "", "2011-03-31": "", "2010-12-31": "", "2010-03-31": "", "2009-03-31": ""}, "Days Sales In Receivables": {"2020-12-31": "25.50690", "2020-09-30": "27.89190", "2020-06-30": "36.51890", "2020-03-31": "23.25500", "2019-12-31": "18.38960", "2019-09-30": "22.96810", "2019-06-30": "20.72810", "2019-03-31": "25.64730", "2018-12-31": "18.22530", "2018-09-30": "24.41420", "2018-06-30": "19.63840", "2018-03-31": "22.12050", "2017-12-31": "17.99880", "2017-09-30": "21.54630", "2017-06-30": "16.18750", "2017-03-31": "22.45990", "2016-12-31": "16.79180", "2016-09-30": "23.81920", "2016-06-30": "18.47560", "2016-03-31": "23.11750", "2015-12-31": "19.42670", "2015-09-30": "27.40900", "2015-06-30": "23.04790", "2015-03-31": "30.25490", "2014-12-31": "24.92250", "2014-09-30": "29.54180", "2014-06-30": "22.43320", "2014-03-31": "29.23510", "2013-12-31": "26.03470", "2013-09-30": "27.82170", "2013-06-30": "23.92910", "2013-03-31": "31.11570", "2012-12-31": "24.40290", "2012-09-30": "31.36030", "2012-06-30": "22.71340", "2012-03-31": "30.13330", "2011-12-31": "21.38190", "2011-09-30": "", "2011-06-30": "", "2011-03-31": "", "2010-12-31": "", "2010-03-31": "", "2009-03-31": ""}, "ROE - Return On Equity": {"2020-12-31": "7.55840", "2020-09-30": "5.50250", "2020-06-30": "-8.96860", "2020-03-31": "-25.46130", "2019-12-31": "8.00460", "2019-09-30": "3.03160", "2019-06-30": "1.93630", "2019-03-31": "0.78130", "2018-12-31": "8.82180", "2018-09-30": "6.27490", "2018-06-30": "9.11090", "2018-03-31": "2.19580", "2017-12-31": "10.54660", "2017-09-30": "11.22870", "2017-06-30": "7.93650", "2017-03-31": "-1.64890", "2016-12-31": "14.62930", "2016-09-30": "9.54670", "2016-06-30": "8.32340", "2016-03-31": "8.81720", "2015-12-31": "14.85920", "2015-09-30": "10.20790", "2015-06-30": "8.34770", "2015-03-31": "8.14900", "2014-12-31": "14.11470", "2014-09-30": "9.21950", "2014-06-30": "9.25000", "2014-03-31": "8.91700", "2013-12-31": "14.14100", "2013-09-30": "10.51780", "2013-06-30": "10.41190", "2013-03-31": "9.65400", "2012-12-31": "14.06920", "2012-09-30": "12.57470", "2012-06-30": "12.81530", "2012-03-31": "9.55910", "2011-12-31": "10.40130", "2011-09-30": "", "2011-06-30": "", "2011-03-31": "", "2010-12-31": "", "2010-03-31": "", "2009-03-31": ""}, "Return On Tangible Equity": {"2020-12-31": "-13.06900", "2020-09-30": "-8.87100", "2020-06-30": "12.32880", "2020-03-31": "42.26650", "2019-12-31": "-16.13900", "2019-09-30": "-5.36370", "2019-06-30": "-2.85170", "2019-03-31": "-1.25000", "2018-12-31": "56.46530", "2018-09-30": "60.14050", "2018-06-30": "325.17510", "2018-03-31": "-71.61290", "2017-12-31": "511.42450", "2017-09-30": "15.83840", "2017-06-30": "11.98320", "2017-03-31": "-2.48770", "2016-12-31": "21.17710", "2016-09-30": "14.60640", "2016-06-30": "12.49150", "2016-03-31": "9.23570", "2015-12-31": "15.56330", "2015-09-30": "10.75130", "2015-06-30": "8.69270", "2015-03-31": "8.43310", "2014-12-31": "14.64320", "2014-09-30": "9.50430", "2014-06-30": "9.55420", "2014-03-31": "9.23420", "2013-12-31": "14.64700", "2013-09-30": "10.91400", "2013-06-30": "10.77580", "2013-03-31": "9.98760", "2012-12-31": "14.55410", "2012-09-30": "13.03610", "2012-06-30": "13.51380", "2012-03-31": "10.18770", "2011-12-31": "11.25750", "2011-09-30": "", "2011-06-30": "", "2011-03-31": "", "2010-12-31": "", "2010-03-31": "", "2009-03-31": ""}, "ROA - Return On Assets": {"2020-12-31": "2.29230", "2020-09-30": "1.55070", "2020-06-30": "-2.38950", "2020-03-31": "-6.94690", "2019-12-31": "2.51050", "2019-09-30": "0.86980", "2019-06-30": "0.54160", "2019-03-31": "0.28570", "2018-12-31": "3.31760", "2018-09-30": "3.33550", "2018-06-30": "4.69600", "2018-03-31": "1.09390", "2017-12-31": "5.20300", "2017-09-30": "8.00650", "2017-06-30": "5.20100", "2017-03-31": "-1.09150", "2016-12-31": "9.79070", "2016-09-30": "5.83240", "2016-06-30": "5.43720", "2016-03-31": "6.86850", "2015-12-31": "11.60910", "2015-09-30": "7.96710", "2015-06-30": "6.82140", "2015-03-31": "6.80250", "2014-12-31": "11.54400", "2014-09-30": "7.69640", "2014-06-30": "7.62340", "2014-03-31": "7.26450", "2013-12-31": "11.44230", "2013-09-30": "8.53790", "2013-06-30": "8.35060", "2013-03-31": "7.83990", "2012-12-31": "10.94830", "2012-09-30": "8.73870", "2012-06-30": "8.71220", "2012-03-31": "6.46650", "2011-12-31": "6.61150", "2011-09-30": "", "2011-06-30": "", "2011-03-31": "", "2010-12-31": "", "2010-03-31": "", "2009-03-31": ""}, "ROI - Return On Investment": {"2020-12-31": "4.94720", "2020-09-30": "3.20110", "2020-06-30": "-5.02230", "2020-03-31": "-13.20570", "2019-12-31": "5.65480", "2019-09-30": "1.73640", "2019-06-30": "1.06110", "2019-03-31": "0.43500", "2018-12-31": "4.73730", "2018-09-30": "5.09690", "2018-06-30": "7.16570", "2018-03-31": "1.64630", "2017-12-31": "7.14030", "2017-09-30": "11.22870", "2017-06-30": "7.93650", "2017-03-31": "-1.64890", "2016-12-31": "14.62930", "2016-09-30": "9.54670", "2016-06-30": "8.32340", "2016-03-31": "8.80710", "2015-12-31": "14.82940", "2015-09-30": "10.18570", "2015-06-30": "8.34770", "2015-03-31": "8.14900", "2014-12-31": "14.11470", "2014-09-30": "9.21950", "2014-06-30": "9.25000", "2014-03-31": "8.91700", "2013-12-31": "14.14100", "2013-09-30": "10.51780", "2013-06-30": "10.41190", "2013-03-31": "9.65400", "2012-12-31": "14.06920", "2012-09-30": "12.57470", "2012-06-30": "12.81530", "2012-03-31": "9.55910", "2011-12-31": "10.40110", "2011-09-30": "", "2011-06-30": "", "2011-03-31": "", "2010-12-31": "", "2010-03-31": "", "2009-03-31": ""}, "Book Value Per Share": {"2020-12-31": "15.62890", "2020-09-30": "14.59960", "2020-06-30": "13.34970", "2020-03-31": "14.50890", "2019-12-31": "17.52210", "2019-09-30": "15.88050", "2019-06-30": "15.33340", "2019-03-31": "16.11320", "2018-12-31": "15.28590", "2018-09-30": "14.54080", "2018-06-30": "13.68580", "2018-03-31": "13.50720", "2017-12-31": "13.67120", "2017-09-30": "11.87110", "2017-06-30": "10.43120", "2017-03-31": "10.23530", "2016-12-31": "11.41680", "2016-09-30": "10.24940", "2016-06-30": "10.40080", "2016-03-31": "11.33230", "2015-12-31": "11.03590", "2015-09-30": "10.26210", "2015-06-30": "10.80400", "2015-03-31": "11.22430", "2014-12-31": "10.70240", "2014-09-30": "10.90940", "2014-06-30": "9.88730", "2014-03-31": "8.84230", "2013-12-31": "7.96510", "2013-09-30": "6.80070", "2013-06-30": "5.91940", "2013-03-31": "5.19840", "2012-12-31": "4.61470", "2012-09-30": "3.89480", "2012-06-30": "2.77210", "2012-03-31": "2.36720", "2011-12-31": "", "2011-09-30": "", "2011-06-30": "", "2011-03-31": "", "2010-12-31": "", "2010-03-31": "", "2009-03-31": ""}, "Operating Cash Flow Per Share": {"2020-12-31": 2.6833, "2020-09-30": 0.4552, "2020-06-30": "0.44800", "2020-03-31": 0.7572, "2019-12-31": 3.3497, "2019-09-30": 0.5554, "2019-06-30": "1.03720", "2019-03-31": -0.5867, "2018-12-31": 3.4239, "2018-09-30": 0.3885, "2018-06-30": "1.35170", "2018-03-31": 1.1992, "2017-12-31": 3.5132, "2017-09-30": 0.8961, "2017-06-30": "1.23860", "2017-03-31": 0.7347, "2016-12-31": 3.3616, "2016-09-30": 0.2294, "2016-06-30": "1.83050", "2016-03-31": 1.4121, "2015-12-31": 3.1457, "2015-09-30": 0.6533, "2015-06-30": "1.39810", "2015-03-31": 0.7197, "2014-12-31": 2.489, "2014-09-30": -0.1148, "2014-06-30": "1.07340", "2014-03-31": 0.8954, "2013-12-31": 1.2982, "2013-09-30": -0.0093, "2013-06-30": "0.89390", "2013-03-31": 0.5768, "2012-12-31": 0.6606, "2012-09-30": 0.2741, "2012-06-30": "0.29380", "2012-03-31": -0.0205, "2011-12-31": 0.5003, "2011-09-30": -0.1504, "2011-06-30": "0.25630", "2011-03-31": 0, "2010-12-31": 0, "2010-03-31": 0, "2009-03-31": 0}, "Free Cash Flow Per Share": {"2020-12-31": 2.513, "2020-09-30": 0.2802, "2020-06-30": "0.23400", "2020-03-31": 0.3554, "2019-12-31": 2.96, "2019-09-30": 0.2218, "2019-06-30": "0.68270", "2019-03-31": -0.8821, "2018-12-31": 3.1187, "2018-09-30": 0.0643, "2018-06-30": "1.08270", "2018-03-31": 0.9674, "2017-12-31": 3.3469, "2017-09-30": 0.6149, "2017-06-30": "1.14420", "2017-03-31": 0.6473, "2016-12-31": 3.0551, "2016-09-30": -0.0926, "2016-06-30": "1.56500", "2016-03-31": 1.0291, "2015-12-31": 2.5856, "2015-09-30": 0.1733, "2015-06-30": "0.86830", "2015-03-31": 0.3642, "2014-12-31": 1.873, "2014-09-30": -0.5204, "2014-06-30": "0.72020", "2014-03-31": 0.6132, "2013-12-31": 1.0408, "2013-09-30": -0.2049, "2013-06-30": "0.73090", "2013-03-31": 0.3438, "2012-12-31": 0.5056, "2012-09-30": 0.1472, "2012-06-30": "0.20670", "2012-03-31": -0.1751, "2011-12-31": 0.3774, "2011-09-30": -0.27, "2011-06-30": "0.20540", "2011-03-31": 0, "2010-12-31": 0, "2010-03-31": 0, "2009-03-31": 0}}, "revenue": {"Capri Holdings Annual Revenue (Millions of US $)": {"2020": "$5,551", "2019": "$5,238", "2018": "$4,719", "2017": "$4,494", "2016": "$4,712", "2015": "$4,372", "2014": "$3,311", "2013": "$2,182", "2012": "$1,302", "2011": "$803", "2010": "$508", "2009": "$397"}, "Capri Holdings Quarterly Revenue (Millions of US $)": {"2020-12-31": "$1,302", "2020-09-30": "$1,110", "2020-06-30": "$451", "2020-03-31": "$1,192", "2019-12-31": "$1,571", "2019-09-30": "$1,442", "2019-06-30": "$1,346", "2019-03-31": "$1,344", "2018-12-31": "$1,438", "2018-09-30": "$1,253", "2018-06-30": "$1,203", "2018-03-31": "$1,180", "2017-12-31": "$1,440", "2017-09-30": "$1,147", "2017-06-30": "$952", "2017-03-31": "$1,065", "2016-12-31": "$1,353", "2016-09-30": "$1,088", "2016-06-30": "$988", "2016-03-31": "$1,199", "2015-12-31": "$1,397", "2015-09-30": "$1,130", "2015-06-30": "$986", "2015-03-31": "$1,081", "2014-12-31": "$1,315", "2014-09-30": "$1,057", "2014-06-30": "$919", "2014-03-31": "$917", "2013-12-31": "$1,012", "2013-09-30": "$740", "2013-06-30": "$641", "2013-03-31": "$597", "2012-12-31": "$637", "2012-09-30": "$533", "2012-06-30": "$415", "2012-03-31": "$380", "2011-12-31": "$374", "2011-09-30": "$306", "2011-06-30": "$243", "2011-03-31": "", "2010-12-31": "$222", "2010-03-31": "", "2009-03-31": ""}}, "gross-profit": {"Capri Holdings Annual Gross Profit (Millions of US $)": {"2020": "$3,271", "2019": "$3,180", "2018": "$2,859", "2017": "$2,661", "2016": "$2,797", "2015": "$2,648", "2014": "$2,016", "2013": "$1,307", "2012": "$753", "2011": "$446", "2010": "$267", "2009": "$189"}, "Capri Holdings Quarterly Gross Profit (Millions of US $)": {"2020-12-31": "$848", "2020-09-30": "$710", "2020-06-30": "$302", "2020-03-31": "$631", "2019-12-31": "$932", "2019-09-30": "$874", "2019-06-30": "$834", "2019-03-31": "$793", "2018-12-31": "$873", "2018-09-30": "$763", "2018-06-30": "$751", "2018-03-31": "$710", "2017-12-31": "$884", "2017-09-30": "$691", "2017-06-30": "$575", "2017-03-31": "$619", "2016-12-31": "$806", "2016-09-30": "$645", "2016-06-30": "$591", "2016-03-31": "$697", "2015-12-31": "$832", "2015-09-30": "$665", "2015-06-30": "$604", "2015-03-31": "$631", "2014-12-31": "$800", "2014-09-30": "$645", "2014-06-30": "$572", "2014-03-31": "$549", "2013-12-31": "$619", "2013-09-30": "$450", "2013-06-30": "$397", "2013-03-31": "$356", "2012-12-31": "$383", "2012-09-30": "$316", "2012-06-30": "$251", "2012-03-31": "$219", "2011-12-31": "$222", "2011-09-30": "$175", "2011-06-30": "$137", "2011-03-31": "", "2010-12-31": "$222", "2010-03-31": "", "2009-03-31": ""}}, "operating-income": {"Capri Holdings Annual Operating Income (Millions of US $)": {"2020": "$-192", "2019": "$735", "2018": "$749", "2017": "$690", "2016": "$1,175", "2015": "$1,257", "2014": "$1,008", "2013": "$630", "2012": "$248", "2011": "$137", "2010": "$56", "2009": "$24"}, "Capri Holdings Quarterly Operating Income (Millions of US $)": {"2020-12-31": "$167", "2020-09-30": "$153", "2020-06-30": "$-162", "2020-03-31": "$-536", "2019-12-31": "$205", "2019-09-30": "$75", "2019-06-30": "$64", "2019-03-31": "$40", "2018-12-31": "$290", "2018-09-30": "$190", "2018-06-30": "$215", "2018-03-31": "$87", "2017-12-31": "$314", "2017-09-30": "$199", "2017-06-30": "$149", "2017-03-31": "$-43", "2016-12-31": "$342", "2016-09-30": "$204", "2016-06-30": "$187", "2016-03-31": "$244", "2015-12-31": "$409", "2015-09-30": "$273", "2015-06-30": "$249", "2015-03-31": "$256", "2014-12-31": "$418", "2014-09-30": "$306", "2014-06-30": "$277", "2014-03-31": "$246", "2013-12-31": "$343", "2013-09-30": "$221", "2013-06-30": "$198", "2013-03-31": "$155", "2012-12-31": "$205", "2012-09-30": "$158", "2012-06-30": "$112", "2012-03-31": "$79", "2011-12-31": "$65", "2011-09-30": "$59", "2011-06-30": "$45", "2011-03-31": "", "2010-12-31": "$222", "2010-03-31": "", "2009-03-31": ""}}, "ebitda": {"Capri Holdings Annual EBITDA (Millions of US $)": {"2020": "$65", "2019": "$964", "2018": "$961", "2017": "$1,110", "2016": "$1,362", "2015": "$1,401", "2014": "$1,095", "2013": "$688", "2012": "$290", "2011": "$167", "2010": "$77", "2009": "$40"}, "Capri Holdings Quarterly EBITDA (Millions of US $)": {"2020-12-31": "$221", "2020-09-30": "$208", "2020-06-30": "$-107", "2020-03-31": "$-473", "2019-12-31": "$271", "2019-09-30": "$142", "2019-06-30": "$125", "2019-03-31": "$106", "2018-12-31": "$342", "2018-09-30": "$244", "2018-06-30": "$272", "2018-03-31": "$147", "2017-12-31": "$370", "2017-09-30": "$248", "2017-06-30": "$197", "2017-03-31": "$213", "2016-12-31": "$397", "2016-09-30": "$261", "2016-06-30": "$239", "2016-03-31": "$296", "2015-12-31": "$455", "2015-09-30": "$321", "2015-06-30": "$291", "2015-03-31": "$295", "2014-12-31": "$457", "2014-09-30": "$341", "2014-06-30": "$307", "2014-03-31": "$271", "2013-12-31": "$367", "2013-09-30": "$242", "2013-06-30": "$215", "2013-03-31": "$172", "2012-12-31": "$219", "2012-09-30": "$171", "2012-06-30": "$126", "2012-03-31": "$90", "2011-12-31": "$76", "2011-09-30": "$69", "2011-06-30": "$55", "2011-03-31": "", "2010-12-31": "$222", "2010-03-31": "", "2009-03-31": ""}}, "net-income": {"Capri Holdings Annual Net Income (Millions of US $)": {"2020": "$-223", "2019": "$543", "2018": "$592", "2017": "$553", "2016": "$839", "2015": "$881", "2014": "$662", "2013": "$398", "2012": "$126", "2011": "$57", "2010": "$31", "2009": "$10"}, "Capri Holdings Quarterly Net Income (Millions of US $)": {"2020-12-31": "$179", "2020-09-30": "$122", "2020-06-30": "$-180", "2020-03-31": "$-551", "2019-12-31": "$210", "2019-09-30": "$73", "2019-06-30": "$45", "2019-03-31": "$19", "2018-12-31": "$200", "2018-09-30": "$138", "2018-06-30": "$186", "2018-03-31": "$44", "2017-12-31": "$219", "2017-09-30": "$203", "2017-06-30": "$126", "2017-03-31": "$-26", "2016-12-31": "$271", "2016-09-30": "$161", "2016-06-30": "$147", "2016-03-31": "$177", "2015-12-31": "$295", "2015-09-30": "$193", "2015-06-30": "$174", "2015-03-31": "$183", "2014-12-31": "$304", "2014-09-30": "$207", "2014-06-30": "$188", "2014-03-31": "$161", "2013-12-31": "$230", "2013-09-30": "$146", "2013-06-30": "$125", "2013-03-31": "$101", "2012-12-31": "$130", "2012-09-30": "$98", "2012-06-30": "$69", "2012-03-31": "$44", "2011-12-31": "$32", "2011-09-30": "$32", "2011-06-30": "$19", "2011-03-31": "", "2010-12-31": "$28", "2010-03-31": "", "2009-03-31": ""}}, "eps-earnings-per-share-diluted": {"Capri Holdings Annual EPS": {"2020": "$-1.48", "2019": "$3.58", "2018": "$3.82", "2017": "$3.29", "2016": "$4.44", "2015": "$4.28", "2014": "$3.22", "2013": "$1.97", "2012": "$0.78", "2011": "$0.40", "2010": "$0.22", "2009": "$0.07"}, "Capri Holdings Quarterly EPS": {"2020-12-31": "$1.18", "2020-09-30": "$0.81", "2020-06-30": "$-1.21", "2020-03-31": "$-3.63", "2019-12-31": "$1.38", "2019-09-30": "$0.47", "2019-06-30": "$0.30", "2019-03-31": "$0.12", "2018-12-31": "$1.33", "2018-09-30": "$0.91", "2018-06-30": "$1.22", "2018-03-31": "$0.28", "2017-12-31": "$1.42", "2017-09-30": "$1.32", "2017-06-30": "$0.80", "2017-03-31": "$-0.13", "2016-12-31": "$1.64", "2016-09-30": "$0.95", "2016-06-30": "$0.83", "2016-03-31": "$0.97", "2015-12-31": "$1.59", "2015-09-30": "$1.01", "2015-06-30": "$0.87", "2015-03-31": "$0.89", "2014-12-31": "$1.48", "2014-09-30": "$1.00", "2014-06-30": "$0.91", "2014-03-31": "$0.79", "2013-12-31": "$1.11", "2013-09-30": "$0.71", "2013-06-30": "$0.61", "2013-03-31": "$0.50", "2012-12-31": "$0.64", "2012-09-30": "$0.49", "2012-06-30": "$0.34", "2012-03-31": "$0.22", "2011-12-31": "$0.20", "2011-09-30": "$0.22", "2011-06-30": "$0.13", "2011-03-31": "$0.00", "2010-12-31": "$0.16", "2010-03-31": "$0.00", "2009-03-31": "$0.00"}}, "shares-outstanding": {"Capri Holdings Annual Shares Outstanding (Millions of Shares)": {"2020": "151", "2019": "152", "2018": "155", "2017": "168", "2016": "189", "2015": "206", "2014": "206", "2013": "202", "2012": "189", "2011": "179", "2010": "179", "2009": "179"}, "Capri Holdings Quarterly Shares Outstanding (Millions of Shares)": {"2020-12-31": "152", "2020-09-30": "152", "2020-06-30": "150", "2020-03-31": "151", "2019-12-31": "152", "2019-09-30": "153", "2019-06-30": "152", "2019-03-31": "152", "2018-12-31": "150", "2018-09-30": "152", "2018-06-30": "152", "2018-03-31": "155", "2017-12-31": "155", "2017-09-30": "154", "2017-06-30": "157", "2017-03-31": "168", "2016-12-31": "165", "2016-09-30": "169", "2016-06-30": "177", "2016-03-31": "189", "2015-12-31": "185", "2015-09-30": "192", "2015-06-30": "200", "2015-03-31": "206", "2014-12-31": "206", "2014-09-30": "207", "2014-06-30": "207", "2014-03-31": "206", "2013-12-31": "206", "2013-09-30": "205", "2013-06-30": "204", "2013-03-31": "202", "2012-12-31": "203", "2012-09-30": "200", "2012-06-30": "199", "2012-03-31": "197", "2011-12-31": "194", "2011-09-30": "188", "2011-06-30": "179", "2011-03-31": "", "2010-12-31": "179", "2010-03-31": "", "2009-03-31": ""}}, "total-assets": {"Capri Holdings Annual Total Assets (Millions of US $)": {"2020": "$7,946", "2019": "$6,650", "2018": "$4,059", "2017": "$2,410", "2016": "$2,567", "2015": "$2,685", "2014": "$2,217", "2013": "$1,290", "2012": "$674", "2011": "$399", "2010": "$282", "2009": "$0"}, "Capri Holdings Quarterly Total Assets (Millions of US $)": {"2020-12-31": "$7,765", "2020-09-30": "$7,803", "2020-06-30": "$7,533", "2020-03-31": "$7,946", "2019-12-31": "$8,325", "2019-09-30": "$8,393", "2019-06-30": "$8,308", "2019-03-31": "$6,650", "2018-12-31": "$6,028", "2018-09-30": "$4,107", "2018-06-30": "$3,961", "2018-03-31": "$4,059", "2017-12-31": "$4,217", "2017-09-30": "$2,532", "2017-06-30": "$2,413", "2017-03-31": "$2,410", "2016-12-31": "$2,771", "2016-09-30": "$2,755", "2016-06-30": "$2,691", "2016-03-31": "$2,567", "2015-12-31": "$2,534", "2015-09-30": "$2,420", "2015-06-30": "$2,557", "2015-03-31": "$2,685", "2014-12-31": "$2,631", "2014-09-30": "$2,689", "2014-06-30": "$2,462", "2014-03-31": "$2,217", "2013-12-31": "$2,007", "2013-09-30": "$1,708", "2013-06-30": "$1,497", "2013-03-31": "$1,290", "2012-12-31": "$1,188", "2012-09-30": "$1,119", "2012-06-30": "$788", "2012-03-31": "$674", "2011-12-31": "$590", "2011-09-30": "$0", "2011-06-30": "$0", "2011-03-31": "$399", "2010-12-31": "$0", "2010-03-31": "$282", "2009-03-31": "$0"}}, "cash-on-hand": {"Capri Holdings Annual Cash on Hand (Millions of US $)": {"2020": "$592", "2019": "$172", "2018": "$163", "2017": "$228", "2016": "$702", "2015": "$979", "2014": "$971", "2013": "$473", "2012": "$106", "2011": "$21", "2010": "$6", "2009": "$"}, "Capri Holdings Quarterly Cash on Hand (Millions of US $)": {"2020-12-31": "$229", "2020-09-30": "$238", "2020-06-30": "$207", "2020-03-31": "$592", "2019-12-31": "$237", "2019-09-30": "$179", "2019-06-30": "$160", "2019-03-31": "$172", "2018-12-31": "$265", "2018-09-30": "$155", "2018-06-30": "$170", "2018-03-31": "$163", "2017-12-31": "$317", "2017-09-30": "$178", "2017-06-30": "$274", "2017-03-31": "$228", "2016-12-31": "$369", "2016-09-30": "$186", "2016-06-30": "$337", "2016-03-31": "$702", "2015-12-31": "$697", "2015-09-30": "$432", "2015-06-30": "$809", "2015-03-31": "$979", "2014-12-31": "$950", "2014-09-30": "$1,012", "2014-06-30": "$1,125", "2014-03-31": "$971", "2013-12-31": "$828", "2013-09-30": "$619", "2013-06-30": "$639", "2013-03-31": "$473", "2012-12-31": "$406", "2012-09-30": "$312", "2012-06-30": "$162", "2012-03-31": "$106", "2011-12-31": "$106", "2011-09-30": "", "2011-06-30": "", "2011-03-31": "$21", "2010-12-31": "", "2010-03-31": "$6", "2009-03-31": ""}}, "long-term-debt": {"Capri Holdings Annual Long Term Debt (Millions of US $)": {"2020": "$2,012", "2019": "$1,936", "2018": "$675", "2017": "$", "2016": "$2", "2015": "$", "2014": "$", "2013": "$", "2012": "$", "2011": "$102", "2010": "$104", "2009": "$"}, "Capri Holdings Quarterly Long Term Debt (Millions of US $)": {"2020-12-31": "$1,243", "2020-09-30": "$1,581", "2020-06-30": "$1,577", "2020-03-31": "$2,012", "2019-12-31": "$1,085", "2019-09-30": "$1,796", "2019-06-30": "$1,917", "2019-03-31": "$1,936", "2018-12-31": "$1,955", "2018-09-30": "$505", "2018-06-30": "$554", "2018-03-31": "$675", "2017-12-31": "$992", "2017-09-30": "", "2017-06-30": "", "2017-03-31": "", "2016-12-31": "", "2016-09-30": "", "2016-06-30": "", "2016-03-31": "$2", "2015-12-31": "$4", "2015-09-30": "$4", "2015-06-30": "", "2015-03-31": "", "2014-12-31": "", "2014-09-30": "", "2014-06-30": "", "2014-03-31": "", "2013-12-31": "", "2013-09-30": "", "2013-06-30": "", "2013-03-31": "", "2012-12-31": "", "2012-09-30": "", "2012-06-30": "", "2012-03-31": "", "2011-12-31": "", "2011-09-30": "", "2011-06-30": "", "2011-03-31": "$102", "2010-12-31": "", "2010-03-31": "$104", "2009-03-31": ""}}, "total-liabilities": {"Capri Holdings Annual Total Liabilities (Millions of US $)": {"2020": "$5,778", "2019": "$4,218", "2018": "$2,037", "2017": "$815", "2016": "$567", "2015": "$444", "2014": "$411", "2013": "$242", "2012": "$218", "2011": "$274", "2010": "$233", "2009": "$0"}, "Capri Holdings Quarterly Total Liabilities (Millions of US $)": {"2020-12-31": "$5,410", "2020-09-30": "$5,604", "2020-06-30": "$5,526", "2020-03-31": "$5,778", "2019-12-31": "$5,714", "2019-09-30": "$5,985", "2019-06-30": "$5,984", "2019-03-31": "$4,218", "2018-12-31": "$3,761", "2018-09-30": "$1,924", "2018-06-30": "$1,919", "2018-03-31": "$2,037", "2017-12-31": "$2,137", "2017-09-30": "$727", "2017-06-30": "$832", "2017-03-31": "$815", "2016-12-31": "$917", "2016-09-30": "$1,072", "2016-06-30": "$933", "2016-03-31": "$567", "2015-12-31": "$554", "2015-09-30": "$531", "2015-06-30": "$467", "2015-03-31": "$444", "2014-12-31": "$479", "2014-09-30": "$444", "2014-06-30": "$433", "2014-03-31": "$411", "2013-12-31": "$383", "2013-09-30": "$321", "2013-06-30": "$296", "2013-03-31": "$242", "2012-12-31": "$263", "2012-09-30": "$342", "2012-06-30": "$252", "2012-03-31": "$218", "2011-12-31": "$215", "2011-09-30": "$0", "2011-06-30": "$0", "2011-03-31": "$274", "2010-12-31": "", "2010-03-31": "$233", "2009-03-31": "$0"}}, "total-share-holder-equity": {"Capri Holdings Annual Share Holder Equity (Millions of US $)": {"2020": "$2,168", "2019": "$2,432", "2018": "$2,022", "2017": "$1,595", "2016": "$2,000", "2015": "$2,241", "2014": "$1,806", "2013": "$1,047", "2012": "$456", "2011": "$125", "2010": "$49", "2009": "$0"}, "Capri Holdings Quarterly Share Holder Equity (Millions of US $)": {"2020-12-31": "$2,355", "2020-09-30": "$2,199", "2020-06-30": "$2,007", "2020-03-31": "$2,168", "2019-12-31": "$2,611", "2019-09-30": "$2,408", "2019-06-30": "$2,324", "2019-03-31": "$2,432", "2018-12-31": "$2,267", "2018-09-30": "$2,183", "2018-06-30": "$2,042", "2018-03-31": "$2,022", "2017-12-31": "$2,080", "2017-09-30": "$1,805", "2017-06-30": "$1,581", "2017-03-31": "$1,595", "2016-12-31": "$1,855", "2016-09-30": "$1,683", "2016-06-30": "$1,758", "2016-03-31": "$2,000", "2015-12-31": "$1,980", "2015-09-30": "$1,889", "2015-06-30": "$2,089", "2015-03-31": "$2,241", "2014-12-31": "$2,151", "2014-09-30": "$2,245", "2014-06-30": "$2,029", "2014-03-31": "$1,806", "2013-12-31": "$1,624", "2013-09-30": "$1,386", "2013-06-30": "$1,201", "2013-03-31": "$1,047", "2012-12-31": "$924", "2012-09-30": "$778", "2012-06-30": "$536", "2012-03-31": "$456", "2011-12-31": "$375", "2011-09-30": "$0", "2011-06-30": "$0", "2011-03-31": "$125", "2010-12-31": "", "2010-03-31": "$49", "2009-03-31": "$0"}}, "profit-margins": {"current": "-10.6%"}, "gross margin": {"2020-12-31": "61.43%", "2020-09-30": "59.55%", "2020-06-30": "58.83%", "2020-03-31": "58.93%", "2019-12-31": "60.20%", "2019-09-30": "60.57%", "2019-06-30": "60.64%", "2019-03-31": "60.71%", "2018-12-31": "61.02%", "2018-09-30": "61.21%", "2018-06-30": "61.07%", "2018-03-31": "60.58%", "2017-12-31": "60.14%", "2017-09-30": "59.57%", "2017-06-30": "59.33%", "2017-03-31": "59.21%", "2016-12-31": "59.18%", "2016-09-30": "59.18%", "2016-06-30": "59.08%", "2016-03-31": "59.38%", "2015-12-31": "59.47%", "2015-09-30": "59.84%", "2015-06-30": "60.37%", "2015-03-31": "60.57%", "2014-12-31": "60.98%", "2014-09-30": "61.08%", "2014-06-30": "61.04%", "2014-03-31": "60.88%", "2013-12-31": "60.94%", "2013-09-30": "60.65%", "2013-06-30": "60.30%", "2013-03-31": "59.85%", "2012-12-31": "59.49%", "2012-09-30": "59.22%", "2012-06-30": "58.78%", "2012-03-31": "57.79%", "2011-09-30": "69.26%"}, "operating margin": {"2020-12-31": "-9.32%", "2020-09-30": "-7.86%", "2020-06-30": "-8.98%", "2020-03-31": "-3.46%", "2019-12-31": "6.73%", "2019-09-30": "8.42%", "2019-06-30": "10.85%", "2019-03-31": "14.03%", "2018-12-31": "15.41%", "2018-09-30": "15.88%", "2018-06-30": "16.40%", "2018-03-31": "15.87%", "2017-12-31": "13.44%", "2017-09-30": "14.32%", "2017-06-30": "14.63%", "2017-03-31": "15.35%", "2016-12-31": "21.11%", "2016-09-30": "22.35%", "2016-06-30": "23.61%", "2016-03-31": "24.94%", "2015-12-31": "25.84%", "2015-09-30": "26.51%", "2015-06-30": "27.69%", "2015-03-31": "28.75%", "2014-12-31": "29.63%", "2014-09-30": "30.01%", "2014-06-30": "30.30%", "2014-03-31": "30.45%", "2013-12-31": "30.67%", "2013-09-30": "29.79%", "2013-06-30": "29.73%", "2013-03-31": "28.87%", "2012-12-31": "28.19%", "2012-09-30": "24.32%", "2012-06-30": "21.36%", "2012-03-31": "19.03%", "2011-09-30": "42.28%"}, "ebitda margin": {"2020-12-31": "-3.72%", "2020-09-30": "-2.34%", "2020-06-30": "-3.59%", "2020-03-31": "1.17%", "2019-12-31": "11.29%", "2019-09-30": "12.84%", "2019-06-30": "15.18%", "2019-03-31": "18.40%", "2018-12-31": "19.81%", "2018-09-30": "20.35%", "2018-06-30": "20.87%", "2018-03-31": "20.39%", "2017-12-31": "22.33%", "2017-09-30": "23.36%", "2017-06-30": "23.96%", "2017-03-31": "24.70%", "2016-12-31": "25.78%", "2016-09-30": "26.78%", "2016-06-30": "27.81%", "2016-03-31": "28.93%", "2015-12-31": "29.65%", "2015-09-30": "30.23%", "2015-06-30": "31.18%", "2015-03-31": "32.02%", "2014-12-31": "32.70%", "2014-09-30": "32.93%", "2014-06-30": "33.08%", "2014-03-31": "33.08%", "2013-12-31": "33.31%", "2013-09-30": "32.43%", "2013-06-30": "32.27%", "2013-03-31": "31.53%", "2012-12-31": "30.84%", "2012-09-30": "27.20%", "2012-06-30": "24.47%", "2012-03-31": "22.26%", "2011-09-30": "44.88%"}, "pre tax profit margin": {"2020-12-31": "-9.89%", "2020-09-30": "-8.53%", "2020-06-30": "-9.47%", "2020-03-31": "-3.87%", "2019-12-31": "6.08%", "2019-09-30": "6.89%", "2019-06-30": "8.68%", "2019-03-31": "11.86%", "2018-12-31": "13.28%", "2018-09-30": "13.99%", "2018-06-30": "16.04%", "2018-03-31": "15.72%", "2017-12-31": "13.60%", "2017-09-30": "15.28%", "2017-06-30": "14.67%", "2017-03-31": "15.35%", "2016-12-31": "21.11%", "2016-09-30": "22.35%", "2016-06-30": "23.59%", "2016-03-31": "24.89%", "2015-12-31": "25.82%", "2015-09-30": "26.46%", "2015-06-30": "27.64%", "2015-03-31": "28.73%", "2014-12-31": "29.54%", "2014-09-30": "29.94%", "2014-06-30": "30.27%", "2014-03-31": "30.42%", "2013-12-31": "30.64%", "2013-09-30": "29.67%", "2013-06-30": "29.61%", "2013-03-31": "28.78%", "2012-12-31": "27.99%", "2012-09-30": "24.27%", "2012-06-30": "21.56%", "2012-03-31": "19.11%", "2011-09-30": "42.54%"}, "net profit margin": {"2020-12-31": "-10.60%", "2020-09-30": "-9.23%", "2020-06-30": "-9.62%", "2020-03-31": "-4.02%", "2019-12-31": "6.08%", "2019-09-30": "6.05%", "2019-06-30": "7.47%", "2019-03-31": "10.37%", "2018-12-31": "11.19%", "2018-09-30": "11.56%", "2018-06-30": "13.12%", "2018-03-31": "12.55%", "2017-12-31": "11.34%", "2017-09-30": "12.71%", "2017-06-30": "11.93%", "2017-03-31": "12.31%", "2016-12-31": "16.34%", "2016-09-30": "16.70%", "2016-06-30": "17.23%", "2016-03-31": "17.81%", "2015-12-31": "18.39%", "2015-09-30": "18.93%", "2015-06-30": "19.55%", "2015-03-31": "20.17%", "2014-12-31": "20.44%", "2014-09-30": "20.13%", "2014-06-30": "20.21%", "2014-03-31": "20.00%", "2013-12-31": "20.13%", "2013-09-30": "19.20%", "2013-06-30": "18.85%", "2013-03-31": "18.24%", "2012-12-31": "17.35%", "2012-09-30": "14.28%", "2012-06-30": "12.00%", "2012-03-31": "9.75%", "2011-09-30": "10.25%"}, "pe ratio": {"current": "28.46", "2021-02-05": "0.00", "2020-12-31": "0.00", "2020-09-30": "0.00", "2020-06-30": "0.00", "2020-03-31": "0.00", "2019-12-31": "16.73", "2019-09-30": "14.87", "2019-06-30": "12.99", "2019-03-31": "12.74", "2018-12-31": "10.11", "2018-09-30": "17.85", "2018-06-30": "15.67", "2018-03-31": "16.21", "2017-12-31": "18.68", "2017-09-30": "13.33", "2017-06-30": "11.26", "2017-03-31": "11.73", "2016-12-31": "9.77", "2016-09-30": "10.76", "2016-06-30": "11.22", "2016-03-31": "12.80", "2015-12-31": "9.17", "2015-09-30": "9.92", "2015-06-30": "9.90", "2015-03-31": "15.33", "2014-12-31": "18.01", "2014-09-30": "18.79", "2014-06-30": "25.26", "2014-03-31": "29.06", "2013-12-31": "27.71", "2013-09-30": "30.29", "2013-06-30": "27.69", "2013-03-31": "28.83", "2012-12-31": "30.20", "2012-09-30": "42.54"}, "price sales": {"2021-02-05": "1.72", "2020-12-31": "1.57", "2020-09-30": "0.63", "2020-06-30": "0.51", "2020-03-31": "0.30", "2019-12-31": "1.02", "2019-09-30": "0.90", "2019-06-30": "0.98", "2019-03-31": "1.32", "2018-12-31": "1.14", "2018-09-30": "2.07", "2018-06-30": "2.06", "2018-03-31": "2.04", "2017-12-31": "2.16", "2017-09-30": "1.71", "2017-06-30": "1.34", "2017-03-31": "1.43", "2016-12-31": "1.62", "2016-09-30": "1.80", "2016-06-30": "1.95", "2016-03-31": "2.30", "2015-12-31": "1.69", "2015-09-30": "1.88", "2015-06-30": "1.94", "2015-03-31": "3.11", "2014-12-31": "3.68", "2014-09-30": "3.78", "2014-06-30": "5.09", "2014-03-31": "5.79", "2013-12-31": "5.55", "2013-09-30": "5.80", "2013-06-30": "5.21", "2013-03-31": "5.24", "2012-12-31": "5.20", "2012-09-30": "6.18"}, "price book": {"current": "2.96", "2021-02-05": "2.95", "2020-12-31": "2.69", "2020-09-30": "1.23", "2020-06-30": "1.17", "2020-03-31": "0.74", "2019-12-31": "2.18", "2019-09-30": "2.09", "2019-06-30": "2.26", "2019-03-31": "2.84", "2018-12-31": "2.48", "2018-09-30": "4.72", "2018-06-30": "4.87", "2018-03-31": "4.60", "2017-12-31": "4.60", "2017-09-30": "4.03", "2017-06-30": "3.48", "2017-03-31": "3.72", "2016-12-31": "3.76", "2016-09-30": "4.57", "2016-06-30": "4.76", "2016-03-31": "5.03", "2015-12-31": "3.63", "2015-09-30": "4.12", "2015-06-30": "3.90", "2015-03-31": "5.86", "2014-12-31": "7.02", "2014-09-30": "6.54", "2014-06-30": "8.97", "2014-03-31": "10.55", "2013-12-31": "10.19", "2013-09-30": "10.96", "2013-06-30": "10.48", "2013-03-31": "10.92", "2012-12-31": "11.06", "2012-09-30": "13.65", "2012-06-30": "15.09", "2012-03-31": "19.68", "2011-12-31": "0.00"}, "price fcf": {"2021-02-05": "", "2020-12-31": "$3.38", "2020-09-30": "$3.83", "2020-06-30": "$3.77", "2020-03-31": "$4.22", "2019-12-31": "$2.98", "2019-09-30": "$3.14", "2019-06-30": "$2.98", "2019-03-31": "$3.38", "2018-12-31": "$5.23", "2018-09-30": "$5.46", "2018-06-30": "$6.01", "2018-03-31": "$6.07", "2017-12-31": "$5.75", "2017-09-30": "$5.46", "2017-06-30": "$4.75", "2017-03-31": "$5.17", "2016-12-31": "$5.56", "2016-09-30": "$5.09", "2016-06-30": "$5.35", "2016-03-31": "$4.66", "2015-12-31": "$3.99", "2015-09-30": "$3.28", "2015-06-30": "$2.59", "2015-03-31": "$2.44", "2014-12-31": "$2.69", "2014-09-30": "$1.85", "2014-06-30": "$2.17", "2014-03-31": "$2.18", "2013-12-31": "$1.91", "2013-09-30": "$1.38", "2013-06-30": "$1.73", "2013-03-31": "$1.20", "2012-12-31": "$0.68", "2012-09-30": "$0.49"}, "net worth": {"value": "$6.96B"}, "current ratio": {"current": "0.94", "2020-12-31": "0.94", "2020-09-30": "1.03", "2020-06-30": "0.94", "2020-03-31": "1.35", "2019-12-31": "0.77", "2019-09-30": "1.05", "2019-06-30": "1.03", "2019-03-31": "1.12", "2018-12-31": "2.48", "2018-09-30": "1.48", "2018-06-30": "1.37", "2018-03-31": "1.32", "2017-12-31": "2.00", "2017-09-30": "2.80", "2017-06-30": "2.04", "2017-03-31": "2.06", "2016-12-31": "2.04", "2016-09-30": "1.58", "2016-06-30": "1.79", "2016-03-31": "3.83", "2015-12-31": "3.93", "2015-09-30": "4.20", "2015-06-30": "5.35", "2015-03-31": "6.10", "2014-12-31": "5.49", "2014-09-30": "6.55", "2014-06-30": "6.09", "2014-03-31": "5.76", "2013-12-31": "5.81", "2013-09-30": "6.17", "2013-06-30": "5.61", "2013-03-31": "6.02", "2012-12-31": "4.81", "2012-09-30": "3.20", "2012-06-30": "2.90", "2012-03-31": "2.81", "2011-12-31": "2.40", "2011-09-30": "0.00", "2011-06-30": "0.00", "2011-03-31": "1.92", "2010-12-31": "0.00", "2010-03-31": "1.50", "2009-03-31": "0.00"}, "quick ratio": {"2020-12-31": "0.44", "2020-09-30": "0.45", "2020-06-30": "0.34", "2020-03-31": "0.76", "2019-12-31": "0.36", "2019-09-30": "0.46", "2019-06-30": "0.42", "2019-03-31": "0.50", "2018-12-31": "1.93", "2018-09-30": "0.71", "2018-06-30": "0.63", "2018-03-31": "0.63", "2017-12-31": "1.06", "2017-09-30": "1.34", "2017-06-30": "0.98", "2017-03-31": "1.09", "2016-12-31": "1.16", "2016-09-30": "0.75", "2016-06-30": "0.93", "2016-03-31": "2.58", "2015-12-31": "2.54", "2015-09-30": "2.35", "2015-06-30": "3.56", "2015-03-31": "4.50", "2014-12-31": "4.00", "2014-09-30": "4.65", "2014-06-30": "4.46", "2014-03-31": "4.38", "2013-12-31": "4.25", "2013-09-30": "4.32", "2013-06-30": "4.09", "2013-03-31": "4.40", "2012-12-31": "3.30", "2012-09-30": "2.20", "2012-06-30": "1.64", "2012-03-31": "1.68", "2011-12-31": "1.43", "2011-09-30": "0.00", "2011-06-30": "0.00", "2011-03-31": "1.00", "2010-12-31": "0.00", "2010-03-31": "0.87", "2009-03-31": "0.00"}, "debt equity ratio": {"current": "0.53", "2020-12-31": "2.30", "2020-09-30": "2.55", "2020-06-30": "2.75", "2020-03-31": "2.67", "2019-12-31": "2.19", "2019-09-30": "2.49", "2019-06-30": "2.58", "2019-03-31": "1.73", "2018-12-31": "1.66", "2018-09-30": "0.88", "2018-06-30": "0.94", "2018-03-31": "1.01", "2017-12-31": "1.03", "2017-09-30": "0.40", "2017-06-30": "0.53", "2017-03-31": "0.51", "2016-12-31": "0.49", "2016-09-30": "0.64", "2016-06-30": "0.53", "2016-03-31": "0.28", "2015-12-31": "0.28", "2015-09-30": "0.28", "2015-06-30": "0.22", "2015-03-31": "0.20", "2014-12-31": "0.22", "2014-09-30": "0.20", "2014-06-30": "0.21", "2014-03-31": "0.23", "2013-12-31": "0.24", "2013-09-30": "0.23", "2013-06-30": "0.25", "2013-03-31": "0.23", "2012-12-31": "0.29", "2012-09-30": "0.44", "2012-06-30": "0.47", "2012-03-31": "0.48", "2011-12-31": "0.57", "2011-09-30": "0.00", "2011-06-30": "0.00", "2011-03-31": "2.19", "2010-12-31": "0.00", "2010-03-31": "4.75", "2009-03-31": "0.00"}, "return on equity": {"2020-12-31": "-19.70%", "2020-09-30": "-17.76%", "2020-06-30": "-19.49%", "2020-03-31": "-9.38%", "2019-12-31": "14.20%", "2019-09-30": "14.29%", "2019-06-30": "17.47%", "2019-03-31": "24.34%", "2018-12-31": "26.69%", "2018-09-30": "28.20%", "2018-06-30": "32.81%", "2018-03-31": "31.62%", "2017-12-31": "29.57%", "2017-09-30": "33.59%", "2017-06-30": "31.69%", "2017-03-31": "32.10%", "2016-12-31": "41.45%", "2016-09-30": "42.04%", "2016-06-30": "42.59%", "2016-03-31": "42.17%", "2015-12-31": "41.22%", "2015-09-30": "40.81%", "2015-06-30": "39.79%", "2015-03-31": "40.71%", "2014-12-31": "41.79%", "2014-09-30": "40.81%", "2014-06-30": "42.37%", "2014-03-31": "44.01%", "2013-12-31": "45.80%", "2013-09-30": "44.05%", "2013-06-30": "45.97%", "2013-03-31": "48.46%", "2012-12-31": "50.63%", "2012-09-30": "45.31%", "2012-06-30": "51.79%", "2012-03-31": "61.13%", "2011-09-30": "252.80%"}, "return on assets": {"2020-12-31": "-5.54%", "2020-09-30": "-5.05%", "2020-06-30": "-5.57%", "2020-03-31": "-2.71%", "2019-12-31": "4.38%", "2019-09-30": "4.59%", "2019-06-30": "6.41%", "2019-03-31": "10.47%", "2018-12-31": "12.51%", "2018-09-30": "14.37%", "2018-06-30": "17.66%", "2018-03-31": "17.91%", "2017-12-31": "18.04%", "2017-09-30": "22.67%", "2017-06-30": "20.56%", "2017-03-31": "20.81%", "2016-12-31": "28.04%", "2016-09-30": "29.58%", "2016-06-30": "31.81%", "2016-03-31": "33.30%", "2015-12-31": "33.15%", "2015-09-30": "33.19%", "2015-06-30": "32.87%", "2015-03-31": "33.71%", "2014-12-31": "34.40%", "2014-09-30": "33.54%", "2014-06-30": "34.55%", "2014-03-31": "35.64%", "2013-12-31": "37.03%", "2013-09-30": "35.33%", "2013-06-30": "35.65%", "2013-03-31": "36.31%", "2012-12-31": "36.19%", "2012-09-30": "30.65%", "2012-06-30": "34.50%", "2012-03-31": "40.19%", "2011-09-30": "79.20%"}, "return on investments": {"2020-12-31": "-9.99%", "2020-09-30": "-8.92%", "2020-06-30": "-10.67%", "2020-03-31": "-4.71%", "2019-12-31": "9.30%", "2019-09-30": "11.01%", "2019-06-30": "15.05%", "2019-03-31": "21.19%", "2018-12-31": "25.63%", "2018-09-30": "29.17%", "2018-06-30": "38.97%", "2018-03-31": "51.92%", "2017-12-31": "80.57%", "2017-09-30": "inf%", "2017-06-30": "inf%", "2017-03-31": "inf%", "2016-12-31": "195.20%", "2016-09-30": "104.77%", "2016-06-30": "75.73%", "2016-03-31": "79.95%", "2015-12-31": "122.47%", "2015-09-30": "252.72%", "2015-06-30": "inf%", "2015-03-31": "inf%", "2014-12-31": "inf%", "2014-09-30": "inf%", "2014-06-30": "inf%", "2014-03-31": "inf%", "2013-12-31": "inf%", "2013-09-30": "inf%", "2013-06-30": "inf%", "2013-03-31": "inf%", "2012-12-31": "inf%", "2012-09-30": "inf%", "2012-06-30": "inf%", "2012-03-31": "inf%", "2011-09-30": "574.45%"}, "return on tangible equity": {"2020-12-31": "31.32%", "2020-09-30": "29.42%", "2020-06-30": "33.05%", "2020-03-31": "16.10%", "2019-12-31": "-24.12%", "2019-09-30": "-32.84%", "2019-06-30": "-63.91%", "2019-03-31": "-246.54%", "2018-12-31": "393.76%", "2018-09-30": "882.71%", "2018-06-30": "197.88%", "2018-03-31": "102.60%", "2017-12-31": "60.93%", "2017-09-30": "49.22%", "2017-06-30": "47.45%", "2017-03-31": "47.99%", "2016-12-31": "55.37%", "2016-09-30": "51.40%", "2016-06-30": "48.03%", "2016-03-31": "44.17%", "2015-12-31": "43.03%", "2015-09-30": "42.49%", "2015-06-30": "41.22%", "2015-03-31": "42.09%", "2014-12-31": "43.21%", "2014-09-30": "42.17%", "2014-06-30": "43.85%", "2014-03-31": "45.59%", "2013-12-31": "47.44%", "2013-09-30": "45.63%", "2013-06-30": "47.60%", "2013-03-31": "50.33%", "2012-12-31": "52.89%", "2012-09-30": "47.81%", "2012-06-30": "55.18%", "2012-03-31": "65.55%", "2011-09-30": "329.17%"}, "dividend yield history": {"last payout": "$0.00", "last yield": "0.00%"}}