{"ticker": "CAH", "price": {"title": "Cardinal Health Historical Annual Stock Price Data", "value": 54.26, "historical": {"2021": {"Average Stock Price": "54.9963", "Year Open": "52.9300", "Year High": "56.3100", "Year Low": "52.9300", "Year Close": "54.2600", "Annual % Change": "1.31%"}, "2020": {"Average Stock Price": "51.6668", "Year Open": "50.0900", "Year High": "60.4200", "Year Low": "41.0000", "Year Close": "53.5600", "Annual % Change": "5.89%"}, "2019": {"Average Stock Price": "48.3692", "Year Open": "45.0700", "Year High": "56.7900", "Year Low": "41.7400", "Year Close": "50.5800", "Annual % Change": "13.41%"}, "2018": {"Average Stock Price": "57.0580", "Year Open": "63.2300", "Year High": "75.2300", "Year Low": "42.9300", "Year Close": "44.6000", "Annual % Change": "-27.21%"}, "2017": {"Average Stock Price": "71.6457", "Year Open": "74.4800", "Year High": "83.8000", "Year Low": "55.0000", "Year Close": "61.2700", "Annual % Change": "-14.87%"}, "2016": {"Average Stock Price": "78.5267", "Year Open": "87.9500", "Year High": "89.6800", "Year Low": "65.1700", "Year Close": "71.9700", "Annual % Change": "-19.38%"}, "2015": {"Average Stock Price": "85.7022", "Year Open": "80.5100", "Year High": "91.5000", "Year Low": "76.7200", "Year Close": "89.2700", "Annual % Change": "10.58%"}, "2014": {"Average Stock Price": "72.3892", "Year Open": "66.1300", "Year High": "83.0400", "Year Low": "63.8000", "Year Close": "80.7300", "Annual % Change": "20.84%"}, "2013": {"Average Stock Price": "50.6346", "Year Open": "41.6900", "Year High": "67.4800", "Year Low": "41.6200", "Year Close": "66.8100", "Annual % Change": "62.24%"}, "2012": {"Average Stock Price": "41.2057", "Year Open": "41.4800", "Year High": "43.5000", "Year Low": "37.7500", "Year Close": "41.1800", "Annual % Change": "1.40%"}, "2011": {"Average Stock Price": "42.4160", "Year Open": "38.8700", "Year High": "46.8300", "Year Low": "37.9900", "Year Close": "40.6100", "Annual % Change": "6.00%"}, "2010": {"Average Stock Price": "34.2130", "Year Open": "32.5300", "Year High": "39.1100", "Year Low": "29.9600", "Year Close": "38.3100", "Annual % Change": "18.83%"}, "2009": {"Average Stock Price": "32.2366", "Year Open": "35.2200", "Year High": "39.5300", "Year Low": "24.9700", "Year Close": "32.2400", "Annual % Change": "-6.47%"}, "2008": {"Average Stock Price": "50.0484", "Year Open": "56.6000", "Year High": "61.4800", "Year Low": "28.3800", "Year Close": "34.4700", "Annual % Change": "-40.31%"}, "2007": {"Average Stock Price": "67.7721", "Year Open": "64.0200", "Year High": "75.2800", "Year Low": "56.4700", "Year Close": "57.7500", "Annual % Change": "-10.37%"}, "2006": {"Average Stock Price": "67.6211", "Year Open": "69.9300", "Year High": "75.2800", "Year Low": "61.8300", "Year Close": "64.4300", "Annual % Change": "-6.28%"}, "2005": {"Average Stock Price": "59.3099", "Year Open": "57.1800", "Year High": "69.2400", "Year Low": "53.2800", "Year Close": "68.7500", "Annual % Change": "18.23%"}, "2004": {"Average Stock Price": "57.5442", "Year Open": "59.6800", "Year High": "75.9800", "Year Low": "37.6500", "Year Close": "58.1500", "Annual % Change": "-4.92%"}, "2003": {"Average Stock Price": "59.3289", "Year Open": "61.8500", "Year High": "67.9600", "Year Low": "50.3100", "Year Close": "61.1600", "Annual % Change": "3.33%"}, "2002": {"Average Stock Price": "64.4234", "Year Open": "64.0600", "Year High": "73.0000", "Year Low": "49.0800", "Year Close": "59.1900", "Annual % Change": "-8.46%"}, "2001": {"Average Stock Price": "68.3413", "Year Open": "64.8333", "Year High": "77.0000", "Year Low": "58.6667", "Year Close": "64.6600", "Annual % Change": "-2.65%"}, "2000": {"Average Stock Price": "46.7113", "Year Open": "32.8733", "Year High": "69.2667", "Year Low": "24.7933", "Year Close": "66.4200", "Annual % Change": "108.08%"}, "1999": {"Average Stock Price": "41.0003", "Year Open": "48.9200", "Year High": "53.6667", "Year Low": "25.0000", "Year Close": "31.9200", "Annual % Change": "-36.90%"}, "1998": {"Average Stock Price": "40.7065", "Year Open": "33.9733", "Year High": "50.5867", "Year Low": "31.1111", "Year Close": "50.5867", "Annual % Change": "51.50%"}, "1997": {"Average Stock Price": "28.3813", "Year Open": "25.5556", "Year High": "34.5822", "Year Low": "22.9467", "Year Close": "33.3911", "Annual % Change": "28.98%"}, "1996": {"Average Stock Price": "20.7873", "Year Open": "16.1096", "Year High": "25.9422", "Year Low": "15.5556", "Year Close": "25.8889", "Annual % Change": "59.59%"}, "1995": {"Average Stock Price": "14.7616", "Year Open": "13.3719", "Year High": "17.1496", "Year Low": "12.5185", "Year Close": "16.2222", "Annual % Change": "18.05%"}, "1994": {"Average Stock Price": "11.7932", "Year Open": "10.9037", "Year High": "14.2963", "Year Low": "9.8679", "Year Close": "13.7422", "Annual % Change": "22.05%"}, "1993": {"Average Stock Price": "7.8142", "Year Open": "6.9926", "Year High": "11.3778", "Year Low": "5.8074", "Year Close": "11.2593", "Annual % Change": "57.02%"}, "1992": {"Average Stock Price": "6.8327", "Year Open": "6.9333", "Year High": "8.0593", "Year Low": "5.8667", "Year Close": "7.1704", "Annual % Change": "-0.82%"}, "1991": {"Average Stock Price": "7.1815", "Year Open": "5.0972", "Year High": "9.1259", "Year Low": "5.0024", "Year Close": "7.2296", "Annual % Change": "42.52%"}, "1990": {"Average Stock Price": "3.9348", "Year Open": "3.6788", "Year High": "5.3570", "Year Low": "2.9961", "Year Close": "5.0726", "Annual % Change": "36.48%"}, "1989": {"Average Stock Price": "2.8054", "Year Open": "2.0328", "Year High": "3.7167", "Year Low": "1.9721", "Year Close": "3.7167", "Annual % Change": "88.46%"}, "1988": {"Average Stock Price": "1.8296", "Year Open": "1.1687", "Year High": "2.2452", "Year Low": "1.1687", "Year Close": "1.9721", "Annual % Change": "68.74%"}}}, "market cap": {"value": "$15.92B"}, "income statement": {"Revenue": {"2020-06-30": "152922.00000", "2019-06-30": "145534.00000", "2018-06-30": "136809.00000", "2017-06-30": "129976.00000", "2016-06-30": "121546.00000", "2015-06-30": "102531.00000", "2014-06-30": "91084.00000", "2013-06-30": "101093.00000", "2012-06-30": "107552.00000", "2011-06-30": "102644.00000", "2010-06-30": "98503.00000", "2009-06-30": "95991.50000", "2008-06-30": "87408.20000", "2007-06-30": "86755.00000", "2006-06-30": "79664.20000", "2005-06-30": "72666.00000"}, "Cost Of Goods Sold": {"2020-06-30": "146054.00000", "2019-06-30": "138700.00000", "2018-06-30": "129628.00000", "2017-06-30": "123432.00000", "2016-06-30": "115003.00000", "2015-06-30": "96819.00000", "2014-06-30": "85923.00000", "2013-06-30": "96172.00000", "2012-06-30": "103011.00000", "2011-06-30": "98482.00000", "2010-06-30": "94722.00000", "2009-06-30": "92244.00000", "2008-06-30": "83631.10000", "2007-06-30": "81557.60000", "2006-06-30": "74850.20000", "2005-06-30": "68206.30000"}, "Gross Profit": {"2020-06-30": "6868.00000", "2019-06-30": "6834.00000", "2018-06-30": "7181.00000", "2017-06-30": "6544.00000", "2016-06-30": "6543.00000", "2015-06-30": "5712.00000", "2014-06-30": "5161.00000", "2013-06-30": "4921.00000", "2012-06-30": "4541.00000", "2011-06-30": "4162.00000", "2010-06-30": "3781.00000", "2009-06-30": "3747.50000", "2008-06-30": "3777.10200", "2007-06-30": "5197.39800", "2006-06-30": "4814.00000", "2005-06-30": "4459.70300"}, "Research And Development Expenses": {"2020-06-30": "", "2019-06-30": "", "2018-06-30": "", "2017-06-30": "", "2016-06-30": "", "2015-06-30": "", "2014-06-30": "", "2013-06-30": "", "2012-06-30": "", "2011-06-30": "", "2010-06-30": "", "2009-06-30": "", "2008-06-30": "", "2007-06-30": "", "2006-06-30": "", "2005-06-30": ""}, "SG&A Expenses": {"2020-06-30": "4572.00000", "2019-06-30": "4480.00000", "2018-06-30": "4596.00000", "2017-06-30": "3775.00000", "2016-06-30": "3648.00000", "2015-06-30": "3240.00000", "2014-06-30": "3028.00000", "2013-06-30": "2875.00000", "2012-06-30": "2677.00000", "2011-06-30": "2528.00000", "2010-06-30": "2397.00000", "2009-06-30": "2333.50000", "2008-06-30": "2340.60000", "2007-06-30": "3061.30000", "2006-06-30": "2882.80000", "2005-06-30": "2497.70000"}, "Other Operating Income Or Expenses": {"2020-06-30": "-5748.00000", "2019-06-30": "452.00000", "2018-06-30": "-1576.00000", "2017-06-30": "-66.00000", "2016-06-30": "48.00000", "2015-06-30": "14.00000", "2014-06-30": "6.00000", "2013-06-30": "-821.00000", "2012-06-30": "-18.00000", "2011-06-30": "-15.00000", "2010-06-30": "33.00000", "2009-06-30": "-19.10000", "2008-06-30": "13.80000", "2007-06-30": "-789.30000", "2006-06-30": "-86.30000", "2005-06-30": "-179.80000"}, "Operating Expenses": {"2020-06-30": "157020.00000", "2019-06-30": "143474.00000", "2018-06-30": "136683.00000", "2017-06-30": "127856.00000", "2016-06-30": "119087.00000", "2015-06-30": "100370.00000", "2014-06-30": "89199.00000", "2013-06-30": "100097.00000", "2012-06-30": "105760.00000", "2011-06-30": "101130.00000", "2010-06-30": "97196.00000", "2009-06-30": "94704.10000", "2008-06-30": "86015.80000", "2007-06-30": "85408.20000", "2006-06-30": "77819.30000", "2005-06-30": "70883.80000"}, "Operating Income": {"2020-06-30": "-4098.00000", "2019-06-30": "2060.00000", "2018-06-30": "126.00000", "2017-06-30": "2120.00000", "2016-06-30": "2459.00000", "2015-06-30": "2161.00000", "2014-06-30": "1885.00000", "2013-06-30": "996.00000", "2012-06-30": "1792.00000", "2011-06-30": "1514.00000", "2010-06-30": "1307.00000", "2009-06-30": "1287.39800", "2008-06-30": "1392.39800", "2007-06-30": "1346.80500", "2006-06-30": "1844.90600", "2005-06-30": "1782.20300"}, "Total Non-Operating Income/Expense": {"2020-06-30": "326.00000", "2019-06-30": "-309.00000", "2018-06-30": "-354.00000", "2017-06-30": "-196.00000", "2016-06-30": "-183.00000", "2015-06-30": "-194.00000", "2014-06-30": "-87.00000", "2013-06-30": "-108.00000", "2012-06-30": "-94.00000", "2011-06-30": "4.00000", "2010-06-30": "-95.00000", "2009-06-30": "-127.60000", "2008-06-30": "-97.30000", "2007-06-30": "-120.60000", "2006-06-30": "-104.50000", "2005-06-30": "-117.80000"}, "Pre-Tax Income": {"2020-06-30": "-3772.00000", "2019-06-30": "1751.00000", "2018-06-30": "-228.00000", "2017-06-30": "1924.00000", "2016-06-30": "2276.00000", "2015-06-30": "1967.00000", "2014-06-30": "1798.00000", "2013-06-30": "888.00000", "2012-06-30": "1698.00000", "2011-06-30": "1518.00000", "2010-06-30": "1212.00000", "2009-06-30": "1159.80000", "2008-06-30": "1295.10000", "2007-06-30": "1226.20000", "2006-06-30": "1740.40000", "2005-06-30": "1664.40000"}, "Income Taxes": {"2020-06-30": "-79.00000", "2019-06-30": "386.00000", "2018-06-30": "-487.00000", "2017-06-30": "630.00000", "2016-06-30": "845.00000", "2015-06-30": "755.00000", "2014-06-30": "635.00000", "2013-06-30": "553.00000", "2012-06-30": "628.00000", "2011-06-30": "552.00000", "2010-06-30": "625.00000", "2009-06-30": "401.60000", "2008-06-30": "447.90000", "2007-06-30": "405.50000", "2006-06-30": "577.10000", "2005-06-30": "597.30000"}, "Income After Taxes": {"2020-06-30": "-3693.00000", "2019-06-30": "1365.00000", "2018-06-30": "259.00000", "2017-06-30": "1294.00000", "2016-06-30": "1431.00000", "2015-06-30": "1212.00000", "2014-06-30": "1163.00000", "2013-06-30": "335.00000", "2012-06-30": "1070.00000", "2011-06-30": "966.00000", "2010-06-30": "587.00000", "2009-06-30": "758.20010", "2008-06-30": "847.20000", "2007-06-30": "820.70000", "2006-06-30": "1163.30000", "2005-06-30": "1067.10000"}, "Other Income": {"2020-06-30": "", "2019-06-30": "", "2018-06-30": "", "2017-06-30": "", "2016-06-30": "", "2015-06-30": "", "2014-06-30": "", "2013-06-30": "", "2012-06-30": "", "2011-06-30": "", "2010-06-30": "", "2009-06-30": "", "2008-06-30": "", "2007-06-30": "", "2006-06-30": "", "2005-06-30": ""}, "Income From Continuous Operations": {"2020-06-30": "-3693.00000", "2019-06-30": "1365.00000", "2018-06-30": "259.00000", "2017-06-30": "1294.00000", "2016-06-30": "1431.00000", "2015-06-30": "1212.00000", "2014-06-30": "1163.00000", "2013-06-30": "335.00000", "2012-06-30": "1070.00000", "2011-06-30": "966.00000", "2010-06-30": "587.00000", "2009-06-30": "758.20000", "2008-06-30": "847.20000", "2007-06-30": "820.70000", "2006-06-30": "1163.30000", "2005-06-30": "1067.10000"}, "Income From Discontinued Operations": {"2020-06-30": "", "2019-06-30": "", "2018-06-30": "", "2017-06-30": "", "2016-06-30": "", "2015-06-30": "3.00000", "2014-06-30": "3.00000", "2013-06-30": "-1.00000", "2012-06-30": "-1.00000", "2011-06-30": "-7.00000", "2010-06-30": "55.00000", "2009-06-30": "393.40000", "2008-06-30": "453.40000", "2007-06-30": "1110.40000", "2006-06-30": "-163.20000", "2005-06-30": "-16.40000"}, "Net Income": {"2020-06-30": "-3696.00000", "2019-06-30": "1363.00000", "2018-06-30": "256.00000", "2017-06-30": "1288.00000", "2016-06-30": "1427.00000", "2015-06-30": "1215.00000", "2014-06-30": "1166.00000", "2013-06-30": "334.00000", "2012-06-30": "1069.00000", "2011-06-30": "959.00000", "2010-06-30": "642.00000", "2009-06-30": "1151.60000", "2008-06-30": "1300.60000", "2007-06-30": "1931.10000", "2006-06-30": "1000.10000", "2005-06-30": "1050.70000"}, "EBITDA": {"2020-06-30": "-3185.00000", "2019-06-30": "3060.00000", "2018-06-30": "1158.00000", "2017-06-30": "2837.00000", "2016-06-30": "3100.00000", "2015-06-30": "2612.00000", "2014-06-30": "2344.00000", "2013-06-30": "1393.00000", "2012-06-30": "2117.00000", "2011-06-30": "1827.00000", "2010-06-30": "1561.00000", "2009-06-30": "1513.19800", "2008-06-30": "1612.39800", "2007-06-30": "1661.70500", "2006-06-30": "2142.50600", "2005-06-30": "2077.80300"}, "EBIT": {"2020-06-30": "-4098.00000", "2019-06-30": "2060.00000", "2018-06-30": "126.00000", "2017-06-30": "2120.00000", "2016-06-30": "2459.00000", "2015-06-30": "2161.00000", "2014-06-30": "1885.00000", "2013-06-30": "996.00000", "2012-06-30": "1792.00000", "2011-06-30": "1514.00000", "2010-06-30": "1307.00000", "2009-06-30": "1287.39800", "2008-06-30": "1392.39800", "2007-06-30": "1346.80500", "2006-06-30": "1844.90600", "2005-06-30": "1782.20300"}, "Basic Shares Outstanding": {"2020-06-30": "293.00000", "2019-06-30": "300.00000", "2018-06-30": "313.00000", "2017-06-30": "317.00000", "2016-06-30": "327.00000", "2015-06-30": "332.00000", "2014-06-30": "341.00000", "2013-06-30": "341.00000", "2012-06-30": "345.00000", "2011-06-30": "349.00000", "2010-06-30": "359.00000", "2009-06-30": "357.60000", "2008-06-30": "358.20000", "2007-06-30": "394.90000", "2006-06-30": "421.20000", "2005-06-30": "430.50000"}, "Shares Outstanding": {"2020-06-30": "293.00000", "2019-06-30": "301.00000", "2018-06-30": "315.00000", "2017-06-30": "320.00000", "2016-06-30": "330.00000", "2015-06-30": "335.00000", "2014-06-30": "345.00000", "2013-06-30": "344.00000", "2012-06-30": "349.00000", "2011-06-30": "353.00000", "2010-06-30": "361.00000", "2009-06-30": "361.50000", "2008-06-30": "364.00000", "2007-06-30": "404.70000", "2006-06-30": "428.50000", "2005-06-30": "435.70000"}, "Basic EPS": {"2020-06-30": "-12.61000", "2019-06-30": "4.55000", "2018-06-30": "0.82000", "2017-06-30": "4.06000", "2016-06-30": "4.36000", "2015-06-30": "3.66000", "2014-06-30": "3.42000", "2013-06-30": "0.98000", "2012-06-30": "3.10000", "2011-06-30": "2.75000", "2010-06-30": "1.79000", "2009-06-30": "3.22000", "2008-06-30": "3.63000", "2007-06-30": "4.89000", "2006-06-30": "2.38000", "2005-06-30": "2.44000"}, "EPS - Earnings Per Share": {"2020-06-30": "-12.61000", "2019-06-30": "4.53000", "2018-06-30": "0.81000", "2017-06-30": "4.03000", "2016-06-30": "4.32000", "2015-06-30": "3.62000", "2014-06-30": "3.38000", "2013-06-30": "0.97000", "2012-06-30": "3.06000", "2011-06-30": "2.72000", "2010-06-30": "1.77000", "2009-06-30": "3.18000", "2008-06-30": "3.57000", "2007-06-30": "4.77000", "2006-06-30": "2.33000", "2005-06-30": "2.41000"}}, "income statement, quarterly": {"Revenue": {"2020-12-31": "41541.00000", "2020-09-30": "39065.00000", "2020-06-30": "36689.00000", "2020-03-31": "39157.00000", "2019-12-31": "39735.00000", "2019-09-30": "37341.00000", "2019-06-30": "37353.00000", "2019-03-31": "35228.00000", "2018-12-31": "37740.00000", "2018-09-30": "35213.00000", "2018-06-30": "35349.00000", "2018-03-31": "33633.00000", "2017-12-31": "35186.00000", "2017-09-30": "32641.00000", "2017-06-30": "32966.00000", "2017-03-31": "31821.00000", "2016-12-31": "33150.00000", "2016-09-30": "32039.00000", "2016-06-30": "31384.00000", "2016-03-31": "30662.00000", "2015-12-31": "31445.00000", "2015-09-30": "28055.00000", "2015-06-30": "27549.00000", "2015-03-31": "25375.00000", "2014-12-31": "25537.00000", "2014-09-30": "24070.00000", "2014-06-30": "22894.00000", "2014-03-31": "21427.00000", "2013-12-31": "22240.00000", "2013-09-30": "24523.00000", "2013-06-30": "25420.00000", "2013-03-31": "24552.00000", "2012-12-31": "25232.00000", "2012-09-30": "25889.00000", "2012-06-30": "26764.00000", "2012-03-31": "26918.00000", "2011-12-31": "27078.00000", "2011-09-30": "26792.00000", "2011-06-30": "26763.30000", "2011-03-31": "26071.40000", "2010-12-31": "25371.80000", "2010-09-30": "24437.50000", "2010-06-30": "24459.80000", "2010-03-31": "24342.80000", "2009-12-31": "24919.70000", "2009-09-30": "24780.70000", "2009-06-30": "24347.30000", "2009-03-31": "24089.30000", "2008-12-31": "24117.80000", "2008-09-30": "23437.10000", "2008-06-30": "22894.30000", "2008-03-31": "22909.60000", "2007-12-31": "23282.70000", "2007-09-30": "21973.40000", "2007-06-30": "22165.80000", "2007-03-31": "21867.10000", "2006-12-31": "21784.60000", "2006-09-30": "20937.50000", "2006-06-30": "20866.90000", "2006-03-31": "20213.20000", "2005-12-31": "19346.90000", "2005-09-30": "19237.20000", "2005-06-30": "17367.00000", "2005-03-31": "18959.60000"}, "Cost Of Goods Sold": {"2020-12-31": "39765.00000", "2020-09-30": "37350.00000", "2020-06-30": "35099.00000", "2020-03-31": "37272.00000", "2019-12-31": "38021.00000", "2019-09-30": "35662.00000", "2019-06-30": "35680.00000", "2019-03-31": "33464.00000", "2018-12-31": "36010.00000", "2018-09-30": "33546.00000", "2018-06-30": "33614.00000", "2018-03-31": "31720.00000", "2017-12-31": "33325.00000", "2017-09-30": "30969.00000", "2017-06-30": "31342.00000", "2017-03-31": "30093.00000", "2016-12-31": "31548.00000", "2016-09-30": "30449.00000", "2016-06-30": "29718.00000", "2016-03-31": "28973.00000", "2015-12-31": "29836.00000", "2015-09-30": "26476.00000", "2015-06-30": "26091.00000", "2015-03-31": "23916.00000", "2014-12-31": "24083.00000", "2014-09-30": "22729.00000", "2014-06-30": "21639.00000", "2014-03-31": "20130.00000", "2013-12-31": "20895.00000", "2013-09-30": "23259.00000", "2013-06-30": "24173.00000", "2013-03-31": "23261.00000", "2012-12-31": "24008.00000", "2012-09-30": "24730.00000", "2012-06-30": "25628.00000", "2012-03-31": "25711.00000", "2011-12-31": "25964.00000", "2011-09-30": "25708.00000", "2011-06-30": "25719.89000", "2011-03-31": "24909.20000", "2010-12-31": "24377.60000", "2010-09-30": "23475.30000", "2010-06-30": "23555.40000", "2010-03-31": "23332.70000", "2009-12-31": "23962.00000", "2009-09-30": "23871.90000", "2009-06-30": "23403.00000", "2009-03-31": "23102.40000", "2008-12-31": "23202.70000", "2008-09-30": "22535.90000", "2008-06-30": "21439.60000", "2008-03-31": "21441.80000", "2007-12-31": "21928.10000", "2007-09-30": "20631.20000", "2007-06-30": "20856.30000", "2007-03-31": "20479.60000", "2006-12-31": "20484.70000", "2006-09-30": "19737.00000", "2006-06-30": "19667.20000", "2006-03-31": "18958.80000", "2005-12-31": "18181.20000", "2005-09-30": "18043.00000", "2005-06-30": "16536.00000", "2005-03-31": "17630.70000"}, "Gross Profit": {"2020-12-31": "1776.00000", "2020-09-30": "1715.00000", "2020-06-30": "1590.00000", "2020-03-31": "1885.00000", "2019-12-31": "1714.00000", "2019-09-30": "1679.00000", "2019-06-30": "1673.00000", "2019-03-31": "1764.00000", "2018-12-31": "1730.00000", "2018-09-30": "1667.00000", "2018-06-30": "1735.00000", "2018-03-31": "1913.00000", "2017-12-31": "1861.00000", "2017-09-30": "1672.00000", "2017-06-30": "1624.00000", "2017-03-31": "1728.00000", "2016-12-31": "1602.00000", "2016-09-30": "1590.00000", "2016-06-30": "1666.00000", "2016-03-31": "1689.00000", "2015-12-31": "1609.00000", "2015-09-30": "1579.00000", "2015-06-30": "1458.00000", "2015-03-31": "1459.00000", "2014-12-31": "1454.00000", "2014-09-30": "1341.00000", "2014-06-30": "1255.00000", "2014-03-31": "1297.00000", "2013-12-31": "1345.00000", "2013-09-30": "1264.00000", "2013-06-30": "1247.00000", "2013-03-31": "1291.00000", "2012-12-31": "1224.00000", "2012-09-30": "1159.00000", "2012-06-30": "1136.00000", "2012-03-31": "1207.00000", "2011-12-31": "1114.00000", "2011-09-30": "1084.00000", "2011-06-30": "1043.40600", "2011-03-31": "1162.20100", "2010-12-31": "994.20120", "2010-09-30": "962.19920", "2010-06-30": "904.40820", "2010-03-31": "1010.10200", "2009-12-31": "957.69920", "2009-09-30": "908.79880", "2009-06-30": "944.30080", "2009-03-31": "986.90040", "2008-12-31": "915.10160", "2008-09-30": "901.19920", "2008-06-30": "1454.70100", "2008-03-31": "1467.79900", "2007-12-31": "1354.60000", "2007-09-30": "1342.20100", "2007-06-30": "1309.49600", "2007-03-31": "1387.50000", "2006-12-31": "1299.90000", "2006-09-30": "1200.50000", "2006-06-30": "1199.69900", "2006-03-31": "1254.39800", "2005-12-31": "1165.70100", "2005-09-30": "1194.19900", "2005-06-30": "831.00000", "2005-03-31": "1328.90000"}, "Research And Development Expenses": {"2020-12-31": "", "2020-09-30": "", "2020-06-30": "", "2020-03-31": "", "2019-12-31": "", "2019-09-30": "", "2019-06-30": "", "2019-03-31": "", "2018-12-31": "", "2018-09-30": "", "2018-06-30": "", "2018-03-31": "", "2017-12-31": "", "2017-09-30": "", "2017-06-30": "", "2017-03-31": "", "2016-12-31": "", "2016-09-30": "", "2016-06-30": "", "2016-03-31": "", "2015-12-31": "", "2015-09-30": "", "2015-06-30": "", "2015-03-31": "", "2014-12-31": "", "2014-09-30": "", "2014-06-30": "", "2014-03-31": "", "2013-12-31": "", "2013-09-30": "", "2013-06-30": "", "2013-03-31": "", "2012-12-31": "", "2012-09-30": "", "2012-06-30": "", "2012-03-31": "", "2011-12-31": "", "2011-09-30": "", "2011-06-30": "", "2011-03-31": "", "2010-12-31": "", "2010-09-30": "", "2010-06-30": "", "2010-03-31": "", "2009-12-31": "", "2009-09-30": "", "2009-06-30": "", "2009-03-31": "", "2008-12-31": "", "2008-09-30": "", "2008-06-30": "", "2008-03-31": "", "2007-12-31": "", "2007-09-30": "", "2007-06-30": "", "2007-03-31": "", "2006-12-31": "", "2006-09-30": "", "2006-06-30": "", "2006-03-31": "", "2005-12-31": "", "2005-09-30": "", "2005-06-30": "", "2005-03-31": ""}, "SG&A Expenses": {"2020-12-31": "1147.00000", "2020-09-30": "1137.00000", "2020-06-30": "1137.00000", "2020-03-31": "1165.00000", "2019-12-31": "1163.00000", "2019-09-30": "1107.00000", "2019-06-30": "1164.00000", "2019-03-31": "1097.00000", "2018-12-31": "1064.00000", "2018-09-30": "1155.00000", "2018-06-30": "1271.00000", "2018-03-31": "1132.00000", "2017-12-31": "1131.00000", "2017-09-30": "1062.00000", "2017-06-30": "985.00000", "2017-03-31": "960.00000", "2016-12-31": "910.00000", "2016-09-30": "920.00000", "2016-06-30": "970.00000", "2016-03-31": "914.00000", "2015-12-31": "922.00000", "2015-09-30": "842.00000", "2015-06-30": "847.00000", "2015-03-31": "803.00000", "2014-12-31": "815.00000", "2014-09-30": "775.00000", "2014-06-30": "794.00000", "2014-03-31": "736.00000", "2013-12-31": "766.00000", "2013-09-30": "732.00000", "2013-06-30": "774.00000", "2013-03-31": "712.00000", "2012-12-31": "699.00000", "2012-09-30": "690.00000", "2012-06-30": "710.00000", "2012-03-31": "683.00000", "2011-12-31": "640.00000", "2011-09-30": "644.00000", "2011-06-30": "670.30000", "2011-03-31": "669.50000", "2010-12-31": "606.70000", "2010-09-30": "581.50000", "2010-06-30": "577.10000", "2010-03-31": "628.60000", "2009-12-31": "605.20000", "2009-09-30": "586.10000", "2009-06-30": "591.70000", "2009-03-31": "573.00000", "2008-12-31": "578.50000", "2008-09-30": "590.30000", "2008-06-30": "895.00000", "2008-03-31": "854.50000", "2007-12-31": "828.90000", "2007-09-30": "830.10000", "2007-06-30": "798.30000", "2007-03-31": "781.70000", "2006-12-31": "755.80000", "2006-09-30": "725.50000", "2006-06-30": "691.20000", "2006-03-31": "701.00000", "2005-12-31": "696.90000", "2005-09-30": "793.70000", "2005-06-30": "427.40000", "2005-03-31": "678.70000"}, "Other Operating Income Or Expenses": {"2020-12-31": "-32.00000", "2020-09-30": "-1047.00000", "2020-06-30": "-12.00000", "2020-03-31": "-34.00000", "2019-12-31": "-28.00000", "2019-09-30": "-5674.00000", "2019-06-30": "-19.00000", "2019-03-31": "-28.00000", "2018-12-31": "7.00000", "2018-09-30": "492.00000", "2018-06-30": "-1359.00000", "2018-03-31": "-58.00000", "2017-12-31": "-126.00000", "2017-09-30": "-33.00000", "2017-06-30": "-14.00000", "2017-03-31": "-20.00000", "2016-12-31": "-28.00000", "2016-09-30": "-4.00000", "2016-06-30": "61.00000", "2016-03-31": "-5.00000", "2015-12-31": "-8.00000", "2015-09-30": "", "2015-06-30": "49.00000", "2015-03-31": "19.00000", "2014-12-31": "-26.00000", "2014-09-30": "-28.00000", "2014-06-30": "-7.00000", "2014-03-31": "8.00000", "2013-12-31": "6.00000", "2013-09-30": "-1.00000", "2013-06-30": "-831.00000", "2013-03-31": "-18.00000", "2012-12-31": "7.00000", "2012-09-30": "21.00000", "2012-06-30": "-2.00000", "2012-03-31": "-17.00000", "2011-12-31": "-1.00000", "2011-09-30": "2.00000", "2011-06-30": "5.00000", "2011-03-31": "-8.90000", "2010-12-31": "-7.80000", "2010-09-30": "-3.30000", "2010-06-30": "32.40000", "2010-03-31": "-1.30000", "2009-12-31": "25.00000", "2009-09-30": "-23.10000", "2009-06-30": "-7.60000", "2009-03-31": "-1.30000", "2008-12-31": "-6.60000", "2008-09-30": "-3.60000", "2008-06-30": "-32.40000", "2008-03-31": "-36.80000", "2007-12-31": "-6.50000", "2007-09-30": "-22.30000", "2007-06-30": "-117.70000", "2007-03-31": "-615.60000", "2006-12-31": "-32.20000", "2006-09-30": "-23.80000", "2006-06-30": "-32.30000", "2006-03-31": "-18.50000", "2005-12-31": "-11.70000", "2005-09-30": "-23.80000", "2005-06-30": "98.80000", "2005-03-31": "-58.90000"}, "Operating Expenses": {"2020-12-31": "41080.00000", "2020-09-30": "39689.00000", "2020-06-30": "36419.00000", "2020-03-31": "38595.00000", "2019-12-31": "39401.00000", "2019-09-30": "42605.00000", "2019-06-30": "37045.00000", "2019-03-31": "34796.00000", "2018-12-31": "37236.00000", "2018-09-30": "34397.00000", "2018-06-30": "36430.00000", "2018-03-31": "33087.00000", "2017-12-31": "34787.00000", "2017-09-30": "32379.00000", "2017-06-30": "32528.00000", "2017-03-31": "31216.00000", "2016-12-31": "32608.00000", "2016-09-30": "31504.00000", "2016-06-30": "30764.00000", "2016-03-31": "30006.00000", "2015-12-31": "30882.00000", "2015-09-30": "27435.00000", "2015-06-30": "26991.00000", "2015-03-31": "24784.00000", "2014-12-31": "24991.00000", "2014-09-30": "23604.00000", "2014-06-30": "22507.00000", "2014-03-31": "20919.00000", "2013-12-31": "21721.00000", "2013-09-30": "24052.00000", "2013-06-30": "25862.00000", "2013-03-31": "24077.00000", "2012-12-31": "24726.00000", "2012-09-30": "25432.00000", "2012-06-30": "26360.00000", "2012-03-31": "26391.00000", "2011-12-31": "26629.00000", "2011-09-30": "26380.00000", "2011-06-30": "26404.40000", "2011-03-31": "25624.10000", "2010-12-31": "25027.90000", "2010-09-30": "24073.60000", "2010-06-30": "24125.80000", "2010-03-31": "23976.50000", "2009-12-31": "24552.90000", "2009-09-30": "24540.80000", "2009-06-30": "24040.50000", "2009-03-31": "23708.40000", "2008-12-31": "23804.70000", "2008-09-30": "23150.50000", "2008-06-30": "22367.00000", "2008-03-31": "22333.10000", "2007-12-31": "22763.50000", "2007-09-30": "21483.60000", "2007-06-30": "21772.30000", "2007-03-31": "21876.90000", "2006-12-31": "21272.70000", "2006-09-30": "20486.30000", "2006-06-30": "20390.70000", "2006-03-31": "19678.30000", "2005-12-31": "18889.80000", "2005-09-30": "18860.50000", "2005-06-30": "16864.60000", "2005-03-31": "18368.30000"}, "Operating Income": {"2020-12-31": "461.00000", "2020-09-30": "-624.00000", "2020-06-30": "270.00000", "2020-03-31": "562.00000", "2019-12-31": "334.00000", "2019-09-30": "-5264.00000", "2019-06-30": "308.00000", "2019-03-31": "432.00000", "2018-12-31": "504.00000", "2018-09-30": "816.00000", "2018-06-30": "-1081.00000", "2018-03-31": "546.00000", "2017-12-31": "399.00000", "2017-09-30": "262.00000", "2017-06-30": "438.00000", "2017-03-31": "605.00000", "2016-12-31": "542.00000", "2016-09-30": "535.00000", "2016-06-30": "620.00000", "2016-03-31": "656.00000", "2015-12-31": "563.00000", "2015-09-30": "620.00000", "2015-06-30": "558.00000", "2015-03-31": "591.00000", "2014-12-31": "546.00000", "2014-09-30": "466.00000", "2014-06-30": "387.00000", "2014-03-31": "508.00000", "2013-12-31": "519.00000", "2013-09-30": "471.00000", "2013-06-30": "-442.00000", "2013-03-31": "475.00000", "2012-12-31": "506.00000", "2012-09-30": "457.00000", "2012-06-30": "404.00000", "2012-03-31": "527.00000", "2011-12-31": "449.00000", "2011-09-30": "412.00000", "2011-06-30": "358.90230", "2011-03-31": "447.30080", "2010-12-31": "343.90040", "2010-09-30": "363.89840", "2010-06-30": "334.00200", "2010-03-31": "366.30080", "2009-12-31": "366.80080", "2009-09-30": "239.90040", "2009-06-30": "306.79880", "2009-03-31": "380.90040", "2008-12-31": "313.10160", "2008-09-30": "286.59960", "2008-06-30": "527.30080", "2008-03-31": "576.49800", "2007-12-31": "519.19920", "2007-09-30": "489.80080", "2007-06-30": "393.50000", "2007-03-31": "-9.79880", "2006-12-31": "511.90040", "2006-09-30": "451.19920", "2006-06-30": "476.20700", "2006-03-31": "534.89840", "2005-12-31": "457.10160", "2005-09-30": "376.69920", "2005-06-30": "502.39450", "2005-03-31": "591.30080"}, "Total Non-Operating Income/Expense": {"2020-12-31": "-34.00000", "2020-09-30": "-39.00000", "2020-06-30": "545.00000", "2020-03-31": "-84.00000", "2019-12-31": "-55.00000", "2019-09-30": "-80.00000", "2019-06-30": "-70.00000", "2019-03-31": "-62.00000", "2018-12-31": "-97.00000", "2018-09-30": "-80.00000", "2018-06-30": "-106.00000", "2018-03-31": "-82.00000", "2017-12-31": "-82.00000", "2017-09-30": "-84.00000", "2017-06-30": "-63.00000", "2017-03-31": "-41.00000", "2016-12-31": "-51.00000", "2016-09-30": "-41.00000", "2016-06-30": "-44.00000", "2016-03-31": "-44.00000", "2015-12-31": "-43.00000", "2015-09-30": "-52.00000", "2015-06-30": "-35.00000", "2015-03-31": "-33.00000", "2014-12-31": "-95.00000", "2014-09-30": "-31.00000", "2014-06-30": "-30.00000", "2014-03-31": "-1.00000", "2013-12-31": "-27.00000", "2013-09-30": "-29.00000", "2013-06-30": "-39.00000", "2013-03-31": "-28.00000", "2012-12-31": "-23.00000", "2012-09-30": "-18.00000", "2012-06-30": "-27.00000", "2012-03-31": "-17.00000", "2011-12-31": "-23.00000", "2011-09-30": "-27.00000", "2011-06-30": "-18.00000", "2011-03-31": "-22.20000", "2010-12-31": "-16.10000", "2010-09-30": "60.30000", "2010-06-30": "-25.20000", "2010-03-31": "-3.10000", "2009-12-31": "-1.80000", "2009-09-30": "-64.90000", "2009-06-30": "-17.10000", "2009-03-31": "-36.80000", "2008-12-31": "-41.90000", "2008-09-30": "-31.80000", "2008-06-30": "-47.00000", "2008-03-31": "-31.10000", "2007-12-31": "-50.00000", "2007-09-30": "-42.90000", "2007-06-30": "-18.20000", "2007-03-31": "-32.20000", "2006-12-31": "-32.40000", "2006-09-30": "-37.80000", "2006-06-30": "-20.70000", "2006-03-31": "-26.20000", "2005-12-31": "-26.60000", "2005-09-30": "-31.00000", "2005-06-30": "-23.70000", "2005-03-31": "-40.00000"}, "Pre-Tax Income": {"2020-12-31": "427.00000", "2020-09-30": "-663.00000", "2020-06-30": "815.00000", "2020-03-31": "478.00000", "2019-12-31": "279.00000", "2019-09-30": "-5344.00000", "2019-06-30": "238.00000", "2019-03-31": "370.00000", "2018-12-31": "407.00000", "2018-09-30": "736.00000", "2018-06-30": "-1187.00000", "2018-03-31": "464.00000", "2017-12-31": "317.00000", "2017-09-30": "178.00000", "2017-06-30": "375.00000", "2017-03-31": "564.00000", "2016-12-31": "491.00000", "2016-09-30": "494.00000", "2016-06-30": "576.00000", "2016-03-31": "612.00000", "2015-12-31": "520.00000", "2015-09-30": "568.00000", "2015-06-30": "523.00000", "2015-03-31": "558.00000", "2014-12-31": "451.00000", "2014-09-30": "435.00000", "2014-06-30": "357.00000", "2014-03-31": "507.00000", "2013-12-31": "492.00000", "2013-09-30": "442.00000", "2013-06-30": "-481.00000", "2013-03-31": "447.00000", "2012-12-31": "483.00000", "2012-09-30": "439.00000", "2012-06-30": "377.00000", "2012-03-31": "510.00000", "2011-12-31": "426.00000", "2011-09-30": "385.00000", "2011-06-30": "340.90000", "2011-03-31": "425.10000", "2010-12-31": "327.80000", "2010-09-30": "424.20000", "2010-06-30": "308.80000", "2010-03-31": "363.20000", "2009-12-31": "365.00000", "2009-09-30": "175.00000", "2009-06-30": "289.70010", "2009-03-31": "344.10000", "2008-12-31": "271.20000", "2008-09-30": "254.80000", "2008-06-30": "480.30000", "2008-03-31": "545.40000", "2007-12-31": "469.20000", "2007-09-30": "446.90000", "2007-06-30": "375.30000", "2007-03-31": "-42.00000", "2006-12-31": "479.50000", "2006-09-30": "413.40000", "2006-06-30": "455.49990", "2006-03-31": "508.70000", "2005-12-31": "430.50000", "2005-09-30": "345.70000", "2005-06-30": "478.70010", "2005-03-31": "551.30000"}, "Income Taxes": {"2020-12-31": "-203.00000", "2020-09-30": "-410.00000", "2020-06-30": "158.00000", "2020-03-31": "127.00000", "2019-12-31": "59.00000", "2019-09-30": "-423.00000", "2019-06-30": "44.00000", "2019-03-31": "74.00000", "2018-12-31": "126.00000", "2018-09-30": "142.00000", "2018-06-30": "-21.00000", "2018-03-31": "209.00000", "2017-12-31": "-736.00000", "2017-09-30": "61.00000", "2017-06-30": "97.00000", "2017-03-31": "182.00000", "2016-12-31": "167.00000", "2016-09-30": "184.00000", "2016-06-30": "241.00000", "2016-03-31": "226.00000", "2015-12-31": "194.00000", "2015-09-30": "184.00000", "2015-06-30": "231.00000", "2015-03-31": "193.00000", "2014-12-31": "162.00000", "2014-09-30": "169.00000", "2014-06-30": "124.00000", "2014-03-31": "192.00000", "2013-12-31": "217.00000", "2013-09-30": "102.00000", "2013-06-30": "105.00000", "2013-03-31": "101.00000", "2012-12-31": "180.00000", "2012-09-30": "167.00000", "2012-06-30": "140.00000", "2012-03-31": "178.00000", "2011-12-31": "162.00000", "2011-09-30": "148.00000", "2011-06-30": "133.80000", "2011-03-31": "175.60000", "2010-12-31": "112.80000", "2010-09-30": "129.80000", "2010-06-30": "115.00000", "2010-03-31": "138.40000", "2009-12-31": "134.80000", "2009-09-30": "236.80000", "2009-06-30": "87.80000", "2009-03-31": "129.00000", "2008-12-31": "102.20000", "2008-09-30": "82.60000", "2008-06-30": "164.40000", "2008-03-31": "179.50000", "2007-12-31": "144.10000", "2007-09-30": "143.70000", "2007-06-30": "156.60000", "2007-03-31": "-37.10000", "2006-12-31": "164.00000", "2006-09-30": "122.00000", "2006-06-30": "155.80000", "2006-03-31": "168.40000", "2005-12-31": "144.70000", "2005-09-30": "108.20000", "2005-06-30": "217.60000", "2005-03-31": "176.80000"}, "Income After Taxes": {"2020-12-31": "630.00000", "2020-09-30": "-253.00000", "2020-06-30": "657.00000", "2020-03-31": "351.00000", "2019-12-31": "220.00000", "2019-09-30": "-4921.00000", "2019-06-30": "194.00000", "2019-03-31": "296.00000", "2018-12-31": "281.00000", "2018-09-30": "594.00000", "2018-06-30": "-1166.00000", "2018-03-31": "255.00000", "2017-12-31": "1053.00000", "2017-09-30": "117.00000", "2017-06-30": "278.00000", "2017-03-31": "382.00000", "2016-12-31": "324.00000", "2016-09-30": "310.00000", "2016-06-30": "335.00000", "2016-03-31": "386.00000", "2015-12-31": "326.00000", "2015-09-30": "384.00000", "2015-06-30": "292.00000", "2015-03-31": "365.00000", "2014-12-31": "289.00000", "2014-09-30": "266.00000", "2014-06-30": "233.00000", "2014-03-31": "315.00000", "2013-12-31": "275.00000", "2013-09-30": "340.00000", "2013-06-30": "-586.00000", "2013-03-31": "346.00000", "2012-12-31": "303.00000", "2012-09-30": "272.00000", "2012-06-30": "237.00000", "2012-03-31": "332.00000", "2011-12-31": "264.00000", "2011-09-30": "237.00000", "2011-06-30": "207.10000", "2011-03-31": "249.50000", "2010-12-31": "215.00000", "2010-09-30": "294.40000", "2010-06-30": "193.80000", "2010-03-31": "224.80000", "2009-12-31": "230.20000", "2009-09-30": "-61.80000", "2009-06-30": "201.90010", "2009-03-31": "215.10000", "2008-12-31": "169.00000", "2008-09-30": "172.20000", "2008-06-30": "315.90000", "2008-03-31": "365.90000", "2007-12-31": "325.10000", "2007-09-30": "303.20000", "2007-06-30": "218.70000", "2007-03-31": "-4.90000", "2006-12-31": "315.50000", "2006-09-30": "291.40000", "2006-06-30": "299.70000", "2006-03-31": "340.30000", "2005-12-31": "285.80000", "2005-09-30": "237.50000", "2005-06-30": "261.10010", "2005-03-31": "374.50000"}, "Other Income": {"2020-12-31": "", "2020-09-30": "", "2020-06-30": "", "2020-03-31": "", "2019-12-31": "", "2019-09-30": "", "2019-06-30": "", "2019-03-31": "", "2018-12-31": "", "2018-09-30": "", "2018-06-30": "", "2018-03-31": "", "2017-12-31": "", "2017-09-30": "", "2017-06-30": "", "2017-03-31": "", "2016-12-31": "", "2016-09-30": "", "2016-06-30": "", "2016-03-31": "", "2015-12-31": "", "2015-09-30": "", "2015-06-30": "", "2015-03-31": "", "2014-12-31": "", "2014-09-30": "", "2014-06-30": "", "2014-03-31": "", "2013-12-31": "", "2013-09-30": "", "2013-06-30": "", "2013-03-31": "", "2012-12-31": "", "2012-09-30": "", "2012-06-30": "", "2012-03-31": "", "2011-12-31": "", "2011-09-30": "", "2011-06-30": "", "2011-03-31": "", "2010-12-31": "", "2010-09-30": "", "2010-06-30": "", "2010-03-31": "", "2009-12-31": "", "2009-09-30": "", "2009-06-30": "", "2009-03-31": "", "2008-12-31": "", "2008-09-30": "", "2008-06-30": "", "2008-03-31": "", "2007-12-31": "", "2007-09-30": "", "2007-06-30": "", "2007-03-31": "", "2006-12-31": "", "2006-09-30": "", "2006-06-30": "", "2006-03-31": "", "2005-12-31": "", "2005-09-30": "", "2005-06-30": "", "2005-03-31": ""}, "Income From Continuous Operations": {"2020-12-31": "630.00000", "2020-09-30": "-253.00000", "2020-06-30": "657.00000", "2020-03-31": "351.00000", "2019-12-31": "220.00000", "2019-09-30": "-4921.00000", "2019-06-30": "194.00000", "2019-03-31": "296.00000", "2018-12-31": "281.00000", "2018-09-30": "594.00000", "2018-06-30": "-1166.00000", "2018-03-31": "255.00000", "2017-12-31": "1053.00000", "2017-09-30": "117.00000", "2017-06-30": "278.00000", "2017-03-31": "382.00000", "2016-12-31": "324.00000", "2016-09-30": "310.00000", "2016-06-30": "335.00000", "2016-03-31": "386.00000", "2015-12-31": "326.00000", "2015-09-30": "384.00000", "2015-06-30": "292.00000", "2015-03-31": "365.00000", "2014-12-31": "289.00000", "2014-09-30": "266.00000", "2014-06-30": "233.00000", "2014-03-31": "315.00000", "2013-12-31": "275.00000", "2013-09-30": "340.00000", "2013-06-30": "-586.00000", "2013-03-31": "346.00000", "2012-12-31": "303.00000", "2012-09-30": "272.00000", "2012-06-30": "237.00000", "2012-03-31": "332.00000", "2011-12-31": "264.00000", "2011-09-30": "237.00000", "2011-06-30": "207.10000", "2011-03-31": "249.50000", "2010-12-31": "215.00000", "2010-09-30": "294.40000", "2010-06-30": "193.80000", "2010-03-31": "224.80000", "2009-12-31": "230.20000", "2009-09-30": "-61.80000", "2009-06-30": "201.90000", "2009-03-31": "215.10000", "2008-12-31": "169.00000", "2008-09-30": "172.20000", "2008-06-30": "315.90000", "2008-03-31": "365.90000", "2007-12-31": "325.10000", "2007-09-30": "303.20000", "2007-06-30": "218.70000", "2007-03-31": "-4.90000", "2006-12-31": "315.50000", "2006-09-30": "291.40000", "2006-06-30": "299.70010", "2006-03-31": "340.30000", "2005-12-31": "285.80000", "2005-09-30": "237.50000", "2005-06-30": "261.10000", "2005-03-31": "374.50000"}, "Income From Discontinued Operations": {"2020-12-31": "", "2020-09-30": "", "2020-06-30": "", "2020-03-31": "", "2019-12-31": "", "2019-09-30": "", "2019-06-30": "", "2019-03-31": "", "2018-12-31": "", "2018-09-30": "", "2018-06-30": "", "2018-03-31": "", "2017-12-31": "", "2017-09-30": "", "2017-06-30": "", "2017-03-31": "", "2016-12-31": "", "2016-09-30": "", "2016-06-30": "", "2016-03-31": "", "2015-12-31": "", "2015-09-30": "", "2015-06-30": "", "2015-03-31": "", "2014-12-31": "", "2014-09-30": "", "2014-06-30": "1.00000", "2014-03-31": "", "2013-12-31": "3.00000", "2013-09-30": "-1.00000", "2013-06-30": "1.00000", "2013-03-31": "-1.00000", "2012-12-31": "", "2012-09-30": "-1.00000", "2012-06-30": "", "2012-03-31": "1.00000", "2011-12-31": "-2.00000", "2011-09-30": "", "2011-06-30": "-4.30000", "2011-03-31": "-3.50000", "2010-12-31": "0.40000", "2010-09-30": "0.40000", "2010-06-30": "29.50000", "2010-03-31": "-2.40000", "2009-12-31": "4.30000", "2009-09-30": "23.60000", "2009-06-30": "71.20000", "2009-03-31": "97.80000", "2008-12-31": "147.50000", "2008-09-30": "76.90000", "2008-06-30": "2.10000", "2008-03-31": "-9.90000", "2007-12-31": "-0.40000", "2007-09-30": "-1.40000", "2007-06-30": "683.40000", "2007-03-31": "23.90000", "2006-12-31": "423.80000", "2006-09-30": "-20.70000", "2006-06-30": "21.30000", "2006-03-31": "-193.50000", "2005-12-31": "18.20000", "2005-09-30": "-9.20000", "2005-06-30": "-3.40000", "2005-03-31": "-8.80000"}, "Net Income": {"2020-12-31": "629.00000", "2020-09-30": "-253.00000", "2020-06-30": "656.00000", "2020-03-31": "350.00000", "2019-12-31": "220.00000", "2019-09-30": "-4922.00000", "2019-06-30": "194.00000", "2019-03-31": "296.00000", "2018-12-31": "280.00000", "2018-09-30": "593.00000", "2018-06-30": "-1167.00000", "2018-03-31": "255.00000", "2017-12-31": "1053.00000", "2017-09-30": "115.00000", "2017-06-30": "274.00000", "2017-03-31": "381.00000", "2016-12-31": "324.00000", "2016-09-30": "309.00000", "2016-06-30": "332.00000", "2016-03-31": "386.00000", "2015-12-31": "326.00000", "2015-09-30": "383.00000", "2015-06-30": "295.00000", "2015-03-31": "365.00000", "2014-12-31": "289.00000", "2014-09-30": "266.00000", "2014-06-30": "234.00000", "2014-03-31": "315.00000", "2013-12-31": "278.00000", "2013-09-30": "339.00000", "2013-06-30": "-585.00000", "2013-03-31": "345.00000", "2012-12-31": "303.00000", "2012-09-30": "271.00000", "2012-06-30": "237.00000", "2012-03-31": "333.00000", "2011-12-31": "262.00000", "2011-09-30": "237.00000", "2011-06-30": "202.80000", "2011-03-31": "246.00000", "2010-12-31": "215.40000", "2010-09-30": "294.80000", "2010-06-30": "223.30000", "2010-03-31": "222.40000", "2009-12-31": "234.50000", "2009-09-30": "-38.20000", "2009-06-30": "273.09990", "2009-03-31": "312.90000", "2008-12-31": "316.50000", "2008-09-30": "249.10000", "2008-06-30": "318.00000", "2008-03-31": "356.00000", "2007-12-31": "324.70000", "2007-09-30": "301.80000", "2007-06-30": "902.10000", "2007-03-31": "19.00000", "2006-12-31": "739.30000", "2006-09-30": "270.70000", "2006-06-30": "321.00000", "2006-03-31": "146.80000", "2005-12-31": "304.00000", "2005-09-30": "228.30000", "2005-06-30": "257.70000", "2005-03-31": "365.70000"}, "EBITDA": {"2020-12-31": "", "2020-09-30": "-419.00000", "2020-06-30": "495.00000", "2020-03-31": "786.00000", "2019-12-31": "564.00000", "2019-09-30": "-5030.00000", "2019-06-30": "549.00000", "2019-03-31": "693.00000", "2018-12-31": "757.00000", "2018-09-30": "1061.00000", "2018-06-30": "-828.00000", "2018-03-31": "805.00000", "2017-12-31": "690.00000", "2017-09-30": "491.00000", "2017-06-30": "630.00000", "2017-03-31": "791.00000", "2016-12-31": "708.00000", "2016-09-30": "708.00000", "2016-06-30": "796.00000", "2016-03-31": "815.00000", "2015-12-31": "732.00000", "2015-09-30": "757.00000", "2015-06-30": "673.00000", "2015-03-31": "707.00000", "2014-12-31": "658.00000", "2014-09-30": "574.00000", "2014-06-30": "502.00000", "2014-03-31": "618.00000", "2013-12-31": "636.00000", "2013-09-30": "588.00000", "2013-06-30": "-320.00000", "2013-03-31": "574.00000", "2012-12-31": "594.00000", "2012-09-30": "545.00000", "2012-06-30": "490.00000", "2012-03-31": "610.00000", "2011-12-31": "527.00000", "2011-09-30": "490.00000", "2011-06-30": "432.70230", "2011-03-31": "544.80080", "2010-12-31": "417.10040", "2010-09-30": "432.39840", "2010-06-30": "393.60200", "2010-03-31": "434.90080", "2009-12-31": "426.30080", "2009-09-30": "306.20040", "2009-06-30": "363.79880", "2009-03-31": "433.60040", "2008-12-31": "381.80160", "2008-09-30": "333.99960", "2008-06-30": "462.40080", "2008-03-31": "669.49800", "2007-12-31": "616.19920", "2007-09-30": "584.70080", "2007-06-30": "471.30000", "2007-03-31": "71.90120", "2006-12-31": "588.90040", "2006-09-30": "529.59920", "2006-06-30": "554.00700", "2006-03-31": "609.09840", "2005-12-31": "501.70160", "2005-09-30": "477.69920", "2005-06-30": "510.99450", "2005-03-31": "686.00080"}, "EBIT": {"2020-12-31": "461.00000", "2020-09-30": "-624.00000", "2020-06-30": "270.00000", "2020-03-31": "562.00000", "2019-12-31": "334.00000", "2019-09-30": "-5264.00000", "2019-06-30": "308.00000", "2019-03-31": "432.00000", "2018-12-31": "504.00000", "2018-09-30": "816.00000", "2018-06-30": "-1081.00000", "2018-03-31": "546.00000", "2017-12-31": "399.00000", "2017-09-30": "262.00000", "2017-06-30": "438.00000", "2017-03-31": "605.00000", "2016-12-31": "542.00000", "2016-09-30": "535.00000", "2016-06-30": "620.00000", "2016-03-31": "656.00000", "2015-12-31": "563.00000", "2015-09-30": "620.00000", "2015-06-30": "558.00000", "2015-03-31": "591.00000", "2014-12-31": "546.00000", "2014-09-30": "466.00000", "2014-06-30": "387.00000", "2014-03-31": "508.00000", "2013-12-31": "519.00000", "2013-09-30": "471.00000", "2013-06-30": "-442.00000", "2013-03-31": "475.00000", "2012-12-31": "506.00000", "2012-09-30": "457.00000", "2012-06-30": "404.00000", "2012-03-31": "527.00000", "2011-12-31": "449.00000", "2011-09-30": "412.00000", "2011-06-30": "358.90040", "2011-03-31": "447.30080", "2010-12-31": "343.90040", "2010-09-30": "363.89840", "2010-06-30": "333.99800", "2010-03-31": "366.30080", "2009-12-31": "366.80080", "2009-09-30": "239.90040", "2009-06-30": "306.79690", "2009-03-31": "380.90040", "2008-12-31": "313.10160", "2008-09-30": "286.59960", "2008-06-30": "527.30080", "2008-03-31": "576.49800", "2007-12-31": "519.19920", "2007-09-30": "489.80080", "2007-06-30": "393.50390", "2007-03-31": "-9.79880", "2006-12-31": "511.90040", "2006-09-30": "451.19920", "2006-06-30": "476.20700", "2006-03-31": "534.89840", "2005-12-31": "457.10160", "2005-09-30": "376.69920", "2005-06-30": "502.40230", "2005-03-31": "591.30080"}, "Basic Shares Outstanding": {"2020-12-31": "294.00000", "2020-09-30": "293.00000", "2020-06-30": "293.00000", "2020-03-31": "292.00000", "2019-12-31": "292.00000", "2019-09-30": "296.00000", "2019-06-30": "300.00000", "2019-03-31": "298.00000", "2018-12-31": "299.00000", "2018-09-30": "305.00000", "2018-06-30": "313.00000", "2018-03-31": "313.00000", "2017-12-31": "315.00000", "2017-09-30": "316.00000", "2017-06-30": "317.00000", "2017-03-31": "316.00000", "2016-12-31": "318.00000", "2016-09-30": "320.00000", "2016-06-30": "327.00000", "2016-03-31": "328.00000", "2015-12-31": "329.00000", "2015-09-30": "328.00000", "2015-06-30": "332.00000", "2015-03-31": "330.00000", "2014-12-31": "331.00000", "2014-09-30": "336.00000", "2014-06-30": "341.00000", "2014-03-31": "342.00000", "2013-12-31": "342.00000", "2013-09-30": "340.00000", "2013-06-30": "341.00000", "2013-03-31": "341.00000", "2012-12-31": "340.00000", "2012-09-30": "341.00000", "2012-06-30": "345.00000", "2012-03-31": "345.00000", "2011-12-31": "345.00000", "2011-09-30": "345.00000", "2011-06-30": "349.00000", "2011-03-31": "348.50000", "2010-12-31": "347.60000", "2010-09-30": "348.90000", "2010-06-30": "359.00000", "2010-03-31": "358.70000", "2009-12-31": "359.00000", "2009-09-30": "359.10000", "2009-06-30": "357.60000", "2009-03-31": "358.10000", "2008-12-31": "357.30000", "2008-09-30": "356.70000", "2008-06-30": "355.50000", "2008-03-31": "355.50000", "2007-12-31": "358.70000", "2007-09-30": "363.00000", "2007-06-30": "394.90000", "2007-03-31": "394.60000", "2006-12-31": "402.20000", "2006-09-30": "404.50000", "2006-06-30": "421.20000", "2006-03-31": "419.10000", "2005-12-31": "425.50000", "2005-09-30": "426.30000", "2005-06-30": "430.50000", "2005-03-31": "431.80000"}, "Shares Outstanding": {"2020-12-31": "295.00000", "2020-09-30": "293.00000", "2020-06-30": "293.00000", "2020-03-31": "294.00000", "2019-12-31": "294.00000", "2019-09-30": "296.00000", "2019-06-30": "301.00000", "2019-03-31": "299.00000", "2018-12-31": "300.00000", "2018-09-30": "306.00000", "2018-06-30": "315.00000", "2018-03-31": "315.00000", "2017-12-31": "316.00000", "2017-09-30": "318.00000", "2017-06-30": "320.00000", "2017-03-31": "318.00000", "2016-12-31": "319.00000", "2016-09-30": "322.00000", "2016-06-30": "330.00000", "2016-03-31": "331.00000", "2015-12-31": "332.00000", "2015-09-30": "331.00000", "2015-06-30": "335.00000", "2015-03-31": "334.00000", "2014-12-31": "334.00000", "2014-09-30": "340.00000", "2014-06-30": "345.00000", "2014-03-31": "347.00000", "2013-12-31": "346.00000", "2013-09-30": "344.00000", "2013-06-30": "344.00000", "2013-03-31": "345.00000", "2012-12-31": "343.00000", "2012-09-30": "344.00000", "2012-06-30": "349.00000", "2012-03-31": "349.00000", "2011-12-31": "349.00000", "2011-09-30": "349.00000", "2011-06-30": "353.00000", "2011-03-31": "352.90000", "2010-12-31": "350.70000", "2010-09-30": "351.90000", "2010-06-30": "361.00000", "2010-03-31": "361.80000", "2009-12-31": "361.00000", "2009-09-30": "359.10000", "2009-06-30": "361.50000", "2009-03-31": "360.90000", "2008-12-31": "360.30000", "2008-09-30": "361.10000", "2008-06-30": "359.80000", "2008-03-31": "360.20000", "2007-12-31": "364.60000", "2007-09-30": "370.20000", "2007-06-30": "404.70000", "2007-03-31": "394.60000", "2006-12-31": "410.60000", "2006-09-30": "413.00000", "2006-06-30": "428.50000", "2006-03-31": "427.50000", "2005-12-31": "431.90000", "2005-09-30": "431.40000", "2005-06-30": "435.70000", "2005-03-31": "437.80000"}, "Basic EPS": {"2020-12-31": "2.14000", "2020-09-30": "-0.86000", "2020-06-30": "2.09000", "2020-03-31": "1.20000", "2019-12-31": "0.75000", "2019-09-30": "-16.65000", "2019-06-30": "0.67000", "2019-03-31": "0.99000", "2018-12-31": "0.94000", "2018-09-30": "1.95000", "2018-06-30": "-3.70000", "2018-03-31": "0.81000", "2017-12-31": "3.35000", "2017-09-30": "0.36000", "2017-06-30": "0.86000", "2017-03-31": "1.21000", "2016-12-31": "1.02000", "2016-09-30": "0.97000", "2016-06-30": "1.02000", "2016-03-31": "1.18000", "2015-12-31": "0.99000", "2015-09-30": "1.17000", "2015-06-30": "0.90000", "2015-03-31": "1.10000", "2014-12-31": "0.87000", "2014-09-30": "0.79000", "2014-06-30": "0.69000", "2014-03-31": "0.92000", "2013-12-31": "0.81000", "2013-09-30": "1.00000", "2013-06-30": "-1.72000", "2013-03-31": "1.01000", "2012-12-31": "0.89000", "2012-09-30": "0.80000", "2012-06-30": "0.69000", "2012-03-31": "0.96000", "2011-12-31": "0.76000", "2011-09-30": "0.69000", "2011-06-30": "0.58000", "2011-03-31": "0.71000", "2010-12-31": "0.62000", "2010-09-30": "0.84000", "2010-06-30": "0.63000", "2010-03-31": "0.62000", "2009-12-31": "0.65000", "2009-09-30": "-0.11000", "2009-06-30": "0.75000", "2009-03-31": "0.88000", "2008-12-31": "0.89000", "2008-09-30": "0.70000", "2008-06-30": "0.89000", "2008-03-31": "1.00000", "2007-12-31": "0.91000", "2007-09-30": "0.83000", "2007-06-30": "2.33000", "2007-03-31": "0.05000", "2006-12-31": "1.84000", "2006-09-30": "0.67000", "2006-06-30": "0.78000", "2006-03-31": "0.35000", "2005-12-31": "0.71000", "2005-09-30": "0.54000", "2005-06-30": "0.61000", "2005-03-31": "0.85000"}, "EPS - Earnings Per Share": {"2020-12-31": "2.13000", "2020-09-30": "-0.86000", "2020-06-30": "2.10000", "2020-03-31": "1.19000", "2019-12-31": "0.75000", "2019-09-30": "-16.65000", "2019-06-30": "0.67000", "2019-03-31": "0.99000", "2018-12-31": "0.93000", "2018-09-30": "1.94000", "2018-06-30": "-3.69000", "2018-03-31": "0.81000", "2017-12-31": "3.33000", "2017-09-30": "0.36000", "2017-06-30": "0.85000", "2017-03-31": "1.20000", "2016-12-31": "1.02000", "2016-09-30": "0.96000", "2016-06-30": "1.02000", "2016-03-31": "1.17000", "2015-12-31": "0.98000", "2015-09-30": "1.15000", "2015-06-30": "0.89000", "2015-03-31": "1.09000", "2014-12-31": "0.86000", "2014-09-30": "0.78000", "2014-06-30": "0.68000", "2014-03-31": "0.91000", "2013-12-31": "0.80000", "2013-09-30": "0.99000", "2013-06-30": "-1.70000", "2013-03-31": "1.00000", "2012-12-31": "0.88000", "2012-09-30": "0.79000", "2012-06-30": "0.68000", "2012-03-31": "0.95000", "2011-12-31": "0.75000", "2011-09-30": "0.68000", "2011-06-30": "0.57000", "2011-03-31": "0.70000", "2010-12-31": "0.61000", "2010-09-30": "0.84000", "2010-06-30": "0.62000", "2010-03-31": "0.61000", "2009-12-31": "0.65000", "2009-09-30": "-0.11000", "2009-06-30": "0.74000", "2009-03-31": "0.87000", "2008-12-31": "0.88000", "2008-09-30": "0.69000", "2008-06-30": "0.88000", "2008-03-31": "0.99000", "2007-12-31": "0.89000", "2007-09-30": "0.82000", "2007-06-30": "2.26000", "2007-03-31": "0.05000", "2006-12-31": "1.80000", "2006-09-30": "0.66000", "2006-06-30": "0.76000", "2006-03-31": "0.34000", "2005-12-31": "0.70000", "2005-09-30": "0.53000", "2005-06-30": "0.59000", "2005-03-31": "0.84000"}}, "balance sheet": {"Cash On Hand": {"2020-06-30": "2771.00000", "2019-06-30": "2531.00000", "2018-06-30": "1763.00000", "2017-06-30": "6879.00000", "2016-06-30": "2356.00000", "2015-06-30": "4616.00000", "2014-06-30": "2865.00000", "2013-06-30": "1901.00000", "2012-06-30": "2274.00000", "2011-06-30": "1929.00000", "2010-06-30": "2755.30000", "2009-06-30": "1221.60000", "2008-06-30": "1675.00000", "2007-06-30": "1795.60000", "2006-06-30": "1975.80000", "2005-06-30": "1738.00000"}, "Receivables": {"2020-06-30": "8264.00000", "2019-06-30": "8448.00000", "2018-06-30": "7800.00000", "2017-06-30": "8048.00000", "2016-06-30": "7405.00000", "2015-06-30": "6523.00000", "2014-06-30": "5380.00000", "2013-06-30": "6304.00000", "2012-06-30": "6355.00000", "2011-06-30": "6156.00000", "2010-06-30": "5170.60000", "2009-06-30": "5214.90000", "2008-06-30": "4987.70000", "2007-06-30": "4714.40000", "2006-06-30": "3808.80000", "2005-06-30": "3102.30000"}, "Inventory": {"2020-06-30": "13198.00000", "2019-06-30": "12822.00000", "2018-06-30": "12308.00000", "2017-06-30": "11301.00000", "2016-06-30": "10615.00000", "2015-06-30": "9211.00000", "2014-06-30": "8266.00000", "2013-06-30": "8373.00000", "2012-06-30": "7864.00000", "2011-06-30": "7334.00000", "2010-06-30": "6355.90000", "2009-06-30": "6832.80000", "2008-06-30": "6757.70000", "2007-06-30": "7383.20000", "2006-06-30": "7493.00000", "2005-06-30": "7249.20000"}, "Pre-Paid Expenses": {"2020-06-30": "1707.00000", "2019-06-30": "1946.00000", "2018-06-30": "1926.00000", "2017-06-30": "2117.00000", "2016-06-30": "1580.00000", "2015-06-30": "1402.00000", "2014-06-30": "1428.00000", "2013-06-30": "1192.00000", "2012-06-30": "1017.00000", "2011-06-30": "897.00000", "2010-06-30": "637.10000", "2009-06-30": "523.00000", "2008-06-30": "591.40000", "2007-06-30": "651.30000", "2006-06-30": "558.80000", "2005-06-30": "634.90000"}, "Other Current Assets": {"2020-06-30": "", "2019-06-30": "", "2018-06-30": "", "2017-06-30": "", "2016-06-30": "", "2015-06-30": "", "2014-06-30": "", "2013-06-30": "", "2012-06-30": "", "2011-06-30": "", "2010-06-30": "", "2009-06-30": "", "2008-06-30": "", "2007-06-30": "", "2006-06-30": "", "2005-06-30": ""}, "Total Current Assets": {"2020-06-30": "25940.00000", "2019-06-30": "25747.00000", "2018-06-30": "24553.00000", "2017-06-30": "28345.00000", "2016-06-30": "21956.00000", "2015-06-30": "21752.00000", "2014-06-30": "17939.00000", "2013-06-30": "17770.00000", "2012-06-30": "17510.00000", "2011-06-30": "16316.00000", "2010-06-30": "14918.90000", "2009-06-30": "20981.70000", "2008-06-30": "14276.00000", "2007-06-30": "14544.50000", "2006-06-30": "16575.90000", "2005-06-30": "13532.50000"}, "Property, Plant, And Equipment": {"2020-06-30": "2366.00000", "2019-06-30": "2356.00000", "2018-06-30": "2487.00000", "2017-06-30": "1879.00000", "2016-06-30": "1796.00000", "2015-06-30": "1506.00000", "2014-06-30": "1459.00000", "2013-06-30": "1489.00000", "2012-06-30": "1551.00000", "2011-06-30": "1512.00000", "2010-06-30": "1468.80000", "2009-06-30": "1464.50000", "2008-06-30": "1714.00000", "2007-06-30": "1647.00000", "2006-06-30": "1505.00000", "2005-06-30": "2445.10000"}, "Long-Term Investments": {"2020-06-30": "", "2019-06-30": "", "2018-06-30": "", "2017-06-30": "", "2016-06-30": "", "2015-06-30": "", "2014-06-30": "", "2013-06-30": "", "2012-06-30": "", "2011-06-30": "", "2010-06-30": "691.50000", "2009-06-30": "", "2008-06-30": "916.80000", "2007-06-30": "820.70000", "2006-06-30": "754.70000", "2005-06-30": "693.80000"}, "Goodwill And Intangible Assets": {"2020-06-30": "11275.00000", "2019-06-30": "11808.00000", "2018-06-30": "12229.00000", "2017-06-30": "9207.00000", "2016-06-30": "9426.00000", "2015-06-30": "6018.00000", "2014-06-30": "5870.00000", "2013-06-30": "5574.00000", "2012-06-30": "4392.00000", "2011-06-30": "4259.00000", "2010-06-30": "2253.20000", "2009-06-30": "2266.90000", "2008-06-30": "6157.30000", "2007-06-30": "5860.90000", "2006-06-30": "4283.40000", "2005-06-30": "4842.50000"}, "Other Long-Term Assets": {"2020-06-30": "1185.00000", "2019-06-30": "1052.00000", "2018-06-30": "682.00000", "2017-06-30": "681.00000", "2016-06-30": "944.00000", "2015-06-30": "866.00000", "2014-06-30": "765.00000", "2013-06-30": "986.00000", "2012-06-30": "807.00000", "2011-06-30": "759.00000", "2010-06-30": "657.80000", "2009-06-30": "405.70000", "2008-06-30": "384.10000", "2007-06-30": "280.70000", "2006-06-30": "314.30000", "2005-06-30": "324.30000"}, "Total Long-Term Assets": {"2020-06-30": "14826.00000", "2019-06-30": "15216.00000", "2018-06-30": "15398.00000", "2017-06-30": "11767.00000", "2016-06-30": "12166.00000", "2015-06-30": "8390.00000", "2014-06-30": "8094.00000", "2013-06-30": "8049.00000", "2012-06-30": "6750.00000", "2011-06-30": "6530.00000", "2010-06-30": "5071.30000", "2009-06-30": "4137.10000", "2008-06-30": "9172.19900", "2007-06-30": "8609.30000", "2006-06-30": "6857.39900", "2005-06-30": "8305.70000"}, "Total Assets": {"2020-06-30": "40766.00000", "2019-06-30": "40963.00000", "2018-06-30": "39951.00000", "2017-06-30": "40112.00000", "2016-06-30": "34122.00000", "2015-06-30": "30142.00000", "2014-06-30": "26033.00000", "2013-06-30": "25819.00000", "2012-06-30": "24260.00000", "2011-06-30": "22846.00000", "2010-06-30": "19990.20000", "2009-06-30": "25118.80000", "2008-06-30": "23448.20000", "2007-06-30": "23153.80000", "2006-06-30": "23433.30000", "2005-06-30": "21838.20000"}, "Total Current Liabilities": {"2020-06-30": "23615.00000", "2019-06-30": "24109.00000", "2018-06-30": "22893.00000", "2017-06-30": "21221.00000", "2016-06-30": "19701.00000", "2015-06-30": "17243.00000", "2014-06-30": "15115.00000", "2013-06-30": "14590.00000", "2012-06-30": "14174.00000", "2011-06-30": "13370.00000", "2010-06-30": "11537.60000", "2009-06-30": "12275.20000", "2008-06-30": "10387.70000", "2007-06-30": "11459.70000", "2006-06-30": "11582.10000", "2005-06-30": "9902.70000"}, "Long Term Debt": {"2020-06-30": "6765.00000", "2019-06-30": "7579.00000", "2018-06-30": "8012.00000", "2017-06-30": "9068.00000", "2016-06-30": "4952.00000", "2015-06-30": "5211.00000", "2014-06-30": "3171.00000", "2013-06-30": "3686.00000", "2012-06-30": "2418.00000", "2011-06-30": "2175.00000", "2010-06-30": "1896.10000", "2009-06-30": "3271.60000", "2008-06-30": "3687.40000", "2007-06-30": "3457.30000", "2006-06-30": "2588.60000", "2005-06-30": "2319.90000"}, "Other Non-Current Liabilities": {"2020-06-30": "", "2019-06-30": "", "2018-06-30": "", "2017-06-30": "", "2016-06-30": "", "2015-06-30": "", "2014-06-30": "", "2013-06-30": "", "2012-06-30": "", "2011-06-30": "", "2010-06-30": "", "2009-06-30": "", "2008-06-30": "", "2007-06-30": "", "2006-06-30": "", "2005-06-30": ""}, "Total Long Term Liabilities": {"2020-06-30": "15359.00000", "2019-06-30": "10524.00000", "2018-06-30": "10999.00000", "2017-06-30": "12063.00000", "2016-06-30": "7850.00000", "2015-06-30": "6643.00000", "2014-06-30": "4517.00000", "2013-06-30": "5254.00000", "2012-06-30": "3842.00000", "2011-06-30": "3627.00000", "2010-06-30": "3176.50000", "2009-06-30": "4118.90000", "2008-06-30": "5313.00000", "2007-06-30": "4317.20000", "2006-06-30": "3360.50000", "2005-06-30": "3342.50000"}, "Total Liabilities": {"2020-06-30": "38974.00000", "2019-06-30": "34633.00000", "2018-06-30": "33892.00000", "2017-06-30": "33284.00000", "2016-06-30": "27551.00000", "2015-06-30": "23886.00000", "2014-06-30": "19632.00000", "2013-06-30": "19844.00000", "2012-06-30": "18016.00000", "2011-06-30": "16997.00000", "2010-06-30": "14714.10000", "2009-06-30": "16394.10000", "2008-06-30": "15700.70000", "2007-06-30": "15776.90000", "2006-06-30": "14942.60000", "2005-06-30": "13245.20000"}, "Common Stock Net": {"2020-06-30": "2789.00000", "2019-06-30": "2763.00000", "2018-06-30": "2730.00000", "2017-06-30": "2697.00000", "2016-06-30": "3010.00000", "2015-06-30": "3003.00000", "2014-06-30": "2980.00000", "2013-06-30": "2953.00000", "2012-06-30": "2930.00000", "2011-06-30": "2898.00000", "2010-06-30": "2889.90000", "2009-06-30": "3031.60000", "2008-06-30": "3001.20000", "2007-06-30": "3931.30000", "2006-06-30": "3195.50000", "2005-06-30": "2765.50000"}, "Retained Earnings (Accumulated Deficit)": {"2020-06-30": "1170.00000", "2019-06-30": "5434.00000", "2018-06-30": "4645.00000", "2017-06-30": "4967.00000", "2016-06-30": "6419.00000", "2015-06-30": "5521.00000", "2014-06-30": "4774.00000", "2013-06-30": "4038.00000", "2012-06-30": "4093.00000", "2011-06-30": "3331.00000", "2010-06-30": "2647.20000", "2009-06-30": "5953.90000", "2008-06-30": "5016.20000", "2007-06-30": "11539.90000", "2006-06-30": "9760.50000", "2005-06-30": "8874.20000"}, "Comprehensive Income": {"2020-06-30": "-104.00000", "2019-06-30": "-79.00000", "2018-06-30": "-92.00000", "2017-06-30": "-125.00000", "2016-06-30": "-116.00000", "2015-06-30": "-23.00000", "2014-06-30": "70.00000", "2013-06-30": "68.00000", "2012-06-30": "37.00000", "2011-06-30": "77.00000", "2010-06-30": "70.00000", "2009-06-30": "82.20000", "2008-06-30": "210.80000", "2007-06-30": "121.00000", "2006-06-30": "33.90000", "2005-06-30": "20.20000"}, "Other Share Holders Equity": {"2020-06-30": "", "2019-06-30": "", "2018-06-30": "", "2017-06-30": "", "2016-06-30": "", "2015-06-30": "", "2014-06-30": "", "2013-06-30": "", "2012-06-30": "", "2011-06-30": "", "2010-06-30": "", "2009-06-30": "", "2008-06-30": "", "2007-06-30": "", "2006-06-30": "", "2005-06-30": "-23.30000"}, "Share Holder Equity": {"2020-06-30": "1792.00000", "2019-06-30": "6330.00000", "2018-06-30": "6059.00000", "2017-06-30": "6828.00000", "2016-06-30": "6571.00000", "2015-06-30": "6256.00000", "2014-06-30": "6401.00000", "2013-06-30": "5975.00000", "2012-06-30": "6244.00000", "2011-06-30": "5849.00000", "2010-06-30": "5276.10000", "2009-06-30": "8724.70000", "2008-06-30": "7747.50000", "2007-06-30": "7376.90000", "2006-06-30": "8490.70000", "2005-06-30": "8593.00000"}, "Total Liabilities And Share Holders Equity": {"2020-06-30": "40766.00000", "2019-06-30": "40963.00000", "2018-06-30": "39951.00000", "2017-06-30": "40112.00000", "2016-06-30": "34122.00000", "2015-06-30": "30142.00000", "2014-06-30": "26033.00000", "2013-06-30": "25819.00000", "2012-06-30": "24260.00000", "2011-06-30": "22846.00000", "2010-06-30": "19990.20000", "2009-06-30": "25118.80000", "2008-06-30": "23448.20000", "2007-06-30": "23153.80000", "2006-06-30": "23433.30000", "2005-06-30": "21838.20000"}}, "balance sheet, quarterly": {"Cash On Hand": {"2020-12-31": "3737.00000", "2020-09-30": "2746.00000", "2020-06-30": "2771.00000", "2020-03-31": "2329.00000", "2019-12-31": "1659.00000", "2019-09-30": "1212.00000", "2019-06-30": "2531.00000", "2019-03-31": "3438.00000", "2018-12-31": "2182.00000", "2018-09-30": "2045.00000", "2018-06-30": "1763.00000", "2018-03-31": "2175.00000", "2017-12-31": "1249.00000", "2017-09-30": "1181.00000", "2017-06-30": "6879.00000", "2017-03-31": "1368.00000", "2016-12-31": "1881.00000", "2016-09-30": "2001.00000", "2016-06-30": "2356.00000", "2016-03-31": "2598.00000", "2015-12-31": "2324.00000", "2015-09-30": "2974.00000", "2015-06-30": "4616.00000", "2015-03-31": "3183.00000", "2014-12-31": "2881.00000", "2014-09-30": "2469.00000", "2014-06-30": "2865.00000", "2014-03-31": "3041.00000", "2013-12-31": "2741.00000", "2013-09-30": "2753.00000", "2013-06-30": "1901.00000", "2013-03-31": "2305.00000", "2012-12-31": "2255.00000", "2012-09-30": "2440.00000", "2012-06-30": "2274.00000", "2012-03-31": "2410.40000", "2011-12-31": "1797.70000", "2011-09-30": "2010.60000", "2011-06-30": "1929.00000", "2011-03-31": "1961.80000", "2010-12-31": "1348.00000", "2010-09-30": "2712.20000", "2010-06-30": "2755.30000", "2010-03-31": "2638.80000", "2009-12-31": "1746.80000", "2009-09-30": "1584.80000", "2009-06-30": "1221.60000", "2009-03-31": "1768.70000", "2008-12-31": "1161.40000", "2008-09-30": "1057.00000", "2008-06-30": "1675.00000", "2008-03-31": "1910.20000", "2007-12-31": "1562.70000", "2007-09-30": "1658.70000", "2007-06-30": "1795.60000", "2007-03-31": "1503.60000", "2006-12-31": "1800.70000", "2006-09-30": "2375.40000", "2006-06-30": "1975.80000", "2006-03-31": "2486.30000", "2005-12-31": "2903.40000", "2005-09-30": "2428.90000", "2005-06-30": "1738.00000", "2005-03-31": "1764.80000"}, "Receivables": {"2020-12-31": "8728.00000", "2020-09-30": "8637.00000", "2020-06-30": "8264.00000", "2020-03-31": "9019.00000", "2019-12-31": "8280.00000", "2019-09-30": "8190.00000", "2019-06-30": "8448.00000", "2019-03-31": "7879.00000", "2018-12-31": "7932.00000", "2018-09-30": "8082.00000", "2018-06-30": "7800.00000", "2018-03-31": "7671.00000", "2017-12-31": "7664.00000", "2017-09-30": "8382.00000", "2017-06-30": "8048.00000", "2017-03-31": "7505.00000", "2016-12-31": "7533.00000", "2016-09-30": "7708.00000", "2016-06-30": "7405.00000", "2016-03-31": "7292.00000", "2015-12-31": "6980.00000", "2015-09-30": "6996.00000", "2015-06-30": "6523.00000", "2015-03-31": "6095.00000", "2014-12-31": "5653.00000", "2014-09-30": "5662.00000", "2014-06-30": "5380.00000", "2014-03-31": "4812.00000", "2013-12-31": "4876.00000", "2013-09-30": "4898.00000", "2013-06-30": "6304.00000", "2013-03-31": "6416.00000", "2012-12-31": "6158.00000", "2012-09-30": "6449.00000", "2012-06-30": "6355.00000", "2012-03-31": "6495.40000", "2011-12-31": "5995.40000", "2011-09-30": "6232.60000", "2011-06-30": "6156.00000", "2011-03-31": "6282.50000", "2010-12-31": "5825.30000", "2010-09-30": "5454.10000", "2010-06-30": "5170.60000", "2010-03-31": "5550.20000", "2009-12-31": "4927.50000", "2009-09-30": "5921.90000", "2009-06-30": "5214.90000", "2009-03-31": "5904.70000", "2008-12-31": "5215.30000", "2008-09-30": "5862.30000", "2008-06-30": "4987.70000", "2008-03-31": "4974.30000", "2007-12-31": "4854.60000", "2007-09-30": "4904.70000", "2007-06-30": "4714.40000", "2007-03-31": "4618.50000", "2006-12-31": "4394.50000", "2006-09-30": "3986.60000", "2006-06-30": "3808.80000", "2006-03-31": "3937.50000", "2005-12-31": "3543.80000", "2005-09-30": "3712.40000", "2005-06-30": "3102.30000", "2005-03-31": "3293.00000"}, "Inventory": {"2020-12-31": "14443.00000", "2020-09-30": "13439.00000", "2020-06-30": "13198.00000", "2020-03-31": "12808.00000", "2019-12-31": "13799.00000", "2019-09-30": "12458.00000", "2019-06-30": "12822.00000", "2019-03-31": "12622.00000", "2018-12-31": "13037.00000", "2018-09-30": "12481.00000", "2018-06-30": "12308.00000", "2018-03-31": "11962.00000", "2017-12-31": "12087.00000", "2017-09-30": "12121.00000", "2017-06-30": "11301.00000", "2017-03-31": "11641.00000", "2016-12-31": "11915.00000", "2016-09-30": "10917.00000", "2016-06-30": "10615.00000", "2016-03-31": "10910.00000", "2015-12-31": "11007.00000", "2015-09-30": "9758.00000", "2015-06-30": "9211.00000", "2015-03-31": "9163.00000", "2014-12-31": "9408.00000", "2014-09-30": "8069.00000", "2014-06-30": "8266.00000", "2014-03-31": "8030.00000", "2013-12-31": "8478.00000", "2013-09-30": "7275.00000", "2013-06-30": "8373.00000", "2013-03-31": "8328.00000", "2012-12-31": "8452.00000", "2012-09-30": "8105.00000", "2012-06-30": "7864.00000", "2012-03-31": "8220.10000", "2011-12-31": "8888.90000", "2011-09-30": "7497.20000", "2011-06-30": "7334.00000", "2011-03-31": "7717.70000", "2010-12-31": "8314.20000", "2010-09-30": "7087.50000", "2010-06-30": "6355.90000", "2010-03-31": "7214.90000", "2009-12-31": "7961.00000", "2009-09-30": "6861.90000", "2009-06-30": "6832.80000", "2009-03-31": "8070.30000", "2008-12-31": "8535.80000", "2008-09-30": "7692.10000", "2008-06-30": "6757.70000", "2008-03-31": "7256.70000", "2007-12-31": "7636.80000", "2007-09-30": "7150.80000", "2007-06-30": "7383.20000", "2007-03-31": "7486.50000", "2006-12-31": "7309.20000", "2006-09-30": "7585.30000", "2006-06-30": "7493.00000", "2006-03-31": "7651.20000", "2005-12-31": "7276.70000", "2005-09-30": "7376.00000", "2005-06-30": "7249.20000", "2005-03-31": "7771.30000"}, "Pre-Paid Expenses": {"2020-12-31": "3205.00000", "2020-09-30": "2208.00000", "2020-06-30": "1707.00000", "2020-03-31": "1692.00000", "2019-12-31": "1998.00000", "2019-09-30": "1855.00000", "2019-06-30": "1946.00000", "2019-03-31": "1643.00000", "2018-12-31": "1940.00000", "2018-09-30": "1837.00000", "2018-06-30": "1926.00000", "2018-03-31": "1705.00000", "2017-12-31": "1972.00000", "2017-09-30": "2041.00000", "2017-06-30": "2117.00000", "2017-03-31": "1769.00000", "2016-12-31": "1824.00000", "2016-09-30": "1657.00000", "2016-06-30": "1580.00000", "2016-03-31": "1491.00000", "2015-12-31": "1518.00000", "2015-09-30": "1490.00000", "2015-06-30": "1402.00000", "2015-03-31": "1190.00000", "2014-12-31": "1213.00000", "2014-09-30": "1338.00000", "2014-06-30": "1428.00000", "2014-03-31": "1053.00000", "2013-12-31": "1153.00000", "2013-09-30": "1111.00000", "2013-06-30": "1192.00000", "2013-03-31": "878.00000", "2012-12-31": "996.00000", "2012-09-30": "1013.00000", "2012-06-30": "1017.00000", "2012-03-31": "944.30000", "2011-12-31": "1097.10000", "2011-09-30": "982.80000", "2011-06-30": "897.00000", "2011-03-31": "723.40000", "2010-12-31": "789.50000", "2010-09-30": "664.40000", "2010-06-30": "637.10000", "2010-03-31": "534.50000", "2009-12-31": "674.10000", "2009-09-30": "557.80000", "2009-06-30": "523.00000", "2009-03-31": "561.20000", "2008-12-31": "624.10000", "2008-09-30": "614.90000", "2008-06-30": "591.40000", "2008-03-31": "578.00000", "2007-12-31": "667.70000", "2007-09-30": "619.00000", "2007-06-30": "651.30000", "2007-03-31": "535.70000", "2006-12-31": "579.80000", "2006-09-30": "710.50000", "2006-06-30": "558.80000", "2006-03-31": "863.10000", "2005-12-31": "862.10000", "2005-09-30": "773.90000", "2005-06-30": "634.90000", "2005-03-31": "871.90000"}, "Other Current Assets": {"2020-12-31": "", "2020-09-30": "", "2020-06-30": "", "2020-03-31": "", "2019-12-31": "", "2019-09-30": "", "2019-06-30": "", "2019-03-31": "", "2018-12-31": "", "2018-09-30": "", "2018-06-30": "", "2018-03-31": "", "2017-12-31": "", "2017-09-30": "", "2017-06-30": "", "2017-03-31": "", "2016-12-31": "", "2016-09-30": "", "2016-06-30": "", "2016-03-31": "", "2015-12-31": "", "2015-09-30": "", "2015-06-30": "", "2015-03-31": "", "2014-12-31": "", "2014-09-30": "", "2014-06-30": "", "2014-03-31": "", "2013-12-31": "", "2013-09-30": "", "2013-06-30": "", "2013-03-31": "", "2012-12-31": "", "2012-09-30": "", "2012-06-30": "", "2012-03-31": "", "2011-12-31": "", "2011-09-30": "", "2011-06-30": "", "2011-03-31": "", "2010-12-31": "", "2010-09-30": "", "2010-06-30": "", "2010-03-31": "", "2009-12-31": "", "2009-09-30": "", "2009-06-30": "", "2009-03-31": "", "2008-12-31": "", "2008-09-30": "", "2008-06-30": "", "2008-03-31": "", "2007-12-31": "", "2007-09-30": "", "2007-06-30": "", "2007-03-31": "", "2006-12-31": "", "2006-09-30": "", "2006-06-30": "", "2006-03-31": "", "2005-12-31": "", "2005-09-30": "", "2005-06-30": "", "2005-03-31": ""}, "Total Current Assets": {"2020-12-31": "30113.00000", "2020-09-30": "27030.00000", "2020-06-30": "25940.00000", "2020-03-31": "25848.00000", "2019-12-31": "25736.00000", "2019-09-30": "23715.00000", "2019-06-30": "25747.00000", "2019-03-31": "25582.00000", "2018-12-31": "25091.00000", "2018-09-30": "24445.00000", "2018-06-30": "24553.00000", "2018-03-31": "23513.00000", "2017-12-31": "25188.00000", "2017-09-30": "23725.00000", "2017-06-30": "28345.00000", "2017-03-31": "22283.00000", "2016-12-31": "23153.00000", "2016-09-30": "22283.00000", "2016-06-30": "21956.00000", "2016-03-31": "22291.00000", "2015-12-31": "21829.00000", "2015-09-30": "21218.00000", "2015-06-30": "21752.00000", "2015-03-31": "19631.00000", "2014-12-31": "19155.00000", "2014-09-30": "17538.00000", "2014-06-30": "17939.00000", "2014-03-31": "16936.00000", "2013-12-31": "17248.00000", "2013-09-30": "16037.00000", "2013-06-30": "17770.00000", "2013-03-31": "17927.00000", "2012-12-31": "17861.00000", "2012-09-30": "18007.00000", "2012-06-30": "17510.00000", "2012-03-31": "18070.20000", "2011-12-31": "17779.10000", "2011-09-30": "16723.20000", "2011-06-30": "16316.00000", "2011-03-31": "16685.40000", "2010-12-31": "16277.00000", "2010-09-30": "15918.20000", "2010-06-30": "14918.90000", "2010-03-31": "16077.30000", "2009-12-31": "15458.30000", "2009-09-30": "15089.00000", "2009-06-30": "20981.70000", "2009-03-31": "16304.90000", "2008-12-31": "15536.60000", "2008-09-30": "15226.30000", "2008-06-30": "14276.00000", "2008-03-31": "14907.10000", "2007-12-31": "14721.80000", "2007-09-30": "14333.20000", "2007-06-30": "14544.50000", "2007-03-31": "17262.40000", "2006-12-31": "17178.10000", "2006-09-30": "14721.20000", "2006-06-30": "16575.90000", "2006-03-31": "15254.10000", "2005-12-31": "14612.60000", "2005-09-30": "14325.90000", "2005-06-30": "13532.50000", "2005-03-31": "13729.20000"}, "Property, Plant, And Equipment": {"2020-12-31": "2386.00000", "2020-09-30": "2369.00000", "2020-06-30": "2366.00000", "2020-03-31": "2299.00000", "2019-12-31": "2301.00000", "2019-09-30": "2324.00000", "2019-06-30": "2356.00000", "2019-03-31": "2322.00000", "2018-12-31": "2376.00000", "2018-09-30": "2436.00000", "2018-06-30": "2487.00000", "2018-03-31": "2521.00000", "2017-12-31": "2547.00000", "2017-09-30": "2651.00000", "2017-06-30": "1879.00000", "2017-03-31": "1849.00000", "2016-12-31": "1856.00000", "2016-09-30": "1823.00000", "2016-06-30": "1796.00000", "2016-03-31": "1683.00000", "2015-12-31": "1651.00000", "2015-09-30": "1546.00000", "2015-06-30": "1506.00000", "2015-03-31": "1407.00000", "2014-12-31": "1415.00000", "2014-09-30": "1434.00000", "2014-06-30": "1459.00000", "2014-03-31": "1404.00000", "2013-12-31": "1407.00000", "2013-09-30": "1445.00000", "2013-06-30": "1489.00000", "2013-03-31": "1470.00000", "2012-12-31": "1475.00000", "2012-09-30": "1511.00000", "2012-06-30": "1551.00000", "2012-03-31": "1517.40000", "2011-12-31": "1514.10000", "2011-09-30": "1494.00000", "2011-06-30": "1512.00000", "2011-03-31": "1469.80000", "2010-12-31": "1484.80000", "2010-09-30": "1475.30000", "2010-06-30": "1468.80000", "2010-03-31": "1406.10000", "2009-12-31": "1423.20000", "2009-09-30": "1438.60000", "2009-06-30": "1464.50000", "2009-03-31": "1724.00000", "2008-12-31": "1729.60000", "2008-09-30": "1749.50000", "2008-06-30": "1714.00000", "2008-03-31": "1679.50000", "2007-12-31": "1680.70000", "2007-09-30": "1683.10000", "2007-06-30": "1647.00000", "2007-03-31": "1533.70000", "2006-12-31": "1518.50000", "2006-09-30": "2574.10000", "2006-06-30": "1505.00000", "2006-03-31": "2489.10000", "2005-12-31": "2490.00000", "2005-09-30": "2449.60000", "2005-06-30": "2445.10000", "2005-03-31": "2372.00000"}, "Long-Term Investments": {"2020-12-31": "", "2020-09-30": "", "2020-06-30": "", "2020-03-31": "", "2019-12-31": "", "2019-09-30": "", "2019-06-30": "", "2019-03-31": "", "2018-12-31": "", "2018-09-30": "394.00000", "2018-06-30": "", "2018-03-31": "", "2017-12-31": "", "2017-09-30": "", "2017-06-30": "", "2017-03-31": "", "2016-12-31": "", "2016-09-30": "", "2016-06-30": "", "2016-03-31": "", "2015-12-31": "", "2015-09-30": "", "2015-06-30": "", "2015-03-31": "", "2014-12-31": "", "2014-09-30": "", "2014-06-30": "", "2014-03-31": "", "2013-12-31": "", "2013-09-30": "", "2013-06-30": "", "2013-03-31": "", "2012-12-31": "", "2012-09-30": "", "2012-06-30": "", "2012-03-31": "", "2011-12-31": "", "2011-09-30": "", "2011-06-30": "", "2011-03-31": "", "2010-12-31": "", "2010-09-30": "", "2010-06-30": "691.50000", "2010-03-31": "805.20000", "2009-12-31": "897.40000", "2009-09-30": "902.40000", "2009-06-30": "", "2009-03-31": "934.10000", "2008-12-31": "946.60000", "2008-09-30": "935.80000", "2008-06-30": "916.80000", "2008-03-31": "878.20000", "2007-12-31": "855.90000", "2007-09-30": "830.50000", "2007-06-30": "820.70000", "2007-03-31": "784.60000", "2006-12-31": "758.90000", "2006-09-30": "756.30000", "2006-06-30": "754.70000", "2006-03-31": "740.00000", "2005-12-31": "733.10000", "2005-09-30": "718.30000", "2005-06-30": "693.80000", "2005-03-31": "640.90000"}, "Goodwill And Intangible Assets": {"2020-12-31": "11102.00000", "2020-09-30": "11186.00000", "2020-06-30": "11275.00000", "2020-03-31": "11378.00000", "2019-12-31": "11523.00000", "2019-09-30": "11658.00000", "2019-06-30": "11808.00000", "2019-03-31": "11860.00000", "2018-12-31": "11973.00000", "2018-09-30": "12093.00000", "2018-06-30": "12229.00000", "2018-03-31": "14299.00000", "2017-12-31": "14366.00000", "2017-09-30": "14926.00000", "2017-06-30": "9207.00000", "2017-03-31": "9287.00000", "2016-12-31": "9276.00000", "2016-09-30": "9427.00000", "2016-06-30": "9426.00000", "2016-03-31": "9150.00000", "2015-12-31": "9113.00000", "2015-09-30": "7564.00000", "2015-06-30": "6018.00000", "2015-03-31": "6033.00000", "2014-12-31": "5876.00000", "2014-09-30": "5923.00000", "2014-06-30": "5870.00000", "2014-03-31": "5593.00000", "2013-12-31": "5556.00000", "2013-09-30": "5570.00000", "2013-06-30": "5574.00000", "2013-03-31": "6413.00000", "2012-12-31": "4428.00000", "2012-09-30": "4441.00000", "2012-06-30": "4392.00000", "2012-03-31": "4370.80000", "2011-12-31": "4244.30000", "2011-09-30": "4249.30000", "2011-06-30": "4259.00000", "2011-03-31": "4265.70000", "2010-12-31": "4282.60000", "2010-09-30": "2896.90000", "2010-06-30": "2253.20000", "2010-03-31": "2261.80000", "2009-12-31": "2294.70000", "2009-09-30": "2269.30000", "2009-06-30": "2266.90000", "2009-03-31": "6141.50000", "2008-12-31": "6183.00000", "2008-09-30": "6265.10000", "2008-06-30": "6157.30000", "2008-03-31": "5681.00000", "2007-12-31": "5813.10000", "2007-09-30": "5822.80000", "2007-06-30": "5860.90000", "2007-03-31": "4406.90000", "2006-12-31": "4391.30000", "2006-09-30": "5054.50000", "2006-06-30": "4283.40000", "2006-03-31": "4822.10000", "2005-12-31": "5082.60000", "2005-09-30": "5068.10000", "2005-06-30": "4842.50000", "2005-03-31": "4998.20000"}, "Other Long-Term Assets": {"2020-12-31": "1118.00000", "2020-09-30": "1142.00000", "2020-06-30": "1185.00000", "2020-03-31": "1623.00000", "2019-12-31": "1482.00000", "2019-09-30": "1482.00000", "2019-06-30": "1052.00000", "2019-03-31": "1045.00000", "2018-12-31": "1022.00000", "2018-09-30": "643.00000", "2018-06-30": "682.00000", "2018-03-31": "698.00000", "2017-12-31": "804.00000", "2017-09-30": "638.00000", "2017-06-30": "681.00000", "2017-03-31": "755.00000", "2016-12-31": "736.00000", "2016-09-30": "873.00000", "2016-06-30": "944.00000", "2016-03-31": "931.00000", "2015-12-31": "914.00000", "2015-09-30": "894.00000", "2015-06-30": "866.00000", "2015-03-31": "817.00000", "2014-12-31": "802.00000", "2014-09-30": "816.00000", "2014-06-30": "765.00000", "2014-03-31": "768.00000", "2013-12-31": "798.00000", "2013-09-30": "764.00000", "2013-06-30": "986.00000", "2013-03-31": "913.00000", "2012-12-31": "878.00000", "2012-09-30": "861.00000", "2012-06-30": "807.00000", "2012-03-31": "683.70000", "2011-12-31": "725.70000", "2011-09-30": "716.50000", "2011-06-30": "759.00000", "2011-03-31": "775.90000", "2010-12-31": "805.30000", "2010-09-30": "682.10000", "2010-06-30": "657.80000", "2010-03-31": "719.80000", "2009-12-31": "747.90000", "2009-09-30": "735.40000", "2009-06-30": "405.70000", "2009-03-31": "430.30000", "2008-12-31": "619.00000", "2008-09-30": "468.40000", "2008-06-30": "384.10000", "2008-03-31": "457.60000", "2007-12-31": "395.30000", "2007-09-30": "328.50000", "2007-06-30": "280.70000", "2007-03-31": "304.40000", "2006-12-31": "290.40000", "2006-09-30": "325.10000", "2006-06-30": "314.30000", "2006-03-31": "340.30000", "2005-12-31": "311.90000", "2005-09-30": "408.00000", "2005-06-30": "324.30000", "2005-03-31": "398.20000"}, "Total Long-Term Assets": {"2020-12-31": "14606.00000", "2020-09-30": "14697.00000", "2020-06-30": "14826.00000", "2020-03-31": "15300.00000", "2019-12-31": "15306.00000", "2019-09-30": "15464.00000", "2019-06-30": "15216.00000", "2019-03-31": "15227.00000", "2018-12-31": "15371.00000", "2018-09-30": "15566.00000", "2018-06-30": "15398.00000", "2018-03-31": "17518.00000", "2017-12-31": "17717.00000", "2017-09-30": "18215.00000", "2017-06-30": "11767.00000", "2017-03-31": "11891.00000", "2016-12-31": "11868.00000", "2016-09-30": "12123.00000", "2016-06-30": "12166.00000", "2016-03-31": "11764.00000", "2015-12-31": "11678.00000", "2015-09-30": "10004.00000", "2015-06-30": "8390.00000", "2015-03-31": "8257.00000", "2014-12-31": "8093.00000", "2014-09-30": "8173.00000", "2014-06-30": "8094.00000", "2014-03-31": "7765.00000", "2013-12-31": "7761.00000", "2013-09-30": "7779.00000", "2013-06-30": "8049.00000", "2013-03-31": "8796.00000", "2012-12-31": "6781.00000", "2012-09-30": "6813.00000", "2012-06-30": "6750.00000", "2012-03-31": "6571.90000", "2011-12-31": "6484.10000", "2011-09-30": "6459.80000", "2011-06-30": "6530.00000", "2011-03-31": "6511.40000", "2010-12-31": "6572.70000", "2010-09-30": "5054.30000", "2010-06-30": "5071.30000", "2010-03-31": "5192.90000", "2009-12-31": "5363.20000", "2009-09-30": "5345.70000", "2009-06-30": "4137.10000", "2009-03-31": "9229.89900", "2008-12-31": "9478.20000", "2008-09-30": "9418.80100", "2008-06-30": "9172.19900", "2008-03-31": "8696.30000", "2007-12-31": "8745.00000", "2007-09-30": "8664.90000", "2007-06-30": "8609.30000", "2007-03-31": "7029.60000", "2006-12-31": "6959.10000", "2006-09-30": "8710.00000", "2006-06-30": "6857.39900", "2006-03-31": "8391.50000", "2005-12-31": "8617.60100", "2005-09-30": "8644.00000", "2005-06-30": "8305.70000", "2005-03-31": "8409.30000"}, "Total Assets": {"2020-12-31": "44719.00000", "2020-09-30": "41727.00000", "2020-06-30": "40766.00000", "2020-03-31": "41148.00000", "2019-12-31": "41042.00000", "2019-09-30": "39179.00000", "2019-06-30": "40963.00000", "2019-03-31": "40809.00000", "2018-12-31": "40462.00000", "2018-09-30": "40011.00000", "2018-06-30": "39951.00000", "2018-03-31": "41031.00000", "2017-12-31": "42905.00000", "2017-09-30": "41940.00000", "2017-06-30": "40112.00000", "2017-03-31": "34174.00000", "2016-12-31": "35021.00000", "2016-09-30": "34406.00000", "2016-06-30": "34122.00000", "2016-03-31": "34055.00000", "2015-12-31": "33507.00000", "2015-09-30": "31222.00000", "2015-06-30": "30142.00000", "2015-03-31": "27888.00000", "2014-12-31": "27248.00000", "2014-09-30": "25711.00000", "2014-06-30": "26033.00000", "2014-03-31": "24701.00000", "2013-12-31": "25009.00000", "2013-09-30": "23816.00000", "2013-06-30": "25819.00000", "2013-03-31": "26723.00000", "2012-12-31": "24642.00000", "2012-09-30": "24820.00000", "2012-06-30": "24260.00000", "2012-03-31": "24642.10000", "2011-12-31": "24263.20000", "2011-09-30": "23183.00000", "2011-06-30": "22846.00000", "2011-03-31": "23196.80000", "2010-12-31": "22849.70000", "2010-09-30": "20972.50000", "2010-06-30": "19990.20000", "2010-03-31": "21270.20000", "2009-12-31": "20821.50000", "2009-09-30": "20434.70000", "2009-06-30": "25118.80000", "2009-03-31": "25534.80000", "2008-12-31": "25014.80000", "2008-09-30": "24645.10000", "2008-06-30": "23448.20000", "2008-03-31": "23603.40000", "2007-12-31": "23466.80000", "2007-09-30": "22998.10000", "2007-06-30": "23153.80000", "2007-03-31": "24292.00000", "2006-12-31": "24137.20000", "2006-09-30": "23431.20000", "2006-06-30": "23433.30000", "2006-03-31": "23645.60000", "2005-12-31": "23230.20000", "2005-09-30": "22969.90000", "2005-06-30": "21838.20000", "2005-03-31": "22138.50000"}, "Total Current Liabilities": {"2020-12-31": "25750.00000", "2020-09-30": "24016.00000", "2020-06-30": "23615.00000", "2020-03-31": "24671.00000", "2019-12-31": "24890.00000", "2019-09-30": "22549.00000", "2019-06-30": "24109.00000", "2019-03-31": "23919.00000", "2018-12-31": "23824.00000", "2018-09-30": "23057.00000", "2018-06-30": "22893.00000", "2018-03-31": "21427.00000", "2017-12-31": "23125.00000", "2017-09-30": "22407.00000", "2017-06-30": "21221.00000", "2017-03-31": "19796.00000", "2016-12-31": "21014.00000", "2016-09-30": "20001.00000", "2016-06-30": "19701.00000", "2016-03-31": "19385.00000", "2015-12-31": "18879.00000", "2015-09-30": "17782.00000", "2015-06-30": "17243.00000", "2015-03-31": "16395.00000", "2014-12-31": "16030.00000", "2014-09-30": "14896.00000", "2014-06-30": "15115.00000", "2014-03-31": "13147.00000", "2013-12-31": "13362.00000", "2013-09-30": "12507.00000", "2013-06-30": "14590.00000", "2013-03-31": "14474.00000", "2012-12-31": "14202.00000", "2012-09-30": "14669.00000", "2012-06-30": "14174.00000", "2012-03-31": "14846.10000", "2011-12-31": "14623.70000", "2011-09-30": "13796.60000", "2011-06-30": "13370.00000", "2011-03-31": "13761.10000", "2010-12-31": "13631.10000", "2010-09-30": "12451.60000", "2010-06-30": "11537.60000", "2010-03-31": "12747.40000", "2009-12-31": "12203.00000", "2009-09-30": "12146.70000", "2009-06-30": "12275.20000", "2009-03-31": "11926.50000", "2008-12-31": "11639.00000", "2008-09-30": "11426.10000", "2008-06-30": "10387.70000", "2008-03-31": "11142.00000", "2007-12-31": "11410.50000", "2007-09-30": "11114.00000", "2007-06-30": "11459.70000", "2007-03-31": "12945.40000", "2006-12-31": "11702.60000", "2006-09-30": "11578.30000", "2006-06-30": "11582.10000", "2006-03-31": "11471.80000", "2005-12-31": "10890.70000", "2005-09-30": "10747.80000", "2005-06-30": "9902.70000", "2005-03-31": "10049.00000"}, "Long Term Debt": {"2020-12-31": "6720.00000", "2020-09-30": "6728.00000", "2020-06-30": "6765.00000", "2020-03-31": "6754.00000", "2019-12-31": "6742.00000", "2019-09-30": "7360.00000", "2019-06-30": "7579.00000", "2019-03-31": "7629.00000", "2018-12-31": "7599.00000", "2018-09-30": "7999.00000", "2018-06-30": "8012.00000", "2018-03-31": "9027.00000", "2017-12-31": "9057.00000", "2017-09-30": "9068.00000", "2017-06-30": "9068.00000", "2017-03-31": "4854.00000", "2016-12-31": "4859.00000", "2016-09-30": "4916.00000", "2016-06-30": "4952.00000", "2016-03-31": "5195.00000", "2015-12-31": "5171.00000", "2015-09-30": "5231.00000", "2015-06-30": "5211.00000", "2015-03-31": "3720.00000", "2014-12-31": "3706.00000", "2014-09-30": "3164.00000", "2014-06-30": "3171.00000", "2014-03-31": "3679.00000", "2013-12-31": "3679.00000", "2013-09-30": "3693.00000", "2013-06-30": "3686.00000", "2013-03-31": "3714.00000", "2012-12-31": "2423.00000", "2012-09-30": "2408.00000", "2012-06-30": "2418.00000", "2012-03-31": "2207.90000", "2011-12-31": "2211.40000", "2011-09-30": "2195.00000", "2011-06-30": "2175.00000", "2011-03-31": "2362.10000", "2010-12-31": "2380.20000", "2010-09-30": "1906.40000", "2010-06-30": "1896.10000", "2010-03-31": "1875.60000", "2009-12-31": "2099.20000", "2009-09-30": "2103.50000", "2009-06-30": "3271.60000", "2009-03-31": "3303.10000", "2008-12-31": "3389.20000", "2008-09-30": "3597.00000", "2008-06-30": "3687.40000", "2008-03-31": "3450.10000", "2007-12-31": "3396.50000", "2007-09-30": "3347.50000", "2007-06-30": "3457.30000", "2007-03-31": "2899.00000", "2006-12-31": "2935.80000", "2006-09-30": "2627.40000", "2006-06-30": "2588.60000", "2006-03-31": "2548.20000", "2005-12-31": "2568.30000", "2005-09-30": "2204.00000", "2005-06-30": "2319.90000", "2005-03-31": "2303.10000"}, "Other Non-Current Liabilities": {"2020-12-31": "", "2020-09-30": "", "2020-06-30": "", "2020-03-31": "", "2019-12-31": "", "2019-09-30": "", "2019-06-30": "", "2019-03-31": "", "2018-12-31": "", "2018-09-30": "", "2018-06-30": "", "2018-03-31": "", "2017-12-31": "", "2017-09-30": "", "2017-06-30": "", "2017-03-31": "", "2016-12-31": "", "2016-09-30": "", "2016-06-30": "", "2016-03-31": "", "2015-12-31": "", "2015-09-30": "", "2015-06-30": "", "2015-03-31": "", "2014-12-31": "", "2014-09-30": "", "2014-06-30": "", "2014-03-31": "", "2013-12-31": "", "2013-09-30": "", "2013-06-30": "", "2013-03-31": "", "2012-12-31": "", "2012-09-30": "", "2012-06-30": "", "2012-03-31": "", "2011-12-31": "", "2011-09-30": "", "2011-06-30": "", "2011-03-31": "", "2010-12-31": "", "2010-09-30": "", "2010-06-30": "", "2010-03-31": "", "2009-12-31": "", "2009-09-30": "", "2009-06-30": "", "2009-03-31": "", "2008-12-31": "", "2008-09-30": "", "2008-06-30": "", "2008-03-31": "", "2007-12-31": "", "2007-09-30": "", "2007-06-30": "", "2007-03-31": "", "2006-12-31": "", "2006-09-30": "", "2006-06-30": "", "2006-03-31": "", "2005-12-31": "", "2005-09-30": "", "2005-06-30": "", "2005-03-31": ""}, "Total Long Term Liabilities": {"2020-12-31": "16994.00000", "2020-09-30": "16286.00000", "2020-06-30": "15359.00000", "2020-03-31": "15271.00000", "2019-12-31": "15150.00000", "2019-09-30": "15727.00000", "2019-06-30": "10524.00000", "2019-03-31": "10658.00000", "2018-12-31": "10595.00000", "2018-09-30": "11041.00000", "2018-06-30": "10999.00000", "2018-03-31": "12066.00000", "2017-12-31": "12161.00000", "2017-09-30": "12838.00000", "2017-06-30": "12063.00000", "2017-03-31": "7713.00000", "2016-12-31": "7666.00000", "2016-09-30": "7874.00000", "2016-06-30": "7850.00000", "2016-03-31": "7940.00000", "2015-12-31": "7900.00000", "2015-09-30": "6913.00000", "2015-06-30": "6643.00000", "2015-03-31": "5124.00000", "2014-12-31": "5118.00000", "2014-09-30": "4559.00000", "2014-06-30": "4517.00000", "2014-03-31": "5022.00000", "2013-12-31": "5058.00000", "2013-09-30": "5012.00000", "2013-06-30": "5254.00000", "2013-03-31": "5419.00000", "2012-12-31": "3898.00000", "2012-09-30": "3870.00000", "2012-06-30": "3842.00000", "2012-03-31": "3555.90000", "2011-12-31": "3711.80000", "2011-09-30": "3672.50000", "2011-06-30": "3627.00000", "2011-03-31": "3778.90000", "2010-12-31": "3797.20000", "2010-09-30": "3281.90000", "2010-06-30": "3176.50000", "2010-03-31": "3161.90000", "2009-12-31": "3392.40000", "2009-09-30": "3346.80000", "2009-06-30": "4118.90000", "2009-03-31": "5173.80000", "2008-12-31": "5247.90000", "2008-09-30": "5300.90000", "2008-06-30": "5313.00000", "2008-03-31": "5068.20000", "2007-12-31": "4948.20000", "2007-09-30": "4815.90000", "2007-06-30": "4317.20000", "2007-03-31": "3477.20000", "2006-12-31": "3526.80000", "2006-09-30": "3431.80000", "2006-06-30": "3360.50000", "2006-03-31": "3587.00000", "2005-12-31": "3588.50000", "2005-09-30": "3343.20000", "2005-06-30": "3342.50000", "2005-03-31": "3415.30000"}, "Total Liabilities": {"2020-12-31": "42744.00000", "2020-09-30": "40302.00000", "2020-06-30": "38974.00000", "2020-03-31": "39942.00000", "2019-12-31": "40040.00000", "2019-09-30": "38276.00000", "2019-06-30": "34633.00000", "2019-03-31": "34577.00000", "2018-12-31": "34419.00000", "2018-09-30": "34098.00000", "2018-06-30": "33892.00000", "2018-03-31": "33493.00000", "2017-12-31": "35286.00000", "2017-09-30": "35245.00000", "2017-06-30": "33284.00000", "2017-03-31": "27509.00000", "2016-12-31": "28680.00000", "2016-09-30": "27875.00000", "2016-06-30": "27551.00000", "2016-03-31": "27325.00000", "2015-12-31": "26779.00000", "2015-09-30": "24695.00000", "2015-06-30": "23886.00000", "2015-03-31": "21519.00000", "2014-12-31": "21148.00000", "2014-09-30": "19455.00000", "2014-06-30": "19632.00000", "2014-03-31": "18169.00000", "2013-12-31": "18420.00000", "2013-09-30": "17519.00000", "2013-06-30": "19844.00000", "2013-03-31": "19893.00000", "2012-12-31": "18100.00000", "2012-09-30": "18539.00000", "2012-06-30": "18016.00000", "2012-03-31": "18402.00000", "2011-12-31": "18335.50000", "2011-09-30": "17469.10000", "2011-06-30": "16997.00000", "2011-03-31": "17540.00000", "2010-12-31": "17428.30000", "2010-09-30": "15733.50000", "2010-06-30": "14714.10000", "2010-03-31": "15909.30000", "2009-12-31": "15595.40000", "2009-09-30": "15493.50000", "2009-06-30": "16394.10000", "2009-03-31": "17100.30000", "2008-12-31": "16886.90000", "2008-09-30": "16727.00000", "2008-06-30": "15700.70000", "2008-03-31": "16210.20000", "2007-12-31": "16358.70000", "2007-09-30": "15929.90000", "2007-06-30": "15776.90000", "2007-03-31": "16422.60000", "2006-12-31": "15229.40000", "2006-09-30": "15010.10000", "2006-06-30": "14942.60000", "2006-03-31": "15058.80000", "2005-12-31": "14479.20000", "2005-09-30": "14091.00000", "2005-06-30": "13245.20000", "2005-03-31": "13464.30000"}, "Common Stock Net": {"2020-12-31": "", "2020-09-30": "2760.00000", "2020-06-30": "2789.00000", "2020-03-31": "2774.00000", "2019-12-31": "2752.00000", "2019-09-30": "2669.00000", "2019-06-30": "2763.00000", "2019-03-31": "2748.00000", "2018-12-31": "2728.00000", "2018-09-30": "2590.00000", "2018-06-30": "2730.00000", "2018-03-31": "2710.00000", "2017-12-31": "2694.00000", "2017-09-30": "2674.00000", "2017-06-30": "2697.00000", "2017-03-31": "2684.00000", "2016-12-31": "2672.00000", "2016-09-30": "2958.00000", "2016-06-30": "3010.00000", "2016-03-31": "2995.00000", "2015-12-31": "2973.00000", "2015-09-30": "2957.00000", "2015-06-30": "3003.00000", "2015-03-31": "2992.00000", "2014-12-31": "2973.00000", "2014-09-30": "2948.00000", "2014-06-30": "2980.00000", "2014-03-31": "2959.00000", "2013-12-31": "2961.00000", "2013-09-30": "2941.00000", "2013-06-30": "2953.00000", "2013-03-31": "2936.00000", "2012-12-31": "2929.00000", "2012-09-30": "2927.00000", "2012-06-30": "2930.00000", "2012-03-31": "2921.50000", "2011-12-31": "2900.40000", "2011-09-30": "2886.50000", "2011-06-30": "2898.00000", "2011-03-31": "2887.10000", "2010-12-31": "2876.70000", "2010-09-30": "2865.60000", "2010-06-30": "2889.90000", "2010-03-31": "2897.20000", "2009-12-31": "2893.00000", "2009-09-30": "2929.10000", "2009-06-30": "3031.60000", "2009-03-31": "3006.70000", "2008-12-31": "3005.10000", "2008-09-30": "2962.60000", "2008-06-30": "3001.20000", "2008-03-31": "2948.50000", "2007-12-31": "2936.00000", "2007-09-30": "3957.70000", "2007-06-30": "3931.30000", "2007-03-31": "3635.60000", "2006-12-31": "3355.20000", "2006-09-30": "3295.20000", "2006-06-30": "3195.50000", "2006-03-31": "3113.80000", "2005-12-31": "2912.20000", "2005-09-30": "2812.90000", "2005-06-30": "2765.50000", "2005-03-31": "2726.80000"}, "Retained Earnings (Accumulated Deficit)": {"2020-12-31": "", "2020-09-30": "771.00000", "2020-06-30": "1170.00000", "2020-03-31": "656.00000", "2019-12-31": "449.00000", "2019-09-30": "371.00000", "2019-06-30": "5434.00000", "2019-03-31": "5386.00000", "2018-12-31": "5233.00000", "2018-09-30": "5097.00000", "2018-06-30": "4645.00000", "2018-03-31": "5958.00000", "2017-12-31": "5848.00000", "2017-09-30": "4943.00000", "2017-06-30": "4967.00000", "2017-03-31": "4842.00000", "2016-12-31": "4604.00000", "2016-09-30": "6582.00000", "2016-06-30": "6419.00000", "2016-03-31": "6231.00000", "2015-12-31": "5972.00000", "2015-09-30": "5774.00000", "2015-06-30": "5521.00000", "2015-03-31": "5353.00000", "2014-12-31": "5100.00000", "2014-09-30": "4925.00000", "2014-06-30": "4774.00000", "2014-03-31": "4657.00000", "2013-12-31": "4446.00000", "2013-09-30": "4273.00000", "2013-06-30": "4038.00000", "2013-03-31": "4742.00000", "2012-12-31": "4491.00000", "2012-09-30": "4282.00000", "2012-06-30": "4093.00000", "2012-03-31": "3938.80000", "2011-12-31": "3679.80000", "2011-09-30": "3492.60000", "2011-06-30": "3331.00000", "2011-03-31": "3189.80000", "2010-12-31": "3023.70000", "2010-09-30": "2876.00000", "2010-06-30": "2647.20000", "2010-03-31": "2463.90000", "2009-12-31": "2306.50000", "2009-09-30": "2124.10000", "2009-06-30": "5953.90000", "2009-03-31": "5743.70000", "2008-12-31": "5481.40000", "2008-09-30": "5215.20000", "2008-06-30": "5016.20000", "2008-03-31": "4748.20000", "2007-12-31": "4436.50000", "2007-09-30": "11658.60000", "2007-06-30": "11539.90000", "2007-03-31": "10681.30000", "2006-12-31": "10692.50000", "2006-09-30": "9994.50000", "2006-06-30": "9760.50000", "2006-03-31": "9477.40000", "2005-12-31": "9354.30000", "2005-09-30": "9078.30000", "2005-06-30": "8874.20000", "2005-03-31": "8642.40000"}, "Comprehensive Income": {"2020-12-31": "", "2020-09-30": "-87.00000", "2020-06-30": "-104.00000", "2020-03-31": "-141.00000", "2019-12-31": "-103.00000", "2019-09-30": "-101.00000", "2019-06-30": "-79.00000", "2019-03-31": "-111.00000", "2018-12-31": "-123.00000", "2018-09-30": "-96.00000", "2018-06-30": "-92.00000", "2018-03-31": "-5.00000", "2017-12-31": "-95.00000", "2017-09-30": "-86.00000", "2017-06-30": "-125.00000", "2017-03-31": "-136.00000", "2016-12-31": "-170.00000", "2016-09-30": "-116.00000", "2016-06-30": "-116.00000", "2016-03-31": "-84.00000", "2015-12-31": "-97.00000", "2015-09-30": "-68.00000", "2015-06-30": "-23.00000", "2015-03-31": "-53.00000", "2014-12-31": "-3.00000", "2014-09-30": "46.00000", "2014-06-30": "70.00000", "2014-03-31": "70.00000", "2013-12-31": "99.00000", "2013-09-30": "92.00000", "2013-06-30": "68.00000", "2013-03-31": "56.00000", "2012-12-31": "74.00000", "2012-09-30": "61.00000", "2012-06-30": "37.00000", "2012-03-31": "71.70000", "2011-12-31": "55.10000", "2011-09-30": "60.00000", "2011-06-30": "77.00000", "2011-03-31": "67.10000", "2010-12-31": "39.40000", "2010-09-30": "37.20000", "2010-06-30": "70.00000", "2010-03-31": "172.20000", "2009-12-31": "200.40000", "2009-09-30": "76.90000", "2009-06-30": "82.20000", "2009-03-31": "32.60000", "2008-12-31": "41.30000", "2008-09-30": "136.40000", "2008-06-30": "210.80000", "2008-03-31": "202.80000", "2007-12-31": "154.50000", "2007-09-30": "146.10000", "2007-06-30": "121.00000", "2007-03-31": "127.20000", "2006-12-31": "90.20000", "2006-09-30": "60.60000", "2006-06-30": "33.90000", "2006-03-31": "-6.10000", "2005-12-31": "-23.90000", "2005-09-30": "7.50000", "2005-06-30": "20.20000", "2005-03-31": "95.10000"}, "Other Share Holders Equity": {"2020-12-31": "", "2020-09-30": "", "2020-06-30": "", "2020-03-31": "", "2019-12-31": "", "2019-09-30": "", "2019-06-30": "", "2019-03-31": "", "2018-12-31": "", "2018-09-30": "", "2018-06-30": "", "2018-03-31": "", "2017-12-31": "", "2017-09-30": "", "2017-06-30": "", "2017-03-31": "", "2016-12-31": "", "2016-09-30": "", "2016-06-30": "", "2016-03-31": "", "2015-12-31": "", "2015-09-30": "", "2015-06-30": "", "2015-03-31": "", "2014-12-31": "", "2014-09-30": "", "2014-06-30": "", "2014-03-31": "", "2013-12-31": "", "2013-09-30": "", "2013-06-30": "", "2013-03-31": "", "2012-12-31": "", "2012-09-30": "", "2012-06-30": "", "2012-03-31": "", "2011-12-31": "", "2011-09-30": "", "2011-06-30": "", "2011-03-31": "", "2010-12-31": "", "2010-09-30": "", "2010-06-30": "", "2010-03-31": "", "2009-12-31": "", "2009-09-30": "", "2009-06-30": "", "2009-03-31": "", "2008-12-31": "", "2008-09-30": "", "2008-06-30": "", "2008-03-31": "", "2007-12-31": "", "2007-09-30": "", "2007-06-30": "", "2007-03-31": "", "2006-12-31": "", "2006-09-30": "", "2006-06-30": "", "2006-03-31": "", "2005-12-31": "", "2005-09-30": "", "2005-06-30": "-23.30000", "2005-03-31": "-21.40000"}, "Share Holder Equity": {"2020-12-31": "1975.00000", "2020-09-30": "1425.00000", "2020-06-30": "1792.00000", "2020-03-31": "1206.00000", "2019-12-31": "1002.00000", "2019-09-30": "903.00000", "2019-06-30": "6330.00000", "2019-03-31": "6232.00000", "2018-12-31": "6043.00000", "2018-09-30": "5913.00000", "2018-06-30": "6059.00000", "2018-03-31": "7538.00000", "2017-12-31": "7619.00000", "2017-09-30": "6695.00000", "2017-06-30": "6828.00000", "2017-03-31": "6665.00000", "2016-12-31": "6341.00000", "2016-09-30": "6531.00000", "2016-06-30": "6571.00000", "2016-03-31": "6730.00000", "2015-12-31": "6728.00000", "2015-09-30": "6527.00000", "2015-06-30": "6256.00000", "2015-03-31": "6369.00000", "2014-12-31": "6100.00000", "2014-09-30": "6256.00000", "2014-06-30": "6401.00000", "2014-03-31": "6532.00000", "2013-12-31": "6589.00000", "2013-09-30": "6297.00000", "2013-06-30": "5975.00000", "2013-03-31": "6830.00000", "2012-12-31": "6542.00000", "2012-09-30": "6281.00000", "2012-06-30": "6244.00000", "2012-03-31": "6240.10000", "2011-12-31": "5927.70000", "2011-09-30": "5713.90000", "2011-06-30": "5849.00000", "2011-03-31": "5656.80000", "2010-12-31": "5421.40000", "2010-09-30": "5239.00000", "2010-06-30": "5276.10000", "2010-03-31": "5360.90000", "2009-12-31": "5226.10000", "2009-09-30": "4941.20000", "2009-06-30": "8724.70000", "2009-03-31": "8434.50000", "2008-12-31": "8127.90000", "2008-09-30": "7918.10000", "2008-06-30": "7747.50000", "2008-03-31": "7393.20000", "2007-12-31": "7108.10000", "2007-09-30": "7068.20000", "2007-06-30": "7376.90000", "2007-03-31": "7869.40000", "2006-12-31": "8907.80000", "2006-09-30": "8421.10000", "2006-06-30": "8490.70000", "2006-03-31": "8586.80000", "2005-12-31": "8751.00000", "2005-09-30": "8878.90000", "2005-06-30": "8593.00000", "2005-03-31": "8674.20000"}, "Total Liabilities And Share Holders Equity": {"2020-12-31": "44719.00000", "2020-09-30": "41727.00000", "2020-06-30": "40766.00000", "2020-03-31": "41148.00000", "2019-12-31": "41042.00000", "2019-09-30": "39179.00000", "2019-06-30": "40963.00000", "2019-03-31": "40809.00000", "2018-12-31": "40462.00000", "2018-09-30": "40011.00000", "2018-06-30": "39951.00000", "2018-03-31": "41031.00000", "2017-12-31": "42905.00000", "2017-09-30": "41940.00000", "2017-06-30": "40112.00000", "2017-03-31": "34174.00000", "2016-12-31": "35021.00000", "2016-09-30": "34406.00000", "2016-06-30": "34122.00000", "2016-03-31": "34055.00000", "2015-12-31": "33507.00000", "2015-09-30": "31222.00000", "2015-06-30": "30142.00000", "2015-03-31": "27888.00000", "2014-12-31": "27248.00000", "2014-09-30": "25711.00000", "2014-06-30": "26033.00000", "2014-03-31": "24701.00000", "2013-12-31": "25009.00000", "2013-09-30": "23816.00000", "2013-06-30": "25819.00000", "2013-03-31": "26723.00000", "2012-12-31": "24642.00000", "2012-09-30": "24820.00000", "2012-06-30": "24260.00000", "2012-03-31": "24642.10000", "2011-12-31": "24263.20000", "2011-09-30": "23183.00000", "2011-06-30": "22846.00000", "2011-03-31": "23196.80000", "2010-12-31": "22849.70000", "2010-09-30": "20972.50000", "2010-06-30": "19990.20000", "2010-03-31": "21270.20000", "2009-12-31": "20821.50000", "2009-09-30": "20434.70000", "2009-06-30": "25118.80000", "2009-03-31": "25534.80000", "2008-12-31": "25014.80000", "2008-09-30": "24645.10000", "2008-06-30": "23448.20000", "2008-03-31": "23603.40000", "2007-12-31": "23466.80000", "2007-09-30": "22998.10000", "2007-06-30": "23153.80000", "2007-03-31": "24292.00000", "2006-12-31": "24137.20000", "2006-09-30": "23431.20000", "2006-06-30": "23433.30000", "2006-03-31": "23645.60000", "2005-12-31": "23230.20000", "2005-09-30": "22969.90000", "2005-06-30": "21838.20000", "2005-03-31": "22138.50000"}}, "cash flow statement": {"Net Income/Loss": {"2020-06-30": "-3693.00000", "2019-06-30": "1365.00000", "2018-06-30": "259.00000", "2017-06-30": "1294.00000", "2016-06-30": "1431.00000", "2015-06-30": "1215.00000", "2014-06-30": "1166.00000", "2013-06-30": "334.00000", "2012-06-30": "1069.00000", "2011-06-30": "959.00000", "2010-06-30": "642.00000", "2009-06-30": "1151.60000", "2008-06-30": "1300.60000", "2007-06-30": "1931.10000", "2006-06-30": "1000.10000", "2005-06-30": "1050.70000"}, "Total Depreciation And Amortization - Cash Flow": {"2020-06-30": "913.00000", "2019-06-30": "1000.00000", "2018-06-30": "1032.00000", "2017-06-30": "717.00000", "2016-06-30": "641.00000", "2015-06-30": "451.00000", "2014-06-30": "459.00000", "2013-06-30": "397.00000", "2012-06-30": "325.00000", "2011-06-30": "313.00000", "2010-06-30": "254.00000", "2009-06-30": "225.80000", "2008-06-30": "220.00000", "2007-06-30": "314.90000", "2006-06-30": "297.60000", "2005-06-30": "295.60000"}, "Other Non-Cash Items": {"2020-06-30": "-1321.00000", "2019-06-30": "-398.00000", "2018-06-30": "570.00000", "2017-06-30": "440.00000", "2016-06-30": "276.00000", "2015-06-30": "422.00000", "2014-06-30": "144.00000", "2013-06-30": "1005.00000", "2012-06-30": "216.00000", "2011-06-30": "169.00000", "2010-06-30": "363.00000", "2009-06-30": "403.90000", "2008-06-30": "142.60000", "2007-06-30": "-574.20000", "2006-06-30": "666.10000", "2005-06-30": "510.30000"}, "Total Non-Cash Items": {"2020-06-30": "-408.00000", "2019-06-30": "602.00000", "2018-06-30": "1602.00000", "2017-06-30": "1157.00000", "2016-06-30": "917.00000", "2015-06-30": "873.00000", "2014-06-30": "603.00000", "2013-06-30": "1402.00000", "2012-06-30": "541.00000", "2011-06-30": "482.00000", "2010-06-30": "617.00000", "2009-06-30": "629.70010", "2008-06-30": "362.60000", "2007-06-30": "-259.30000", "2006-06-30": "963.70000", "2005-06-30": "805.90010"}, "Change In Accounts Receivable": {"2020-06-30": "82.00000", "2019-06-30": "-751.00000", "2018-06-30": "-871.00000", "2017-06-30": "-665.00000", "2016-06-30": "-866.00000", "2015-06-30": "-870.00000", "2014-06-30": "925.00000", "2013-06-30": "216.00000", "2012-06-30": "-129.00000", "2011-06-30": "-457.00000", "2010-06-30": "21.00000", "2009-06-30": "-713.60000", "2008-06-30": "-296.10000", "2007-06-30": "-780.60000", "2006-06-30": "-895.30000", "2005-06-30": "-15.90000"}, "Change In Inventories": {"2020-06-30": "-409.00000", "2019-06-30": "-551.00000", "2018-06-30": "-1211.00000", "2017-06-30": "-673.00000", "2016-06-30": "-1179.00000", "2015-06-30": "-779.00000", "2014-06-30": "142.00000", "2013-06-30": "-370.00000", "2012-06-30": "-495.00000", "2011-06-30": "-665.00000", "2010-06-30": "477.00000", "2009-06-30": "-431.20000", "2008-06-30": "634.30000", "2007-06-30": "219.60000", "2006-06-30": "-356.10000", "2005-06-30": "71.60000"}, "Change In Accounts Payable": {"2020-06-30": "-162.00000", "2019-06-30": "1864.00000", "2018-06-30": "2574.00000", "2017-06-30": "564.00000", "2016-06-30": "2815.00000", "2015-06-30": "1948.00000", "2014-06-30": "-196.00000", "2013-06-30": "426.00000", "2012-06-30": "319.00000", "2011-06-30": "1356.00000", "2010-06-30": "451.00000", "2009-06-30": "768.10000", "2008-06-30": "-848.20000", "2007-06-30": "224.40000", "2006-06-30": "1538.00000", "2005-06-30": "1142.50000"}, "Change In Assets/Liabilities": {"2020-06-30": "", "2019-06-30": "", "2018-06-30": "", "2017-06-30": "", "2016-06-30": "", "2015-06-30": "", "2014-06-30": "", "2013-06-30": "", "2012-06-30": "", "2011-06-30": "", "2010-06-30": "", "2009-06-30": "", "2008-06-30": "", "2007-06-30": "-130.80000", "2006-06-30": "-113.10000", "2005-06-30": "-183.90000"}, "Total Change In Assets/Liabilities": {"2020-06-30": "6061.00000", "2019-06-30": "755.00000", "2018-06-30": "907.00000", "2017-06-30": "-1267.00000", "2016-06-30": "623.00000", "2015-06-30": "452.00000", "2014-06-30": "755.00000", "2013-06-30": "-9.00000", "2012-06-30": "-434.00000", "2011-06-30": "-46.00000", "2010-06-30": "875.00000", "2009-06-30": "-357.40010", "2008-06-30": "-121.50000", "2007-06-30": "-438.10000", "2006-06-30": "157.00000", "2005-06-30": "999.10000"}, "Cash Flow From Operating Activities": {"2020-06-30": "1960.00000", "2019-06-30": "2722.00000", "2018-06-30": "2768.00000", "2017-06-30": "1184.00000", "2016-06-30": "2971.00000", "2015-06-30": "2540.00000", "2014-06-30": "2524.00000", "2013-06-30": "1727.00000", "2012-06-30": "1176.00000", "2011-06-30": "1395.00000", "2010-06-30": "2134.00000", "2009-06-30": "1423.90000", "2008-06-30": "1541.70000", "2007-06-30": "1233.70000", "2006-06-30": "2120.80000", "2005-06-30": "2855.70000"}, "Net Change In Property, Plant, And Equipment": {"2020-06-30": "-375.00000", "2019-06-30": "-328.00000", "2018-06-30": "-384.00000", "2017-06-30": "-387.00000", "2016-06-30": "-465.00000", "2015-06-30": "-247.00000", "2014-06-30": "-249.00000", "2013-06-30": "-195.00000", "2012-06-30": "-260.00000", "2011-06-30": "-288.00000", "2010-06-30": "-260.00000", "2009-06-30": "-421.20000", "2008-06-30": "-155.80000", "2007-06-30": "-346.60000", "2006-06-30": "-326.40000", "2005-06-30": "-320.90000"}, "Net Change In Intangible Assets": {"2020-06-30": "", "2019-06-30": "", "2018-06-30": "", "2017-06-30": "", "2016-06-30": "", "2015-06-30": "", "2014-06-30": "", "2013-06-30": "", "2012-06-30": "", "2011-06-30": "", "2010-06-30": "", "2009-06-30": "", "2008-06-30": "", "2007-06-30": "", "2006-06-30": "", "2005-06-30": ""}, "Net Acquisitions/Divestitures": {"2020-06-30": "2.00000", "2019-06-30": "681.00000", "2018-06-30": "-5280.00000", "2017-06-30": "-129.00000", "2016-06-30": "-3601.00000", "2015-06-30": "-503.00000", "2014-06-30": "-519.00000", "2013-06-30": "-2239.00000", "2012-06-30": "-174.00000", "2011-06-30": "-2300.00000", "2010-06-30": "126.00000", "2009-06-30": "7.60000", "2008-06-30": "44.40000", "2007-06-30": "-1629.80000", "2006-06-30": "-362.20000", "2005-06-30": "-273.20000"}, "Net Change In Short-term Investments": {"2020-06-30": "", "2019-06-30": "", "2018-06-30": "", "2017-06-30": "-194.00000", "2016-06-30": "-200.00000", "2015-06-30": "", "2014-06-30": "", "2013-06-30": "", "2012-06-30": "", "2011-06-30": "", "2010-06-30": "", "2009-06-30": "", "2008-06-30": "", "2007-06-30": "", "2006-06-30": "", "2005-06-30": ""}, "Net Change In Long-Term Investments": {"2020-06-30": "866.00000", "2019-06-30": "-15.00000", "2018-06-30": "56.00000", "2017-06-30": "305.00000", "2016-06-30": "186.00000", "2015-06-30": "-99.00000", "2014-06-30": "-82.00000", "2013-06-30": "59.00000", "2012-06-30": "57.00000", "2011-06-30": "560.00000", "2010-06-30": "271.00000", "2009-06-30": "", "2008-06-30": "132.00000", "2007-06-30": "366.50000", "2006-06-30": "-398.60000", "2005-06-30": "-99.80000"}, "Net Change In Investments - Total": {"2020-06-30": "866.00000", "2019-06-30": "-15.00000", "2018-06-30": "56.00000", "2017-06-30": "111.00000", "2016-06-30": "-14.00000", "2015-06-30": "-99.00000", "2014-06-30": "-82.00000", "2013-06-30": "59.00000", "2012-06-30": "57.00000", "2011-06-30": "560.00000", "2010-06-30": "271.00000", "2009-06-30": "", "2008-06-30": "132.00000", "2007-06-30": "366.50000", "2006-06-30": "-398.60000", "2005-06-30": "-99.80000"}, "Investing Activities - Other": {"2020-06-30": "", "2019-06-30": "", "2018-06-30": "", "2017-06-30": "", "2016-06-30": "", "2015-06-30": "", "2014-06-30": "", "2013-06-30": "", "2012-06-30": "", "2011-06-30": "", "2010-06-30": "-10.00000", "2009-06-30": "-129.30000", "2008-06-30": "-747.00000", "2007-06-30": "3147.10000", "2006-06-30": "-100.00000", "2005-06-30": "-182.20000"}, "Cash Flow From Investing Activities": {"2020-06-30": "493.00000", "2019-06-30": "338.00000", "2018-06-30": "-5608.00000", "2017-06-30": "-405.00000", "2016-06-30": "-4080.00000", "2015-06-30": "-849.00000", "2014-06-30": "-850.00000", "2013-06-30": "-2375.00000", "2012-06-30": "-377.00000", "2011-06-30": "-2028.00000", "2010-06-30": "127.00000", "2009-06-30": "-542.90000", "2008-06-30": "-726.40000", "2007-06-30": "1537.20000", "2006-06-30": "-1187.20000", "2005-06-30": "-876.10000"}, "Net Long-Term Debt": {"2020-06-30": "-1399.00000", "2019-06-30": "-1102.00000", "2018-06-30": "-951.00000", "2017-06-30": "4861.00000", "2016-06-30": "-6.00000", "2015-06-30": "1451.00000", "2014-06-30": "-2.00000", "2013-06-30": "981.00000", "2012-06-30": "245.00000", "2011-06-30": "266.00000", "2010-06-30": "-1552.00000", "2009-06-30": "-301.40000", "2008-06-30": "296.40000", "2007-06-30": "669.40000", "2006-06-30": "336.80000", "2005-06-30": "-660.00000"}, "Net Current Debt": {"2020-06-30": "-2.00000", "2019-06-30": "", "2018-06-30": "-50.00000", "2017-06-30": "3.00000", "2016-06-30": "26.00000", "2015-06-30": "-12.00000", "2014-06-30": "114.00000", "2013-06-30": "-1.00000", "2012-06-30": "13.00000", "2011-06-30": "46.00000", "2010-06-30": "", "2009-06-30": "", "2008-06-30": "", "2007-06-30": "-38.90000", "2006-06-30": "-37.00000", "2005-06-30": "-551.20000"}, "Debt Issuance/Retirement Net - Total": {"2020-06-30": "-1401.00000", "2019-06-30": "-1102.00000", "2018-06-30": "-1001.00000", "2017-06-30": "4864.00000", "2016-06-30": "20.00000", "2015-06-30": "1439.00000", "2014-06-30": "112.00000", "2013-06-30": "980.00000", "2012-06-30": "258.00000", "2011-06-30": "312.00000", "2010-06-30": "-1552.00000", "2009-06-30": "-301.40000", "2008-06-30": "296.40000", "2007-06-30": "630.50000", "2006-06-30": "299.80000", "2005-06-30": "-1211.20000"}, "Net Common Equity Issued/Repurchased": {"2020-06-30": "-350.00000", "2019-06-30": "-600.00000", "2018-06-30": "-550.00000", "2017-06-30": "-600.00000", "2016-06-30": "-651.00000", "2015-06-30": "-1036.00000", "2014-06-30": "-673.00000", "2013-06-30": "-329.00000", "2012-06-30": "-408.00000", "2011-06-30": "-207.00000", "2010-06-30": "-190.00000", "2009-06-30": "39.20000", "2008-06-30": "-953.70000", "2007-06-30": "-3109.40000", "2006-06-30": "-1259.10000", "2005-06-30": "-389.80000"}, "Net Total Equity Issued/Repurchased": {"2020-06-30": "-350.00000", "2019-06-30": "-600.00000", "2018-06-30": "-550.00000", "2017-06-30": "-600.00000", "2016-06-30": "-651.00000", "2015-06-30": "-1036.00000", "2014-06-30": "-673.00000", "2013-06-30": "-329.00000", "2012-06-30": "-408.00000", "2011-06-30": "-207.00000", "2010-06-30": "-190.00000", "2009-06-30": "39.20000", "2008-06-30": "-953.70000", "2007-06-30": "-3109.40000", "2006-06-30": "-1259.10000", "2005-06-30": "-389.80000"}, "Total Common And Preferred Stock Dividends Paid": {"2020-06-30": "-569.00000", "2019-06-30": "-577.00000", "2018-06-30": "-581.00000", "2017-06-30": "-577.00000", "2016-06-30": "-512.00000", "2015-06-30": "-460.00000", "2014-06-30": "-415.00000", "2013-06-30": "-353.00000", "2012-06-30": "-300.00000", "2011-06-30": "-274.00000", "2010-06-30": "-253.00000", "2009-06-30": "-200.40000", "2008-06-30": "-173.10000", "2007-06-30": "-144.40000", "2006-06-30": "-101.80000", "2005-06-30": "-51.70000"}, "Financial Activities - Other": {"2020-06-30": "120.00000", "2019-06-30": "-14.00000", "2018-06-30": "-144.00000", "2017-06-30": "59.00000", "2016-06-30": "4.00000", "2015-06-30": "117.00000", "2014-06-30": "266.00000", "2013-06-30": "-23.00000", "2012-06-30": "-4.00000", "2011-06-30": "-24.00000", "2010-06-30": "1268.00000", "2009-06-30": "-5.60000", "2008-06-30": "27.20000", "2007-06-30": "-15.50000", "2006-06-30": "28.90000", "2005-06-30": "-4.60000"}, "Cash Flow From Financial Activities": {"2020-06-30": "-2200.00000", "2019-06-30": "-2293.00000", "2018-06-30": "-2276.00000", "2017-06-30": "3746.00000", "2016-06-30": "-1139.00000", "2015-06-30": "60.00000", "2014-06-30": "-710.00000", "2013-06-30": "275.00000", "2012-06-30": "-454.00000", "2011-06-30": "-193.00000", "2010-06-30": "-727.00000", "2009-06-30": "-468.20000", "2008-06-30": "-803.20000", "2007-06-30": "-2638.80000", "2006-06-30": "-1032.20000", "2005-06-30": "-1657.30000"}, "Net Cash Flow": {"2020-06-30": "240.00000", "2019-06-30": "768.00000", "2018-06-30": "-5116.00000", "2017-06-30": "4523.00000", "2016-06-30": "-2260.00000", "2015-06-30": "1751.00000", "2014-06-30": "964.00000", "2013-06-30": "-373.00000", "2012-06-30": "345.00000", "2011-06-30": "-826.00000", "2010-06-30": "1534.00000", "2009-06-30": "412.80000", "2008-06-30": "12.10000", "2007-06-30": "132.10000", "2006-06-30": "-98.60000", "2005-06-30": "322.30000"}, "Stock-Based Compensation": {"2020-06-30": "90.00000", "2019-06-30": "82.00000", "2018-06-30": "85.00000", "2017-06-30": "96.00000", "2016-06-30": "111.00000", "2015-06-30": "110.00000", "2014-06-30": "96.00000", "2013-06-30": "93.00000", "2012-06-30": "85.00000", "2011-06-30": "80.00000", "2010-06-30": "100.00000", "2009-06-30": "109.90000", "2008-06-30": "107.90000", "2007-06-30": "138.10000", "2006-06-30": "207.80000", "2005-06-30": "8.50000"}, "Common Stock Dividends Paid": {"2020-06-30": "-569.00000", "2019-06-30": "-577.00000", "2018-06-30": "-581.00000", "2017-06-30": "-577.00000", "2016-06-30": "-512.00000", "2015-06-30": "-460.00000", "2014-06-30": "-415.00000", "2013-06-30": "-353.00000", "2012-06-30": "-300.00000", "2011-06-30": "-274.00000", "2010-06-30": "-253.00000", "2009-06-30": "-200.40000", "2008-06-30": "-173.10000", "2007-06-30": "-144.40000", "2006-06-30": "-101.80000", "2005-06-30": "-51.70000"}}, "cash flow statement, quarterly": {"Net Income/Loss": {"2020-12-31": 630, "2020-09-30": "-253.00000", "2020-06-30": 657, "2020-03-31": 351, "2019-12-31": 220, "2019-09-30": "-4921.00000", "2019-06-30": 195, "2019-03-31": 296, "2018-12-31": 280, "2018-09-30": "594.00000", "2018-06-30": -1166, "2018-03-31": 255, "2017-12-31": 1053, "2017-09-30": "117.00000", "2017-06-30": 278, "2017-03-31": 382, "2016-12-31": 324, "2016-09-30": "310.00000", "2016-06-30": 335, "2016-03-31": 386, "2015-12-31": 326, "2015-09-30": "384.00000", "2015-06-30": 295, "2015-03-31": 365, "2014-12-31": 289, "2014-09-30": "266.00000", "2014-06-30": 234, "2014-03-31": 315, "2013-12-31": 278, "2013-09-30": "339.00000", "2013-06-30": -586, "2013-03-31": 345, "2012-12-31": 304, "2012-09-30": "271.00000", "2012-06-30": 237, "2012-03-31": 333, "2011-12-31": 262, "2011-09-30": "237.00000", "2011-06-30": 202.7, "2011-03-31": 246.1, "2010-12-31": 215.4, "2010-09-30": "294.80000", "2010-06-30": 223.3, "2010-03-31": 222.4, "2009-12-31": 234.5, "2009-09-30": "-38.20000", "2009-06-30": 273.2, "2009-03-31": 312.8, "2008-12-31": 316.5, "2008-09-30": "249.10000", "2008-06-30": 318, "2008-03-31": 356.1, "2007-12-31": 324.7, "2007-09-30": "301.80000", "2007-06-30": 902.2, "2007-03-31": 18.9, "2006-12-31": 739.3, "2006-09-30": "270.70000", "2006-06-30": 321, "2006-03-31": 146.8, "2005-12-31": 304, "2005-09-30": "228.30000", "2005-06-30": 257.7, "2005-03-31": 793}, "Total Depreciation And Amortization - Cash Flow": {"2020-12-31": 199, "2020-09-30": "205.00000", "2020-06-30": 225, "2020-03-31": 224, "2019-12-31": 230, "2019-09-30": "234.00000", "2019-06-30": 241, "2019-03-31": 261, "2018-12-31": 253, "2018-09-30": "245.00000", "2018-06-30": 253, "2018-03-31": 259, "2017-12-31": 291, "2017-09-30": "229.00000", "2017-06-30": 192, "2017-03-31": 186, "2016-12-31": 166, "2016-09-30": "173.00000", "2016-06-30": 176, "2016-03-31": 159, "2015-12-31": 169, "2015-09-30": "137.00000", "2015-06-30": 115, "2015-03-31": 116, "2014-12-31": 112, "2014-09-30": "108.00000", "2014-06-30": 115, "2014-03-31": 110, "2013-12-31": 117, "2013-09-30": "117.00000", "2013-06-30": 122, "2013-03-31": 99, "2012-12-31": 88, "2012-09-30": "88.00000", "2012-06-30": 86, "2012-03-31": 83, "2011-12-31": 78, "2011-09-30": "78.00000", "2011-06-30": 73.8, "2011-03-31": 97.5, "2010-12-31": 73.2, "2010-09-30": "68.50000", "2010-06-30": 59.6, "2010-03-31": 68.6, "2009-12-31": 59.5, "2009-09-30": "66.30000", "2009-06-30": 57, "2009-03-31": 52.7, "2008-12-31": 68.7, "2008-09-30": "47.40000", "2008-06-30": -64.9, "2008-03-31": 93, "2007-12-31": 97, "2007-09-30": "94.90000", "2007-06-30": 77.8, "2007-03-31": 81.7, "2006-12-31": 77, "2006-09-30": "78.40000", "2006-06-30": 77.8, "2006-03-31": 74.2, "2005-12-31": 44.6, "2005-09-30": "101.00000", "2005-06-30": 8.6, "2005-03-31": 287}, "Other Non-Cash Items": {"2020-12-31": 43, "2020-09-30": "53.00000", "2020-06-30": -1491, "2020-03-31": 70, "2019-12-31": 50, "2019-09-30": "50.00000", "2019-06-30": -31, "2019-03-31": 53, "2018-12-31": 49, "2018-09-30": "-469.00000", "2018-06-30": 390, "2018-03-31": 35, "2017-12-31": 105, "2017-09-30": "40.00000", "2017-06-30": 302, "2017-03-31": 47, "2016-12-31": 58, "2016-09-30": "33.00000", "2016-06-30": 142, "2016-03-31": 40, "2015-12-31": 48, "2015-09-30": "46.00000", "2015-06-30": 264, "2015-03-31": 42, "2014-12-31": 84, "2014-09-30": "32.00000", "2014-06-30": 66, "2014-03-31": -5, "2013-12-31": 46, "2013-09-30": "37.00000", "2013-06-30": 891, "2013-03-31": 53, "2012-12-31": 34, "2012-09-30": "27.00000", "2012-06-30": 178, "2012-03-31": -10, "2011-12-31": 26, "2011-09-30": "22.00000", "2011-06-30": 148.1, "2011-03-31": 43.1, "2010-12-31": 27.7, "2010-09-30": "-49.90000", "2010-06-30": 103.6, "2010-03-31": 33.1, "2009-12-31": 7.7, "2009-09-30": "218.60000", "2009-06-30": -37.3, "2009-03-31": -134.5, "2008-12-31": 278.8, "2008-09-30": "296.90000", "2008-06-30": 85.2, "2008-03-31": 46.4, "2007-12-31": 9.1, "2007-09-30": "1.90000", "2007-06-30": -406.8, "2007-03-31": 121.6, "2006-12-31": -370.3, "2006-09-30": "81.30000", "2006-06-30": 132.6, "2006-03-31": 262.6, "2005-12-31": 172.7, "2005-09-30": "98.20000", "2005-06-30": 300.4, "2005-03-31": 209.9}, "Total Non-Cash Items": {"2020-12-31": 242, "2020-09-30": "258.00000", "2020-06-30": -1266, "2020-03-31": 294, "2019-12-31": 280, "2019-09-30": "284.00000", "2019-06-30": 210, "2019-03-31": 314, "2018-12-31": 302, "2018-09-30": "-224.00000", "2018-06-30": 643, "2018-03-31": 294, "2017-12-31": 396, "2017-09-30": "269.00000", "2017-06-30": 494, "2017-03-31": 233, "2016-12-31": 224, "2016-09-30": "206.00000", "2016-06-30": 318, "2016-03-31": 199, "2015-12-31": 217, "2015-09-30": "183.00000", "2015-06-30": 379, "2015-03-31": 158, "2014-12-31": 196, "2014-09-30": "140.00000", "2014-06-30": 181, "2014-03-31": 105, "2013-12-31": 163, "2013-09-30": "154.00000", "2013-06-30": 1013, "2013-03-31": 152, "2012-12-31": 122, "2012-09-30": "115.00000", "2012-06-30": 264, "2012-03-31": 73, "2011-12-31": 104, "2011-09-30": "100.00000", "2011-06-30": 221.9, "2011-03-31": 140.6, "2010-12-31": 100.9, "2010-09-30": "18.60000", "2010-06-30": 163.2, "2010-03-31": 101.7, "2009-12-31": 67.2, "2009-09-30": "284.90000", "2009-06-30": 19.7001, "2009-03-31": -81.8, "2008-12-31": 347.5, "2008-09-30": "344.30000", "2008-06-30": 20.3, "2008-03-31": 139.4, "2007-12-31": 106.1, "2007-09-30": "96.80000", "2007-06-30": -329, "2007-03-31": 203.3, "2006-12-31": -293.3, "2006-09-30": "159.70000", "2006-06-30": 210.4, "2006-03-31": 336.8, "2005-12-31": 217.3, "2005-09-30": "199.20000", "2005-06-30": 309.0001, "2005-03-31": 496.9}, "Change In Accounts Receivable": {"2020-12-31": -111, "2020-09-30": "-388.00000", "2020-06-30": 735, "2020-03-31": -774, "2019-12-31": -108, "2019-09-30": "229.00000", "2019-06-30": -595, "2019-03-31": 35, "2018-12-31": 111, "2018-09-30": "-302.00000", "2018-06-30": -239, "2018-03-31": -15, "2017-12-31": -258, "2017-09-30": "-359.00000", "2017-06-30": -558, "2017-03-31": 39, "2016-12-31": 160, "2016-09-30": "-306.00000", "2016-06-30": -145, "2016-03-31": -328, "2015-12-31": -45, "2015-09-30": "-348.00000", "2015-06-30": -152, "2015-03-31": -427, "2014-12-31": 0, "2014-09-30": "-291.00000", "2014-06-30": -548, "2014-03-31": 53, "2013-12-31": 25, "2013-09-30": "1395.00000", "2013-06-30": 135, "2013-03-31": -147, "2012-12-31": 299, "2012-09-30": "-71.00000", "2012-06-30": 181, "2012-03-31": -477, "2011-12-31": 236, "2011-09-30": "-69.00000", "2011-06-30": 121.9, "2011-03-31": -470.4, "2010-12-31": 163.8, "2010-09-30": "-272.30000", "2010-06-30": 386.4, "2010-03-31": -634.6, "2009-12-31": 985.3, "2009-09-30": "-716.10000", "2009-06-30": 268.8, "2009-03-31": -743.8, "2008-12-31": 619.6, "2008-09-30": "-858.20000", "2008-06-30": -1.3, "2008-03-31": -144.2, "2007-12-31": 41.3, "2007-09-30": "-191.90000", "2007-06-30": 39, "2007-03-31": -227.5, "2006-12-31": -699.1, "2006-09-30": "107.00000", "2006-06-30": -58.9, "2006-03-31": -676.3, "2005-12-31": 105.4, "2005-09-30": "-265.50000", "2005-06-30": -140.2, "2005-03-31": 124.3}, "Change In Inventories": {"2020-12-31": -1011, "2020-09-30": "-245.00000", "2020-06-30": -401, "2020-03-31": 983, "2019-12-31": -1347, "2019-09-30": "356.00000", "2019-06-30": -206, "2019-03-31": 408, "2018-12-31": -575, "2018-09-30": "-178.00000", "2018-06-30": -346, "2018-03-31": 130, "2017-12-31": -614, "2017-09-30": "-381.00000", "2017-06-30": 337, "2017-03-31": 284, "2016-12-31": -996, "2016-09-30": "-298.00000", "2016-06-30": 278, "2016-03-31": 108, "2015-12-31": -1070, "2015-09-30": "-495.00000", "2015-06-30": 71, "2015-03-31": 287, "2014-12-31": -1336, "2014-09-30": "199.00000", "2014-06-30": -208, "2014-03-31": 450, "2013-12-31": -1198, "2013-09-30": "1098.00000", "2013-06-30": -27, "2013-03-31": 193, "2012-12-31": -329, "2012-09-30": "-207.00000", "2012-06-30": 375, "2012-03-31": 683, "2011-12-31": -1392, "2011-09-30": "-161.00000", "2011-06-30": 383.1, "2011-03-31": 552.2, "2010-12-31": -868.5, "2010-09-30": "-731.80000", "2010-06-30": 858.1, "2010-03-31": 746.1, "2009-12-31": -1099.1, "2009-09-30": "-28.10000", "2009-06-30": 912.5, "2009-03-31": 476.6, "2008-12-31": -956.2, "2008-09-30": "-864.10000", "2008-06-30": 520.6, "2008-03-31": 367.3, "2007-12-31": -486.1, "2007-09-30": "232.50000", "2007-06-30": 208.2, "2007-03-31": -172.7, "2006-12-31": 64.3, "2006-09-30": "119.80000", "2006-06-30": 46.1, "2006-03-31": -491.1, "2005-12-31": 78.2, "2005-09-30": "10.70000", "2005-06-30": 416.3, "2005-03-31": -344.7}, "Change In Accounts Payable": {"2020-12-31": 1548, "2020-09-30": "313.00000", "2020-06-30": -610, "2020-03-31": 525, "2019-12-31": 1735, "2019-09-30": "-1812.00000", "2019-06-30": 1018, "2019-03-31": -95, "2018-12-31": 382, "2018-09-30": "559.00000", "2018-06-30": 939, "2018-03-31": -472, "2017-12-31": 811, "2017-09-30": "1296.00000", "2017-06-30": 339, "2017-03-31": -1338, "2016-12-31": 1284, "2016-09-30": "279.00000", "2016-06-30": -24, "2016-03-31": 408, "2015-12-31": 2006, "2015-09-30": "425.00000", "2015-06-30": 291, "2015-03-31": 219, "2014-12-31": 1595, "2014-09-30": "-157.00000", "2014-06-30": 1196, "2014-03-31": -304, "2013-12-31": 764, "2013-09-30": "-1852.00000", "2013-06-30": 212, "2013-03-31": 183, "2012-12-31": -433, "2012-09-30": "464.00000", "2012-06-30": -893, "2012-03-31": 94, "2011-12-31": 708, "2011-09-30": "410.00000", "2011-06-30": -630.4, "2011-03-31": 223.6, "2010-12-31": 729.7, "2010-09-30": "1033.10000", "2010-06-30": -1271.7, "2010-03-31": 223.5, "2009-12-31": 496.1, "2009-09-30": "1003.10000", "2009-06-30": -866.5, "2009-03-31": 335.5, "2008-12-31": 321, "2008-09-30": "978.10000", "2008-06-30": -631, "2008-03-31": -37.3, "2007-12-31": -116.7, "2007-09-30": "-63.20000", "2007-06-30": -268.7, "2007-03-31": 417, "2006-12-31": 207.6, "2006-09-30": "-131.50000", "2006-06-30": 34.6, "2006-03-31": 922.1, "2005-12-31": 113.2, "2005-09-30": "468.10000", "2005-06-30": 20.1, "2005-03-31": 1122.4}, "Change In Assets/Liabilities": {"2020-12-31": 0, "2020-09-30": "", "2020-06-30": 0, "2020-03-31": 0, "2019-12-31": 0, "2019-09-30": "", "2019-06-30": 0, "2019-03-31": 0, "2018-12-31": 0, "2018-09-30": "", "2018-06-30": 0, "2018-03-31": 0, "2017-12-31": 0, "2017-09-30": "", "2017-06-30": 0, "2017-03-31": 0, "2016-12-31": 0, "2016-09-30": "", "2016-06-30": 0, "2016-03-31": 0, "2015-12-31": 0, "2015-09-30": "", "2015-06-30": 0, "2015-03-31": 0, "2014-12-31": 0, "2014-09-30": "", "2014-06-30": 0, "2014-03-31": 0, "2013-12-31": 0, "2013-09-30": "", "2013-06-30": 0, "2013-03-31": 0, "2012-12-31": 0, "2012-09-30": "", "2012-06-30": 0, "2012-03-31": 0, "2011-12-31": 0, "2011-09-30": "", "2011-06-30": 0, "2011-03-31": 0, "2010-12-31": 0, "2010-09-30": "", "2010-06-30": 0, "2010-03-31": 0, "2009-12-31": 0, "2009-09-30": "", "2009-06-30": 0, "2009-03-31": 0, "2008-12-31": 0, "2008-09-30": "", "2008-06-30": 83.8, "2008-03-31": -25.2, "2007-12-31": -34.5, "2007-09-30": "-24.10000", "2007-06-30": -53.8, "2007-03-31": -32.6, "2006-12-31": -23.5, "2006-09-30": "-20.90000", "2006-06-30": -31, "2006-03-31": -20.2, "2005-12-31": -23.1, "2005-09-30": "-38.80000", "2005-06-30": -75.8, "2005-03-31": -108.1}, "Total Change In Assets/Liabilities": {"2020-12-31": 345, "2020-09-30": "265.00000", "2020-06-30": 849, "2020-03-31": 1031, "2019-12-31": 197, "2019-09-30": "3984.00000", "2019-06-30": 101, "2019-03-31": 870, "2018-12-31": -211, "2018-09-30": "-5.00000", "2018-06-30": 1077, "2018-03-31": 205, "2017-12-31": -1170, "2017-09-30": "795.00000", "2017-06-30": -48, "2017-03-31": -813, "2016-12-31": 6, "2016-09-30": "-412.00000", "2016-06-30": -12, "2016-03-31": 334, "2015-12-31": 920, "2015-09-30": "-619.00000", "2015-06-30": 194, "2015-03-31": 135, "2014-12-31": 468, "2014-09-30": "-345.00000", "2014-06-30": 301, "2014-03-31": 400, "2013-12-31": -404, "2013-09-30": "458.00000", "2013-06-30": -127, "2013-03-31": 492, "2012-12-31": -556, "2012-09-30": "182.00000", "2012-06-30": -608, "2012-03-31": 487, "2011-12-31": -480, "2011-09-30": "167.00000", "2011-06-30": -304.4, "2011-03-31": 527.3, "2010-12-31": -172.5, "2010-09-30": "-96.40000", "2010-06-30": -62.4, "2010-03-31": 555.2, "2009-12-31": 222.9, "2009-09-30": "159.30000", "2009-06-30": 302.1, "2009-03-31": 386.6999, "2008-12-31": -297.5999, "2008-09-30": "-748.60010", "2008-06-30": -66.4, "2008-03-31": 391.7, "2007-12-31": -457, "2007-09-30": "10.20000", "2007-06-30": -749.3, "2007-03-31": 547.8, "2006-12-31": -492.9, "2006-09-30": "256.30000", "2006-06-30": -34.6999, "2006-03-31": -252.2001, "2005-12-31": 146.8, "2005-09-30": "297.10000", "2005-06-30": 258.1, "2005-03-31": 741}, "Cash Flow From Operating Activities": {"2020-12-31": 1217, "2020-09-30": "270.00000", "2020-06-30": 240, "2020-03-31": 1676, "2019-12-31": 697, "2019-09-30": "-653.00000", "2019-06-30": 506, "2019-03-31": 1480, "2018-12-31": 371, "2018-09-30": "365.00000", "2018-06-30": 554, "2018-03-31": 754, "2017-12-31": 279, "2017-09-30": "1181.00000", "2017-06-30": 724, "2017-03-31": -198, "2016-12-31": 554, "2016-09-30": "104.00000", "2016-06-30": 641, "2016-03-31": 919, "2015-12-31": 1463, "2015-09-30": "-52.00000", "2015-06-30": 868, "2015-03-31": 658, "2014-12-31": 953, "2014-09-30": "61.00000", "2014-06-30": 716, "2014-03-31": 820, "2013-12-31": 37, "2013-09-30": "951.00000", "2013-06-30": 300, "2013-03-31": 989, "2012-12-31": -130, "2012-09-30": "568.00000", "2012-06-30": -107, "2012-03-31": 893, "2011-12-31": -114, "2011-09-30": "504.00000", "2011-06-30": 120.2, "2011-03-31": 914, "2010-12-31": 143.8, "2010-09-30": "217.00000", "2010-06-30": 324.1, "2010-03-31": 879.3, "2009-12-31": 524.6, "2009-09-30": "406.00000", "2009-06-30": 595, "2009-03-31": 617.7, "2008-12-31": 366.4, "2008-09-30": "-155.20000", "2008-06-30": 271.9, "2008-03-31": 887.2, "2007-12-31": -26.2, "2007-09-30": "408.80000", "2007-06-30": -176.1, "2007-03-31": 770, "2006-12-31": -46.9, "2006-09-30": "686.70000", "2006-06-30": 496.7, "2006-03-31": 231.4, "2005-12-31": 668.1, "2005-09-30": "724.60000", "2005-06-30": 824.8, "2005-03-31": 2030.9}, "Net Change In Property, Plant, And Equipment": {"2020-12-31": -96, "2020-09-30": "-78.00000", "2020-06-30": -136, "2020-03-31": -90, "2019-12-31": -77, "2019-09-30": "-72.00000", "2019-06-30": -136, "2019-03-31": -76, "2018-12-31": -58, "2018-09-30": "-58.00000", "2018-06-30": -138, "2018-03-31": -78, "2017-12-31": -102, "2017-09-30": "-66.00000", "2017-06-30": -94, "2017-03-31": -80, "2016-12-31": -113, "2016-09-30": "-100.00000", "2016-06-30": -181, "2016-03-31": -109, "2015-12-31": -92, "2015-09-30": "-83.00000", "2015-06-30": -108, "2015-03-31": -56, "2014-12-31": -47, "2014-09-30": "-36.00000", "2014-06-30": -111, "2014-03-31": -48, "2013-12-31": -64, "2013-09-30": "-26.00000", "2013-06-30": -92, "2013-03-31": -41, "2012-12-31": -36, "2012-09-30": "-26.00000", "2012-06-30": -102, "2012-03-31": -57, "2011-12-31": -56, "2011-09-30": "-45.00000", "2011-06-30": -104.9, "2011-03-31": -59.8, "2010-12-31": -61.4, "2010-09-30": "-61.90000", "2010-06-30": -124, "2010-03-31": -60.4, "2009-12-31": -43.4, "2009-09-30": "-32.20000", "2009-06-30": -242.2, "2009-03-31": -60.8, "2008-12-31": -61.5, "2008-09-30": "-56.70000", "2008-06-30": 85.5, "2008-03-31": -76.6, "2007-12-31": -75.7, "2007-09-30": "-89.00000", "2007-06-30": -107.2, "2007-03-31": -98.6, "2006-12-31": -75.7, "2006-09-30": "-65.10000", "2006-06-30": -85, "2006-03-31": -83.4, "2005-12-31": -83, "2005-09-30": "-75.00000", "2005-06-30": -62.9, "2005-03-31": -258}, "Net Change In Intangible Assets": {"2020-12-31": 0, "2020-09-30": "", "2020-06-30": 0, "2020-03-31": 0, "2019-12-31": 0, "2019-09-30": "", "2019-06-30": 0, "2019-03-31": 0, "2018-12-31": 0, "2018-09-30": "", "2018-06-30": 0, "2018-03-31": 0, "2017-12-31": 0, "2017-09-30": "", "2017-06-30": 0, "2017-03-31": 0, "2016-12-31": 0, "2016-09-30": "", "2016-06-30": 0, "2016-03-31": 0, "2015-12-31": 0, "2015-09-30": "", "2015-06-30": 0, "2015-03-31": 0, "2014-12-31": 0, "2014-09-30": "", "2014-06-30": 0, "2014-03-31": 0, "2013-12-31": 0, "2013-09-30": "", "2013-06-30": 0, "2013-03-31": 0, "2012-12-31": 0, "2012-09-30": "", "2012-06-30": 0, "2012-03-31": 0, "2011-12-31": 0, "2011-09-30": "", "2011-06-30": 0, "2011-03-31": 0, "2010-12-31": 0, "2010-09-30": "", "2010-06-30": 0, "2010-03-31": 0, "2009-12-31": 0, "2009-09-30": "", "2009-06-30": 0, "2009-03-31": 0, "2008-12-31": 0, "2008-09-30": "", "2008-06-30": 0, "2008-03-31": 0, "2007-12-31": 0, "2007-09-30": "", "2007-06-30": 0, "2007-03-31": 0, "2006-12-31": 0, "2006-09-30": "", "2006-06-30": 0, "2006-03-31": 0, "2005-12-31": 0, "2005-09-30": "", "2005-06-30": 0, "2005-03-31": 0}, "Net Acquisitions/Divestitures": {"2020-12-31": -3, "2020-09-30": "", "2020-06-30": 0, "2020-03-31": 0, "2019-12-31": 2, "2019-09-30": "", "2019-06-30": -30, "2019-03-31": -8, "2018-12-31": -21, "2018-09-30": "740.00000", "2018-06-30": 0, "2018-03-31": 860, "2017-12-31": -1, "2017-09-30": "-6139.00000", "2017-06-30": -17, "2017-03-31": -102, "2016-12-31": -1, "2016-09-30": "-9.00000", "2016-06-30": -218, "2016-03-31": -99, "2015-12-31": -1885, "2015-09-30": "-1399.00000", "2015-06-30": -237, "2015-03-31": -233, "2014-12-31": 28, "2014-09-30": "-61.00000", "2014-06-30": -351, "2014-03-31": -118, "2013-12-31": -25, "2013-09-30": "-25.00000", "2013-06-30": -20, "2013-03-31": -2093, "2012-12-31": -26, "2012-09-30": "-100.00000", "2012-06-30": -31, "2012-03-31": -136, "2011-12-31": 0, "2011-09-30": "-7.00000", "2011-06-30": -5, "2011-03-31": 0, "2010-12-31": -1735.1, "2010-09-30": "-559.90000", "2010-06-30": 145.2, "2010-03-31": 12.8, "2009-12-31": 0, "2009-09-30": "-32.00000", "2009-06-30": 26.1, "2009-03-31": -12.3, "2008-12-31": 0, "2008-09-30": "-6.20000", "2008-06-30": 83.4, "2008-03-31": 0.2, "2007-12-31": 48.9, "2007-09-30": "-88.10000", "2007-06-30": -1480.8, "2007-03-31": -28, "2006-12-31": -56.5, "2006-09-30": "-64.50000", "2006-06-30": -256.6, "2006-03-31": -33.1, "2005-12-31": -75.8, "2005-09-30": "3.30000", "2005-06-30": 0, "2005-03-31": -273.2}, "Net Change In Short-term Investments": {"2020-12-31": 0, "2020-09-30": "", "2020-06-30": 0, "2020-03-31": 0, "2019-12-31": 0, "2019-09-30": "", "2019-06-30": 0, "2019-03-31": 0, "2018-12-31": 0, "2018-09-30": "", "2018-06-30": 0, "2018-03-31": -65, "2017-12-31": 1, "2017-09-30": "64.00000", "2017-06-30": -194, "2017-03-31": 0, "2016-12-31": -34, "2016-09-30": "34.00000", "2016-06-30": -200, "2016-03-31": 0, "2015-12-31": -25, "2015-09-30": "25.00000", "2015-06-30": 0, "2015-03-31": 0, "2014-12-31": -16, "2014-09-30": "16.00000", "2014-06-30": 0, "2014-03-31": 0, "2013-12-31": 0, "2013-09-30": "", "2013-06-30": 0, "2013-03-31": 0, "2012-12-31": 0, "2012-09-30": "", "2012-06-30": 0, "2012-03-31": 0, "2011-12-31": 0, "2011-09-30": "", "2011-06-30": 0, "2011-03-31": 0, "2010-12-31": 0, "2010-09-30": "", "2010-06-30": 0, "2010-03-31": 0, "2009-12-31": 0, "2009-09-30": "", "2009-06-30": 0, "2009-03-31": 0, "2008-12-31": 0, "2008-09-30": "", "2008-06-30": 0, "2008-03-31": 0, "2007-12-31": 0, "2007-09-30": "", "2007-06-30": 0, "2007-03-31": 0, "2006-12-31": 0, "2006-09-30": "", "2006-06-30": 0, "2006-03-31": 0, "2005-12-31": 0, "2005-09-30": "", "2005-06-30": 0, "2005-03-31": 0}, "Net Change In Long-Term Investments": {"2020-12-31": 2, "2020-09-30": "-16.00000", "2020-06-30": 878, "2020-03-31": -8, "2019-12-31": -3, "2019-09-30": "-1.00000", "2019-06-30": -7, "2019-03-31": 0, "2018-12-31": -5, "2018-09-30": "-3.00000", "2018-06-30": -2, "2018-03-31": 64, "2017-12-31": -3, "2017-09-30": "-3.00000", "2017-06-30": 329, "2017-03-31": -10, "2016-12-31": 21, "2016-09-30": "-35.00000", "2016-06-30": 200, "2016-03-31": -2, "2015-12-31": 9, "2015-09-30": "-21.00000", "2015-06-30": -118, "2015-03-31": 3, "2014-12-31": 16, "2014-09-30": "", "2014-06-30": -102, "2014-03-31": 20, "2013-12-31": 0, "2013-09-30": "", "2013-06-30": -6, "2013-03-31": -6, "2012-12-31": 48, "2012-09-30": "23.00000", "2012-06-30": 22, "2012-03-31": 11, "2011-12-31": 14, "2011-09-30": "10.00000", "2011-06-30": 9.7, "2011-03-31": -14.6, "2010-12-31": -141, "2010-09-30": "705.90000", "2010-06-30": 0.3, "2010-03-31": 135.7, "2009-12-31": 135, "2009-09-30": "", "2009-06-30": 0, "2009-03-31": 0, "2008-12-31": 0, "2008-09-30": "", "2008-06-30": 0.1, "2008-03-31": 0, "2007-12-31": 0, "2007-09-30": "131.90000", "2007-06-30": 168.1, "2007-03-31": 167.1, "2006-12-31": -10.6, "2006-09-30": "41.90000", "2006-06-30": 0.8, "2006-03-31": -80.2, "2005-12-31": -219.2, "2005-09-30": "-100.00000", "2005-06-30": -99.8, "2005-03-31": 0}, "Net Change In Investments - Total": {"2020-12-31": 2, "2020-09-30": "-16.00000", "2020-06-30": 878, "2020-03-31": -8, "2019-12-31": -3, "2019-09-30": "-1.00000", "2019-06-30": -7, "2019-03-31": 0, "2018-12-31": -5, "2018-09-30": "-3.00000", "2018-06-30": -2, "2018-03-31": -1, "2017-12-31": -2, "2017-09-30": "61.00000", "2017-06-30": 135, "2017-03-31": -10, "2016-12-31": -13, "2016-09-30": "-1.00000", "2016-06-30": 0, "2016-03-31": -2, "2015-12-31": -16, "2015-09-30": "4.00000", "2015-06-30": -118, "2015-03-31": 3, "2014-12-31": 0, "2014-09-30": "16.00000", "2014-06-30": -102, "2014-03-31": 20, "2013-12-31": 0, "2013-09-30": "", "2013-06-30": -6, "2013-03-31": -6, "2012-12-31": 48, "2012-09-30": "23.00000", "2012-06-30": 22, "2012-03-31": 11, "2011-12-31": 14, "2011-09-30": "10.00000", "2011-06-30": 9.7, "2011-03-31": -14.6, "2010-12-31": -141, "2010-09-30": "705.90000", "2010-06-30": 0.3, "2010-03-31": 135.7, "2009-12-31": 135, "2009-09-30": "", "2009-06-30": 0, "2009-03-31": 0, "2008-12-31": 0, "2008-09-30": "", "2008-06-30": 0.1, "2008-03-31": 0, "2007-12-31": 0, "2007-09-30": "131.90000", "2007-06-30": 168.1, "2007-03-31": 167.1, "2006-12-31": -10.6, "2006-09-30": "41.90000", "2006-06-30": 0.8, "2006-03-31": -80.2, "2005-12-31": -219.2, "2005-09-30": "-100.00000", "2005-06-30": -99.8, "2005-03-31": 0}, "Investing Activities - Other": {"2020-12-31": 0, "2020-09-30": "", "2020-06-30": 0, "2020-03-31": 0, "2019-12-31": 0, "2019-09-30": "", "2019-06-30": 0, "2019-03-31": 0, "2018-12-31": 0, "2018-09-30": "", "2018-06-30": 0, "2018-03-31": 0, "2017-12-31": 0, "2017-09-30": "", "2017-06-30": 0, "2017-03-31": 0, "2016-12-31": 0, "2016-09-30": "", "2016-06-30": 0, "2016-03-31": 0, "2015-12-31": 0, "2015-09-30": "", "2015-06-30": 0, "2015-03-31": 0, "2014-12-31": 0, "2014-09-30": "", "2014-06-30": 0, "2014-03-31": 0, "2013-12-31": 0, "2013-09-30": "", "2013-06-30": 0, "2013-03-31": 0, "2012-12-31": 0, "2012-09-30": "", "2012-06-30": 0, "2012-03-31": 0, "2011-12-31": 0, "2011-09-30": "", "2011-06-30": 0, "2011-03-31": 0, "2010-12-31": 0, "2010-09-30": "", "2010-06-30": -0.1, "2010-03-31": 0, "2009-12-31": 0, "2009-09-30": "-9.90000", "2009-06-30": -57.8, "2009-03-31": -19.8, "2008-12-31": -19.9, "2008-09-30": "-31.80000", "2008-06-30": -747, "2008-03-31": 0, "2007-12-31": 0, "2007-09-30": "", "2007-06-30": 3227.2, "2007-03-31": -72.2, "2006-12-31": -11.5, "2006-09-30": "3.60000", "2006-06-30": -21, "2006-03-31": -26.6, "2005-12-31": -51.9, "2005-09-30": "-0.50000", "2005-06-30": -209.5, "2005-03-31": 27.3}, "Cash Flow From Investing Activities": {"2020-12-31": -97, "2020-09-30": "-94.00000", "2020-06-30": 742, "2020-03-31": -98, "2019-12-31": -78, "2019-09-30": "-73.00000", "2019-06-30": -173, "2019-03-31": -84, "2018-12-31": -84, "2018-09-30": "679.00000", "2018-06-30": -140, "2018-03-31": 781, "2017-12-31": -105, "2017-09-30": "-6144.00000", "2017-06-30": 24, "2017-03-31": -192, "2016-12-31": -127, "2016-09-30": "-110.00000", "2016-06-30": -399, "2016-03-31": -210, "2015-12-31": -1993, "2015-09-30": "-1478.00000", "2015-06-30": -463, "2015-03-31": -286, "2014-12-31": -19, "2014-09-30": "-81.00000", "2014-06-30": -564, "2014-03-31": -146, "2013-12-31": -89, "2013-09-30": "-51.00000", "2013-06-30": -118, "2013-03-31": -2140, "2012-12-31": -14, "2012-09-30": "-103.00000", "2012-06-30": -111, "2012-03-31": -182, "2011-12-31": -42, "2011-09-30": "-42.00000", "2011-06-30": -100.2, "2011-03-31": -74.4, "2010-12-31": -1937.5, "2010-09-30": "84.10000", "2010-06-30": 21.4, "2010-03-31": 88.1, "2009-12-31": 91.6, "2009-09-30": "-74.10000", "2009-06-30": -273.9, "2009-03-31": -92.9, "2008-12-31": -81.4, "2008-09-30": "-94.70000", "2008-06-30": -578, "2008-03-31": -76.4, "2007-12-31": -26.8, "2007-09-30": "-45.20000", "2007-06-30": 1807.3, "2007-03-31": -31.7, "2006-12-31": -154.3, "2006-09-30": "-84.10000", "2006-06-30": -361.8, "2006-03-31": -223.3, "2005-12-31": -429.9, "2005-09-30": "-172.20000", "2005-06-30": -372.2, "2005-03-31": -503.9}, "Net Long-Term Debt": {"2020-12-31": -9, "2020-09-30": "-40.00000", "2020-06-30": -511, "2020-03-31": -95, "2019-12-31": -719, "2019-09-30": "-74.00000", "2019-06-30": -1100, "2019-03-31": 0, "2018-12-31": -1, "2018-09-30": "-1.00000", "2018-06-30": -551, "2018-03-31": 0, "2017-12-31": 2, "2017-09-30": "-402.00000", "2017-06-30": 4921, "2017-03-31": 0, "2016-12-31": -59, "2016-09-30": "-1.00000", "2016-06-30": -1, "2016-03-31": -1, "2015-12-31": 0, "2015-09-30": "-4.00000", "2015-06-30": 1490, "2015-03-31": -1, "2014-12-31": -38, "2014-09-30": "", "2014-06-30": -1, "2014-03-31": 0, "2013-12-31": -1, "2013-09-30": "", "2013-06-30": -299, "2013-03-31": 1286, "2012-12-31": -2, "2012-09-30": "-4.00000", "2012-06-30": 290, "2012-03-31": -44, "2011-12-31": -1, "2011-09-30": "", "2011-06-30": -0.4, "2011-03-31": -218.7, "2010-12-31": 485.5, "2010-09-30": "-0.40000", "2010-06-30": -0.4, "2010-03-31": -0.3, "2009-12-31": -350.5, "2009-09-30": "-1200.80000", "2009-06-30": -18.8, "2009-03-31": 0.5, "2008-12-31": -140.5, "2008-09-30": "-142.60000", "2008-06-30": 312.3, "2008-03-31": -2.8, "2007-12-31": -0.2, "2007-09-30": "-12.90000", "2007-06-30": 550.6, "2007-03-31": -43.7, "2006-12-31": 188.6, "2006-09-30": "-26.10000", "2006-06-30": 90.1, "2006-03-31": -160.8, "2005-12-31": 405.3, "2005-09-30": "2.20000", "2005-06-30": -304.2, "2005-03-31": -355.8}, "Net Current Debt": {"2020-12-31": 0, "2020-09-30": "", "2020-06-30": 0, "2020-03-31": -683, "2019-12-31": 683, "2019-09-30": "-2.00000", "2019-06-30": 0, "2019-03-31": 0, "2018-12-31": 0, "2018-09-30": "", "2018-06-30": 0, "2018-03-31": -205, "2017-12-31": 161, "2017-09-30": "-6.00000", "2017-06-30": -22, "2017-03-31": -8, "2016-12-31": 8, "2016-09-30": "25.00000", "2016-06-30": -8, "2016-03-31": -5, "2015-12-31": 3, "2015-09-30": "36.00000", "2015-06-30": -3, "2015-03-31": 9, "2014-12-31": -58, "2014-09-30": "40.00000", "2014-06-30": 49, "2014-03-31": -8, "2013-12-31": 53, "2013-09-30": "20.00000", "2013-06-30": 10, "2013-03-31": -28, "2012-12-31": 27, "2012-09-30": "-10.00000", "2012-06-30": 5, "2012-03-31": 4, "2011-12-31": 9, "2011-09-30": "-5.00000", "2011-06-30": 4.5, "2011-03-31": 41.5, "2010-12-31": 0, "2010-09-30": "", "2010-06-30": 0, "2010-03-31": 0, "2009-12-31": 0, "2009-09-30": "", "2009-06-30": 0, "2009-03-31": -101.1, "2008-12-31": 99.9, "2008-09-30": "1.20000", "2008-06-30": -202.2, "2008-03-31": -317.2, "2007-12-31": 287.4, "2007-09-30": "232.00000", "2007-06-30": -293.4, "2007-03-31": 250.8, "2006-12-31": -101.7, "2006-09-30": "105.40000", "2006-06-30": -40.4, "2006-03-31": -1.5, "2005-12-31": 1.9, "2005-09-30": "3.00000", "2005-06-30": -0.2, "2005-03-31": -551}, "Debt Issuance/Retirement Net - Total": {"2020-12-31": -9, "2020-09-30": "-40.00000", "2020-06-30": -511, "2020-03-31": -778, "2019-12-31": -36, "2019-09-30": "-76.00000", "2019-06-30": -1100, "2019-03-31": 0, "2018-12-31": -1, "2018-09-30": "-1.00000", "2018-06-30": -551, "2018-03-31": -205, "2017-12-31": 163, "2017-09-30": "-408.00000", "2017-06-30": 4899, "2017-03-31": -8, "2016-12-31": -51, "2016-09-30": "24.00000", "2016-06-30": -9, "2016-03-31": -6, "2015-12-31": 3, "2015-09-30": "32.00000", "2015-06-30": 1487, "2015-03-31": 8, "2014-12-31": -96, "2014-09-30": "40.00000", "2014-06-30": 48, "2014-03-31": -8, "2013-12-31": 52, "2013-09-30": "20.00000", "2013-06-30": -289, "2013-03-31": 1258, "2012-12-31": 25, "2012-09-30": "-14.00000", "2012-06-30": 295, "2012-03-31": -40, "2011-12-31": 8, "2011-09-30": "-5.00000", "2011-06-30": 4.1, "2011-03-31": -177.2, "2010-12-31": 485.5, "2010-09-30": "-0.40000", "2010-06-30": -0.4, "2010-03-31": -0.3, "2009-12-31": -350.5, "2009-09-30": "-1200.80000", "2009-06-30": -18.8, "2009-03-31": -100.6, "2008-12-31": -40.6, "2008-09-30": "-141.40000", "2008-06-30": 110.1, "2008-03-31": -320, "2007-12-31": 287.2, "2007-09-30": "219.10000", "2007-06-30": 257.2, "2007-03-31": 207.1, "2006-12-31": 86.9, "2006-09-30": "79.30000", "2006-06-30": 49.7, "2006-03-31": -162.3, "2005-12-31": 407.2, "2005-09-30": "5.20000", "2005-06-30": -304.4, "2005-03-31": -906.8}, "Net Common Equity Issued/Repurchased": {"2020-12-31": 0, "2020-09-30": "", "2020-06-30": 0, "2020-03-31": 0, "2019-12-31": 0, "2019-09-30": "-350.00000", "2019-06-30": 0, "2019-03-31": 0, "2018-12-31": 0, "2018-09-30": "-600.00000", "2018-06-30": -100, "2018-03-31": -300, "2017-12-31": 0, "2017-09-30": "-150.00000", "2017-06-30": 0, "2017-03-31": 0, "2016-12-31": -350, "2016-09-30": "-250.00000", "2016-06-30": -351, "2016-03-31": -300, "2015-12-31": 0, "2015-09-30": "", "2015-06-30": -350, "2015-03-31": 0, "2014-12-31": -326, "2014-09-30": "-360.00000", "2014-06-30": -503, "2014-03-31": -259, "2013-12-31": 64, "2013-09-30": "25.00000", "2013-06-30": -192, "2013-03-31": 37, "2012-12-31": 5, "2012-09-30": "-179.00000", "2012-06-30": -131, "2012-03-31": 12, "2011-12-31": -7, "2011-09-30": "-282.00000", "2011-06-30": 26.8, "2011-03-31": 25.1, "2010-12-31": 2.5, "2010-09-30": "-261.40000", "2010-06-30": -164.5, "2010-03-31": -3.4, "2009-12-31": -52.2, "2009-09-30": "30.10000", "2009-06-30": 0.5, "2009-03-31": 18, "2008-12-31": 2.8, "2008-09-30": "17.90000", "2008-06-30": 18.7, "2008-03-31": -104.8, "2007-12-31": -298.4, "2007-09-30": "-569.20000", "2007-06-30": -1403, "2007-03-31": -1036.5, "2006-12-31": -281.9, "2006-09-30": "-388.00000", "2006-06-30": -513.6, "2006-03-31": -401.1, "2005-12-31": -379.2, "2005-09-30": "34.80000", "2005-06-30": -248.5, "2005-03-31": -141.3}, "Net Total Equity Issued/Repurchased": {"2020-12-31": 0, "2020-09-30": "", "2020-06-30": 0, "2020-03-31": 0, "2019-12-31": 0, "2019-09-30": "-350.00000", "2019-06-30": 0, "2019-03-31": 0, "2018-12-31": 0, "2018-09-30": "-600.00000", "2018-06-30": -100, "2018-03-31": -300, "2017-12-31": 0, "2017-09-30": "-150.00000", "2017-06-30": 0, "2017-03-31": 0, "2016-12-31": -350, "2016-09-30": "-250.00000", "2016-06-30": -351, "2016-03-31": -300, "2015-12-31": 0, "2015-09-30": "", "2015-06-30": -350, "2015-03-31": 0, "2014-12-31": -326, "2014-09-30": "-360.00000", "2014-06-30": -503, "2014-03-31": -259, "2013-12-31": 64, "2013-09-30": "25.00000", "2013-06-30": -192, "2013-03-31": 37, "2012-12-31": 5, "2012-09-30": "-179.00000", "2012-06-30": -131, "2012-03-31": 12, "2011-12-31": -7, "2011-09-30": "-282.00000", "2011-06-30": 26.8, "2011-03-31": 25.1, "2010-12-31": 2.5, "2010-09-30": "-261.40000", "2010-06-30": -164.5, "2010-03-31": -3.4, "2009-12-31": -52.2, "2009-09-30": "30.10000", "2009-06-30": 0.5, "2009-03-31": 18, "2008-12-31": 2.8, "2008-09-30": "17.90000", "2008-06-30": 18.7, "2008-03-31": -104.8, "2007-12-31": -298.4, "2007-09-30": "-569.20000", "2007-06-30": -1403, "2007-03-31": -1036.5, "2006-12-31": -281.9, "2006-09-30": "-388.00000", "2006-06-30": -513.6, "2006-03-31": -401.1, "2005-12-31": -379.2, "2005-09-30": "34.80000", "2005-06-30": -248.5, "2005-03-31": -141.3}, "Total Common And Preferred Stock Dividends Paid": {"2020-12-31": -143, "2020-09-30": "-146.00000", "2020-06-30": -141, "2020-03-31": -141, "2019-12-31": -141, "2019-09-30": "-146.00000", "2019-06-30": -142, "2019-03-31": -142, "2018-12-31": -143, "2018-09-30": "-150.00000", "2018-06-30": -145, "2018-03-31": -140, "2017-12-31": -146, "2017-09-30": "-150.00000", "2017-06-30": -142, "2017-03-31": -142, "2016-12-31": -144, "2016-09-30": "-149.00000", "2016-06-30": -126, "2016-03-31": -127, "2015-12-31": -128, "2015-09-30": "-131.00000", "2015-06-30": -114, "2015-03-31": -113, "2014-12-31": -114, "2014-09-30": "-119.00000", "2014-06-30": -103, "2014-03-31": -104, "2013-12-31": -103, "2013-09-30": "-105.00000", "2013-06-30": -95, "2013-03-31": -93, "2012-12-31": -81, "2012-09-30": "-84.00000", "2012-06-30": -74, "2012-03-31": -74, "2011-12-31": -75, "2011-09-30": "-77.00000", "2011-06-30": -68.1, "2011-03-31": -67.9, "2010-12-31": -67.7, "2010-09-30": "-70.30000", "2010-06-30": -62.8, "2010-03-31": -63, "2009-12-31": -63, "2009-09-30": "-64.20000", "2009-06-30": -50.3, "2009-03-31": -50.1, "2008-12-31": -50.3, "2008-09-30": "-49.70000", "2008-06-30": -42.7, "2008-03-31": -42.7, "2007-12-31": -43.4, "2007-09-30": "-44.30000", "2007-06-30": -34.9, "2007-03-31": -36.1, "2006-12-31": -36.4, "2006-09-30": "-37.00000", "2006-06-30": -25.2, "2006-03-31": -25.4, "2005-12-31": -25.7, "2005-09-30": "-25.50000", "2005-06-30": -12.8, "2005-03-31": -38.9}, "Financial Activities - Other": {"2020-12-31": 6, "2020-09-30": "-12.00000", "2020-06-30": 124, "2020-03-31": 7, "2019-12-31": 2, "2019-09-30": "-13.00000", "2019-06-30": -1, "2019-03-31": 0, "2018-12-31": 0, "2018-09-30": "-13.00000", "2018-06-30": -13, "2018-03-31": 8, "2017-12-31": -103, "2017-09-30": "-36.00000", "2017-06-30": 3, "2017-03-31": 22, "2016-12-31": 9, "2016-09-30": "25.00000", "2016-06-30": 7, "2016-03-31": -5, "2015-12-31": 15, "2015-09-30": "-13.00000", "2015-06-30": 5, "2015-03-31": 35, "2014-12-31": 14, "2014-09-30": "63.00000", "2014-06-30": 230, "2014-03-31": -3, "2013-12-31": 27, "2013-09-30": "12.00000", "2013-06-30": -10, "2013-03-31": -1, "2012-12-31": 10, "2012-09-30": "-22.00000", "2012-06-30": -7, "2012-03-31": 3, "2011-12-31": 17, "2011-09-30": "-17.00000", "2011-06-30": -15.3, "2011-03-31": -5.8, "2010-12-31": 9.2, "2010-09-30": "-12.10000", "2010-06-30": -1, "2010-03-31": -8.7, "2009-12-31": 11.5, "2009-09-30": "1266.20000", "2009-06-30": -2.7, "2009-03-31": -2.9, "2008-12-31": -1.7, "2008-09-30": "1.70000", "2008-06-30": 11.9, "2008-03-31": 1.3, "2007-12-31": 2.4, "2007-09-30": "11.60000", "2007-06-30": 2.4, "2007-03-31": -11, "2006-12-31": -6.9, "2006-09-30": "", "2006-06-30": -25.2, "2006-03-31": 31.1, "2005-12-31": 13.6, "2005-09-30": "9.40000", "2005-06-30": 2.5, "2005-03-31": -7.1}, "Cash Flow From Financial Activities": {"2020-12-31": -146, "2020-09-30": "-198.00000", "2020-06-30": -528, "2020-03-31": -912, "2019-12-31": -175, "2019-09-30": "-585.00000", "2019-06-30": -1243, "2019-03-31": -142, "2018-12-31": -144, "2018-09-30": "-764.00000", "2018-06-30": -809, "2018-03-31": -637, "2017-12-31": -86, "2017-09-30": "-744.00000", "2017-06-30": 4760, "2017-03-31": -128, "2016-12-31": -536, "2016-09-30": "-350.00000", "2016-06-30": -479, "2016-03-31": -438, "2015-12-31": -110, "2015-09-30": "-112.00000", "2015-06-30": 1028, "2015-03-31": -70, "2014-12-31": -522, "2014-09-30": "-376.00000", "2014-06-30": -328, "2014-03-31": -374, "2013-12-31": 40, "2013-09-30": "-48.00000", "2013-06-30": -586, "2013-03-31": 1201, "2012-12-31": -41, "2012-09-30": "-299.00000", "2012-06-30": 83, "2012-03-31": -99, "2011-12-31": -57, "2011-09-30": "-381.00000", "2011-06-30": -52.5, "2011-03-31": -225.8, "2010-12-31": 429.5, "2010-09-30": "-344.20000", "2010-06-30": -228.7, "2010-03-31": -75.4, "2009-12-31": -454.2, "2009-09-30": "31.30000", "2009-06-30": -71.3, "2009-03-31": -135.6, "2008-12-31": -89.8, "2008-09-30": "-171.50000", "2008-06-30": 98, "2008-03-31": -466.2, "2007-12-31": -52.2, "2007-09-30": "-382.80000", "2007-06-30": -1178.3, "2007-03-31": -876.5, "2006-12-31": -238.3, "2006-09-30": "-345.70000", "2006-06-30": -514.3, "2006-03-31": -557.7, "2005-12-31": 15.9, "2005-09-30": "23.90000", "2005-06-30": -563.2, "2005-03-31": -1094.1}, "Net Cash Flow": {"2020-12-31": 991, "2020-09-30": "-25.00000", "2020-06-30": 442, "2020-03-31": 670, "2019-12-31": 447, "2019-09-30": "-1319.00000", "2019-06-30": -907, "2019-03-31": 1256, "2018-12-31": 137, "2018-09-30": "282.00000", "2018-06-30": -412, "2018-03-31": 926, "2017-12-31": 68, "2017-09-30": "-5698.00000", "2017-06-30": 5511, "2017-03-31": -513, "2016-12-31": -120, "2016-09-30": "-355.00000", "2016-06-30": -242, "2016-03-31": 274, "2015-12-31": -650, "2015-09-30": "-1642.00000", "2015-06-30": 1433, "2015-03-31": 302, "2014-12-31": 412, "2014-09-30": "-396.00000", "2014-06-30": -176, "2014-03-31": 300, "2013-12-31": -12, "2013-09-30": "852.00000", "2013-06-30": -404, "2013-03-31": 50, "2012-12-31": -185, "2012-09-30": "166.00000", "2012-06-30": -135, "2012-03-31": 612, "2011-12-31": -213, "2011-09-30": "81.00000", "2011-06-30": -32.5, "2011-03-31": 613.8, "2010-12-31": -1364.2, "2010-09-30": "-43.10000", "2010-06-30": 116.8, "2010-03-31": 892, "2009-12-31": 162, "2009-09-30": "363.20000", "2009-06-30": 249.8, "2009-03-31": 389.2, "2008-12-31": 195.2, "2008-09-30": "-421.40000", "2008-06-30": -208.1, "2008-03-31": 344.6, "2007-12-31": -105.2, "2007-09-30": "-19.20000", "2007-06-30": 452.9, "2007-03-31": -138.2, "2006-12-31": -439.5, "2006-09-30": "256.90000", "2006-06-30": -379.4, "2006-03-31": -549.6, "2005-12-31": 254.1, "2005-09-30": "576.30000", "2005-06-30": -110.6, "2005-03-31": 432.9}, "Stock-Based Compensation": {"2020-12-31": 23, "2020-09-30": "28.00000", "2020-06-30": 22, "2020-03-31": 27, "2019-12-31": 21, "2019-09-30": "20.00000", "2019-06-30": 18, "2019-03-31": 23, "2018-12-31": 22, "2018-09-30": "19.00000", "2018-06-30": 21, "2018-03-31": 24, "2017-12-31": 23, "2017-09-30": "17.00000", "2017-06-30": 23, "2017-03-31": 26, "2016-12-31": 24, "2016-09-30": "23.00000", "2016-06-30": 29, "2016-03-31": 26, "2015-12-31": 26, "2015-09-30": "30.00000", "2015-06-30": 30, "2015-03-31": 27, "2014-12-31": 28, "2014-09-30": "25.00000", "2014-06-30": 24, "2014-03-31": 24, "2013-12-31": 24, "2013-09-30": "24.00000", "2013-06-30": 25, "2013-03-31": 22, "2012-12-31": 22, "2012-09-30": "24.00000", "2012-06-30": 22, "2012-03-31": 21, "2011-12-31": 22, "2011-09-30": "20.00000", "2011-06-30": 19.6, "2011-03-31": 18, "2010-12-31": 21, "2010-09-30": "21.40000", "2010-06-30": 21, "2010-03-31": 36.9, "2009-12-31": 20.1, "2009-09-30": "22.00000", "2009-06-30": 27.3, "2009-03-31": 32.4, "2008-12-31": 29.2, "2008-09-30": "21.00000", "2008-06-30": 21.2, "2008-03-31": 32.2, "2007-12-31": 28.4, "2007-09-30": "26.10000", "2007-06-30": 28.8, "2007-03-31": 39, "2006-12-31": 32.9, "2006-09-30": "37.40000", "2006-06-30": 45.1, "2006-03-31": 42, "2005-12-31": 38.9, "2005-09-30": "81.80000", "2005-06-30": 1.3, "2005-03-31": 7.2}, "Common Stock Dividends Paid": {"2020-12-31": -143, "2020-09-30": "-146.00000", "2020-06-30": -141, "2020-03-31": -141, "2019-12-31": -141, "2019-09-30": "-146.00000", "2019-06-30": -142, "2019-03-31": -142, "2018-12-31": -143, "2018-09-30": "-150.00000", "2018-06-30": -145, "2018-03-31": -140, "2017-12-31": -146, "2017-09-30": "-150.00000", "2017-06-30": -142, "2017-03-31": -142, "2016-12-31": -144, "2016-09-30": "-149.00000", "2016-06-30": -126, "2016-03-31": -127, "2015-12-31": -128, "2015-09-30": "-131.00000", "2015-06-30": -114, "2015-03-31": -113, "2014-12-31": -114, "2014-09-30": "-119.00000", "2014-06-30": -103, "2014-03-31": -104, "2013-12-31": -103, "2013-09-30": "-105.00000", "2013-06-30": -95, "2013-03-31": -93, "2012-12-31": -81, "2012-09-30": "-84.00000", "2012-06-30": -74, "2012-03-31": -74, "2011-12-31": -75, "2011-09-30": "-77.00000", "2011-06-30": -68.1, "2011-03-31": -67.9, "2010-12-31": -67.7, "2010-09-30": "-70.30000", "2010-06-30": -62.8, "2010-03-31": -63, "2009-12-31": -63, "2009-09-30": "-64.20000", "2009-06-30": -50.3, "2009-03-31": -50.1, "2008-12-31": -50.3, "2008-09-30": "-49.70000", "2008-06-30": -42.7, "2008-03-31": -42.7, "2007-12-31": -43.4, "2007-09-30": "-44.30000", "2007-06-30": -34.9, "2007-03-31": -36.1, "2006-12-31": -36.4, "2006-09-30": "-37.00000", "2006-06-30": -25.2, "2006-03-31": -25.4, "2005-12-31": -25.7, "2005-09-30": "-25.50000", "2005-06-30": -12.8, "2005-03-31": -38.9}}, "financial ratios": {"Current Ratio": {"2020-06-30": "1.09850", "2019-06-30": "1.06790", "2018-06-30": "1.07250", "2017-06-30": "1.33570", "2016-06-30": "1.11450", "2015-06-30": "1.26150", "2014-06-30": "1.18680", "2013-06-30": "1.21800", "2012-06-30": "1.23540", "2011-06-30": "1.22030", "2010-06-30": "1.29310", "2009-06-30": "1.70930", "2008-06-30": "1.37430", "2007-06-30": "1.26920", "2006-06-30": "1.43120", "2005-06-30": "1.36650"}, "Long-term Debt / Capital": {"2020-06-30": "0.79060", "2019-06-30": "0.54490", "2018-06-30": "0.56940", "2017-06-30": "0.57050", "2016-06-30": "0.42970", "2015-06-30": "0.45440", "2014-06-30": "0.33130", "2013-06-30": "0.38150", "2012-06-30": "0.27920", "2011-06-30": "0.27110", "2010-06-30": "0.26440", "2009-06-30": "0.27270", "2008-06-30": "0.32250", "2007-06-30": "0.31910", "2006-06-30": "0.23360", "2005-06-30": "0.21260"}, "Debt/Equity Ratio": {"2020-06-30": "3.78070", "2019-06-30": "1.26870", "2018-06-30": "1.48750", "2017-06-30": "1.52240", "2016-06-30": "0.84290", "2015-06-30": "0.87790", "2014-06-30": "0.62050", "2013-06-30": "0.64500", "2012-06-30": "0.46350", "2011-06-30": "0.42780", "2010-06-30": "0.40360", "2009-06-30": "0.41700", "2008-06-30": "0.49650", "2007-06-30": "0.47080", "2006-06-30": "0.32830", "2005-06-30": "0.30580"}, "Gross Margin": {"2020-06-30": "4.49120", "2019-06-30": "4.69580", "2018-06-30": "5.24890", "2017-06-30": "5.03480", "2016-06-30": "5.38310", "2015-06-30": "5.57100", "2014-06-30": "5.66620", "2013-06-30": "4.86780", "2012-06-30": "4.22210", "2011-06-30": "4.05480", "2010-06-30": "3.83850", "2009-06-30": "3.90400", "2008-06-30": "4.32120", "2007-06-30": "5.99090", "2006-06-30": "6.04290", "2005-06-30": "6.13730"}, "Operating Margin": {"2020-06-30": "-2.67980", "2019-06-30": "1.41550", "2018-06-30": "0.09210", "2017-06-30": "1.63110", "2016-06-30": "2.02310", "2015-06-30": "2.10770", "2014-06-30": "2.06950", "2013-06-30": "0.98520", "2012-06-30": "1.66620", "2011-06-30": "1.47500", "2010-06-30": "1.32690", "2009-06-30": "1.34120", "2008-06-30": "1.59300", "2007-06-30": "1.55240", "2006-06-30": "2.31590", "2005-06-30": "2.45260"}, "EBIT Margin": {"2020-06-30": "-2.67980", "2019-06-30": "1.41550", "2018-06-30": "0.09210", "2017-06-30": "1.63110", "2016-06-30": "2.02310", "2015-06-30": "2.10770", "2014-06-30": "2.06950", "2013-06-30": "0.98520", "2012-06-30": "1.66620", "2011-06-30": "1.47500", "2010-06-30": "1.32690", "2009-06-30": "1.34120", "2008-06-30": "1.59300", "2007-06-30": "1.55240", "2006-06-30": "2.31590", "2005-06-30": "2.45260"}, "EBITDA Margin": {"2020-06-30": "-2.08280", "2019-06-30": "2.10260", "2018-06-30": "0.84640", "2017-06-30": "2.18270", "2016-06-30": "2.55050", "2015-06-30": "2.54750", "2014-06-30": "2.57340", "2013-06-30": "1.37790", "2012-06-30": "1.96840", "2011-06-30": "1.77990", "2010-06-30": "1.58470", "2009-06-30": "1.57640", "2008-06-30": "1.84470", "2007-06-30": "1.91540", "2006-06-30": "2.68940", "2005-06-30": "2.85940"}, "Pre-Tax Profit Margin": {"2020-06-30": "-2.46660", "2019-06-30": "1.20320", "2018-06-30": "-0.16670", "2017-06-30": "1.48030", "2016-06-30": "1.87250", "2015-06-30": "1.91840", "2014-06-30": "1.97400", "2013-06-30": "0.87840", "2012-06-30": "1.57880", "2011-06-30": "1.47890", "2010-06-30": "1.23040", "2009-06-30": "1.20820", "2008-06-30": "1.48170", "2007-06-30": "1.41340", "2006-06-30": "2.18470", "2005-06-30": "2.29050"}, "Net Profit Margin": {"2020-06-30": "-2.41690", "2019-06-30": "0.93660", "2018-06-30": "0.18710", "2017-06-30": "0.99100", "2016-06-30": "1.17400", "2015-06-30": "1.18500", "2014-06-30": "1.28010", "2013-06-30": "0.33040", "2012-06-30": "0.99390", "2011-06-30": "0.93430", "2010-06-30": "0.65180", "2009-06-30": "1.19970", "2008-06-30": "1.48800", "2007-06-30": "2.22590", "2006-06-30": "1.25540", "2005-06-30": "1.44590"}, "Asset Turnover": {"2020-06-30": "3.75120", "2019-06-30": "3.55280", "2018-06-30": "3.42440", "2017-06-30": "3.24030", "2016-06-30": "3.56210", "2015-06-30": "3.40160", "2014-06-30": "3.49880", "2013-06-30": "3.91550", "2012-06-30": "4.43330", "2011-06-30": "4.49290", "2010-06-30": "4.92760", "2009-06-30": "3.82150", "2008-06-30": "3.72770", "2007-06-30": "3.74690", "2006-06-30": "3.39960", "2005-06-30": "3.32750"}, "Inventory Turnover Ratio": {"2020-06-30": "11.06640", "2019-06-30": "10.81740", "2018-06-30": "10.53200", "2017-06-30": "10.92220", "2016-06-30": "10.83400", "2015-06-30": "10.51120", "2014-06-30": "10.39480", "2013-06-30": "11.48600", "2012-06-30": "13.09910", "2011-06-30": "13.42810", "2010-06-30": "14.90300", "2009-06-30": "13.50020", "2008-06-30": "12.37570", "2007-06-30": "11.04640", "2006-06-30": "9.98940", "2005-06-30": "9.40880"}, "Receiveable Turnover": {"2020-06-30": "18.50460", "2019-06-30": "17.22700", "2018-06-30": "17.53960", "2017-06-30": "16.15010", "2016-06-30": "16.41410", "2015-06-30": "15.71840", "2014-06-30": "16.93010", "2013-06-30": "16.03630", "2012-06-30": "16.92400", "2011-06-30": "16.67380", "2010-06-30": "19.05060", "2009-06-30": "18.40720", "2008-06-30": "17.52480", "2007-06-30": "18.40210", "2006-06-30": "20.91580", "2005-06-30": "23.42330"}, "Days Sales In Receivables": {"2020-06-30": "19.72480", "2019-06-30": "21.18760", "2018-06-30": "20.81000", "2017-06-30": "22.60050", "2016-06-30": "22.23710", "2015-06-30": "23.22120", "2014-06-30": "21.55920", "2013-06-30": "22.76080", "2012-06-30": "21.56700", "2011-06-30": "21.89060", "2010-06-30": "19.15950", "2009-06-30": "19.82920", "2008-06-30": "20.82770", "2007-06-30": "19.83470", "2006-06-30": "17.45090", "2005-06-30": "15.58280"}, "ROE - Return On Equity": {"2020-06-30": "-206.08260", "2019-06-30": "21.56400", "2018-06-30": "4.27460", "2017-06-30": "18.95140", "2016-06-30": "21.77750", "2015-06-30": "19.37340", "2014-06-30": "18.16900", "2013-06-30": "5.60670", "2012-06-30": "17.13650", "2011-06-30": "16.51560", "2010-06-30": "11.12560", "2009-06-30": "8.69030", "2008-06-30": "10.93510", "2007-06-30": "11.12530", "2006-06-30": "13.70090", "2005-06-30": "12.41830"}, "Return On Tangible Equity": {"2020-06-30": "38.94340", "2019-06-30": "-24.91790", "2018-06-30": "-4.19770", "2017-06-30": "-54.39260", "2016-06-30": "-50.12260", "2015-06-30": "509.24370", "2014-06-30": "219.02070", "2013-06-30": "83.54120", "2012-06-30": "57.77540", "2011-06-30": "60.75470", "2010-06-30": "19.41840", "2009-06-30": "11.74080", "2008-06-30": "53.27630", "2007-06-30": "54.13590", "2006-06-30": "27.64960", "2005-06-30": "28.45220"}, "ROA - Return On Assets": {"2020-06-30": "-9.05900", "2019-06-30": "3.33230", "2018-06-30": "0.64830", "2017-06-30": "3.22600", "2016-06-30": "4.19380", "2015-06-30": "4.02100", "2014-06-30": "4.46740", "2013-06-30": "1.29750", "2012-06-30": "4.41060", "2011-06-30": "4.22830", "2010-06-30": "2.93640", "2009-06-30": "3.01850", "2008-06-30": "3.61310", "2007-06-30": "3.54460", "2006-06-30": "4.96430", "2005-06-30": "4.88640"}, "ROI - Return On Investment": {"2020-06-30": "-43.15770", "2019-06-30": "9.81380", "2018-06-30": "1.84070", "2017-06-30": "8.14040", "2016-06-30": "12.41860", "2015-06-30": "10.56950", "2014-06-30": "12.15000", "2013-06-30": "3.46760", "2012-06-30": "12.35280", "2011-06-30": "12.03890", "2010-06-30": "8.18440", "2009-06-30": "6.32030", "2008-06-30": "7.40890", "2007-06-30": "7.57510", "2006-06-30": "10.49980", "2005-06-30": "9.77830"}, "Book Value Per Share": {"2020-06-30": "6.11600", "2019-06-30": "21.17060", "2018-06-30": "19.60840", "2017-06-30": "21.60760", "2016-06-30": "20.40680", "2015-06-30": "19.07320", "2014-06-30": "18.99410", "2013-06-30": "17.62540", "2012-06-30": "18.20410", "2011-06-30": "16.61650", "2010-06-30": "14.80390", "2009-06-30": "24.23530", "2008-06-30": "21.69560", "2007-06-30": "20.04050", "2006-06-30": "20.66870", "2005-06-30": "20.16190"}, "Operating Cash Flow Per Share": {"2020-06-30": -2.3538, "2019-06-30": 0.2559, "2018-06-30": 5.0873, "2017-06-30": -5.303, "2016-06-30": 1.4209, "2015-06-30": 0.2662, "2014-06-30": 2.2956, "2013-06-30": 1.6507, "2012-06-30": -0.5822, "2011-06-30": -1.9596, "2010-06-30": 1.9725, "2009-06-30": -0.2965, "2008-06-30": 1.187, "2007-06-30": -1.901, "2006-06-30": -1.6049, "2005-06-30": 6.5543}, "Free Cash Flow Per Share": {"2020-06-30": -2.5439, "2019-06-30": 0.3852, "2018-06-30": 5.0777, "2017-06-30": -5.1033, "2016-06-30": 0.7491, "2015-06-30": 0.2506, "2014-06-30": 2.1407, "2013-06-30": 1.8289, "2012-06-30": -0.5114, "2011-06-30": -2.0551, "2010-06-30": 2.4174, "2009-06-30": -1.0337, "2008-06-30": 1.6154, "2007-06-30": -1.9956, "2006-06-30": -1.6302, "2005-06-30": 5.8178}}, "financial ratios, quarterly": {"Current Ratio": {"2020-09-30": "1.12550", "2020-06-30": "1.09850", "2020-03-31": "1.04770", "2019-12-31": "1.03400", "2019-09-30": "1.05170", "2019-06-30": "1.06790", "2019-03-31": "1.06950", "2018-12-31": "1.05320", "2018-09-30": "1.06020", "2018-06-30": "1.07250", "2018-03-31": "1.09740", "2017-12-31": "1.08920", "2017-09-30": "1.05880", "2017-06-30": "1.33570", "2017-03-31": "1.12560", "2016-12-31": "1.10180", "2016-09-30": "1.11410", "2016-06-30": "1.11450", "2016-03-31": "1.14990", "2015-12-31": "1.15630", "2015-09-30": "1.19320", "2015-06-30": "1.26150", "2015-03-31": "1.19740", "2014-12-31": "1.19490", "2014-09-30": "1.17740", "2014-06-30": "1.18680", "2014-03-31": "1.28820", "2013-12-31": "1.29080", "2013-09-30": "1.28220", "2013-06-30": "1.21800", "2013-03-31": "1.23860", "2012-12-31": "1.25760", "2012-09-30": "1.22760", "2012-06-30": "1.23540", "2012-03-31": "1.21720", "2011-12-31": "1.21580", "2011-09-30": "1.21210", "2011-06-30": "1.22030", "2011-03-31": "1.21250", "2010-12-31": "1.19410", "2010-09-30": "1.27840", "2010-06-30": "1.29310", "2010-03-31": "1.26120", "2009-12-31": "1.26680", "2009-09-30": "1.24220", "2009-06-30": "1.70930", "2009-03-31": "1.36710", "2008-12-31": "1.33490", "2008-09-30": "1.33260", "2008-06-30": "1.37430", "2008-03-31": "1.33790", "2007-12-31": "1.29020", "2007-09-30": "1.28970", "2007-06-30": "1.26920", "2007-03-31": "1.33350", "2006-12-31": "1.46790", "2006-09-30": "1.27140", "2006-06-30": "1.43120", "2006-03-31": "1.32970", "2005-12-31": "1.34180", "2005-09-30": "1.33290", "2005-06-30": "1.36650", "2005-03-31": "1.36620"}, "Long-term Debt / Capital": {"2020-09-30": "0.82520", "2020-06-30": "0.79060", "2020-03-31": "0.84850", "2019-12-31": "0.87060", "2019-09-30": "0.89070", "2019-06-30": "0.54490", "2019-03-31": "0.55040", "2018-12-31": "0.55700", "2018-09-30": "0.57500", "2018-06-30": "0.56940", "2018-03-31": "0.54490", "2017-12-31": "0.54310", "2017-09-30": "0.57530", "2017-06-30": "0.57050", "2017-03-31": "0.42140", "2016-12-31": "0.43380", "2016-09-30": "0.42950", "2016-06-30": "0.42970", "2016-03-31": "0.43560", "2015-12-31": "0.43460", "2015-09-30": "0.44490", "2015-06-30": "0.45440", "2015-03-31": "0.36870", "2014-12-31": "0.37790", "2014-09-30": "0.33590", "2014-06-30": "0.33130", "2014-03-31": "0.36030", "2013-12-31": "0.35830", "2013-09-30": "0.36970", "2013-06-30": "0.38150", "2013-03-31": "0.35220", "2012-12-31": "0.27030", "2012-09-30": "0.27710", "2012-06-30": "0.27920", "2012-03-31": "0.26140", "2011-12-31": "0.27170", "2011-09-30": "0.27750", "2011-06-30": "0.27110", "2011-03-31": "0.29460", "2010-12-31": "0.30510", "2010-09-30": "0.26680", "2010-06-30": "0.26440", "2010-03-31": "0.25920", "2009-12-31": "0.28660", "2009-09-30": "0.29860", "2009-06-30": "0.27270", "2009-03-31": "0.28140", "2008-12-31": "0.29430", "2008-09-30": "0.31240", "2008-06-30": "0.32250", "2008-03-31": "0.31820", "2007-12-31": "0.32330", "2007-09-30": "0.32140", "2007-06-30": "0.31910", "2007-03-31": "0.26920", "2006-12-31": "0.24790", "2006-09-30": "0.23780", "2006-06-30": "0.23360", "2006-03-31": "0.22880", "2005-12-31": "0.22690", "2005-09-30": "0.19890", "2005-06-30": "0.21260", "2005-03-31": "0.20980"}, "Debt/Equity Ratio": {"2020-09-30": "4.72980", "2020-06-30": "3.78070", "2020-03-31": "6.02160", "2019-12-31": "7.91820", "2019-09-30": "8.84940", "2019-06-30": "1.26870", "2019-03-31": "1.45700", "2018-12-31": "1.49740", "2018-09-30": "1.52220", "2018-06-30": "1.48750", "2018-03-31": "1.27060", "2017-12-31": "1.28090", "2017-09-30": "1.49410", "2017-06-30": "1.52240", "2017-03-31": "0.81940", "2016-12-31": "0.86140", "2016-09-30": "0.84700", "2016-06-30": "0.84290", "2016-03-31": "0.82410", "2015-12-31": "0.82120", "2015-09-30": "0.85030", "2015-06-30": "0.87790", "2015-03-31": "0.62850", "2014-12-31": "0.65180", "2014-09-30": "0.64050", "2014-06-30": "0.62050", "2014-03-31": "0.60010", "2013-12-31": "0.59710", "2013-09-30": "0.61660", "2013-06-30": "0.64500", "2013-03-31": "0.60910", "2012-12-31": "0.44280", "2012-09-30": "0.45840", "2012-06-30": "0.46350", "2012-03-31": "0.40920", "2011-12-31": "0.43070", "2011-09-30": "0.44240", "2011-06-30": "0.42780", "2011-03-31": "0.43770", "2010-12-31": "0.49250", "2010-09-30": "0.40850", "2010-06-30": "0.40360", "2010-03-31": "0.39330", "2009-12-31": "0.40410", "2009-09-30": "0.49900", "2009-06-30": "0.41700", "2009-03-31": "0.43520", "2008-12-31": "0.47450", "2008-09-30": "0.47530", "2008-06-30": "0.49650", "2008-03-31": "0.51470", "2007-12-31": "0.57260", "2007-09-30": "0.52830", "2007-06-30": "0.47080", "2007-03-31": "0.40610", "2006-12-31": "0.33510", "2006-09-30": "0.34940", "2006-06-30": "0.32830", "2006-03-31": "0.32940", "2005-12-31": "0.34390", "2005-09-30": "0.29390", "2005-06-30": "0.30580", "2005-03-31": "0.33340"}, "Gross Margin": {"2020-09-30": "4.39010", "2020-06-30": "4.33370", "2020-03-31": "4.81400", "2019-12-31": "4.31360", "2019-09-30": "4.49640", "2019-06-30": "4.47890", "2019-03-31": "5.00740", "2018-12-31": "4.58400", "2018-09-30": "4.73400", "2018-06-30": "4.90820", "2018-03-31": "5.68790", "2017-12-31": "5.28900", "2017-09-30": "5.12240", "2017-06-30": "4.92630", "2017-03-31": "5.43040", "2016-12-31": "4.83260", "2016-09-30": "4.96270", "2016-06-30": "5.30840", "2016-03-31": "5.50840", "2015-12-31": "5.11690", "2015-09-30": "5.62820", "2015-06-30": "5.29240", "2015-03-31": "5.74980", "2014-12-31": "5.69370", "2014-09-30": "5.57130", "2014-06-30": "5.48180", "2014-03-31": "6.05310", "2013-12-31": "6.04770", "2013-09-30": "5.15430", "2013-06-30": "4.90560", "2013-03-31": "5.25820", "2012-12-31": "4.85100", "2012-09-30": "4.47680", "2012-06-30": "4.24450", "2012-03-31": "4.48400", "2011-12-31": "4.11400", "2011-09-30": "4.04600", "2011-06-30": "3.89860", "2011-03-31": "4.45780", "2010-12-31": "3.91850", "2010-09-30": "3.93740", "2010-06-30": "3.69750", "2010-03-31": "4.14950", "2009-12-31": "3.84310", "2009-09-30": "3.66740", "2009-06-30": "3.87850", "2009-03-31": "4.09680", "2008-12-31": "3.79430", "2008-09-30": "3.84520", "2008-06-30": "6.35400", "2008-03-31": "6.40690", "2007-12-31": "5.81810", "2007-09-30": "6.10830", "2007-06-30": "5.90780", "2007-03-31": "6.34510", "2006-12-31": "5.96710", "2006-09-30": "5.73370", "2006-06-30": "5.74930", "2006-03-31": "6.20580", "2005-12-31": "6.02530", "2005-09-30": "6.20780", "2005-06-30": "4.78490", "2005-03-31": "7.00910"}, "Operating Margin": {"2020-09-30": "-1.59730", "2020-06-30": "0.73590", "2020-03-31": "1.43520", "2019-12-31": "0.84060", "2019-09-30": "-14.09710", "2019-06-30": "0.82460", "2019-03-31": "1.22630", "2018-12-31": "1.33550", "2018-09-30": "2.31730", "2018-06-30": "-3.05810", "2018-03-31": "1.62340", "2017-12-31": "1.13400", "2017-09-30": "0.80270", "2017-06-30": "1.32860", "2017-03-31": "1.90130", "2016-12-31": "1.63500", "2016-09-30": "1.66980", "2016-06-30": "1.97550", "2016-03-31": "2.13950", "2015-12-31": "1.79040", "2015-09-30": "2.20990", "2015-06-30": "2.02550", "2015-03-31": "2.32910", "2014-12-31": "2.13810", "2014-09-30": "1.93600", "2014-06-30": "1.69040", "2014-03-31": "2.37080", "2013-12-31": "2.33360", "2013-09-30": "1.92060", "2013-06-30": "-1.73880", "2013-03-31": "1.93470", "2012-12-31": "2.00540", "2012-09-30": "1.76520", "2012-06-30": "1.50950", "2012-03-31": "1.95780", "2011-12-31": "1.65820", "2011-09-30": "1.53780", "2011-06-30": "1.34100", "2011-03-31": "1.71570", "2010-12-31": "1.35540", "2010-09-30": "1.48910", "2010-06-30": "1.36550", "2010-03-31": "1.50480", "2009-12-31": "1.47190", "2009-09-30": "0.96810", "2009-06-30": "1.26010", "2009-03-31": "1.58120", "2008-12-31": "1.29820", "2008-09-30": "1.22280", "2008-06-30": "2.30320", "2008-03-31": "2.51640", "2007-12-31": "2.23000", "2007-09-30": "2.22910", "2007-06-30": "1.77530", "2007-03-31": "-0.04480", "2006-12-31": "2.34980", "2006-09-30": "2.15500", "2006-06-30": "2.28210", "2006-03-31": "2.64630", "2005-12-31": "2.36270", "2005-09-30": "1.95820", "2005-06-30": "2.89280", "2005-03-31": "3.11870"}, "EBIT Margin": {"2020-09-30": "-1.59730", "2020-06-30": "0.73590", "2020-03-31": "1.43520", "2019-12-31": "0.84060", "2019-09-30": "-14.09710", "2019-06-30": "0.82460", "2019-03-31": "1.22630", "2018-12-31": "1.33550", "2018-09-30": "2.31730", "2018-06-30": "-3.05810", "2018-03-31": "1.62340", "2017-12-31": "1.13400", "2017-09-30": "0.80270", "2017-06-30": "1.32860", "2017-03-31": "1.90130", "2016-12-31": "1.63500", "2016-09-30": "1.66980", "2016-06-30": "1.97550", "2016-03-31": "2.13950", "2015-12-31": "1.79040", "2015-09-30": "2.20990", "2015-06-30": "2.02550", "2015-03-31": "2.32910", "2014-12-31": "2.13810", "2014-09-30": "1.93600", "2014-06-30": "1.69040", "2014-03-31": "2.37080", "2013-12-31": "2.33360", "2013-09-30": "1.92060", "2013-06-30": "-1.73880", "2013-03-31": "1.93470", "2012-12-31": "2.00540", "2012-09-30": "1.76520", "2012-06-30": "1.50950", "2012-03-31": "1.95780", "2011-12-31": "1.65820", "2011-09-30": "1.53780", "2011-06-30": "1.34100", "2011-03-31": "1.71570", "2010-12-31": "1.35540", "2010-09-30": "1.48910", "2010-06-30": "1.36550", "2010-03-31": "1.50480", "2009-12-31": "1.47190", "2009-09-30": "0.96810", "2009-06-30": "1.26010", "2009-03-31": "1.58120", "2008-12-31": "1.29820", "2008-09-30": "1.22280", "2008-06-30": "2.30320", "2008-03-31": "2.51640", "2007-12-31": "2.23000", "2007-09-30": "2.22910", "2007-06-30": "1.77530", "2007-03-31": "-0.04480", "2006-12-31": "2.34980", "2006-09-30": "2.15500", "2006-06-30": "2.28210", "2006-03-31": "2.64630", "2005-12-31": "2.36270", "2005-09-30": "1.95820", "2005-06-30": "2.89290", "2005-03-31": "3.11870"}, "EBITDA Margin": {"2020-09-30": "", "2020-06-30": "", "2020-03-31": "", "2019-12-31": "", "2019-09-30": "", "2019-06-30": "", "2019-03-31": "", "2018-12-31": "", "2018-09-30": "", "2018-06-30": "", "2018-03-31": "", "2017-12-31": "", "2017-09-30": "", "2017-06-30": "", "2017-03-31": "", "2016-12-31": "", "2016-09-30": "", "2016-06-30": "", "2016-03-31": "", "2015-12-31": "", "2015-09-30": "", "2015-06-30": "", "2015-03-31": "", "2014-12-31": "", "2014-09-30": "", "2014-06-30": "", "2014-03-31": "", "2013-12-31": "", "2013-09-30": "", "2013-06-30": "", "2013-03-31": "", "2012-12-31": "", "2012-09-30": "", "2012-06-30": "", "2012-03-31": "", "2011-12-31": "", "2011-09-30": "", "2011-06-30": "", "2011-03-31": "", "2010-12-31": "", "2010-09-30": "", "2010-06-30": "", "2010-03-31": "", "2009-12-31": "", "2009-09-30": "", "2009-06-30": "", "2009-03-31": "", "2008-12-31": "", "2008-09-30": "", "2008-06-30": "", "2008-03-31": "", "2007-12-31": "", "2007-09-30": "", "2007-06-30": "", "2007-03-31": "", "2006-12-31": "", "2006-09-30": "", "2006-06-30": "", "2006-03-31": "", "2005-12-31": "", "2005-09-30": "", "2005-06-30": "", "2005-03-31": ""}, "Pre-Tax Profit Margin": {"2020-09-30": "-1.69720", "2020-06-30": "2.22140", "2020-03-31": "1.22070", "2019-12-31": "0.70220", "2019-09-30": "-14.31140", "2019-06-30": "0.63720", "2019-03-31": "1.05030", "2018-12-31": "1.07840", "2018-09-30": "2.09010", "2018-06-30": "-3.35790", "2018-03-31": "1.37960", "2017-12-31": "0.90090", "2017-09-30": "0.54530", "2017-06-30": "1.13750", "2017-03-31": "1.77240", "2016-12-31": "1.48110", "2016-09-30": "1.54190", "2016-06-30": "1.83530", "2016-03-31": "1.99600", "2015-12-31": "1.65370", "2015-09-30": "2.02460", "2015-06-30": "1.89840", "2015-03-31": "2.19900", "2014-12-31": "1.76610", "2014-09-30": "1.80720", "2014-06-30": "1.55940", "2014-03-31": "2.36620", "2013-12-31": "2.21220", "2013-09-30": "1.80240", "2013-06-30": "-1.89220", "2013-03-31": "1.82060", "2012-12-31": "1.91420", "2012-09-30": "1.69570", "2012-06-30": "1.40860", "2012-03-31": "1.89460", "2011-12-31": "1.57320", "2011-09-30": "1.43700", "2011-06-30": "1.27380", "2011-03-31": "1.63050", "2010-12-31": "1.29200", "2010-09-30": "1.73590", "2010-06-30": "1.26250", "2010-03-31": "1.49200", "2009-12-31": "1.46470", "2009-09-30": "0.70620", "2009-06-30": "1.18990", "2009-03-31": "1.42840", "2008-12-31": "1.12450", "2008-09-30": "1.08720", "2008-06-30": "2.09790", "2008-03-31": "2.38070", "2007-12-31": "2.01520", "2007-09-30": "2.03380", "2007-06-30": "1.69310", "2007-03-31": "-0.19210", "2006-12-31": "2.20110", "2006-09-30": "1.97440", "2006-06-30": "2.18290", "2006-03-31": "2.51670", "2005-12-31": "2.22520", "2005-09-30": "1.79700", "2005-06-30": "2.75640", "2005-03-31": "2.90780"}, "Net Profit Margin": {"2020-09-30": "-0.64760", "2020-06-30": "1.78800", "2020-03-31": "0.89380", "2019-12-31": "0.55370", "2019-09-30": "-13.18120", "2019-06-30": "0.51940", "2019-03-31": "0.84020", "2018-12-31": "0.74190", "2018-09-30": "1.68400", "2018-06-30": "-3.30140", "2018-03-31": "0.75820", "2017-12-31": "2.99270", "2017-09-30": "0.35230", "2017-06-30": "0.83120", "2017-03-31": "1.19730", "2016-12-31": "0.97740", "2016-09-30": "0.96440", "2016-06-30": "1.05790", "2016-03-31": "1.25890", "2015-12-31": "1.03670", "2015-09-30": "1.36520", "2015-06-30": "1.07080", "2015-03-31": "1.43840", "2014-12-31": "1.13170", "2014-09-30": "1.10510", "2014-06-30": "1.02210", "2014-03-31": "1.47010", "2013-12-31": "1.25000", "2013-09-30": "1.38240", "2013-06-30": "-2.30130", "2013-03-31": "1.40520", "2012-12-31": "1.20090", "2012-09-30": "1.04680", "2012-06-30": "0.88550", "2012-03-31": "1.23710", "2011-12-31": "0.96760", "2011-09-30": "0.88460", "2011-06-30": "0.75780", "2011-03-31": "0.94360", "2010-12-31": "0.84900", "2010-09-30": "1.20630", "2010-06-30": "0.91290", "2010-03-31": "0.91360", "2009-12-31": "0.94100", "2009-09-30": "-0.15420", "2009-06-30": "1.12170", "2009-03-31": "1.29890", "2008-12-31": "1.31230", "2008-09-30": "1.06280", "2008-06-30": "1.38900", "2008-03-31": "1.55390", "2007-12-31": "1.39460", "2007-09-30": "1.37350", "2007-06-30": "4.06980", "2007-03-31": "0.08690", "2006-12-31": "3.39370", "2006-09-30": "1.29290", "2006-06-30": "1.53830", "2006-03-31": "0.72630", "2005-12-31": "1.57130", "2005-09-30": "1.18680", "2005-06-30": "1.48380", "2005-03-31": "1.92880"}, "Asset Turnover": {"2020-09-30": "0.93620", "2020-06-30": "0.90000", "2020-03-31": "0.95160", "2019-12-31": "0.96820", "2019-09-30": "0.95310", "2019-06-30": "0.91190", "2019-03-31": "0.86320", "2018-12-31": "0.93270", "2018-09-30": "0.88010", "2018-06-30": "0.88480", "2018-03-31": "0.81970", "2017-12-31": "0.82010", "2017-09-30": "0.77830", "2017-06-30": "0.82180", "2017-03-31": "0.93110", "2016-12-31": "0.94660", "2016-09-30": "0.93120", "2016-06-30": "0.91980", "2016-03-31": "0.90040", "2015-12-31": "0.93850", "2015-09-30": "0.89860", "2015-06-30": "0.91400", "2015-03-31": "0.90990", "2014-12-31": "0.93720", "2014-09-30": "0.93620", "2014-06-30": "0.87940", "2014-03-31": "0.86750", "2013-12-31": "0.88930", "2013-09-30": "1.02970", "2013-06-30": "0.98450", "2013-03-31": "0.91880", "2012-12-31": "1.02390", "2012-09-30": "1.04310", "2012-06-30": "1.10320", "2012-03-31": "1.09240", "2011-12-31": "1.11600", "2011-09-30": "1.15570", "2011-06-30": "1.17150", "2011-03-31": "1.12390", "2010-12-31": "1.11040", "2010-09-30": "1.16520", "2010-06-30": "1.22360", "2010-03-31": "1.14450", "2009-12-31": "1.19680", "2009-09-30": "1.21270", "2009-06-30": "0.96930", "2009-03-31": "0.94340", "2008-12-31": "0.96410", "2008-09-30": "0.95100", "2008-06-30": "0.97640", "2008-03-31": "0.97060", "2007-12-31": "0.99220", "2007-09-30": "0.95540", "2007-06-30": "0.95730", "2007-03-31": "0.90020", "2006-12-31": "0.90250", "2006-09-30": "0.89360", "2006-06-30": "0.89050", "2006-03-31": "0.85480", "2005-12-31": "0.83280", "2005-09-30": "0.83750", "2005-06-30": "0.79530", "2005-03-31": "0.85640"}, "Inventory Turnover Ratio": {"2020-09-30": "2.77920", "2020-06-30": "2.65940", "2020-03-31": "2.91010", "2019-12-31": "2.75530", "2019-09-30": "2.86260", "2019-06-30": "2.78270", "2019-03-31": "2.65120", "2018-12-31": "2.76210", "2018-09-30": "2.68780", "2018-06-30": "2.73110", "2018-03-31": "2.65170", "2017-12-31": "2.75710", "2017-09-30": "2.55500", "2017-06-30": "2.77340", "2017-03-31": "2.58510", "2016-12-31": "2.64780", "2016-09-30": "2.78910", "2016-06-30": "2.79960", "2016-03-31": "2.65560", "2015-12-31": "2.71060", "2015-09-30": "2.71330", "2015-06-30": "2.83260", "2015-03-31": "2.61010", "2014-12-31": "2.55980", "2014-09-30": "2.81680", "2014-06-30": "2.61780", "2014-03-31": "2.50680", "2013-12-31": "2.46460", "2013-09-30": "3.19710", "2013-06-30": "2.88700", "2013-03-31": "2.79310", "2012-12-31": "2.84050", "2012-09-30": "3.05120", "2012-06-30": "3.25890", "2012-03-31": "3.12780", "2011-12-31": "2.92090", "2011-09-30": "3.42900", "2011-06-30": "3.50690", "2011-03-31": "3.22750", "2010-12-31": "2.93200", "2010-09-30": "3.31220", "2010-06-30": "3.70610", "2010-03-31": "3.23400", "2009-12-31": "3.00990", "2009-09-30": "3.47890", "2009-06-30": "3.42510", "2009-03-31": "2.86260", "2008-12-31": "2.71830", "2008-09-30": "2.92970", "2008-06-30": "3.17260", "2008-03-31": "2.95480", "2007-12-31": "2.87140", "2007-09-30": "2.88520", "2007-06-30": "2.82480", "2007-03-31": "2.73550", "2006-12-31": "2.80260", "2006-09-30": "2.60200", "2006-06-30": "2.62470", "2006-03-31": "2.47790", "2005-12-31": "2.49860", "2005-09-30": "2.44620", "2005-06-30": "2.28110", "2005-03-31": "2.26870"}, "Receiveable Turnover": {"2020-09-30": "4.52300", "2020-06-30": "4.43960", "2020-03-31": "4.34160", "2019-12-31": "4.79890", "2019-09-30": "4.55930", "2019-06-30": "4.42150", "2019-03-31": "4.47110", "2018-12-31": "4.75790", "2018-09-30": "4.35700", "2018-06-30": "4.53190", "2018-03-31": "4.38440", "2017-12-31": "4.59110", "2017-09-30": "3.89420", "2017-06-30": "4.09620", "2017-03-31": "4.24000", "2016-12-31": "4.40060", "2016-09-30": "4.15660", "2016-06-30": "4.23820", "2016-03-31": "4.20490", "2015-12-31": "4.50500", "2015-09-30": "4.01010", "2015-06-30": "4.22340", "2015-03-31": "4.16320", "2014-12-31": "4.51740", "2014-09-30": "4.25110", "2014-06-30": "4.25540", "2014-03-31": "4.45280", "2013-12-31": "4.56110", "2013-09-30": "5.00670", "2013-06-30": "4.03240", "2013-03-31": "3.82670", "2012-12-31": "4.09740", "2012-09-30": "4.01440", "2012-06-30": "4.21150", "2012-03-31": "4.14420", "2011-12-31": "4.51650", "2011-09-30": "4.29870", "2011-06-30": "4.34750", "2011-03-31": "4.14980", "2010-12-31": "4.35550", "2010-09-30": "4.48060", "2010-06-30": "4.73060", "2010-03-31": "4.38590", "2009-12-31": "5.05730", "2009-09-30": "4.18460", "2009-06-30": "4.66880", "2009-03-31": "4.07970", "2008-12-31": "4.62440", "2008-09-30": "3.99790", "2008-06-30": "4.59020", "2008-03-31": "4.60560", "2007-12-31": "4.79600", "2007-09-30": "4.48010", "2007-06-30": "4.70170", "2007-03-31": "4.73470", "2006-12-31": "4.95720", "2006-09-30": "5.25200", "2006-06-30": "5.47860", "2006-03-31": "5.13350", "2005-12-31": "5.45940", "2005-09-30": "5.18190", "2005-06-30": "5.59810", "2005-03-31": "5.75750"}, "Days Sales In Receivables": {"2020-09-30": "19.89840", "2020-06-30": "20.27200", "2020-03-31": "20.72960", "2019-12-31": "18.75430", "2019-09-30": "19.73970", "2019-06-30": "20.35500", "2019-03-31": "20.12920", "2018-12-31": "18.91570", "2018-09-30": "20.65660", "2018-06-30": "19.85910", "2018-03-31": "20.52720", "2017-12-31": "19.60330", "2017-09-30": "23.11140", "2017-06-30": "21.97170", "2017-03-31": "21.22660", "2016-12-31": "20.45160", "2016-09-30": "21.65240", "2016-06-30": "21.23530", "2016-03-31": "21.40370", "2015-12-31": "19.97770", "2015-09-30": "22.44310", "2015-06-30": "21.31000", "2015-03-31": "21.61770", "2014-12-31": "19.92290", "2014-09-30": "21.17080", "2014-06-30": "21.14970", "2014-03-31": "20.21190", "2013-12-31": "19.73200", "2013-09-30": "17.97580", "2013-06-30": "22.31940", "2013-03-31": "23.51910", "2012-12-31": "21.96500", "2012-09-30": "22.41920", "2012-06-30": "21.37010", "2012-03-31": "21.71730", "2011-12-31": "19.92710", "2011-09-30": "20.93660", "2011-06-30": "20.70150", "2011-03-31": "21.68760", "2010-12-31": "20.66380", "2010-09-30": "20.08670", "2010-06-30": "19.02530", "2010-03-31": "20.52020", "2009-12-31": "17.79620", "2009-09-30": "21.50750", "2009-06-30": "19.27690", "2009-03-31": "22.06050", "2008-12-31": "19.46190", "2008-09-30": "22.51160", "2008-06-30": "19.60720", "2008-03-31": "19.54150", "2007-12-31": "18.76560", "2007-09-30": "20.08900", "2007-06-30": "19.14190", "2007-03-31": "19.00870", "2006-12-31": "18.15530", "2006-09-30": "17.13640", "2006-06-30": "16.42760", "2006-03-31": "17.53190", "2005-12-31": "16.48540", "2005-09-30": "17.36820", "2005-06-30": "16.07690", "2005-03-31": "15.63170"}, "ROE - Return On Equity": {"2020-09-30": "-17.75440", "2020-06-30": "36.66290", "2020-03-31": "29.10450", "2019-12-31": "21.95610", "2019-09-30": "-544.96120", "2019-06-30": "3.06480", "2019-03-31": "4.74970", "2018-12-31": "4.65000", "2018-09-30": "10.04570", "2018-06-30": "-19.24410", "2018-03-31": "3.38290", "2017-12-31": "13.82070", "2017-09-30": "1.74760", "2017-06-30": "4.07150", "2017-03-31": "5.73140", "2016-12-31": "5.10960", "2016-09-30": "4.74660", "2016-06-30": "5.09820", "2016-03-31": "5.73550", "2015-12-31": "4.84540", "2015-09-30": "5.88330", "2015-06-30": "4.66750", "2015-03-31": "5.73090", "2014-12-31": "4.73770", "2014-09-30": "4.25190", "2014-06-30": "3.64010", "2014-03-31": "4.82240", "2013-12-31": "4.17360", "2013-09-30": "5.39940", "2013-06-30": "-9.80750", "2013-03-31": "5.06590", "2012-12-31": "4.63160", "2012-09-30": "4.33050", "2012-06-30": "3.79560", "2012-03-31": "5.32040", "2011-12-31": "4.45370", "2011-09-30": "4.14780", "2011-06-30": "3.54080", "2011-03-31": "4.41060", "2010-12-31": "3.96580", "2010-09-30": "5.61940", "2010-06-30": "3.67320", "2010-03-31": "4.19330", "2009-12-31": "4.40480", "2009-09-30": "-1.25070", "2009-06-30": "2.31410", "2009-03-31": "2.55020", "2008-12-31": "2.07930", "2008-09-30": "2.17480", "2008-06-30": "4.07740", "2008-03-31": "4.94910", "2007-12-31": "4.57370", "2007-09-30": "4.28960", "2007-06-30": "2.96470", "2007-03-31": "-0.06230", "2006-12-31": "3.54180", "2006-09-30": "3.46040", "2006-06-30": "3.52970", "2006-03-31": "3.96310", "2005-12-31": "3.26590", "2005-09-30": "2.67490", "2005-06-30": "3.03850", "2005-03-31": "4.31740"}, "Return On Tangible Equity": {"2020-09-30": "2.59190", "2020-06-30": "-6.92820", "2020-03-31": "-3.45060", "2019-12-31": "-2.09110", "2019-09-30": "45.75550", "2019-06-30": "-3.54140", "2019-03-31": "-5.25940", "2018-12-31": "-4.73860", "2018-09-30": "-9.61170", "2018-06-30": "18.89790", "2018-03-31": "-3.77160", "2017-12-31": "-15.60690", "2017-09-30": "-1.42150", "2017-06-30": "-11.68560", "2017-03-31": "-14.56900", "2016-12-31": "-11.03920", "2016-09-30": "-10.70440", "2016-06-30": "-11.73380", "2016-03-31": "-15.95040", "2015-12-31": "-13.66880", "2015-09-30": "-37.02990", "2015-06-30": "122.68910", "2015-03-31": "108.63100", "2014-12-31": "129.01790", "2014-09-30": "79.87990", "2014-06-30": "43.87950", "2014-03-31": "33.54630", "2013-12-31": "26.62150", "2013-09-30": "46.76750", "2013-06-30": "-146.13470", "2013-03-31": "82.97360", "2012-12-31": "14.33300", "2012-09-30": "14.78260", "2012-06-30": "12.79700", "2012-03-31": "17.76070", "2011-12-31": "15.68260", "2011-09-30": "16.18190", "2011-06-30": "13.02520", "2011-03-31": "17.93540", "2010-12-31": "18.87960", "2010-09-30": "12.56990", "2010-06-30": "6.41110", "2010-03-31": "7.25370", "2009-12-31": "7.85290", "2009-09-30": "-2.31300", "2009-06-30": "3.12650", "2009-03-31": "9.38070", "2008-12-31": "8.68940", "2008-09-30": "10.41740", "2008-06-30": "19.86540", "2008-03-31": "21.37020", "2007-12-31": "25.10420", "2007-09-30": "24.34560", "2007-06-30": "14.42610", "2007-03-31": "-0.14150", "2006-12-31": "6.98550", "2006-09-30": "8.65560", "2006-06-30": "7.12330", "2006-03-31": "9.03920", "2005-12-31": "7.79090", "2005-09-30": "6.23230", "2005-06-30": "6.96170", "2005-03-31": "10.18770"}, "ROA - Return On Assets": {"2020-09-30": "-0.60630", "2020-06-30": "1.61160", "2020-03-31": "0.85300", "2019-12-31": "0.53600", "2019-09-30": "-12.56030", "2019-06-30": "0.47360", "2019-03-31": "0.72530", "2018-12-31": "0.69450", "2018-09-30": "1.48460", "2018-06-30": "-2.91860", "2018-03-31": "0.62150", "2017-12-31": "2.45430", "2017-09-30": "0.27900", "2017-06-30": "0.69310", "2017-03-31": "1.11780", "2016-12-31": "0.92520", "2016-09-30": "0.90100", "2016-06-30": "0.98180", "2016-03-31": "1.13350", "2015-12-31": "0.97290", "2015-09-30": "1.22990", "2015-06-30": "0.96870", "2015-03-31": "1.30880", "2014-12-31": "1.06060", "2014-09-30": "1.03460", "2014-06-30": "0.89500", "2014-03-31": "1.27530", "2013-12-31": "1.09960", "2013-09-30": "1.42760", "2013-06-30": "-2.26960", "2013-03-31": "1.29480", "2012-12-31": "1.22960", "2012-09-30": "1.09590", "2012-06-30": "0.97690", "2012-03-31": "1.34730", "2011-12-31": "1.08810", "2011-09-30": "1.02230", "2011-06-30": "0.90650", "2011-03-31": "1.07560", "2010-12-31": "0.94090", "2010-09-30": "1.40370", "2010-06-30": "0.96950", "2010-03-31": "1.05690", "2009-12-31": "1.10560", "2009-09-30": "-0.30240", "2009-06-30": "0.80380", "2009-03-31": "0.84240", "2008-12-31": "0.67560", "2008-09-30": "0.69870", "2008-06-30": "1.34720", "2008-03-31": "1.55020", "2007-12-31": "1.38540", "2007-09-30": "1.31840", "2007-06-30": "0.94460", "2007-03-31": "-0.02020", "2006-12-31": "1.30710", "2006-09-30": "1.24360", "2006-06-30": "1.27890", "2006-03-31": "1.43920", "2005-12-31": "1.23030", "2005-09-30": "1.03400", "2005-06-30": "1.19560", "2005-03-31": "1.69160"}, "ROI - Return On Investment": {"2020-09-30": "-3.10320", "2020-06-30": "7.67790", "2020-03-31": "4.40950", "2019-12-31": "2.84090", "2019-09-30": "-59.55460", "2019-06-30": "1.39480", "2019-03-31": "2.13550", "2018-12-31": "2.05980", "2018-09-30": "4.26970", "2018-06-30": "-8.28650", "2018-03-31": "1.53940", "2017-12-31": "6.31450", "2017-09-30": "0.74220", "2017-06-30": "1.74890", "2017-03-31": "3.31630", "2016-12-31": "2.89290", "2016-09-30": "2.70810", "2016-06-30": "2.90720", "2016-03-31": "3.23690", "2015-12-31": "2.73970", "2015-09-30": "3.26590", "2015-06-30": "2.54640", "2015-03-31": "3.61780", "2014-12-31": "2.94720", "2014-09-30": "2.82380", "2014-06-30": "2.43420", "2014-03-31": "3.08490", "2013-12-31": "2.67820", "2013-09-30": "3.40340", "2013-06-30": "-6.06560", "2013-03-31": "3.28150", "2012-12-31": "3.37980", "2012-09-30": "3.13040", "2012-06-30": "2.73610", "2012-03-31": "3.92990", "2011-12-31": "3.24360", "2011-09-30": "2.99660", "2011-06-30": "2.58100", "2011-03-31": "3.11140", "2010-12-31": "2.75580", "2010-09-30": "4.12010", "2010-06-30": "2.70210", "2010-03-31": "3.10650", "2009-12-31": "3.14250", "2009-09-30": "-0.87730", "2009-06-30": "1.68300", "2009-03-31": "1.83260", "2008-12-31": "1.46740", "2008-09-30": "1.49540", "2008-06-30": "2.76260", "2008-03-31": "3.37440", "2007-12-31": "3.09480", "2007-09-30": "2.91100", "2007-06-30": "2.01860", "2007-03-31": "-0.04550", "2006-12-31": "2.66390", "2006-09-30": "2.63750", "2006-06-30": "2.70500", "2006-03-31": "3.05610", "2005-12-31": "2.52490", "2005-09-30": "2.14290", "2005-06-30": "2.39260", "2005-03-31": "3.41160"}, "Book Value Per Share": {"2020-09-30": "4.84690", "2020-06-30": "6.11600", "2020-03-31": "4.13010", "2019-12-31": "3.43150", "2019-09-30": "3.08190", "2019-06-30": "21.17060", "2019-03-31": "20.91280", "2018-12-31": "20.27850", "2018-09-30": "19.71000", "2018-06-30": "19.60840", "2018-03-31": "24.23790", "2017-12-31": "24.18730", "2017-09-30": "21.25400", "2017-06-30": "21.60760", "2017-03-31": "21.09180", "2016-12-31": "20.06650", "2016-09-30": "20.40940", "2016-06-30": "20.40680", "2016-03-31": "20.64420", "2015-12-31": "20.38790", "2015-09-30": "19.83890", "2015-06-30": "19.07320", "2015-03-31": "19.24170", "2014-12-31": "18.48490", "2014-09-30": "18.73050", "2014-06-30": "18.99410", "2014-03-31": "19.15540", "2013-12-31": "19.20990", "2013-09-30": "18.46630", "2013-06-30": "17.62540", "2013-03-31": "19.97080", "2012-12-31": "19.18480", "2012-09-30": "18.47350", "2012-06-30": "18.20410", "2012-03-31": "18.03500", "2011-12-31": "17.15190", "2011-09-30": "16.55240", "2011-06-30": "16.61650", "2011-03-31": "16.14850", "2010-12-31": "15.51630", "2010-09-30": "15.01580", "2010-06-30": "14.80390", "2010-03-31": "14.82140", "2009-12-31": "14.46470", "2009-09-30": "13.63090", "2009-06-30": "24.23530", "2009-03-31": "23.40320", "2008-12-31": "22.60260", "2008-09-30": "22.02530", "2008-06-30": "21.69560", "2008-03-31": "20.72670", "2007-12-31": "19.84390", "2007-09-30": "19.49850", "2007-06-30": "20.04050", "2007-03-31": "20.34490", "2006-12-31": "22.17530", "2006-09-30": "20.75190", "2006-06-30": "20.66870", "2006-03-31": "20.56720", "2005-12-31": "20.74190", "2005-09-30": "20.74510", "2005-06-30": "20.16190", "2005-03-31": "20.17730"}, "Operating Cash Flow Per Share": {"2020-09-30": "0.92150", "2020-06-30": 0.8391, "2020-03-31": 5.7006, "2019-12-31": 2.3558, "2019-09-30": "-2.20610", "2019-06-30": 1.6318, "2019-03-31": 4.9581, "2018-12-31": 1.2605, "2018-09-30": "1.19280", "2018-06-30": 1.7587, "2018-03-31": 2.4083, "2017-12-31": 0.9065, "2017-09-30": "3.71380", "2017-06-30": 2.2535, "2017-03-31": -0.6162, "2016-12-31": 1.7397, "2016-09-30": "0.32300", "2016-06-30": 1.9637, "2016-03-31": 2.7893, "2015-12-31": 4.4071, "2015-09-30": "-0.15710", "2015-06-30": 2.5761, "2015-03-31": 1.9701, "2014-12-31": 2.8565, "2014-09-30": "0.17940", "2014-06-30": 2.1055, "2014-03-31": 2.3549, "2013-12-31": 0.091, "2013-09-30": "2.76450", "2013-06-30": 0.8841, "2013-03-31": 2.8592, "2012-12-31": -0.3742, "2012-09-30": "1.65120", "2012-06-30": -0.3066, "2012-03-31": 2.5587, "2011-12-31": -0.3266, "2011-09-30": "1.44410", "2011-06-30": 0.3394, "2011-03-31": 2.5836, "2010-12-31": 0.4121, "2010-09-30": "0.61670", "2010-06-30": 0.9089, "2010-03-31": 2.4247, "2009-12-31": 1.4472, "2009-09-30": "1.13060", "2009-06-30": 1.6421, "2009-03-31": 1.7106, "2008-12-31": 1.016, "2008-09-30": "-0.42980", "2008-06-30": 0.7596, "2008-03-31": 2.4759, "2007-12-31": -0.0549, "2007-09-30": "1.10430", "2007-06-30": -0.5243, "2007-03-31": 2.0145, "2006-12-31": -0.1045, "2006-09-30": "1.66270", "2006-06-30": 1.1503, "2006-03-31": 0.5745, "2005-12-31": 1.545, "2005-09-30": "1.67960", "2005-06-30": 1.9154, "2005-03-31": 4.6389}, "Free Cash Flow Per Share": {"2020-09-30": "0.65530", "2020-06-30": 0.3722, "2020-03-31": 5.3945, "2019-12-31": 2.0922, "2019-09-30": "-2.44930", "2019-06-30": 1.1843, "2019-03-31": 4.7025, "2018-12-31": 1.0634, "2018-09-30": "1.00330", "2018-06-30": 1.3207, "2018-03-31": 2.159, "2017-12-31": 0.5823, "2017-09-30": "3.50630", "2017-06-30": 1.9654, "2017-03-31": -0.8698, "2016-12-31": 1.3826, "2016-09-30": "0.01240", "2016-06-30": 1.4126, "2016-03-31": 2.4584, "2015-12-31": 4.1308, "2015-09-30": "-0.40790", "2015-06-30": 2.255, "2015-03-31": 1.8024, "2014-12-31": 2.7139, "2014-09-30": "0.07350", "2014-06-30": 1.7815, "2014-03-31": 2.2173, "2013-12-31": -0.0936, "2013-09-30": "2.68900", "2013-06-30": 0.6158, "2013-03-31": 2.7415, "2012-12-31": -0.4794, "2012-09-30": "1.57560", "2012-06-30": -0.5989, "2012-03-31": 2.3954, "2011-12-31": -0.4871, "2011-09-30": "1.31520", "2011-06-30": 0.0425, "2011-03-31": 2.4163, "2010-12-31": 0.2364, "2010-09-30": "0.44080", "2010-06-30": 0.5645, "2010-03-31": 2.2582, "2009-12-31": 1.3275, "2009-09-30": "1.04090", "2009-06-30": 0.9729, "2009-03-31": 1.5427, "2008-12-31": 0.8449, "2008-09-30": "-0.58680", "2008-06-30": 0.9965, "2008-03-31": 2.2578, "2007-12-31": -0.2663, "2007-09-30": "0.86390", "2007-06-30": -0.774, "2007-03-31": 1.7507, "2006-12-31": -0.2898, "2006-09-30": "1.50510", "2006-06-30": 0.9532, "2006-03-31": 0.3756, "2005-12-31": 1.353, "2005-09-30": "1.50580", "2005-06-30": 1.7682, "2005-03-31": 4.0496}}, "revenue": {"Cardinal Health Annual Revenue (Millions of US $)": {"2020": "$152,922", "2019": "$145,534", "2018": "$136,809", "2017": "$129,976", "2016": "$121,546", "2015": "$102,531", "2014": "$91,084", "2013": "$101,093", "2012": "$107,552", "2011": "$102,644", "2010": "$98,503", "2009": "$95,992", "2008": "$87,408", "2007": "$86,755", "2006": "$79,664", "2005": "$72,666"}, "Cardinal Health Quarterly Revenue (Millions of US $)": {"2020-12-31": "$41,541", "2020-09-30": "$39,065", "2020-06-30": "$36,689", "2020-03-31": "$39,157", "2019-12-31": "$39,735", "2019-09-30": "$37,341", "2019-06-30": "$37,353", "2019-03-31": "$35,228", "2018-12-31": "$37,740", "2018-09-30": "$35,213", "2018-06-30": "$35,349", "2018-03-31": "$33,633", "2017-12-31": "$35,186", "2017-09-30": "$32,641", "2017-06-30": "$32,966", "2017-03-31": "$31,821", "2016-12-31": "$33,150", "2016-09-30": "$32,039", "2016-06-30": "$31,384", "2016-03-31": "$30,662", "2015-12-31": "$31,445", "2015-09-30": "$28,055", "2015-06-30": "$27,549", "2015-03-31": "$25,375", "2014-12-31": "$25,537", "2014-09-30": "$24,070", "2014-06-30": "$22,894", "2014-03-31": "$21,427", "2013-12-31": "$22,240", "2013-09-30": "$24,523", "2013-06-30": "$25,420", "2013-03-31": "$24,552", "2012-12-31": "$25,232", "2012-09-30": "$25,889", "2012-06-30": "$26,764", "2012-03-31": "$26,918", "2011-12-31": "$27,078", "2011-09-30": "$26,792", "2011-06-30": "$26,763", "2011-03-31": "$26,071", "2010-12-31": "$25,372", "2010-09-30": "$24,438", "2010-06-30": "$24,460", "2010-03-31": "$24,343", "2009-12-31": "$24,920", "2009-09-30": "$24,781", "2009-06-30": "$24,347", "2009-03-31": "$24,089", "2008-12-31": "$24,118", "2008-09-30": "$23,437", "2008-06-30": "$22,894", "2008-03-31": "$22,910", "2007-12-31": "$23,283", "2007-09-30": "$21,973", "2007-06-30": "$22,166", "2007-03-31": "$21,867", "2006-12-31": "$21,785", "2006-09-30": "$20,938", "2006-06-30": "$20,867", "2006-03-31": "$20,213", "2005-12-31": "$19,347", "2005-09-30": "$19,237", "2005-06-30": "$17,367", "2005-03-31": "$18,960"}}, "gross-profit": {"Cardinal Health Annual Gross Profit (Millions of US $)": {"2020": "$6,868", "2019": "$6,834", "2018": "$7,181", "2017": "$6,544", "2016": "$6,543", "2015": "$5,712", "2014": "$5,161", "2013": "$4,921", "2012": "$4,541", "2011": "$4,162", "2010": "$3,781", "2009": "$3,748", "2008": "$3,777", "2007": "$5,197", "2006": "$4,814", "2005": "$4,460"}, "Cardinal Health Quarterly Gross Profit (Millions of US $)": {"2020-12-31": "$1,776", "2020-09-30": "$1,715", "2020-06-30": "$1,590", "2020-03-31": "$1,885", "2019-12-31": "$1,714", "2019-09-30": "$1,679", "2019-06-30": "$1,673", "2019-03-31": "$1,764", "2018-12-31": "$1,730", "2018-09-30": "$1,667", "2018-06-30": "$1,735", "2018-03-31": "$1,913", "2017-12-31": "$1,861", "2017-09-30": "$1,672", "2017-06-30": "$1,624", "2017-03-31": "$1,728", "2016-12-31": "$1,602", "2016-09-30": "$1,590", "2016-06-30": "$1,666", "2016-03-31": "$1,689", "2015-12-31": "$1,609", "2015-09-30": "$1,579", "2015-06-30": "$1,458", "2015-03-31": "$1,459", "2014-12-31": "$1,454", "2014-09-30": "$1,341", "2014-06-30": "$1,255", "2014-03-31": "$1,297", "2013-12-31": "$1,345", "2013-09-30": "$1,264", "2013-06-30": "$1,247", "2013-03-31": "$1,291", "2012-12-31": "$1,224", "2012-09-30": "$1,159", "2012-06-30": "$1,136", "2012-03-31": "$1,207", "2011-12-31": "$1,114", "2011-09-30": "$1,084", "2011-06-30": "$1,043", "2011-03-31": "$1,162", "2010-12-31": "$994", "2010-09-30": "$962", "2010-06-30": "$904", "2010-03-31": "$1,010", "2009-12-31": "$958", "2009-09-30": "$909", "2009-06-30": "$944", "2009-03-31": "$987", "2008-12-31": "$915", "2008-09-30": "$901", "2008-06-30": "$1,455", "2008-03-31": "$1,468", "2007-12-31": "$1,355", "2007-09-30": "$1,342", "2007-06-30": "$1,309", "2007-03-31": "$1,388", "2006-12-31": "$1,300", "2006-09-30": "$1,201", "2006-06-30": "$1,200", "2006-03-31": "$1,254", "2005-12-31": "$1,166", "2005-09-30": "$1,194", "2005-06-30": "$831", "2005-03-31": "$1,329"}}, "operating-income": {"Cardinal Health Annual Operating Income (Millions of US $)": {"2020": "$-4,098", "2019": "$2,060", "2018": "$126", "2017": "$2,120", "2016": "$2,459", "2015": "$2,161", "2014": "$1,885", "2013": "$996", "2012": "$1,792", "2011": "$1,514", "2010": "$1,307", "2009": "$1,287", "2008": "$1,392", "2007": "$1,347", "2006": "$1,845", "2005": "$1,782"}, "Cardinal Health Quarterly Operating Income (Millions of US $)": {"2020-12-31": "$461", "2020-09-30": "$-624", "2020-06-30": "$270", "2020-03-31": "$562", "2019-12-31": "$334", "2019-09-30": "$-5,264", "2019-06-30": "$308", "2019-03-31": "$432", "2018-12-31": "$504", "2018-09-30": "$816", "2018-06-30": "$-1,081", "2018-03-31": "$546", "2017-12-31": "$399", "2017-09-30": "$262", "2017-06-30": "$438", "2017-03-31": "$605", "2016-12-31": "$542", "2016-09-30": "$535", "2016-06-30": "$620", "2016-03-31": "$656", "2015-12-31": "$563", "2015-09-30": "$620", "2015-06-30": "$558", "2015-03-31": "$591", "2014-12-31": "$546", "2014-09-30": "$466", "2014-06-30": "$387", "2014-03-31": "$508", "2013-12-31": "$519", "2013-09-30": "$471", "2013-06-30": "$-442", "2013-03-31": "$475", "2012-12-31": "$506", "2012-09-30": "$457", "2012-06-30": "$404", "2012-03-31": "$527", "2011-12-31": "$449", "2011-09-30": "$412", "2011-06-30": "$359", "2011-03-31": "$447", "2010-12-31": "$344", "2010-09-30": "$364", "2010-06-30": "$334", "2010-03-31": "$366", "2009-12-31": "$367", "2009-09-30": "$240", "2009-06-30": "$307", "2009-03-31": "$381", "2008-12-31": "$313", "2008-09-30": "$287", "2008-06-30": "$527", "2008-03-31": "$576", "2007-12-31": "$519", "2007-09-30": "$490", "2007-06-30": "$394", "2007-03-31": "$-10", "2006-12-31": "$512", "2006-09-30": "$451", "2006-06-30": "$476", "2006-03-31": "$535", "2005-12-31": "$457", "2005-09-30": "$377", "2005-06-30": "$502", "2005-03-31": "$591"}}, "ebitda": {"Cardinal Health Annual EBITDA (Millions of US $)": {"2020": "$-3,185", "2019": "$3,060", "2018": "$1,158", "2017": "$2,837", "2016": "$3,100", "2015": "$2,612", "2014": "$2,344", "2013": "$1,393", "2012": "$2,117", "2011": "$1,827", "2010": "$1,561", "2009": "$1,513", "2008": "$1,612", "2007": "$1,662", "2006": "$2,143", "2005": "$2,078"}, "Cardinal Health Quarterly EBITDA (Millions of US $)": {"2020-09-30": "$-419", "2020-06-30": "$495", "2020-03-31": "$786", "2019-12-31": "$564", "2019-09-30": "$-5,030", "2019-06-30": "$549", "2019-03-31": "$693", "2018-12-31": "$757", "2018-09-30": "$1,061", "2018-06-30": "$-828", "2018-03-31": "$805", "2017-12-31": "$690", "2017-09-30": "$491", "2017-06-30": "$630", "2017-03-31": "$791", "2016-12-31": "$708", "2016-09-30": "$708", "2016-06-30": "$796", "2016-03-31": "$815", "2015-12-31": "$732", "2015-09-30": "$757", "2015-06-30": "$673", "2015-03-31": "$707", "2014-12-31": "$658", "2014-09-30": "$574", "2014-06-30": "$502", "2014-03-31": "$618", "2013-12-31": "$636", "2013-09-30": "$588", "2013-06-30": "$-320", "2013-03-31": "$574", "2012-12-31": "$594", "2012-09-30": "$545", "2012-06-30": "$490", "2012-03-31": "$610", "2011-12-31": "$527", "2011-09-30": "$490", "2011-06-30": "$433", "2011-03-31": "$545", "2010-12-31": "$417", "2010-09-30": "$432", "2010-06-30": "$394", "2010-03-31": "$435", "2009-12-31": "$426", "2009-09-30": "$306", "2009-06-30": "$364", "2009-03-31": "$434", "2008-12-31": "$382", "2008-09-30": "$334", "2008-06-30": "$462", "2008-03-31": "$669", "2007-12-31": "$616", "2007-09-30": "$585", "2007-06-30": "$471", "2007-03-31": "$72", "2006-12-31": "$589", "2006-09-30": "$530", "2006-06-30": "$554", "2006-03-31": "$609", "2005-12-31": "$502", "2005-09-30": "$478", "2005-06-30": "$511", "2005-03-31": "$686"}}, "net-income": {"Cardinal Health Annual Net Income (Millions of US $)": {"2020": "$-3,696", "2019": "$1,363", "2018": "$256", "2017": "$1,288", "2016": "$1,427", "2015": "$1,215", "2014": "$1,166", "2013": "$334", "2012": "$1,069", "2011": "$959", "2010": "$642", "2009": "$1,152", "2008": "$1,301", "2007": "$1,931", "2006": "$1,000", "2005": "$1,051"}, "Cardinal Health Quarterly Net Income (Millions of US $)": {"2020-12-31": "$629", "2020-09-30": "$-253", "2020-06-30": "$656", "2020-03-31": "$350", "2019-12-31": "$220", "2019-09-30": "$-4,922", "2019-06-30": "$194", "2019-03-31": "$296", "2018-12-31": "$280", "2018-09-30": "$593", "2018-06-30": "$-1,167", "2018-03-31": "$255", "2017-12-31": "$1,053", "2017-09-30": "$115", "2017-06-30": "$274", "2017-03-31": "$381", "2016-12-31": "$324", "2016-09-30": "$309", "2016-06-30": "$332", "2016-03-31": "$386", "2015-12-31": "$326", "2015-09-30": "$383", "2015-06-30": "$295", "2015-03-31": "$365", "2014-12-31": "$289", "2014-09-30": "$266", "2014-06-30": "$234", "2014-03-31": "$315", "2013-12-31": "$278", "2013-09-30": "$339", "2013-06-30": "$-585", "2013-03-31": "$345", "2012-12-31": "$303", "2012-09-30": "$271", "2012-06-30": "$237", "2012-03-31": "$333", "2011-12-31": "$262", "2011-09-30": "$237", "2011-06-30": "$203", "2011-03-31": "$246", "2010-12-31": "$215", "2010-09-30": "$295", "2010-06-30": "$223", "2010-03-31": "$222", "2009-12-31": "$235", "2009-09-30": "$-38", "2009-06-30": "$273", "2009-03-31": "$313", "2008-12-31": "$317", "2008-09-30": "$249", "2008-06-30": "$318", "2008-03-31": "$356", "2007-12-31": "$325", "2007-09-30": "$302", "2007-06-30": "$902", "2007-03-31": "$19", "2006-12-31": "$739", "2006-09-30": "$271", "2006-06-30": "$321", "2006-03-31": "$147", "2005-12-31": "$304", "2005-09-30": "$228", "2005-06-30": "$258", "2005-03-31": "$366"}}, "eps-earnings-per-share-diluted": {"Cardinal Health Annual EPS": {"2020": "$-12.61", "2019": "$4.53", "2018": "$0.81", "2017": "$4.03", "2016": "$4.32", "2015": "$3.62", "2014": "$3.38", "2013": "$0.97", "2012": "$3.06", "2011": "$2.72", "2010": "$1.77", "2009": "$3.18", "2008": "$3.57", "2007": "$4.77", "2006": "$2.33", "2005": "$2.41"}, "Cardinal Health Quarterly EPS": {"2020-12-31": "$2.13", "2020-09-30": "$-0.86", "2020-06-30": "$2.10", "2020-03-31": "$1.19", "2019-12-31": "$0.75", "2019-09-30": "$-16.65", "2019-06-30": "$0.67", "2019-03-31": "$0.99", "2018-12-31": "$0.93", "2018-09-30": "$1.94", "2018-06-30": "$-3.69", "2018-03-31": "$0.81", "2017-12-31": "$3.33", "2017-09-30": "$0.36", "2017-06-30": "$0.85", "2017-03-31": "$1.20", "2016-12-31": "$1.02", "2016-09-30": "$0.96", "2016-06-30": "$1.02", "2016-03-31": "$1.17", "2015-12-31": "$0.98", "2015-09-30": "$1.15", "2015-06-30": "$0.89", "2015-03-31": "$1.09", "2014-12-31": "$0.86", "2014-09-30": "$0.78", "2014-06-30": "$0.68", "2014-03-31": "$0.91", "2013-12-31": "$0.80", "2013-09-30": "$0.99", "2013-06-30": "$-1.70", "2013-03-31": "$1.00", "2012-12-31": "$0.88", "2012-09-30": "$0.79", "2012-06-30": "$0.68", "2012-03-31": "$0.95", "2011-12-31": "$0.75", "2011-09-30": "$0.68", "2011-06-30": "$0.57", "2011-03-31": "$0.70", "2010-12-31": "$0.61", "2010-09-30": "$0.84", "2010-06-30": "$0.62", "2010-03-31": "$0.61", "2009-12-31": "$0.65", "2009-09-30": "$-0.11", "2009-06-30": "$0.74", "2009-03-31": "$0.87", "2008-12-31": "$0.88", "2008-09-30": "$0.69", "2008-06-30": "$0.88", "2008-03-31": "$0.99", "2007-12-31": "$0.89", "2007-09-30": "$0.82", "2007-06-30": "$2.26", "2007-03-31": "$0.05", "2006-12-31": "$1.80", "2006-09-30": "$0.66", "2006-06-30": "$0.76", "2006-03-31": "$0.34", "2005-12-31": "$0.70", "2005-09-30": "$0.53", "2005-06-30": "$0.59", "2005-03-31": "$0.84"}}, "shares-outstanding": {"Cardinal Health Annual Shares Outstanding (Millions of Shares)": {"2020": "293", "2019": "301", "2018": "315", "2017": "320", "2016": "330", "2015": "335", "2014": "345", "2013": "344", "2012": "349", "2011": "353", "2010": "361", "2009": "362", "2008": "364", "2007": "405", "2006": "429", "2005": "436"}, "Cardinal Health Quarterly Shares Outstanding (Millions of Shares)": {"2020-12-31": "295", "2020-09-30": "293", "2020-06-30": "293", "2020-03-31": "294", "2019-12-31": "294", "2019-09-30": "296", "2019-06-30": "301", "2019-03-31": "299", "2018-12-31": "300", "2018-09-30": "306", "2018-06-30": "315", "2018-03-31": "315", "2017-12-31": "316", "2017-09-30": "318", "2017-06-30": "320", "2017-03-31": "318", "2016-12-31": "319", "2016-09-30": "322", "2016-06-30": "330", "2016-03-31": "331", "2015-12-31": "332", "2015-09-30": "331", "2015-06-30": "335", "2015-03-31": "334", "2014-12-31": "334", "2014-09-30": "340", "2014-06-30": "345", "2014-03-31": "347", "2013-12-31": "346", "2013-09-30": "344", "2013-06-30": "344", "2013-03-31": "345", "2012-12-31": "343", "2012-09-30": "344", "2012-06-30": "349", "2012-03-31": "349", "2011-12-31": "349", "2011-09-30": "349", "2011-06-30": "353", "2011-03-31": "353", "2010-12-31": "351", "2010-09-30": "352", "2010-06-30": "361", "2010-03-31": "362", "2009-12-31": "361", "2009-09-30": "359", "2009-06-30": "362", "2009-03-31": "361", "2008-12-31": "360", "2008-09-30": "361", "2008-06-30": "360", "2008-03-31": "360", "2007-12-31": "365", "2007-09-30": "370", "2007-06-30": "405", "2007-03-31": "395", "2006-12-31": "411", "2006-09-30": "413", "2006-06-30": "429", "2006-03-31": "428", "2005-12-31": "432", "2005-09-30": "431", "2005-06-30": "436", "2005-03-31": "438"}}, "total-assets": {"Cardinal Health Annual Total Assets (Millions of US $)": {"2020": "$40,766", "2019": "$40,963", "2018": "$39,951", "2017": "$40,112", "2016": "$34,122", "2015": "$30,142", "2014": "$26,033", "2013": "$25,819", "2012": "$24,260", "2011": "$22,846", "2010": "$19,990", "2009": "$25,119", "2008": "$23,448", "2007": "$23,154", "2006": "$23,433", "2005": "$21,838"}, "Cardinal Health Quarterly Total Assets (Millions of US $)": {"2020-09-30": "$41,727", "2020-06-30": "$40,766", "2020-03-31": "$41,148", "2019-12-31": "$41,042", "2019-09-30": "$39,179", "2019-06-30": "$40,963", "2019-03-31": "$40,809", "2018-12-31": "$40,462", "2018-09-30": "$40,011", "2018-06-30": "$39,951", "2018-03-31": "$41,031", "2017-12-31": "$42,905", "2017-09-30": "$41,940", "2017-06-30": "$40,112", "2017-03-31": "$34,174", "2016-12-31": "$35,021", "2016-09-30": "$34,406", "2016-06-30": "$34,122", "2016-03-31": "$34,055", "2015-12-31": "$33,507", "2015-09-30": "$31,222", "2015-06-30": "$30,142", "2015-03-31": "$27,888", "2014-12-31": "$27,248", "2014-09-30": "$25,711", "2014-06-30": "$26,033", "2014-03-31": "$24,701", "2013-12-31": "$25,009", "2013-09-30": "$23,816", "2013-06-30": "$25,819", "2013-03-31": "$26,723", "2012-12-31": "$24,642", "2012-09-30": "$24,820", "2012-06-30": "$24,260", "2012-03-31": "$24,642", "2011-12-31": "$24,263", "2011-09-30": "$23,183", "2011-06-30": "$22,846", "2011-03-31": "$23,197", "2010-12-31": "$22,850", "2010-09-30": "$20,973", "2010-06-30": "$19,990", "2010-03-31": "$21,270", "2009-12-31": "$20,822", "2009-09-30": "$20,435", "2009-06-30": "$25,119", "2009-03-31": "$25,535", "2008-12-31": "$25,015", "2008-09-30": "$24,645", "2008-06-30": "$23,448", "2008-03-31": "$23,603", "2007-12-31": "$23,467", "2007-09-30": "$22,998", "2007-06-30": "$23,154", "2007-03-31": "$24,292", "2006-12-31": "$24,137", "2006-09-30": "$23,431", "2006-06-30": "$23,433", "2006-03-31": "$23,646", "2005-12-31": "$23,230", "2005-09-30": "$22,970", "2005-06-30": "$21,838", "2005-03-31": "$22,139"}}, "cash-on-hand": {"Cardinal Health Annual Cash on Hand (Millions of US $)": {"2020": "$2,771", "2019": "$2,531", "2018": "$1,763", "2017": "$6,879", "2016": "$2,356", "2015": "$4,616", "2014": "$2,865", "2013": "$1,901", "2012": "$2,274", "2011": "$1,929", "2010": "$2,755", "2009": "$1,222", "2008": "$1,675", "2007": "$1,796", "2006": "$1,976", "2005": "$1,738"}, "Cardinal Health Quarterly Cash on Hand (Millions of US $)": {"2020-09-30": "$2,746", "2020-06-30": "$2,771", "2020-03-31": "$2,329", "2019-12-31": "$1,659", "2019-09-30": "$1,212", "2019-06-30": "$2,531", "2019-03-31": "$3,438", "2018-12-31": "$2,182", "2018-09-30": "$2,045", "2018-06-30": "$1,763", "2018-03-31": "$2,175", "2017-12-31": "$1,249", "2017-09-30": "$1,181", "2017-06-30": "$6,879", "2017-03-31": "$1,368", "2016-12-31": "$1,881", "2016-09-30": "$2,001", "2016-06-30": "$2,356", "2016-03-31": "$2,598", "2015-12-31": "$2,324", "2015-09-30": "$2,974", "2015-06-30": "$4,616", "2015-03-31": "$3,183", "2014-12-31": "$2,881", "2014-09-30": "$2,469", "2014-06-30": "$2,865", "2014-03-31": "$3,041", "2013-12-31": "$2,741", "2013-09-30": "$2,753", "2013-06-30": "$1,901", "2013-03-31": "$2,305", "2012-12-31": "$2,255", "2012-09-30": "$2,440", "2012-06-30": "$2,274", "2012-03-31": "$2,410", "2011-12-31": "$1,798", "2011-09-30": "$2,011", "2011-06-30": "$1,929", "2011-03-31": "$1,962", "2010-12-31": "$1,348", "2010-09-30": "$2,712", "2010-06-30": "$2,755", "2010-03-31": "$2,639", "2009-12-31": "$1,747", "2009-09-30": "$1,585", "2009-06-30": "$1,222", "2009-03-31": "$1,769", "2008-12-31": "$1,161", "2008-09-30": "$1,057", "2008-06-30": "$1,675", "2008-03-31": "$1,910", "2007-12-31": "$1,563", "2007-09-30": "$1,659", "2007-06-30": "$1,796", "2007-03-31": "$1,504", "2006-12-31": "$1,801", "2006-09-30": "$2,375", "2006-06-30": "$1,976", "2006-03-31": "$2,486", "2005-12-31": "$2,903", "2005-09-30": "$2,429", "2005-06-30": "$1,738", "2005-03-31": "$1,765"}}, "long-term-debt": {"Cardinal Health Annual Long Term Debt (Millions of US $)": {"2020": "$6,765", "2019": "$7,579", "2018": "$8,012", "2017": "$9,068", "2016": "$4,952", "2015": "$5,211", "2014": "$3,171", "2013": "$3,686", "2012": "$2,418", "2011": "$2,175", "2010": "$1,896", "2009": "$3,272", "2008": "$3,687", "2007": "$3,457", "2006": "$2,589", "2005": "$2,320"}, "Cardinal Health Quarterly Long Term Debt (Millions of US $)": {"2020-09-30": "$6,728", "2020-06-30": "$6,765", "2020-03-31": "$6,754", "2019-12-31": "$6,742", "2019-09-30": "$7,360", "2019-06-30": "$7,579", "2019-03-31": "$7,629", "2018-12-31": "$7,599", "2018-09-30": "$7,999", "2018-06-30": "$8,012", "2018-03-31": "$9,027", "2017-12-31": "$9,057", "2017-09-30": "$9,068", "2017-06-30": "$9,068", "2017-03-31": "$4,854", "2016-12-31": "$4,859", "2016-09-30": "$4,916", "2016-06-30": "$4,952", "2016-03-31": "$5,195", "2015-12-31": "$5,171", "2015-09-30": "$5,231", "2015-06-30": "$5,211", "2015-03-31": "$3,720", "2014-12-31": "$3,706", "2014-09-30": "$3,164", "2014-06-30": "$3,171", "2014-03-31": "$3,679", "2013-12-31": "$3,679", "2013-09-30": "$3,693", "2013-06-30": "$3,686", "2013-03-31": "$3,714", "2012-12-31": "$2,423", "2012-09-30": "$2,408", "2012-06-30": "$2,418", "2012-03-31": "$2,208", "2011-12-31": "$2,211", "2011-09-30": "$2,195", "2011-06-30": "$2,175", "2011-03-31": "$2,362", "2010-12-31": "$2,380", "2010-09-30": "$1,906", "2010-06-30": "$1,896", "2010-03-31": "$1,876", "2009-12-31": "$2,099", "2009-09-30": "$2,104", "2009-06-30": "$3,272", "2009-03-31": "$3,303", "2008-12-31": "$3,389", "2008-09-30": "$3,597", "2008-06-30": "$3,687", "2008-03-31": "$3,450", "2007-12-31": "$3,397", "2007-09-30": "$3,348", "2007-06-30": "$3,457", "2007-03-31": "$2,899", "2006-12-31": "$2,936", "2006-09-30": "$2,627", "2006-06-30": "$2,589", "2006-03-31": "$2,548", "2005-12-31": "$2,568", "2005-09-30": "$2,204", "2005-06-30": "$2,320", "2005-03-31": "$2,303"}}, "total-liabilities": {"Cardinal Health Annual Total Liabilities (Millions of US $)": {"2020": "$38,974", "2019": "$34,633", "2018": "$33,892", "2017": "$33,284", "2016": "$27,551", "2015": "$23,886", "2014": "$19,632", "2013": "$19,844", "2012": "$18,016", "2011": "$16,997", "2010": "$14,714", "2009": "$16,394", "2008": "$15,701", "2007": "$15,777", "2006": "$14,943", "2005": "$13,245"}, "Cardinal Health Quarterly Total Liabilities (Millions of US $)": {"2020-09-30": "$40,302", "2020-06-30": "$38,974", "2020-03-31": "$39,942", "2019-12-31": "$40,040", "2019-09-30": "$38,276", "2019-06-30": "$34,633", "2019-03-31": "$34,577", "2018-12-31": "$34,419", "2018-09-30": "$34,098", "2018-06-30": "$33,892", "2018-03-31": "$33,493", "2017-12-31": "$35,286", "2017-09-30": "$35,245", "2017-06-30": "$33,284", "2017-03-31": "$27,509", "2016-12-31": "$28,680", "2016-09-30": "$27,875", "2016-06-30": "$27,551", "2016-03-31": "$27,325", "2015-12-31": "$26,779", "2015-09-30": "$24,695", "2015-06-30": "$23,886", "2015-03-31": "$21,519", "2014-12-31": "$21,148", "2014-09-30": "$19,455", "2014-06-30": "$19,632", "2014-03-31": "$18,169", "2013-12-31": "$18,420", "2013-09-30": "$17,519", "2013-06-30": "$19,844", "2013-03-31": "$19,893", "2012-12-31": "$18,100", "2012-09-30": "$18,539", "2012-06-30": "$18,016", "2012-03-31": "$18,402", "2011-12-31": "$18,336", "2011-09-30": "$17,469", "2011-06-30": "$16,997", "2011-03-31": "$17,540", "2010-12-31": "$17,428", "2010-09-30": "$15,734", "2010-06-30": "$14,714", "2010-03-31": "$15,909", "2009-12-31": "$15,595", "2009-09-30": "$15,494", "2009-06-30": "$16,394", "2009-03-31": "$17,100", "2008-12-31": "$16,887", "2008-09-30": "$16,727", "2008-06-30": "$15,701", "2008-03-31": "$16,210", "2007-12-31": "$16,359", "2007-09-30": "$15,930", "2007-06-30": "$15,777", "2007-03-31": "$16,423", "2006-12-31": "$15,229", "2006-09-30": "$15,010", "2006-06-30": "$14,943", "2006-03-31": "$15,059", "2005-12-31": "$14,479", "2005-09-30": "$14,091", "2005-06-30": "$13,245", "2005-03-31": "$13,464"}}, "total-share-holder-equity": {"Cardinal Health Annual Share Holder Equity (Millions of US $)": {"2020": "$1,792", "2019": "$6,330", "2018": "$6,059", "2017": "$6,828", "2016": "$6,571", "2015": "$6,256", "2014": "$6,401", "2013": "$5,975", "2012": "$6,244", "2011": "$5,849", "2010": "$5,276", "2009": "$8,725", "2008": "$7,748", "2007": "$7,377", "2006": "$8,491", "2005": "$8,593"}, "Cardinal Health Quarterly Share Holder Equity (Millions of US $)": {"2020-09-30": "$1,425", "2020-06-30": "$1,792", "2020-03-31": "$1,206", "2019-12-31": "$1,002", "2019-09-30": "$903", "2019-06-30": "$6,330", "2019-03-31": "$6,232", "2018-12-31": "$6,043", "2018-09-30": "$5,913", "2018-06-30": "$6,059", "2018-03-31": "$7,538", "2017-12-31": "$7,619", "2017-09-30": "$6,695", "2017-06-30": "$6,828", "2017-03-31": "$6,665", "2016-12-31": "$6,341", "2016-09-30": "$6,531", "2016-06-30": "$6,571", "2016-03-31": "$6,730", "2015-12-31": "$6,728", "2015-09-30": "$6,527", "2015-06-30": "$6,256", "2015-03-31": "$6,369", "2014-12-31": "$6,100", "2014-09-30": "$6,256", "2014-06-30": "$6,401", "2014-03-31": "$6,532", "2013-12-31": "$6,589", "2013-09-30": "$6,297", "2013-06-30": "$5,975", "2013-03-31": "$6,830", "2012-12-31": "$6,542", "2012-09-30": "$6,281", "2012-06-30": "$6,244", "2012-03-31": "$6,240", "2011-12-31": "$5,928", "2011-09-30": "$5,714", "2011-06-30": "$5,849", "2011-03-31": "$5,657", "2010-12-31": "$5,421", "2010-09-30": "$5,239", "2010-06-30": "$5,276", "2010-03-31": "$5,361", "2009-12-31": "$5,226", "2009-09-30": "$4,941", "2009-06-30": "$8,725", "2009-03-31": "$8,435", "2008-12-31": "$8,128", "2008-09-30": "$7,918", "2008-06-30": "$7,748", "2008-03-31": "$7,393", "2007-12-31": "$7,108", "2007-09-30": "$7,068", "2007-06-30": "$7,377", "2007-03-31": "$7,869", "2006-12-31": "$8,908", "2006-09-30": "$8,421", "2006-06-30": "$8,491", "2006-03-31": "$8,587", "2005-12-31": "$8,751", "2005-09-30": "$8,879", "2005-06-30": "$8,593", "2005-03-31": "$8,674"}}, "profit-margins": {"current": "0.63%"}, "gross margin": {"2020-12-31": "4.45%", "2020-09-30": "4.46%", "2020-06-30": "4.49%", "2020-03-31": "4.53%", "2019-12-31": "4.56%", "2019-09-30": "4.64%", "2019-06-30": "4.70%", "2019-03-31": "4.80%", "2018-12-31": "4.96%", "2018-09-30": "5.15%", "2018-06-30": "5.25%", "2018-03-31": "5.26%", "2017-12-31": "5.19%", "2017-09-30": "5.07%", "2017-06-30": "5.03%", "2017-03-31": "5.13%", "2016-12-31": "5.15%", "2016-09-30": "5.22%", "2016-06-30": "5.38%", "2016-03-31": "5.38%", "2015-12-31": "5.43%", "2015-09-30": "5.59%", "2015-06-30": "5.57%", "2015-03-31": "5.63%", "2014-12-31": "5.69%", "2014-09-30": "5.78%", "2014-06-30": "5.67%", "2014-03-31": "5.50%", "2013-12-31": "5.32%", "2013-09-30": "5.04%", "2013-06-30": "4.87%", "2013-03-31": "4.70%", "2012-12-31": "4.51%", "2012-09-30": "4.33%", "2012-06-30": "4.22%", "2012-03-31": "4.14%", "2011-12-31": "4.13%", "2011-09-30": "4.08%", "2011-06-30": "4.05%", "2011-03-31": "4.01%", "2010-12-31": "3.92%", "2010-09-30": "3.91%", "2010-06-30": "3.84%", "2010-03-31": "3.88%", "2009-12-31": "3.87%", "2009-09-30": "3.86%", "2009-06-30": "3.90%", "2009-03-31": "4.50%", "2008-12-31": "5.08%", "2008-09-30": "5.60%", "2008-06-30": "6.17%", "2008-03-31": "6.06%", "2007-12-31": "6.04%", "2007-09-30": "6.08%", "2007-06-30": "5.99%", "2007-03-31": "5.96%", "2006-12-31": "5.91%", "2006-09-30": "5.93%", "2006-06-30": "6.04%", "2006-03-31": "5.84%", "2005-12-31": "6.03%"}, "operating margin": {"2020-12-31": "0.43%", "2020-09-30": "0.35%", "2020-06-30": "-2.68%", "2020-03-31": "-2.64%", "2019-12-31": "-2.80%", "2019-09-30": "-2.72%", "2019-06-30": "1.42%", "2019-03-31": "0.47%", "2018-12-31": "0.55%", "2018-09-30": "0.49%", "2018-06-30": "0.09%", "2018-03-31": "1.22%", "2017-12-31": "1.28%", "2017-09-30": "1.41%", "2017-06-30": "1.63%", "2017-03-31": "1.79%", "2016-12-31": "1.85%", "2016-09-30": "1.89%", "2016-06-30": "2.02%", "2016-03-31": "2.04%", "2015-12-31": "2.07%", "2015-09-30": "2.17%", "2015-06-30": "2.11%", "2015-03-31": "2.03%", "2014-12-31": "2.03%", "2014-09-30": "2.07%", "2014-06-30": "2.07%", "2014-03-31": "1.13%", "2013-12-31": "1.06%", "2013-09-30": "1.01%", "2013-06-30": "0.99%", "2013-03-31": "1.80%", "2012-12-31": "1.81%", "2012-09-30": "1.72%", "2012-06-30": "1.67%", "2012-03-31": "1.62%", "2011-12-31": "1.56%", "2011-09-30": "1.49%", "2011-06-30": "1.48%", "2011-03-31": "1.48%", "2010-12-31": "1.43%", "2010-09-30": "1.46%", "2010-06-30": "1.33%", "2010-03-31": "1.30%", "2009-12-31": "1.32%", "2009-09-30": "1.27%", "2009-06-30": "1.34%", "2009-03-31": "1.60%", "2008-12-31": "1.82%", "2008-09-30": "2.06%", "2008-06-30": "2.32%", "2008-03-31": "2.19%", "2007-12-31": "1.56%", "2007-09-30": "1.58%", "2007-06-30": "1.55%", "2007-03-31": "1.67%", "2006-12-31": "2.36%", "2006-09-30": "2.36%", "2006-06-30": "2.32%", "2006-03-31": "2.46%", "2005-12-31": "2.57%"}, "ebitda margin": {"2020-09-30": "0.92%", "2020-06-30": "-2.08%", "2020-03-31": "-2.04%", "2019-12-31": "-2.15%", "2019-09-30": "-2.05%", "2019-06-30": "2.10%", "2019-03-31": "1.17%", "2018-12-31": "1.26%", "2018-09-30": "1.24%", "2018-06-30": "0.85%", "2018-03-31": "1.95%", "2017-12-31": "1.96%", "2017-09-30": "2.01%", "2017-06-30": "2.18%", "2017-03-31": "2.34%", "2016-12-31": "2.38%", "2016-09-30": "2.43%", "2016-06-30": "2.55%", "2016-03-31": "2.53%", "2015-12-31": "2.55%", "2015-09-30": "2.62%", "2015-06-30": "2.55%", "2015-03-31": "2.49%", "2014-12-31": "2.50%", "2014-09-30": "2.57%", "2014-06-30": "2.57%", "2014-03-31": "1.63%", "2013-12-31": "1.53%", "2013-09-30": "1.44%", "2013-06-30": "1.38%", "2013-03-31": "2.15%", "2012-12-31": "2.14%", "2012-09-30": "2.04%", "2012-06-30": "1.97%", "2012-03-31": "1.92%", "2011-12-31": "1.87%", "2011-09-30": "1.80%", "2011-06-30": "1.78%", "2011-03-31": "1.78%", "2010-12-31": "1.70%", "2010-09-30": "1.72%", "2010-06-30": "1.58%", "2010-03-31": "1.56%", "2009-12-31": "1.56%", "2009-09-30": "1.53%", "2009-06-30": "1.58%", "2009-03-31": "1.71%", "2008-12-31": "1.98%", "2008-09-30": "2.25%", "2008-06-30": "2.56%", "2008-03-31": "2.59%", "2007-12-31": "1.95%", "2007-09-30": "1.96%", "2007-06-30": "1.92%", "2007-03-31": "2.04%", "2006-12-31": "2.72%", "2006-09-30": "2.70%", "2006-06-30": "2.69%", "2006-03-31": "2.76%", "2005-12-31": "2.91%"}, "pre tax profit margin": {"2020-12-31": "0.68%", "2020-09-30": "0.59%", "2020-06-30": "-2.47%", "2020-03-31": "-2.83%", "2019-12-31": "-2.98%", "2019-09-30": "-2.93%", "2019-06-30": "1.20%", "2019-03-31": "0.23%", "2018-12-31": "0.30%", "2018-09-30": "0.24%", "2018-06-30": "-0.17%", "2018-03-31": "0.99%", "2017-12-31": "1.08%", "2017-09-30": "1.23%", "2017-06-30": "1.48%", "2017-03-31": "1.66%", "2016-12-31": "1.71%", "2016-09-30": "1.75%", "2016-06-30": "1.87%", "2016-03-31": "1.89%", "2015-12-31": "1.93%", "2015-09-30": "1.97%", "2015-06-30": "1.92%", "2015-03-31": "1.84%", "2014-12-31": "1.86%", "2014-09-30": "1.98%", "2014-06-30": "1.97%", "2014-03-31": "1.03%", "2013-12-31": "0.93%", "2013-09-30": "0.89%", "2013-06-30": "0.88%", "2013-03-31": "1.70%", "2012-12-31": "1.73%", "2012-09-30": "1.64%", "2012-06-30": "1.58%", "2012-03-31": "1.55%", "2011-12-31": "1.48%", "2011-09-30": "1.41%", "2011-06-30": "1.48%", "2011-03-31": "1.48%", "2010-12-31": "1.44%", "2010-09-30": "1.49%", "2010-06-30": "1.23%", "2010-03-31": "1.21%", "2009-12-31": "1.20%", "2009-09-30": "1.11%", "2009-06-30": "1.21%", "2009-03-31": "1.43%", "2008-12-31": "1.66%", "2008-09-30": "1.89%", "2008-06-30": "2.13%", "2008-03-31": "2.03%", "2007-12-31": "1.40%", "2007-09-30": "1.44%", "2007-06-30": "1.41%", "2007-03-31": "1.53%", "2006-12-31": "2.22%", "2006-09-30": "2.22%", "2006-06-30": "2.19%", "2006-03-31": "2.32%", "2005-12-31": "2.41%"}, "net profit margin": {"2020-12-31": "0.88%", "2020-09-30": "0.63%", "2020-06-30": "-2.42%", "2020-03-31": "-2.71%", "2019-12-31": "-2.81%", "2019-09-30": "-2.81%", "2019-06-30": "0.94%", "2019-03-31": "0.00%", "2018-12-31": "-0.03%", "2018-09-30": "0.53%", "2018-06-30": "0.19%", "2018-03-31": "1.26%", "2017-12-31": "1.37%", "2017-09-30": "0.84%", "2017-06-30": "0.99%", "2017-03-31": "1.05%", "2016-12-31": "1.06%", "2016-09-30": "1.08%", "2016-06-30": "1.17%", "2016-03-31": "1.18%", "2015-12-31": "1.22%", "2015-09-30": "1.25%", "2015-06-30": "1.19%", "2015-03-31": "1.18%", "2014-12-31": "1.18%", "2014-09-30": "1.21%", "2014-06-30": "1.28%", "2014-03-31": "0.37%", "2013-12-31": "0.39%", "2013-09-30": "0.40%", "2013-06-30": "0.33%", "2013-03-31": "1.13%", "2012-12-31": "1.09%", "2012-09-30": "1.03%", "2012-06-30": "0.99%", "2012-03-31": "0.96%", "2011-12-31": "0.89%", "2011-09-30": "0.86%", "2011-06-30": "0.93%", "2011-03-31": "0.98%", "2010-12-31": "0.97%", "2010-09-30": "0.99%", "2010-06-30": "0.65%", "2010-03-31": "0.70%", "2009-12-31": "0.80%", "2009-09-30": "0.89%", "2009-06-30": "1.20%", "2009-03-31": "1.27%", "2008-12-31": "1.33%", "2008-09-30": "1.35%", "2008-06-30": "1.43%", "2008-03-31": "2.09%", "2007-12-31": "1.73%", "2007-09-30": "2.23%", "2007-06-30": "2.23%", "2007-03-31": "1.58%", "2006-12-31": "1.76%", "2006-09-30": "1.28%", "2006-06-30": "1.26%", "2006-03-31": "1.23%", "2005-12-31": "1.54%"}, "pe ratio": {"current": "9.18", "2021-02-05": "21.20", "2020-12-31": "20.92", "2020-09-30": "14.06", "2020-06-30": "0.00", "2020-03-31": "0.00", "2019-12-31": "0.00", "2019-09-30": "0.00", "2019-06-30": "9.85", "2019-03-31": "449.69", "2018-12-31": "0.00", "2018-09-30": "21.53", "2018-06-30": "60.49", "2018-03-31": "10.62", "2017-12-31": "9.60", "2017-09-30": "17.40", "2017-06-30": "17.13", "2017-03-31": "17.15", "2016-12-31": "15.16", "2016-09-30": "16.42", "2016-06-30": "15.67", "2016-03-31": "16.91", "2015-12-31": "18.70", "2015-09-30": "16.50", "2015-06-30": "19.71", "2015-03-31": "22.42", "2014-12-31": "21.09", "2014-09-30": "19.86", "2014-06-30": "16.96", "2014-03-31": "59.43", "2013-12-31": "51.74", "2013-09-30": "37.41", "2013-06-30": "40.75", "2013-03-31": "10.13", "2012-12-31": "10.10", "2012-09-30": "9.82", "2012-06-30": "10.90", "2012-03-31": "11.54", "2011-12-31": "11.82", "2011-09-30": "12.78", "2011-06-30": "12.98", "2011-03-31": "11.49", "2010-12-31": "11.01", "2010-09-30": "9.31", "2010-06-30": "14.47", "2010-03-31": "14.36", "2009-12-31": "11.25", "2009-09-30": "8.41", "2009-06-30": "5.14", "2009-03-31": "5.01", "2008-12-31": "5.28", "2008-09-30": "7.49", "2008-06-30": "7.54", "2008-03-31": "5.49", "2007-12-31": "7.41", "2007-09-30": "6.55", "2007-06-30": "7.63", "2007-03-31": "11.64", "2006-12-31": "9.43"}, "price sales": {"2021-02-05": "0.10", "2020-12-31": "0.10", "2020-09-30": "0.09", "2020-06-30": "0.10", "2020-03-31": "0.09", "2019-12-31": "0.10", "2019-09-30": "0.09", "2019-06-30": "0.09", "2019-03-31": "0.10", "2018-12-31": "0.09", "2018-09-30": "0.11", "2018-06-30": "0.10", "2018-03-31": "0.13", "2017-12-31": "0.13", "2017-09-30": "0.15", "2017-06-30": "0.17", "2017-03-31": "0.18", "2016-12-31": "0.16", "2016-09-30": "0.18", "2016-06-30": "0.18", "2016-03-31": "0.20", "2015-12-31": "0.23", "2015-09-30": "0.21", "2015-06-30": "0.23", "2015-03-31": "0.26", "2014-12-31": "0.25", "2014-09-30": "0.24", "2014-06-30": "0.22", "2014-03-31": "0.21", "2013-12-31": "0.20", "2013-09-30": "0.15", "2013-06-30": "0.13", "2013-03-31": "0.11", "2012-12-31": "0.11", "2012-09-30": "0.10", "2012-06-30": "0.11", "2012-03-31": "0.11", "2011-12-31": "0.10", "2011-09-30": "0.11", "2011-06-30": "0.12", "2011-03-31": "0.11", "2010-12-31": "0.11", "2010-09-30": "0.09", "2010-06-30": "0.09", "2010-03-31": "0.10", "2009-12-31": "0.09", "2009-09-30": "0.07", "2009-06-30": "0.06", "2009-03-31": "0.06", "2008-12-31": "0.07", "2008-09-30": "0.10", "2008-06-30": "0.11", "2008-03-31": "0.11", "2007-12-31": "0.13", "2007-09-30": "0.15", "2007-06-30": "0.17", "2007-03-31": "0.18", "2006-12-31": "0.17"}, "price book": {"current": "11.17", "2021-02-05": "11.19", "2020-09-30": "9.60", "2020-06-30": "8.37", "2020-03-31": "11.28", "2019-12-31": "14.18", "2019-09-30": "14.59", "2019-06-30": "2.10", "2019-03-31": "2.15", "2018-12-31": "2.03", "2018-09-30": "2.53", "2018-06-30": "2.28", "2018-03-31": "2.35", "2017-12-31": "2.28", "2017-09-30": "2.82", "2017-06-30": "3.20", "2017-03-31": "3.41", "2016-12-31": "3.15", "2016-09-30": "3.32", "2016-06-30": "3.32", "2016-03-31": "3.42", "2015-12-31": "3.76", "2015-09-30": "3.31", "2015-06-30": "3.73", "2015-03-31": "3.97", "2014-12-31": "3.68", "2014-09-30": "3.36", "2014-06-30": "3.02", "2014-03-31": "3.04", "2013-12-31": "2.88", "2013-09-30": "2.33", "2013-06-30": "2.20", "2013-03-31": "1.70", "2012-12-31": "1.74", "2012-09-30": "1.69", "2012-06-30": "1.83", "2012-03-31": "1.89", "2011-12-31": "1.86", "2011-09-30": "1.98", "2011-06-30": "2.13", "2011-03-31": "1.97", "2010-12-31": "1.90", "2010-09-30": "1.69", "2010-06-30": "1.73", "2010-03-31": "1.84", "2009-12-31": "1.68", "2009-09-30": "1.47", "2009-06-30": "0.68", "2009-03-31": "0.72", "2008-12-31": "0.81", "2008-09-30": "1.18", "2008-06-30": "1.25", "2008-03-31": "1.33", "2007-12-31": "1.53", "2007-09-30": "1.68", "2007-06-30": "1.84", "2007-03-31": "1.87", "2006-12-31": "1.51", "2006-09-30": "1.65", "2006-06-30": "1.62", "2006-03-31": "1.88"}, "price fcf": {"2021-02-05": "", "2020-09-30": "$8.51", "2020-06-30": "$5.41", "2020-03-31": "$6.22", "2019-12-31": "$5.53", "2019-09-30": "$4.50", "2019-06-30": "$7.95", "2019-03-31": "$8.09", "2018-12-31": "$5.55", "2018-09-30": "$5.07", "2018-06-30": "$7.57", "2018-03-31": "$8.21", "2017-12-31": "$5.18", "2017-09-30": "$5.98", "2017-06-30": "$2.49", "2017-03-31": "$1.94", "2016-12-31": "$5.27", "2016-09-30": "$8.01", "2016-06-30": "$7.59", "2016-03-31": "$8.44", "2015-12-31": "$7.78", "2015-09-30": "$6.36", "2015-06-30": "$6.84", "2015-03-31": "$6.37", "2014-12-31": "$6.79", "2014-09-30": "$3.98", "2014-06-30": "$6.59", "2014-03-31": "$5.43", "2013-12-31": "$5.95", "2013-09-30": "$5.57", "2013-06-30": "$4.45", "2013-03-31": "$3.24", "2012-12-31": "$2.89", "2012-09-30": "$2.89", "2012-06-30": "$2.62", "2012-03-31": "$3.27", "2011-12-31": "$3.29", "2011-09-30": "$4.01", "2011-06-30": "$3.14", "2011-03-31": "$3.66", "2010-12-31": "$3.50", "2010-09-30": "$4.59", "2010-06-30": "$5.19", "2010-03-31": "$5.60", "2009-12-31": "$4.88", "2009-09-30": "$4.40", "2009-06-30": "$2.77", "2009-03-31": "$2.80", "2008-12-31": "$3.51", "2008-09-30": "$2.40", "2008-06-30": "$3.85", "2008-03-31": "$2.08", "2007-12-31": "$1.57", "2007-09-30": "$1.55", "2007-06-30": "$2.19", "2007-03-31": "$3.92", "2006-12-31": "$5.40"}, "net worth": {"value": "$15.92B"}, "current ratio": {"2020-12-31": "1.17", "2020-09-30": "1.13", "2020-06-30": "1.10", "2020-03-31": "1.05", "2019-12-31": "1.03", "2019-09-30": "1.05", "2019-06-30": "1.07", "2019-03-31": "1.07", "2018-12-31": "1.05", "2018-09-30": "1.06", "2018-06-30": "1.07", "2018-03-31": "1.10", "2017-12-31": "1.09", "2017-09-30": "1.06", "2017-06-30": "1.34", "2017-03-31": "1.13", "2016-12-31": "1.10", "2016-09-30": "1.11", "2016-06-30": "1.11", "2016-03-31": "1.15", "2015-12-31": "1.16", "2015-09-30": "1.19", "2015-06-30": "1.26", "2015-03-31": "1.20", "2014-12-31": "1.20", "2014-09-30": "1.18", "2014-06-30": "1.19", "2014-03-31": "1.29", "2013-12-31": "1.29", "2013-09-30": "1.28", "2013-06-30": "1.22", "2013-03-31": "1.24", "2012-12-31": "1.26", "2012-09-30": "1.23", "2012-06-30": "1.24", "2012-03-31": "1.22", "2011-12-31": "1.22", "2011-09-30": "1.21", "2011-06-30": "1.22", "2011-03-31": "1.21", "2010-12-31": "1.19", "2010-09-30": "1.28", "2010-06-30": "1.29", "2010-03-31": "1.26", "2009-12-31": "1.27", "2009-09-30": "1.24", "2009-06-30": "1.71", "2009-03-31": "1.37", "2008-12-31": "1.34", "2008-09-30": "1.33", "2008-06-30": "1.37", "2008-03-31": "1.34", "2007-12-31": "1.29", "2007-09-30": "1.29", "2007-06-30": "1.27", "2007-03-31": "1.33", "2006-12-31": "1.47", "2006-09-30": "1.27", "2006-06-30": "1.43", "2006-03-31": "1.33", "2005-12-31": "1.34", "2005-09-30": "1.33", "2005-06-30": "1.37", "2005-03-31": "1.37"}, "quick ratio": {"2020-12-31": "0.61", "2020-09-30": "0.57", "2020-06-30": "0.54", "2020-03-31": "0.53", "2019-12-31": "0.48", "2019-09-30": "0.50", "2019-06-30": "0.54", "2019-03-31": "0.54", "2018-12-31": "0.51", "2018-09-30": "0.52", "2018-06-30": "0.54", "2018-03-31": "0.54", "2017-12-31": "0.57", "2017-09-30": "0.52", "2017-06-30": "0.80", "2017-03-31": "0.54", "2016-12-31": "0.54", "2016-09-30": "0.57", "2016-06-30": "0.58", "2016-03-31": "0.59", "2015-12-31": "0.57", "2015-09-30": "0.64", "2015-06-30": "0.73", "2015-03-31": "0.64", "2014-12-31": "0.61", "2014-09-30": "0.64", "2014-06-30": "0.64", "2014-03-31": "0.68", "2013-12-31": "0.66", "2013-09-30": "0.70", "2013-06-30": "0.64", "2013-03-31": "0.66", "2012-12-31": "0.66", "2012-09-30": "0.68", "2012-06-30": "0.68", "2012-03-31": "0.66", "2011-12-31": "0.61", "2011-09-30": "0.67", "2011-06-30": "0.67", "2011-03-31": "0.65", "2010-12-31": "0.58", "2010-09-30": "0.71", "2010-06-30": "0.74", "2010-03-31": "0.70", "2009-12-31": "0.61", "2009-09-30": "0.68", "2009-06-30": "1.15", "2009-03-31": "0.69", "2008-12-31": "0.60", "2008-09-30": "0.66", "2008-06-30": "0.72", "2008-03-31": "0.69", "2007-12-31": "0.62", "2007-09-30": "0.65", "2007-06-30": "0.63", "2007-03-31": "0.76", "2006-12-31": "0.84", "2006-09-30": "0.62", "2006-06-30": "0.78", "2006-03-31": "0.66", "2005-12-31": "0.67", "2005-09-30": "0.65", "2005-06-30": "0.64", "2005-03-31": "0.59"}, "debt equity ratio": {"current": "4.72", "2020-12-31": "21.64", "2020-09-30": "28.28", "2020-06-30": "21.75", "2020-03-31": "33.12", "2019-12-31": "39.96", "2019-09-30": "42.39", "2019-06-30": "5.47", "2019-03-31": "5.55", "2018-12-31": "5.70", "2018-09-30": "5.77", "2018-06-30": "5.59", "2018-03-31": "4.44", "2017-12-31": "4.63", "2017-09-30": "5.26", "2017-06-30": "4.88", "2017-03-31": "4.13", "2016-12-31": "4.52", "2016-09-30": "4.27", "2016-06-30": "4.19", "2016-03-31": "4.06", "2015-12-31": "3.98", "2015-09-30": "3.78", "2015-06-30": "3.82", "2015-03-31": "3.38", "2014-12-31": "3.47", "2014-09-30": "3.11", "2014-06-30": "3.07", "2014-03-31": "2.78", "2013-12-31": "2.80", "2013-09-30": "2.78", "2013-06-30": "3.32", "2013-03-31": "2.91", "2012-12-31": "2.77", "2012-09-30": "2.95", "2012-06-30": "2.89", "2012-03-31": "2.95", "2011-12-31": "3.09", "2011-09-30": "3.06", "2011-06-30": "2.91", "2011-03-31": "3.10", "2010-12-31": "3.22", "2010-09-30": "3.00", "2010-06-30": "2.79", "2010-03-31": "2.97", "2009-12-31": "2.98", "2009-09-30": "3.14", "2009-06-30": "1.88", "2009-03-31": "2.03", "2008-12-31": "2.08", "2008-09-30": "2.11", "2008-06-30": "2.03", "2008-03-31": "2.19", "2007-12-31": "2.30", "2007-09-30": "2.25", "2007-06-30": "2.14", "2007-03-31": "2.09", "2006-12-31": "1.71", "2006-09-30": "1.78", "2006-06-30": "1.76", "2006-03-31": "1.75", "2005-12-31": "1.66", "2005-09-30": "1.59", "2005-06-30": "1.54", "2005-03-31": "1.55"}, "return on equity": {"2020-12-31": "86.40%", "2020-09-30": "71.74%", "2020-06-30": "-301.53%", "2020-03-31": "-176.17%", "2019-12-31": "-116.46%", "2019-09-30": "-85.13%", "2019-06-30": "22.24%", "2019-03-31": "0.03%", "2018-12-31": "-0.61%", "2018-09-30": "10.82%", "2018-06-30": "3.67%", "2018-03-31": "23.67%", "2017-12-31": "26.22%", "2017-09-30": "16.50%", "2017-06-30": "19.54%", "2017-03-31": "20.62%", "2016-12-31": "20.65%", "2016-09-30": "20.38%", "2016-06-30": "21.49%", "2016-03-31": "21.19%", "2015-12-31": "21.16%", "2015-09-30": "21.10%", "2015-06-30": "19.45%", "2015-03-31": "18.37%", "2014-12-31": "17.46%", "2014-09-30": "16.96%", "2014-06-30": "18.06%", "2014-03-31": "5.47%", "2013-12-31": "5.87%", "2013-09-30": "6.27%", "2013-06-30": "5.21%", "2013-03-31": "17.86%", "2012-12-31": "18.08%", "2012-09-30": "17.87%", "2012-06-30": "17.72%", "2012-03-31": "17.45%", "2011-12-31": "16.38%", "2011-09-30": "15.92%", "2011-06-30": "17.31%", "2011-03-31": "18.14%", "2010-12-31": "17.94%", "2010-09-30": "18.48%", "2010-06-30": "12.34%", "2010-03-31": "11.41%", "2009-12-31": "11.46%", "2009-09-30": "11.45%", "2009-06-30": "13.88%", "2009-03-31": "14.86%", "2008-12-31": "15.90%", "2008-09-30": "16.55%", "2008-06-30": "17.75%", "2008-03-31": "26.05%", "2007-12-31": "21.05%", "2007-09-30": "25.14%", "2007-06-30": "23.71%", "2007-03-31": "16.03%", "2006-12-31": "17.18%", "2006-09-30": "12.18%", "2006-06-30": "11.52%", "2006-03-31": "10.77%", "2005-12-31": "13.25%"}, "return on assets": {"2020-12-31": "3.28%", "2020-09-30": "2.36%", "2020-06-30": "-9.12%", "2020-03-31": "-10.25%", "2019-12-31": "-10.40%", "2019-09-30": "-10.29%", "2019-06-30": "3.36%", "2019-03-31": "0.00%", "2018-12-31": "-0.10%", "2018-09-30": "1.79%", "2018-06-30": "0.62%", "2018-03-31": "4.09%", "2017-12-31": "4.58%", "2017-09-30": "2.89%", "2017-06-30": "3.58%", "2017-03-31": "3.91%", "2016-12-31": "3.93%", "2016-09-30": "3.98%", "2016-06-30": "4.29%", "2016-03-31": "4.31%", "2015-12-31": "4.46%", "2015-09-30": "4.57%", "2015-06-30": "4.38%", "2015-03-31": "4.32%", "2014-12-31": "4.26%", "2014-09-30": "4.31%", "2014-06-30": "4.68%", "2014-03-31": "1.40%", "2013-12-31": "1.49%", "2013-09-30": "1.59%", "2013-06-30": "1.31%", "2013-03-31": "4.60%", "2012-12-31": "4.65%", "2012-09-30": "4.50%", "2012-06-30": "4.44%", "2012-03-31": "4.36%", "2011-12-31": "4.06%", "2011-09-30": "3.91%", "2011-06-30": "4.27%", "2011-03-31": "4.50%", "2010-12-31": "4.49%", "2010-09-30": "4.70%", "2010-06-30": "3.11%", "2010-03-31": "3.16%", "2009-12-31": "3.41%", "2009-09-30": "3.60%", "2009-06-30": "4.59%", "2009-03-31": "4.85%", "2008-12-31": "5.13%", "2008-09-30": "5.25%", "2008-06-30": "5.56%", "2008-03-31": "8.09%", "2007-12-31": "6.59%", "2007-09-30": "8.30%", "2007-06-30": "8.13%", "2007-03-31": "5.67%", "2006-12-31": "6.25%", "2006-09-30": "4.45%", "2006-06-30": "4.29%", "2006-03-31": "4.09%", "2005-12-31": "5.13%"}, "return on investments": {"2020-12-31": "8.02%", "2020-09-30": "6.69%", "2020-06-30": "-50.40%", "2020-03-31": "-42.88%", "2019-12-31": "-38.28%", "2019-09-30": "-32.37%", "2019-06-30": "14.89%", "2019-03-31": "4.84%", "2018-12-31": "5.40%", "2018-09-30": "4.44%", "2018-06-30": "0.80%", "2018-03-31": "10.14%", "2017-12-31": "11.39%", "2017-09-30": "13.59%", "2017-06-30": "16.94%", "2017-03-31": "20.15%", "2016-12-31": "20.42%", "2016-09-30": "20.29%", "2016-06-30": "20.88%", "2016-03-31": "20.38%", "2015-12-31": "20.63%", "2015-09-30": "21.47%", "2015-06-30": "21.20%", "2015-03-31": "20.47%", "2014-12-31": "19.55%", "2014-09-30": "19.05%", "2014-06-30": "18.83%", "2014-03-31": "10.53%", "2013-12-31": "10.11%", "2013-09-30": "10.32%", "2013-06-30": "10.52%", "2013-03-31": "19.99%", "2012-12-31": "21.79%", "2012-09-30": "21.65%", "2012-06-30": "21.62%", "2012-03-31": "21.49%", "2011-12-31": "20.78%", "2011-09-30": "19.68%", "2011-06-30": "19.54%", "2011-03-31": "19.76%", "2010-12-31": "19.19%", "2010-09-30": "19.82%", "2010-06-30": "18.17%", "2010-03-31": "15.24%", "2009-12-31": "13.59%", "2009-09-30": "11.74%", "2009-06-30": "11.02%", "2009-03-31": "13.05%", "2008-12-31": "15.03%", "2008-09-30": "17.24%", "2008-06-30": "19.56%", "2008-03-31": "18.58%", "2007-12-31": "13.10%", "2007-09-30": "12.64%", "2007-06-30": "12.11%", "2007-03-31": "12.78%", "2006-12-31": "17.51%", "2006-09-30": "17.22%", "2006-06-30": "16.54%", "2006-03-31": "16.84%", "2005-12-31": "17.40%"}, "return on tangible equity": {"2020-09-30": "-9.75%", "2020-06-30": "36.12%", "2020-03-31": "45.04%", "2019-12-31": "52.03%", "2019-09-30": "59.76%", "2019-06-30": "-23.48%", "2019-03-31": "-0.03%", "2018-12-31": "0.62%", "2018-09-30": "-11.35%", "2018-06-30": "-3.67%", "2018-03-31": "-28.14%", "2017-12-31": "-36.50%", "2017-09-30": "-27.07%", "2017-06-30": "-47.56%", "2017-03-31": "-47.61%", "2016-12-31": "-48.66%", "2016-09-30": "-51.27%", "2016-06-30": "-65.63%", "2016-03-31": "-99.21%", "2015-12-31": "-192.28%", "2015-09-30": "-2229.29%", "2015-06-30": "429.71%", "2015-03-31": "324.16%", "2014-12-31": "217.86%", "2014-09-30": "154.16%", "2014-06-30": "144.40%", "2014-03-31": "44.77%", "2013-12-31": "58.49%", "2013-09-30": "43.95%", "2013-06-30": "28.00%", "2013-03-31": "74.30%", "2012-12-31": "59.62%", "2012-09-30": "60.91%", "2012-06-30": "62.25%", "2012-03-31": "62.66%", "2011-12-31": "61.87%", "2011-09-30": "64.53%", "2011-06-30": "59.36%", "2011-03-31": "49.60%", "2010-12-31": "39.78%", "2010-09-30": "34.23%", "2010-06-30": "21.90%", "2010-03-31": "18.26%", "2009-12-31": "21.82%", "2009-09-30": "25.88%", "2009-06-30": "37.31%", "2009-03-31": "64.00%", "2008-12-31": "71.88%", "2008-09-30": "79.87%", "2008-06-30": "89.08%", "2008-03-31": "130.72%", "2007-12-31": "82.35%", "2007-09-30": "73.07%", "2007-06-30": "60.05%", "2007-03-31": "34.72%", "2006-12-31": "37.29%", "2006-09-30": "27.80%", "2006-06-30": "25.89%", "2006-03-31": "25.00%", "2005-12-31": "31.02%"}, "dividend yield history": {"last payout": "$1.94", "last yield": "3.58%"}}