{"ticker": "CSL", "price": {"title": "Carlisle Historical Annual Stock Price Data", "value": 151.94, "historical": {"2021": {"Average Stock Price": "152.3608", "Year Open": "153.9300", "Year High": "156.9500", "Year Low": "144.9300", "Year Close": "151.9400", "Annual % Change": "-2.71%"}, "2020": {"Average Stock Price": "132.8748", "Year Open": "164.0600", "Year High": "164.0600", "Year Low": "100.3000", "Year Close": "156.1800", "Annual % Change": "-3.50%"}, "2019": {"Average Stock Price": "136.4023", "Year Open": "100.9700", "Year High": "163.0700", "Year Low": "99.0400", "Year Close": "161.8400", "Annual % Change": "61.00%"}, "2018": {"Average Stock Price": "110.1204", "Year Open": "116.9900", "Year High": "128.8200", "Year Low": "93.1800", "Year Close": "100.5200", "Annual % Change": "-11.55%"}, "2017": {"Average Stock Price": "103.5508", "Year Open": "109.2600", "Year High": "115.9100", "Year Low": "92.4000", "Year Close": "113.6500", "Annual % Change": "3.05%"}, "2016": {"Average Stock Price": "100.9404", "Year Open": "86.3900", "Year High": "115.9600", "Year Low": "77.8200", "Year Close": "110.2900", "Annual % Change": "24.35%"}, "2015": {"Average Stock Price": "94.6681", "Year Open": "90.0200", "Year High": "104.6000", "Year Low": "84.1100", "Year Close": "88.6900", "Annual % Change": "-1.72%"}, "2014": {"Average Stock Price": "82.6390", "Year Open": "78.5300", "Year High": "91.5400", "Year Low": "71.6700", "Year Close": "90.2400", "Annual % Change": "13.65%"}, "2013": {"Average Stock Price": "67.9982", "Year Open": "60.4800", "Year High": "79.6200", "Year Low": "59.5100", "Year Close": "79.4000", "Annual % Change": "35.13%"}, "2012": {"Average Stock Price": "52.1782", "Year Open": "45.5600", "Year High": "59.3600", "Year Low": "45.5600", "Year Close": "58.7600", "Annual % Change": "32.64%"}, "2011": {"Average Stock Price": "42.3583", "Year Open": "40.4900", "Year High": "50.5500", "Year Low": "30.5200", "Year Close": "44.3000", "Annual % Change": "11.47%"}, "2010": {"Average Stock Price": "35.7809", "Year Open": "35.1100", "Year High": "41.6300", "Year Low": "28.0500", "Year Close": "39.7400", "Annual % Change": "16.00%"}, "2009": {"Average Stock Price": "26.9175", "Year Open": "21.3100", "Year High": "36.2800", "Year Low": "18.1100", "Year Close": "34.2600", "Annual % Change": "65.51%"}, "2008": {"Average Stock Price": "29.5574", "Year Open": "37.4300", "Year High": "39.6700", "Year Low": "17.2600", "Year Close": "20.7000", "Annual % Change": "-44.10%"}, "2007": {"Average Stock Price": "43.8232", "Year Open": "39.6650", "Year High": "50.0000", "Year Low": "36.8000", "Year Close": "37.0300", "Annual % Change": "-5.66%"}, "2006": {"Average Stock Price": "40.0977", "Year Open": "35.1050", "Year High": "45.0400", "Year Low": "33.8400", "Year Close": "39.2500", "Annual % Change": "13.52%"}, "2005": {"Average Stock Price": "33.6604", "Year Open": "31.6350", "Year High": "37.3100", "Year Low": "29.7800", "Year Close": "34.5750", "Annual % Change": "6.52%"}, "2004": {"Average Stock Price": "30.2327", "Year Open": "30.4850", "Year High": "33.4500", "Year Low": "27.3550", "Year Close": "32.4600", "Annual % Change": "6.67%"}, "2003": {"Average Stock Price": "23.3286", "Year Open": "21.4100", "Year High": "30.7450", "Year Low": "19.4300", "Year Close": "30.4300", "Annual % Change": "47.08%"}, "2002": {"Average Stock Price": "20.0510", "Year Open": "18.0550", "Year High": "23.4550", "Year Low": "16.3250", "Year Close": "20.6900", "Annual % Change": "11.90%"}, "2001": {"Average Stock Price": "17.5739", "Year Open": "20.9050", "Year High": "21.8450", "Year Low": "13.2000", "Year Close": "18.4900", "Annual % Change": "-13.88%"}, "2000": {"Average Stock Price": "20.4484", "Year Open": "17.2500", "Year High": "24.8750", "Year Low": "15.5950", "Year Close": "21.4700", "Annual % Change": "19.28%"}, "1999": {"Average Stock Price": "21.2530", "Year Open": "25.0950", "Year High": "26.4700", "Year Low": "15.5300", "Year Close": "18.0000", "Annual % Change": "-30.27%"}, "1998": {"Average Stock Price": "22.3554", "Year Open": "21.3150", "Year High": "25.8750", "Year Low": "16.4400", "Year Close": "25.8150", "Annual % Change": "20.77%"}, "1997": {"Average Stock Price": "18.4618", "Year Open": "14.7200", "Year High": "23.8150", "Year Low": "13.5650", "Year Close": "21.3750", "Annual % Change": "41.32%"}, "1996": {"Average Stock Price": "12.5792", "Year Open": "10.0300", "Year High": "15.1250", "Year Low": "9.5625", "Year Close": "15.1250", "Annual % Change": "49.83%"}, "1995": {"Average Stock Price": "9.7888", "Year Open": "8.9375", "Year High": "10.9075", "Year Low": "8.6250", "Year Close": "10.0950", "Annual % Change": "11.76%"}, "1994": {"Average Stock Price": "8.2782", "Year Open": "8.1250", "Year High": "9.0325", "Year Low": "7.6250", "Year Close": "9.0325", "Annual % Change": "8.24%"}, "1993": {"Average Stock Price": "7.2288", "Year Open": "5.8600", "Year High": "8.5000", "Year Low": "5.8275", "Year Close": "8.3450", "Annual % Change": "43.57%"}, "1992": {"Average Stock Price": "5.2536", "Year Open": "4.9375", "Year High": "5.9063", "Year Low": "4.4375", "Year Close": "5.8125", "Annual % Change": "14.11%"}, "1991": {"Average Stock Price": "4.2940", "Year Open": "3.7188", "Year High": "5.0938", "Year Low": "3.7188", "Year Close": "5.0938", "Annual % Change": "37.58%"}, "1990": {"Average Stock Price": "3.8969", "Year Open": "4.3275", "Year High": "4.5313", "Year Low": "3.3275", "Year Close": "3.7025", "Annual % Change": "-10.24%"}, "1989": {"Average Stock Price": "4.7724", "Year Open": "4.3750", "Year High": "5.4688", "Year Low": "4.0150", "Year Close": "4.1250", "Annual % Change": "-5.71%"}, "1988": {"Average Stock Price": "4.0522", "Year Open": "3.7025", "Year High": "4.6725", "Year Low": "3.3750", "Year Close": "4.3750", "Annual % Change": "20.69%"}}}, "market cap": {"value": "$8.11B"}, "income statement": {"Revenue": {"2020-12-31": "4245.20000", "2019-12-31": "4811.60000", "2018-12-31": "4479.50000", "2017-12-31": "3750.80000", "2016-12-31": "3425.20000", "2015-12-31": "3543.20000", "2014-12-31": "3204.00000", "2013-12-31": "2943.00000", "2012-12-31": "2851.20000", "2011-12-31": "2492.40000", "2010-12-31": "2527.70000", "2009-12-31": "2258.10000", "2008-12-31": "2864.60000", "2007-12-31": "2812.10000", "2006-12-31": "2353.50000", "2005-12-31": "2193.90400"}, "Cost Of Goods Sold": {"2020-12-31": "3062.80000", "2019-12-31": "3439.90000", "2018-12-31": "3304.80000", "2017-12-31": "2702.50000", "2016-12-31": "2338.80000", "2015-12-31": "2536.50000", "2014-12-31": "2384.50000", "2013-12-31": "2197.40000", "2012-12-31": "2084.20000", "2011-12-31": "1908.30000", "2010-12-31": "1999.00000", "2009-12-31": "1767.80000", "2008-12-31": "2323.00000", "2007-12-31": "2224.30000", "2006-12-31": "1848.00000", "2005-12-31": "1741.30400"}, "Gross Profit": {"2020-12-31": "1182.40000", "2019-12-31": "1371.70000", "2018-12-31": "1174.70000", "2017-12-31": "1048.30000", "2016-12-31": "1086.40000", "2015-12-31": "1006.70000", "2014-12-31": "819.50000", "2013-12-31": "745.60010", "2012-12-31": "767.00000", "2011-12-31": "584.09990", "2010-12-31": "528.70000", "2009-12-31": "490.30000", "2008-12-31": "541.60010", "2007-12-31": "587.80000", "2006-12-31": "505.50000", "2005-12-31": "452.60010"}, "Research And Development Expenses": {"2020-12-31": "54.80000", "2019-12-31": "60.90000", "2018-12-31": "55.10000", "2017-12-31": "51.30000", "2016-12-31": "45.40000", "2015-12-31": "42.80000", "2014-12-31": "33.80000", "2013-12-31": "29.30000", "2012-12-31": "26.10000", "2011-12-31": "21.70000", "2010-12-31": "23.20000", "2009-12-31": "16.40000", "2008-12-31": "16.20000", "2007-12-31": "15.80000", "2006-12-31": "10.10000", "2005-12-31": "15.38700"}, "SG&A Expenses": {"2020-12-31": "641.50000", "2019-12-31": "667.10000", "2018-12-31": "625.40000", "2017-12-31": "532.90000", "2016-12-31": "495.40000", "2015-12-31": "461.90000", "2014-12-31": "379.00000", "2013-12-31": "353.70000", "2012-12-31": "356.60000", "2011-12-31": "298.80000", "2010-12-31": "310.50000", "2009-12-31": "274.30000", "2008-12-31": "298.00000", "2007-12-31": "276.10000", "2006-12-31": "222.60000", "2005-12-31": "212.35300"}, "Other Operating Income Or Expenses": {"2020-12-31": "-2.50000", "2019-12-31": "10.50000", "2018-12-31": "14.80000", "2017-12-31": "-0.10000", "2016-12-31": "0.10000", "2015-12-31": "1.30000", "2014-12-31": "1.60000", "2013-12-31": "4.20000", "2012-12-31": "-12.40000", "2011-12-31": "2.40000", "2010-12-31": "1.10000", "2009-12-31": "12.30000", "2008-12-31": "", "2007-12-31": "", "2006-12-31": "-2.50000", "2005-12-31": ""}, "Operating Expenses": {"2020-12-31": "3761.60000", "2019-12-31": "4157.40000", "2018-12-31": "3970.50000", "2017-12-31": "3286.80000", "2016-12-31": "2879.50000", "2015-12-31": "3039.90000", "2014-12-31": "2795.70000", "2013-12-31": "2576.20000", "2012-12-31": "2479.30000", "2011-12-31": "2226.40000", "2010-12-31": "2331.60000", "2009-12-31": "2046.20000", "2008-12-31": "2692.70000", "2007-12-31": "2516.20000", "2006-12-31": "2083.20000", "2005-12-31": "1969.04400"}, "Operating Income": {"2020-12-31": "483.60010", "2019-12-31": "654.20020", "2018-12-31": "508.99980", "2017-12-31": "463.99980", "2016-12-31": "545.70020", "2015-12-31": "503.30000", "2014-12-31": "408.30000", "2013-12-31": "366.80000", "2012-12-31": "371.89990", "2011-12-31": "265.99980", "2010-12-31": "196.10010", "2009-12-31": "211.90010", "2008-12-31": "171.90010", "2007-12-31": "295.89990", "2006-12-31": "270.30000", "2005-12-31": "224.86010"}, "Total Non-Operating Income/Expense": {"2020-12-31": "-82.30000", "2019-12-31": "-58.90000", "2018-12-31": "-63.10000", "2017-12-31": "-35.00000", "2016-12-31": "-166.50000", "2015-12-31": "-35.40000", "2014-12-31": "-32.20000", "2013-12-31": "-33.80000", "2012-12-31": "-25.50000", "2011-12-31": "-21.00000", "2010-12-31": "-8.30000", "2009-12-31": "-9.00000", "2008-12-31": "-46.50000", "2007-12-31": "37.30000", "2006-12-31": "-11.70000", "2005-12-31": "-15.14400"}, "Pre-Tax Income": {"2020-12-31": "401.30000", "2019-12-31": "595.30000", "2018-12-31": "445.90000", "2017-12-31": "429.00000", "2016-12-31": "379.20000", "2015-12-31": "467.90000", "2014-12-31": "376.10000", "2013-12-31": "333.00000", "2012-12-31": "346.40000", "2011-12-31": "245.00000", "2010-12-31": "187.80000", "2009-12-31": "202.90000", "2008-12-31": "125.40000", "2007-12-31": "333.20000", "2006-12-31": "258.60000", "2005-12-31": "209.71600"}, "Income Taxes": {"2020-12-31": "77.10000", "2019-12-31": "121.60000", "2018-12-31": "87.30000", "2017-12-31": "88.40000", "2016-12-31": "148.10000", "2015-12-31": "148.30000", "2014-12-31": "124.40000", "2013-12-31": "97.80000", "2012-12-31": "117.70000", "2011-12-31": "73.00000", "2010-12-31": "57.20000", "2009-12-31": "47.60000", "2008-12-31": "33.60000", "2007-12-31": "112.20000", "2006-12-31": "82.40000", "2005-12-31": "66.27500"}, "Income After Taxes": {"2020-12-31": "324.20000", "2019-12-31": "473.70000", "2018-12-31": "358.60000", "2017-12-31": "340.60000", "2016-12-31": "231.10000", "2015-12-31": "319.60000", "2014-12-31": "251.70000", "2013-12-31": "235.20000", "2012-12-31": "228.70000", "2011-12-31": "172.00000", "2010-12-31": "130.60000", "2009-12-31": "155.30000", "2008-12-31": "91.80000", "2007-12-31": "221.00000", "2006-12-31": "176.20000", "2005-12-31": "143.44100"}, "Other Income": {"2020-12-31": "", "2019-12-31": "", "2018-12-31": "", "2017-12-31": "", "2016-12-31": "", "2015-12-31": "", "2014-12-31": "", "2013-12-31": "", "2012-12-31": "", "2011-12-31": "", "2010-12-31": "", "2009-12-31": "-1.70000", "2008-12-31": "-0.70000", "2007-12-31": "-1.10000", "2006-12-31": "", "2005-12-31": ""}, "Income From Continuous Operations": {"2020-12-31": "324.20000", "2019-12-31": "473.70000", "2018-12-31": "358.60000", "2017-12-31": "340.60000", "2016-12-31": "231.10000", "2015-12-31": "319.60000", "2014-12-31": "251.70000", "2013-12-31": "235.20000", "2012-12-31": "228.70000", "2011-12-31": "172.00000", "2010-12-31": "130.60000", "2009-12-31": "153.60000", "2008-12-31": "91.10000", "2007-12-31": "219.90000", "2006-12-31": "176.20000", "2005-12-31": "143.44100"}, "Income From Discontinued Operations": {"2020-12-31": "-4.10000", "2019-12-31": "-0.90000", "2018-12-31": "252.50000", "2017-12-31": "24.90000", "2016-12-31": "19.00000", "2015-12-31": "0.10000", "2014-12-31": "-0.40000", "2013-12-31": "-25.50000", "2012-12-31": "41.50000", "2011-12-31": "8.30000", "2010-12-31": "15.00000", "2009-12-31": "-10.70000", "2008-12-31": "-36.00000", "2007-12-31": "-5.40000", "2006-12-31": "40.90000", "2005-12-31": "-28.29300"}, "Net Income": {"2020-12-31": "320.10000", "2019-12-31": "472.80000", "2018-12-31": "611.10000", "2017-12-31": "365.50000", "2016-12-31": "250.10000", "2015-12-31": "319.70000", "2014-12-31": "251.30000", "2013-12-31": "209.70000", "2012-12-31": "270.20000", "2011-12-31": "180.30000", "2010-12-31": "144.00000", "2009-12-31": "142.90000", "2008-12-31": "55.10000", "2007-12-31": "214.50000", "2006-12-31": "217.10000", "2005-12-31": "115.14800"}, "EBITDA": {"2020-12-31": "483.60010", "2019-12-31": "859.60020", "2018-12-31": "699.59970", "2017-12-31": "633.09970", "2016-12-31": "683.50020", "2015-12-31": "632.60000", "2014-12-31": "512.30000", "2013-12-31": "480.70000", "2012-12-31": "476.79990", "2011-12-31": "353.99980", "2010-12-31": "268.00010", "2009-12-31": "279.40010", "2008-12-31": "240.90010", "2007-12-31": "361.79990", "2006-12-31": "330.10000", "2005-12-31": "281.18210"}, "EBIT": {"2020-12-31": "483.60010", "2019-12-31": "654.20020", "2018-12-31": "508.99980", "2017-12-31": "463.99980", "2016-12-31": "545.70020", "2015-12-31": "503.30000", "2014-12-31": "408.30000", "2013-12-31": "366.80000", "2012-12-31": "371.89990", "2011-12-31": "265.99980", "2010-12-31": "196.10010", "2009-12-31": "211.90010", "2008-12-31": "171.90010", "2007-12-31": "295.89990", "2006-12-31": "270.30000", "2005-12-31": "224.86010"}, "Basic Shares Outstanding": {"2020-12-31": "54.50000", "2019-12-31": "56.91300", "2018-12-31": "60.39300", "2017-12-31": "63.07300", "2016-12-31": "64.22600", "2015-12-31": "64.84400", "2014-12-31": "64.17000", "2013-12-31": "63.47100", "2012-12-31": "62.51300", "2011-12-31": "61.45700", "2010-12-31": "60.90100", "2009-12-31": "60.60100", "2008-12-31": "60.54100", "2007-12-31": "61.69200", "2006-12-31": "61.24000", "2005-12-31": "61.47200"}, "Shares Outstanding": {"2020-12-31": "55.00000", "2019-12-31": "57.54700", "2018-12-31": "60.78600", "2017-12-31": "63.55100", "2016-12-31": "64.88300", "2015-12-31": "65.80400", "2014-12-31": "64.51200", "2013-12-31": "64.80600", "2012-12-31": "63.61000", "2011-12-31": "62.49500", "2010-12-31": "61.59200", "2009-12-31": "61.23400", "2008-12-31": "60.84800", "2007-12-31": "62.33800", "2006-12-31": "62.23600", "2005-12-31": "62.15600"}, "Basic EPS": {"2020-12-31": "5.85000", "2019-12-31": "8.28000", "2018-12-31": "10.09000", "2017-12-31": "5.75000", "2016-12-31": "3.86000", "2015-12-31": "4.89000", "2014-12-31": "3.89000", "2013-12-31": "3.29000", "2012-12-31": "4.30000", "2011-12-31": "2.91000", "2010-12-31": "2.36000", "2009-12-31": "2.36000", "2008-12-31": "0.91000", "2007-12-31": "3.48000", "2006-12-31": "3.55000", "2005-12-31": "1.87000"}, "EPS - Earnings Per Share": {"2020-12-31": "5.80000", "2019-12-31": "8.19000", "2018-12-31": "10.02000", "2017-12-31": "5.71000", "2016-12-31": "3.82000", "2015-12-31": "4.82000", "2014-12-31": "3.82000", "2013-12-31": "3.22000", "2012-12-31": "4.22000", "2011-12-31": "2.86000", "2010-12-31": "2.34000", "2009-12-31": "2.34000", "2008-12-31": "0.91000", "2007-12-31": "3.44000", "2006-12-31": "3.49000", "2005-12-31": "1.85000"}}, "income statement, quarterly": {"Revenue": {"2020-12-31": "1064.10000", "2020-09-30": "1126.70000", "2020-06-30": "1024.20000", "2020-03-31": "1030.20000", "2019-12-31": "1144.30000", "2019-09-30": "1280.60000", "2019-06-30": "1314.80000", "2019-03-31": "1071.90000", "2018-12-31": "1077.30000", "2018-09-30": "1181.40000", "2018-06-30": "1236.10000", "2018-03-31": "984.70000", "2017-12-31": "990.49990", "2017-09-30": "1002.40000", "2017-06-30": "983.90000", "2017-03-31": "774.00000", "2016-12-31": "643.29990", "2016-09-30": "991.00000", "2016-06-30": "996.90000", "2016-03-31": "794.00000", "2015-12-31": "876.20010", "2015-09-30": "973.10000", "2015-06-30": "984.60000", "2015-03-31": "709.30000", "2014-12-31": "789.99990", "2014-09-30": "904.10000", "2014-06-30": "859.50000", "2014-03-31": "650.40000", "2013-12-31": "724.00000", "2013-09-30": "796.80000", "2013-06-30": "792.60000", "2013-03-31": "629.60000", "2012-12-31": "683.60000", "2012-09-30": "910.20000", "2012-06-30": "984.60000", "2012-03-31": "889.30000", "2011-12-31": "789.60000", "2011-09-30": "870.50000", "2011-06-30": "870.80000", "2011-03-31": "693.60000", "2010-12-31": "626.90000", "2010-09-30": "665.90000", "2010-06-30": "687.60000", "2010-03-31": "547.30000", "2009-12-31": "485.90010", "2009-09-30": "604.20000", "2009-06-30": "636.70000", "2009-03-31": "531.30000", "2008-12-31": "516.70010", "2008-09-30": "832.50000", "2008-06-30": "863.00000", "2008-03-31": "652.40000", "2007-12-31": "714.00210", "2007-09-30": "730.40000", "2007-06-30": "738.80000", "2007-03-31": "628.89800", "2006-12-31": "399.63900", "2006-09-30": "645.26100", "2006-06-30": "688.11100", "2006-03-31": "620.48900", "2005-12-31": "519.18120", "2005-09-30": "545.38900", "2005-06-30": "591.59600", "2005-03-31": "537.73800"}, "Cost Of Goods Sold": {"2020-12-31": "771.60000", "2020-09-30": "796.40000", "2020-06-30": "743.00000", "2020-03-31": "751.80000", "2019-12-31": "835.60000", "2019-09-30": "900.40000", "2019-06-30": "920.60000", "2019-03-31": "783.30000", "2018-12-31": "798.50020", "2018-09-30": "867.10000", "2018-06-30": "903.90000", "2018-03-31": "735.30000", "2017-12-31": "739.39990", "2017-09-30": "717.80000", "2017-06-30": "697.40000", "2017-03-31": "547.90000", "2016-12-31": "447.10000", "2016-09-30": "667.40000", "2016-06-30": "675.70000", "2016-03-31": "548.60000", "2015-12-31": "623.40000", "2015-09-30": "677.60000", "2015-06-30": "699.20000", "2015-03-31": "536.30000", "2014-12-31": "594.30000", "2014-09-30": "667.00000", "2014-06-30": "634.90000", "2014-03-31": "488.30000", "2013-12-31": "538.19990", "2013-09-30": "596.50000", "2013-06-30": "585.50000", "2013-03-31": "477.20000", "2012-12-31": "502.50000", "2012-09-30": "684.30000", "2012-06-30": "729.20000", "2012-03-31": "678.10000", "2011-12-31": "630.80000", "2011-09-30": "683.00000", "2011-06-30": "687.10000", "2011-03-31": "546.50000", "2010-12-31": "497.40000", "2010-09-30": "522.30000", "2010-06-30": "544.00000", "2010-03-31": "435.30000", "2009-12-31": "377.60010", "2009-09-30": "460.10000", "2009-06-30": "491.30000", "2009-03-31": "438.80000", "2008-12-31": "436.90000", "2008-09-30": "668.40000", "2008-06-30": "688.90000", "2008-03-31": "528.80000", "2007-12-31": "567.99110", "2007-09-30": "570.70000", "2007-06-30": "581.20000", "2007-03-31": "504.40900", "2006-12-31": "302.21490", "2006-09-30": "513.51700", "2006-06-30": "539.62500", "2006-03-31": "492.64300", "2005-12-31": "403.46000", "2005-09-30": "439.80400", "2005-06-30": "470.46900", "2005-03-31": "427.57100"}, "Gross Profit": {"2020-12-31": "292.50000", "2020-09-30": "330.29990", "2020-06-30": "281.20000", "2020-03-31": "278.40000", "2019-12-31": "308.69990", "2019-09-30": "380.20000", "2019-06-30": "394.20010", "2019-03-31": "288.60000", "2018-12-31": "278.79990", "2018-09-30": "314.30000", "2018-06-30": "332.20000", "2018-03-31": "249.40000", "2017-12-31": "251.10000", "2017-09-30": "284.60000", "2017-06-30": "286.50000", "2017-03-31": "226.10000", "2016-12-31": "196.19990", "2016-09-30": "323.60000", "2016-06-30": "321.20000", "2016-03-31": "245.40000", "2015-12-31": "252.80020", "2015-09-30": "295.50000", "2015-06-30": "285.40000", "2015-03-31": "173.00000", "2014-12-31": "195.69990", "2014-09-30": "237.10000", "2014-06-30": "224.60000", "2014-03-31": "162.10000", "2013-12-31": "185.80010", "2013-09-30": "200.30000", "2013-06-30": "207.10000", "2013-03-31": "152.40000", "2012-12-31": "181.10000", "2012-09-30": "225.90000", "2012-06-30": "255.40000", "2012-03-31": "211.20000", "2011-12-31": "158.80000", "2011-09-30": "187.50000", "2011-06-30": "183.70000", "2011-03-31": "147.10000", "2010-12-31": "129.50000", "2010-09-30": "143.60000", "2010-06-30": "143.60000", "2010-03-31": "112.00000", "2009-12-31": "108.30000", "2009-09-30": "144.10000", "2009-06-30": "145.40000", "2009-03-31": "92.50000", "2008-12-31": "79.80010", "2008-09-30": "164.10000", "2008-06-30": "174.10000", "2008-03-31": "123.60000", "2007-12-31": "146.01100", "2007-09-30": "159.70000", "2007-06-30": "157.60000", "2007-03-31": "124.48900", "2006-12-31": "97.42410", "2006-09-30": "131.74400", "2006-06-30": "148.48600", "2006-03-31": "127.84600", "2005-12-31": "115.72120", "2005-09-30": "105.58500", "2005-06-30": "121.12700", "2005-03-31": "110.16700"}, "Research And Development Expenses": {"2020-12-31": "12.60000", "2020-09-30": "13.70000", "2020-06-30": "14.10000", "2020-03-31": "14.40000", "2019-12-31": "15.90000", "2019-09-30": "15.20000", "2019-06-30": "15.40000", "2019-03-31": "14.40000", "2018-12-31": "14.70000", "2018-09-30": "12.30000", "2018-06-30": "14.20000", "2018-03-31": "13.90000", "2017-12-31": "13.80000", "2017-09-30": "12.40000", "2017-06-30": "13.10000", "2017-03-31": "12.00000", "2016-12-31": "9.80000", "2016-09-30": "12.30000", "2016-06-30": "12.00000", "2016-03-31": "11.30000", "2015-12-31": "11.80000", "2015-09-30": "11.30000", "2015-06-30": "10.90000", "2015-03-31": "8.80000", "2014-12-31": "8.70000", "2014-09-30": "8.60000", "2014-06-30": "8.50000", "2014-03-31": "8.00000", "2013-12-31": "7.50000", "2013-09-30": "7.00000", "2013-06-30": "7.40000", "2013-03-31": "7.40000", "2012-12-31": "6.90000", "2012-09-30": "8.10000", "2012-06-30": "8.50000", "2012-03-31": "7.80000", "2011-12-31": "7.30000", "2011-09-30": "7.10000", "2011-06-30": "7.30000", "2011-03-31": "7.00000", "2010-12-31": "6.40000", "2010-09-30": "6.00000", "2010-06-30": "6.40000", "2010-03-31": "4.40000", "2009-12-31": "4.10000", "2009-09-30": "3.90000", "2009-06-30": "4.00000", "2009-03-31": "4.40000", "2008-12-31": "6.40000", "2008-09-30": "3.20000", "2008-06-30": "3.30000", "2008-03-31": "3.30000", "2007-12-31": "5.20000", "2007-09-30": "3.20000", "2007-06-30": "3.00000", "2007-03-31": "4.40000", "2006-12-31": "-1.21500", "2006-09-30": "3.72800", "2006-06-30": "3.70300", "2006-03-31": "3.88400", "2005-12-31": "3.78000", "2005-09-30": "3.87400", "2005-06-30": "3.81200", "2005-03-31": "3.92100"}, "SG&A Expenses": {"2020-12-31": "164.20000", "2020-09-30": "162.30000", "2020-06-30": "153.10000", "2020-03-31": "161.90000", "2019-12-31": "155.60000", "2019-09-30": "175.00000", "2019-06-30": "172.30000", "2019-03-31": "164.20000", "2018-12-31": "152.10000", "2018-09-30": "164.80000", "2018-06-30": "159.90000", "2018-03-31": "148.60000", "2017-12-31": "143.10000", "2017-09-30": "137.90000", "2017-06-30": "127.00000", "2017-03-31": "124.90000", "2016-12-31": "104.20000", "2016-09-30": "135.60000", "2016-06-30": "131.50000", "2016-03-31": "124.10000", "2015-12-31": "116.50000", "2015-09-30": "121.70000", "2015-06-30": "125.60000", "2015-03-31": "98.10000", "2014-12-31": "97.00000", "2014-09-30": "94.40000", "2014-06-30": "95.40000", "2014-03-31": "92.20000", "2013-12-31": "88.10000", "2013-09-30": "87.10000", "2013-06-30": "88.10000", "2013-03-31": "90.40000", "2012-12-31": "95.40000", "2012-09-30": "101.10000", "2012-06-30": "106.00000", "2012-03-31": "107.50000", "2011-12-31": "98.80000", "2011-09-30": "99.90000", "2011-06-30": "92.20000", "2011-03-31": "85.70000", "2010-12-31": "95.80000", "2010-09-30": "71.50000", "2010-06-30": "73.80000", "2010-03-31": "69.40000", "2009-12-31": "65.50000", "2009-09-30": "65.30000", "2009-06-30": "74.40000", "2009-03-31": "69.10000", "2008-12-31": "63.20000", "2008-09-30": "79.10000", "2008-06-30": "80.90000", "2008-03-31": "74.80000", "2007-12-31": "69.69700", "2007-09-30": "67.30000", "2007-06-30": "70.10000", "2007-03-31": "69.00300", "2006-12-31": "42.42600", "2006-09-30": "59.33900", "2006-06-30": "60.00600", "2006-03-31": "60.82900", "2005-12-31": "50.25200", "2005-09-30": "51.34600", "2005-06-30": "55.74000", "2005-03-31": "55.01500"}, "Other Operating Income Or Expenses": {"2020-12-31": "-3.90000", "2020-09-30": "1.40000", "2020-06-30": "-0.60000", "2020-03-31": "0.60000", "2019-12-31": "4.10000", "2019-09-30": "1.00000", "2019-06-30": "0.70000", "2019-03-31": "4.70000", "2018-12-31": "2.60000", "2018-09-30": "2.80000", "2018-06-30": "1.60000", "2018-03-31": "7.80000", "2017-12-31": "-0.80000", "2017-09-30": "0.50000", "2017-06-30": "-0.10000", "2017-03-31": "0.30000", "2016-12-31": "-3.90000", "2016-09-30": "2.20000", "2016-06-30": "1.20000", "2016-03-31": "0.60000", "2015-12-31": "2.60000", "2015-09-30": "-0.70000", "2015-06-30": "-0.90000", "2015-03-31": "0.30000", "2014-12-31": "-1.00000", "2014-09-30": "-0.10000", "2014-06-30": "1.60000", "2014-03-31": "1.10000", "2013-12-31": "2.30000", "2013-09-30": "3.40000", "2013-06-30": "-2.30000", "2013-03-31": "0.80000", "2012-12-31": "-6.30000", "2012-09-30": "-6.10000", "2012-06-30": "-0.60000", "2012-03-31": "0.30000", "2011-12-31": "-0.10000", "2011-09-30": "1.30000", "2011-06-30": "1.20000", "2011-03-31": "", "2010-12-31": "", "2010-09-30": "", "2010-06-30": "", "2010-03-31": "", "2009-12-31": "-5.10000", "2009-09-30": "-0.90000", "2009-06-30": "17.90000", "2009-03-31": "0.40000", "2008-12-31": "", "2008-09-30": "", "2008-06-30": "", "2008-03-31": "", "2007-12-31": "", "2007-09-30": "", "2007-06-30": "", "2007-03-31": "", "2006-12-31": "", "2006-09-30": "", "2006-06-30": "", "2006-03-31": "", "2005-12-31": "", "2005-09-30": "", "2005-06-30": "", "2005-03-31": ""}, "Operating Expenses": {"2020-12-31": "952.30000", "2020-09-30": "971.00000", "2020-06-30": "910.79990", "2020-03-31": "927.50000", "2019-12-31": "1003.00000", "2019-09-30": "1089.60000", "2019-06-30": "1107.60000", "2019-03-31": "957.20000", "2018-12-31": "962.70030", "2018-09-30": "1041.40000", "2018-06-30": "1076.40000", "2018-03-31": "890.00010", "2017-12-31": "897.10020", "2017-09-30": "867.60000", "2017-06-30": "837.60000", "2017-03-31": "684.50010", "2016-12-31": "564.99970", "2016-09-30": "813.10000", "2016-06-30": "818.00000", "2016-03-31": "683.40000", "2015-12-31": "749.09980", "2015-09-30": "811.30000", "2015-06-30": "836.60000", "2015-03-31": "642.90000", "2014-12-31": "700.99990", "2014-09-30": "770.10000", "2014-06-30": "737.20010", "2014-03-31": "587.40000", "2013-12-31": "631.49990", "2013-09-30": "687.20000", "2013-06-30": "683.30000", "2013-03-31": "574.20000", "2012-12-31": "611.10000", "2012-09-30": "799.59990", "2012-06-30": "844.30000", "2012-03-31": "793.10000", "2011-12-31": "736.90000", "2011-09-30": "788.70000", "2011-06-30": "785.40000", "2011-03-31": "639.20000", "2010-12-31": "598.49990", "2010-09-30": "599.80000", "2010-06-30": "624.20000", "2010-03-31": "509.10000", "2009-12-31": "452.30000", "2009-09-30": "530.20000", "2009-06-30": "551.80000", "2009-03-31": "511.90000", "2008-12-31": "561.99990", "2008-09-30": "750.70000", "2008-06-30": "773.10000", "2008-03-31": "606.90000", "2007-12-31": "642.88820", "2007-09-30": "641.20000", "2007-06-30": "654.30000", "2007-03-31": "577.81200", "2006-12-31": "345.92600", "2006-09-30": "576.58400", "2006-06-30": "603.33400", "2006-03-31": "557.35600", "2005-12-31": "457.49200", "2005-09-30": "495.02400", "2005-06-30": "530.02100", "2005-03-31": "486.50700"}, "Operating Income": {"2020-12-31": "111.80000", "2020-09-30": "155.70000", "2020-06-30": "113.40000", "2020-03-31": "102.70000", "2019-12-31": "141.30020", "2019-09-30": "190.99990", "2019-06-30": "207.20000", "2019-03-31": "114.70000", "2018-12-31": "114.59980", "2018-09-30": "140.00010", "2018-06-30": "159.70000", "2018-03-31": "94.70000", "2017-12-31": "93.39970", "2017-09-30": "134.80000", "2017-06-30": "146.30000", "2017-03-31": "89.49990", "2016-12-31": "78.30020", "2016-09-30": "177.90000", "2016-06-30": "178.90000", "2016-03-31": "110.60000", "2015-12-31": "127.10030", "2015-09-30": "161.80000", "2015-06-30": "147.99990", "2015-03-31": "66.40000", "2014-12-31": "89.00000", "2014-09-30": "134.00000", "2014-06-30": "122.29990", "2014-03-31": "63.00000", "2013-12-31": "92.50010", "2013-09-30": "109.60000", "2013-06-30": "109.30000", "2013-03-31": "55.40000", "2012-12-31": "72.50000", "2012-09-30": "110.60010", "2012-06-30": "140.30000", "2012-03-31": "96.20000", "2011-12-31": "52.70000", "2011-09-30": "81.80000", "2011-06-30": "85.40000", "2011-03-31": "54.40000", "2010-12-31": "28.40010", "2010-09-30": "66.10000", "2010-06-30": "63.40000", "2010-03-31": "38.20000", "2009-12-31": "33.60010", "2009-09-30": "74.00000", "2009-06-30": "84.90000", "2009-03-31": "19.40000", "2008-12-31": "-45.29990", "2008-09-30": "81.80000", "2008-06-30": "89.90000", "2008-03-31": "45.50010", "2007-12-31": "71.11400", "2007-09-30": "89.20000", "2007-06-30": "84.50000", "2007-03-31": "51.08600", "2006-12-31": "53.71300", "2006-09-30": "68.67690", "2006-06-30": "84.77700", "2006-03-31": "63.13300", "2005-12-31": "61.68920", "2005-09-30": "50.36500", "2005-06-30": "61.57500", "2005-03-31": "51.23100"}, "Total Non-Operating Income/Expense": {"2020-12-31": "-20.10000", "2020-09-30": "-19.30000", "2020-06-30": "-16.40000", "2020-03-31": "-26.50000", "2019-12-31": "-17.70000", "2019-09-30": "-13.80000", "2019-06-30": "-14.10000", "2019-03-31": "-13.30000", "2018-12-31": "-15.10000", "2018-09-30": "-18.10000", "2018-06-30": "-13.50000", "2018-03-31": "-16.40000", "2017-12-31": "-12.00000", "2017-09-30": "-11.20000", "2017-06-30": "-6.60000", "2017-03-31": "-5.20000", "2016-12-31": "-0.90000", "2016-09-30": "-149.00000", "2016-06-30": "-8.20000", "2016-03-31": "-8.40000", "2015-12-31": "-9.80000", "2015-09-30": "-8.70000", "2015-06-30": "-8.50000", "2015-03-31": "-8.40000", "2014-12-31": "-8.50000", "2014-09-30": "-7.70000", "2014-06-30": "-8.00000", "2014-03-31": "-8.00000", "2013-12-31": "-8.40000", "2013-09-30": "-8.50000", "2013-06-30": "-8.60000", "2013-03-31": "-8.30000", "2012-12-31": "-6.40000", "2012-09-30": "-6.20000", "2012-06-30": "-6.50000", "2012-03-31": "-6.50000", "2011-12-31": "-5.70000", "2011-09-30": "-5.50000", "2011-06-30": "-4.90000", "2011-03-31": "-4.30000", "2010-12-31": "-4.80000", "2010-09-30": "-1.00000", "2010-06-30": "-1.20000", "2010-03-31": "-1.30000", "2009-12-31": "-2.00000", "2009-09-30": "-2.00000", "2009-06-30": "-2.30000", "2009-03-31": "-2.70000", "2008-12-31": "-32.60000", "2008-09-30": "-5.50000", "2008-06-30": "-5.40000", "2008-03-31": "-3.00000", "2007-12-31": "-3.18900", "2007-09-30": "44.70000", "2007-06-30": "-2.40000", "2007-03-31": "-1.81100", "2006-12-31": "-2.48100", "2006-09-30": "-1.86000", "2006-06-30": "-3.56600", "2006-03-31": "-3.79300", "2005-12-31": "-4.70100", "2005-09-30": "-1.75300", "2005-06-30": "0.26000", "2005-03-31": "-8.95000"}, "Pre-Tax Income": {"2020-12-31": "91.70000", "2020-09-30": "136.40000", "2020-06-30": "97.00000", "2020-03-31": "76.20000", "2019-12-31": "123.60000", "2019-09-30": "177.20000", "2019-06-30": "193.10000", "2019-03-31": "101.40000", "2018-12-31": "99.50000", "2018-09-30": "121.90000", "2018-06-30": "146.20000", "2018-03-31": "78.30000", "2017-12-31": "81.40000", "2017-09-30": "123.60000", "2017-06-30": "139.70000", "2017-03-31": "84.30000", "2016-12-31": "77.40000", "2016-09-30": "28.90000", "2016-06-30": "170.70000", "2016-03-31": "102.20000", "2015-12-31": "117.30000", "2015-09-30": "153.10000", "2015-06-30": "139.50000", "2015-03-31": "58.00000", "2014-12-31": "80.50000", "2014-09-30": "126.30000", "2014-06-30": "114.30000", "2014-03-31": "55.00000", "2013-12-31": "84.10000", "2013-09-30": "101.10000", "2013-06-30": "100.70000", "2013-03-31": "47.10000", "2012-12-31": "66.10000", "2012-09-30": "104.40000", "2012-06-30": "133.80000", "2012-03-31": "89.70000", "2011-12-31": "47.00000", "2011-09-30": "76.30000", "2011-06-30": "80.50000", "2011-03-31": "50.10000", "2010-12-31": "23.60000", "2010-09-30": "65.10000", "2010-06-30": "62.20000", "2010-03-31": "36.90000", "2009-12-31": "31.60000", "2009-09-30": "72.00000", "2009-06-30": "82.60000", "2009-03-31": "16.70000", "2008-12-31": "-77.90000", "2008-09-30": "76.30000", "2008-06-30": "84.50000", "2008-03-31": "42.50000", "2007-12-31": "67.92500", "2007-09-30": "133.90000", "2007-06-30": "82.10000", "2007-03-31": "49.27500", "2006-12-31": "51.23200", "2006-09-30": "66.81700", "2006-06-30": "81.21100", "2006-03-31": "59.34000", "2005-12-31": "56.98800", "2005-09-30": "48.61200", "2005-06-30": "61.83500", "2005-03-31": "42.28100"}, "Income Taxes": {"2020-12-31": "7.00000", "2020-09-30": "34.10000", "2020-06-30": "21.60000", "2020-03-31": "14.40000", "2019-12-31": "19.60000", "2019-09-30": "37.90000", "2019-06-30": "40.10000", "2019-03-31": "24.00000", "2018-12-31": "10.40000", "2018-09-30": "25.00000", "2018-06-30": "31.50000", "2018-03-31": "20.40000", "2017-12-31": "-27.50000", "2017-09-30": "44.50000", "2017-06-30": "45.00000", "2017-03-31": "26.40000", "2016-12-31": "20.60000", "2016-09-30": "38.40000", "2016-06-30": "55.40000", "2016-03-31": "33.70000", "2015-12-31": "35.60000", "2015-09-30": "49.50000", "2015-06-30": "44.70000", "2015-03-31": "18.50000", "2014-12-31": "27.30000", "2014-09-30": "40.00000", "2014-06-30": "38.60000", "2014-03-31": "18.50000", "2013-12-31": "23.90000", "2013-09-30": "34.70000", "2013-06-30": "36.40000", "2013-03-31": "2.80000", "2012-12-31": "22.10000", "2012-09-30": "34.70000", "2012-06-30": "44.40000", "2012-03-31": "29.70000", "2011-12-31": "7.50000", "2011-09-30": "22.60000", "2011-06-30": "25.20000", "2011-03-31": "16.80000", "2010-12-31": "1.70000", "2010-09-30": "18.30000", "2010-06-30": "23.40000", "2010-03-31": "13.80000", "2009-12-31": "-8.40000", "2009-09-30": "24.90000", "2009-06-30": "25.40000", "2009-03-31": "5.70000", "2008-12-31": "-34.00000", "2008-09-30": "25.70000", "2008-06-30": "27.60000", "2008-03-31": "14.30000", "2007-12-31": "19.87900", "2007-09-30": "49.60000", "2007-06-30": "27.20000", "2007-03-31": "15.52100", "2006-12-31": "15.88700", "2006-09-30": "21.80000", "2006-06-30": "25.08300", "2006-03-31": "19.63000", "2005-12-31": "20.41200", "2005-09-30": "12.58600", "2005-06-30": "19.75300", "2005-03-31": "13.52400"}, "Income After Taxes": {"2020-12-31": "84.70000", "2020-09-30": "102.30000", "2020-06-30": "75.40000", "2020-03-31": "61.80000", "2019-12-31": "104.00000", "2019-09-30": "139.30000", "2019-06-30": "153.00000", "2019-03-31": "77.40000", "2018-12-31": "89.10000", "2018-09-30": "96.90000", "2018-06-30": "114.70000", "2018-03-31": "57.90000", "2017-12-31": "108.90000", "2017-09-30": "79.10000", "2017-06-30": "94.70000", "2017-03-31": "57.90000", "2016-12-31": "56.80000", "2016-09-30": "-9.50000", "2016-06-30": "115.30000", "2016-03-31": "68.50000", "2015-12-31": "81.70000", "2015-09-30": "103.60000", "2015-06-30": "94.80000", "2015-03-31": "39.50000", "2014-12-31": "53.20000", "2014-09-30": "86.30000", "2014-06-30": "75.70000", "2014-03-31": "36.50000", "2013-12-31": "60.20000", "2013-09-30": "66.40000", "2013-06-30": "64.30000", "2013-03-31": "44.30000", "2012-12-31": "44.00000", "2012-09-30": "69.70000", "2012-06-30": "89.40000", "2012-03-31": "60.00000", "2011-12-31": "39.50000", "2011-09-30": "53.70000", "2011-06-30": "55.30000", "2011-03-31": "33.30000", "2010-12-31": "21.90000", "2010-09-30": "46.80000", "2010-06-30": "38.80000", "2010-03-31": "23.10000", "2009-12-31": "40.00000", "2009-09-30": "47.10000", "2009-06-30": "57.20000", "2009-03-31": "11.00000", "2008-12-31": "-43.90000", "2008-09-30": "50.60000", "2008-06-30": "56.90000", "2008-03-31": "28.20000", "2007-12-31": "48.04600", "2007-09-30": "84.30000", "2007-06-30": "54.90000", "2007-03-31": "33.75400", "2006-12-31": "35.34500", "2006-09-30": "45.01700", "2006-06-30": "56.12800", "2006-03-31": "39.71000", "2005-12-31": "36.57600", "2005-09-30": "36.02600", "2005-06-30": "42.08200", "2005-03-31": "28.75700"}, "Other Income": {"2020-12-31": "", "2020-09-30": "", "2020-06-30": "", "2020-03-31": "", "2019-12-31": "", "2019-09-30": "", "2019-06-30": "", "2019-03-31": "", "2018-12-31": "", "2018-09-30": "", "2018-06-30": "", "2018-03-31": "", "2017-12-31": "", "2017-09-30": "", "2017-06-30": "", "2017-03-31": "", "2016-12-31": "", "2016-09-30": "", "2016-06-30": "", "2016-03-31": "", "2015-12-31": "", "2015-09-30": "", "2015-06-30": "", "2015-03-31": "", "2014-12-31": "", "2014-09-30": "", "2014-06-30": "", "2014-03-31": "", "2013-12-31": "", "2013-09-30": "", "2013-06-30": "", "2013-03-31": "", "2012-12-31": "", "2012-09-30": "", "2012-06-30": "", "2012-03-31": "", "2011-12-31": "", "2011-09-30": "", "2011-06-30": "", "2011-03-31": "-0.30000", "2010-12-31": "", "2010-09-30": "-0.50000", "2010-06-30": "-0.40000", "2010-03-31": "-0.30000", "2009-12-31": "-0.50000", "2009-09-30": "-0.50000", "2009-06-30": "-0.60000", "2009-03-31": "-0.10000", "2008-12-31": "0.50000", "2008-09-30": "-0.40000", "2008-06-30": "-0.50000", "2008-03-31": "-0.30000", "2007-12-31": "", "2007-09-30": "", "2007-06-30": "", "2007-03-31": "", "2006-12-31": "", "2006-09-30": "", "2006-06-30": "", "2006-03-31": "", "2005-12-31": "", "2005-09-30": "", "2005-06-30": "", "2005-03-31": ""}, "Income From Continuous Operations": {"2020-12-31": "84.70000", "2020-09-30": "102.30000", "2020-06-30": "75.40000", "2020-03-31": "61.80000", "2019-12-31": "104.00000", "2019-09-30": "139.30000", "2019-06-30": "153.00000", "2019-03-31": "77.40000", "2018-12-31": "89.10000", "2018-09-30": "96.90000", "2018-06-30": "114.70000", "2018-03-31": "57.90000", "2017-12-31": "108.90000", "2017-09-30": "79.10000", "2017-06-30": "94.70000", "2017-03-31": "57.90000", "2016-12-31": "56.80000", "2016-09-30": "-9.50000", "2016-06-30": "115.30000", "2016-03-31": "68.50000", "2015-12-31": "81.70000", "2015-09-30": "103.60000", "2015-06-30": "94.80000", "2015-03-31": "39.50000", "2014-12-31": "53.20000", "2014-09-30": "86.30000", "2014-06-30": "75.70000", "2014-03-31": "36.50000", "2013-12-31": "60.20000", "2013-09-30": "66.40000", "2013-06-30": "64.30000", "2013-03-31": "44.30000", "2012-12-31": "44.00000", "2012-09-30": "69.70000", "2012-06-30": "89.40000", "2012-03-31": "60.00000", "2011-12-31": "39.50000", "2011-09-30": "53.70000", "2011-06-30": "55.30000", "2011-03-31": "33.00000", "2010-12-31": "23.10000", "2010-09-30": "46.30000", "2010-06-30": "38.40000", "2010-03-31": "22.80000", "2009-12-31": "39.50000", "2009-09-30": "46.60000", "2009-06-30": "56.60000", "2009-03-31": "10.90000", "2008-12-31": "-43.40000", "2008-09-30": "50.20000", "2008-06-30": "56.40000", "2008-03-31": "27.90000", "2007-12-31": "46.94600", "2007-09-30": "84.30000", "2007-06-30": "54.90000", "2007-03-31": "33.75400", "2006-12-31": "35.34500", "2006-09-30": "45.01700", "2006-06-30": "56.12800", "2006-03-31": "39.71000", "2005-12-31": "36.57600", "2005-09-30": "36.02600", "2005-06-30": "42.08200", "2005-03-31": "28.75700"}, "Income From Discontinued Operations": {"2020-12-31": "-4.10000", "2020-09-30": "", "2020-06-30": "", "2020-03-31": "", "2019-12-31": "-1.40000", "2019-09-30": "-1.40000", "2019-06-30": "-0.10000", "2019-03-31": "2.00000", "2018-12-31": "-1.00000", "2018-09-30": "2.80000", "2018-06-30": "-1.00000", "2018-03-31": "251.70000", "2017-12-31": "6.20000", "2017-09-30": "7.20000", "2017-06-30": "7.60000", "2017-03-31": "3.90000", "2016-12-31": "19.40000", "2016-09-30": "-0.30000", "2016-06-30": "-0.10000", "2016-03-31": "", "2015-12-31": "0.10000", "2015-09-30": "", "2015-06-30": "0.10000", "2015-03-31": "-0.10000", "2014-12-31": "-0.20000", "2014-09-30": "1.00000", "2014-06-30": "-0.50000", "2014-03-31": "-0.70000", "2013-12-31": "9.50000", "2013-09-30": "10.20000", "2013-06-30": "-56.10000", "2013-03-31": "10.90000", "2012-12-31": "3.90000", "2012-09-30": "-0.20000", "2012-06-30": "3.40000", "2012-03-31": "", "2011-12-31": "-0.90000", "2011-09-30": "0.00000", "2011-06-30": "-0.70000", "2011-03-31": "0.10000", "2010-12-31": "10.30000", "2010-09-30": "3.70000", "2010-06-30": "-0.20000", "2010-03-31": "1.20000", "2009-12-31": "-4.10000", "2009-09-30": "-0.50000", "2009-06-30": "-1.70000", "2009-03-31": "-4.40000", "2008-12-31": "57.60000", "2008-09-30": "-0.20000", "2008-06-30": "-2.60000", "2008-03-31": "-90.80000", "2007-12-31": "-5.18100", "2007-09-30": "-1.80000", "2007-06-30": "-1.50000", "2007-03-31": "3.08100", "2006-12-31": "42.81300", "2006-09-30": "-4.78300", "2006-06-30": "0.98300", "2006-03-31": "1.88700", "2005-12-31": "-4.06200", "2005-09-30": "-16.32300", "2005-06-30": "-7.40600", "2005-03-31": "-0.50200"}, "Net Income": {"2020-12-31": "80.60000", "2020-09-30": "101.80000", "2020-06-30": "75.40000", "2020-03-31": "61.80000", "2019-12-31": "101.60000", "2019-09-30": "138.90000", "2019-06-30": "152.90000", "2019-03-31": "79.40000", "2018-12-31": "88.10000", "2018-09-30": "99.70000", "2018-06-30": "113.70000", "2018-03-31": "309.60000", "2017-12-31": "115.10000", "2017-09-30": "86.30000", "2017-06-30": "102.30000", "2017-03-31": "61.80000", "2016-12-31": "76.20000", "2016-09-30": "-9.80000", "2016-06-30": "115.20000", "2016-03-31": "68.50000", "2015-12-31": "81.80000", "2015-09-30": "103.60000", "2015-06-30": "94.90000", "2015-03-31": "39.40000", "2014-12-31": "53.00000", "2014-09-30": "87.30000", "2014-06-30": "75.20000", "2014-03-31": "35.80000", "2013-12-31": "69.70000", "2013-09-30": "76.60000", "2013-06-30": "8.20000", "2013-03-31": "55.20000", "2012-12-31": "47.90000", "2012-09-30": "69.50000", "2012-06-30": "92.80000", "2012-03-31": "60.00000", "2011-12-31": "38.60000", "2011-09-30": "53.70000", "2011-06-30": "54.60000", "2011-03-31": "33.10000", "2010-12-31": "31.80000", "2010-09-30": "50.00000", "2010-06-30": "38.20000", "2010-03-31": "24.00000", "2009-12-31": "35.40000", "2009-09-30": "46.10000", "2009-06-30": "54.90000", "2009-03-31": "6.50000", "2008-12-31": "14.20000", "2008-09-30": "50.00000", "2008-06-30": "53.80000", "2008-03-31": "-62.90000", "2007-12-31": "41.76500", "2007-09-30": "82.50000", "2007-06-30": "53.40000", "2007-03-31": "36.83500", "2006-12-31": "78.15800", "2006-09-30": "40.23400", "2006-06-30": "57.11100", "2006-03-31": "41.59700", "2005-12-31": "32.51400", "2005-09-30": "19.70300", "2005-06-30": "34.67600", "2005-03-31": "28.25500"}, "EBITDA": {"2020-12-31": "", "2020-09-30": "211.89990", "2020-06-30": "169.40000", "2020-03-31": "159.50000", "2019-12-31": "195.20020", "2019-09-30": "242.49990", "2019-06-30": "258.09990", "2019-03-31": "163.80000", "2018-12-31": "161.99980", "2018-09-30": "185.90010", "2018-06-30": "206.00000", "2018-03-31": "145.70000", "2017-12-31": "141.79970", "2017-09-30": "176.40000", "2017-06-30": "186.60010", "2017-03-31": "128.29990", "2016-12-31": "114.10020", "2016-09-30": "212.50000", "2016-06-30": "212.80000", "2016-03-31": "144.10000", "2015-12-31": "161.00030", "2015-09-30": "195.40000", "2015-06-30": "181.49990", "2015-03-31": "94.70000", "2014-12-31": "117.20000", "2014-09-30": "159.50000", "2014-06-30": "146.99990", "2014-03-31": "88.60000", "2013-12-31": "116.50010", "2013-09-30": "139.60000", "2013-06-30": "139.50000", "2013-03-31": "85.10000", "2012-12-31": "98.90000", "2012-09-30": "136.60010", "2012-06-30": "165.90000", "2012-03-31": "123.10000", "2011-12-31": "76.10000", "2011-09-30": "100.80000", "2011-06-30": "108.00000", "2011-03-31": "77.40000", "2010-12-31": "46.50010", "2010-09-30": "83.60000", "2010-06-30": "82.20000", "2010-03-31": "55.70000", "2009-12-31": "50.30010", "2009-09-30": "90.50000", "2009-06-30": "101.80000", "2009-03-31": "36.80000", "2008-12-31": "-29.59990", "2008-09-30": "99.70000", "2008-06-30": "107.00000", "2008-03-31": "63.80010", "2007-12-31": "87.21400", "2007-09-30": "106.60000", "2007-06-30": "101.44500", "2007-03-31": "66.54100", "2006-12-31": "69.81400", "2006-09-30": "83.99490", "2006-06-30": "98.99500", "2006-03-31": "77.29600", "2005-12-31": "75.51420", "2005-09-30": "66.01400", "2005-06-30": "75.19300", "2005-03-31": "64.46100"}, "EBIT": {"2020-12-31": "111.80000", "2020-09-30": "155.70000", "2020-06-30": "113.40000", "2020-03-31": "102.70000", "2019-12-31": "141.30040", "2019-09-30": "190.99990", "2019-06-30": "207.20000", "2019-03-31": "114.70000", "2018-12-31": "114.59970", "2018-09-30": "140.00010", "2018-06-30": "159.70000", "2018-03-31": "94.70000", "2017-12-31": "93.39970", "2017-09-30": "134.80000", "2017-06-30": "146.30000", "2017-03-31": "89.49990", "2016-12-31": "78.30020", "2016-09-30": "177.90000", "2016-06-30": "178.90000", "2016-03-31": "110.60000", "2015-12-31": "127.10010", "2015-09-30": "161.80000", "2015-06-30": "147.99990", "2015-03-31": "66.40000", "2014-12-31": "89.00010", "2014-09-30": "134.00000", "2014-06-30": "122.29990", "2014-03-31": "63.00000", "2013-12-31": "92.50010", "2013-09-30": "109.60000", "2013-06-30": "109.30000", "2013-03-31": "55.40000", "2012-12-31": "72.50000", "2012-09-30": "110.60010", "2012-06-30": "140.30000", "2012-03-31": "96.20000", "2011-12-31": "52.70000", "2011-09-30": "81.80000", "2011-06-30": "85.40000", "2011-03-31": "54.40000", "2010-12-31": "28.40010", "2010-09-30": "66.10000", "2010-06-30": "63.40000", "2010-03-31": "38.20000", "2009-12-31": "33.60010", "2009-09-30": "74.00000", "2009-06-30": "84.90000", "2009-03-31": "19.40000", "2008-12-31": "-45.29990", "2008-09-30": "81.80000", "2008-06-30": "89.90000", "2008-03-31": "45.50010", "2007-12-31": "71.11390", "2007-09-30": "89.20000", "2007-06-30": "84.50000", "2007-03-31": "51.08600", "2006-12-31": "53.71310", "2006-09-30": "68.67690", "2006-06-30": "84.77700", "2006-03-31": "63.13300", "2005-12-31": "61.68920", "2005-09-30": "50.36500", "2005-06-30": "61.57500", "2005-03-31": "51.23100"}, "Basic Shares Outstanding": {"2020-12-31": "53.20000", "2020-09-30": "54.10000", "2020-06-30": "54.80000", "2020-03-31": "55.80000", "2019-12-31": "56.91300", "2019-09-30": "56.70000", "2019-06-30": "57.00000", "2019-03-31": "57.50000", "2018-12-31": "60.39300", "2018-09-30": "59.82600", "2018-06-30": "60.64100", "2018-03-31": "61.68400", "2017-12-31": "63.07300", "2017-09-30": "62.43200", "2017-06-30": "63.74600", "2017-03-31": "64.35300", "2016-12-31": "64.22600", "2016-09-30": "64.35300", "2016-06-30": "64.24600", "2016-03-31": "64.01800", "2015-12-31": "64.84400", "2015-09-30": "64.97000", "2015-06-30": "65.01000", "2015-03-31": "64.87600", "2014-12-31": "64.17000", "2014-09-30": "64.14900", "2014-06-30": "64.10000", "2014-03-31": "63.87800", "2013-12-31": "63.47100", "2013-09-30": "63.56700", "2013-06-30": "63.40900", "2013-03-31": "63.25300", "2012-12-31": "63.00100", "2012-09-30": "62.70800", "2012-06-30": "62.41900", "2012-03-31": "61.91300", "2011-12-31": "61.63200", "2011-09-30": "61.59900", "2011-06-30": "61.44900", "2011-03-31": "61.13400", "2010-12-31": "60.90100", "2010-09-30": "60.98000", "2010-06-30": "60.83200", "2010-03-31": "60.70600", "2009-12-31": "60.60100", "2009-09-30": "60.61200", "2009-06-30": "60.58400", "2009-03-31": "60.56800", "2008-12-31": "60.54100", "2008-09-30": "60.52800", "2008-06-30": "60.50600", "2008-03-31": "60.59400", "2007-12-31": "61.69200", "2007-09-30": "61.98400", "2007-06-30": "61.81000", "2007-03-31": "61.65500", "2006-12-31": "61.24000", "2006-09-30": "61.35800", "2006-06-30": "61.28000", "2006-03-31": "60.88800", "2005-12-31": "61.47200", "2005-09-30": "61.18600", "2005-06-30": "61.95400", "2005-03-31": "61.88600"}, "Shares Outstanding": {"2020-12-31": "53.80000", "2020-09-30": "54.50000", "2020-06-30": "55.20000", "2020-03-31": "56.50000", "2019-12-31": "57.54700", "2019-09-30": "57.30000", "2019-06-30": "57.60000", "2019-03-31": "57.90000", "2018-12-31": "60.78600", "2018-09-30": "60.32900", "2018-06-30": "61.05900", "2018-03-31": "62.16400", "2017-12-31": "63.55100", "2017-09-30": "62.79700", "2017-06-30": "64.14000", "2017-03-31": "64.84800", "2016-12-31": "64.88300", "2016-09-30": "64.35300", "2016-06-30": "65.11200", "2016-03-31": "64.87600", "2015-12-31": "65.80400", "2015-09-30": "65.98700", "2015-06-30": "66.01800", "2015-03-31": "65.89600", "2014-12-31": "64.51200", "2014-09-30": "65.44700", "2014-06-30": "65.44100", "2014-03-31": "65.08900", "2013-12-31": "64.80600", "2013-09-30": "64.89000", "2013-06-30": "64.69500", "2013-03-31": "64.71900", "2012-12-31": "64.22700", "2012-09-30": "63.94600", "2012-06-30": "63.79700", "2012-03-31": "63.22900", "2011-12-31": "62.68200", "2011-09-30": "62.40300", "2011-06-30": "62.70100", "2011-03-31": "62.18100", "2010-12-31": "61.59200", "2010-09-30": "61.52700", "2010-06-30": "61.68600", "2010-03-31": "61.51200", "2009-12-31": "61.23400", "2009-09-30": "61.23700", "2009-06-30": "60.92600", "2009-03-31": "60.91600", "2008-12-31": "60.84800", "2008-09-30": "60.80500", "2008-06-30": "60.84600", "2008-03-31": "60.99100", "2007-12-31": "62.33800", "2007-09-30": "62.91300", "2007-06-30": "62.62500", "2007-03-31": "62.50800", "2006-12-31": "62.23600", "2006-09-30": "62.20200", "2006-06-30": "62.11800", "2006-03-31": "61.95400", "2005-12-31": "62.15600", "2005-09-30": "61.79000", "2005-06-30": "62.67000", "2005-03-31": "62.66200"}, "Basic EPS": {"2020-12-31": "1.51000", "2020-09-30": "1.88000", "2020-06-30": "1.37000", "2020-03-31": "1.10000", "2019-12-31": "1.80000", "2019-09-30": "2.43000", "2019-06-30": "2.68000", "2019-03-31": "1.37000", "2018-12-31": "1.59000", "2018-09-30": "1.66000", "2018-06-30": "1.86000", "2018-03-31": "4.98000", "2017-12-31": "1.83000", "2017-09-30": "1.38000", "2017-06-30": "1.59000", "2017-03-31": "0.95000", "2016-12-31": "1.17000", "2016-09-30": "-0.15000", "2016-06-30": "1.78000", "2016-03-31": "1.06000", "2015-12-31": "1.25000", "2015-09-30": "1.59000", "2015-06-30": "1.45000", "2015-03-31": "0.60000", "2014-12-31": "0.82000", "2014-09-30": "1.35000", "2014-06-30": "1.16000", "2014-03-31": "0.56000", "2013-12-31": "1.09000", "2013-09-30": "1.20000", "2013-06-30": "0.13000", "2013-03-31": "0.87000", "2012-12-31": "0.75000", "2012-09-30": "1.10000", "2012-06-30": "1.48000", "2012-03-31": "0.96000", "2011-12-31": "0.62000", "2011-09-30": "0.86000", "2011-06-30": "0.88000", "2011-03-31": "0.54000", "2010-12-31": "0.51000", "2010-09-30": "0.82000", "2010-06-30": "0.63000", "2010-03-31": "0.40000", "2009-12-31": "0.58000", "2009-09-30": "0.76000", "2009-06-30": "0.91000", "2009-03-31": "0.11000", "2008-12-31": "0.21000", "2008-09-30": "0.83000", "2008-06-30": "0.89000", "2008-03-31": "-1.02000", "2007-12-31": "0.69000", "2007-09-30": "1.33000", "2007-06-30": "0.86000", "2007-03-31": "0.60000", "2006-12-31": "1.28000", "2006-09-30": "0.66000", "2006-06-30": "0.93000", "2006-03-31": "0.68000", "2005-12-31": "0.53500", "2005-09-30": "0.32000", "2005-06-30": "0.56000", "2005-03-31": "0.45500"}, "EPS - Earnings Per Share": {"2020-12-31": "1.49000", "2020-09-30": "1.87000", "2020-06-30": "1.36000", "2020-03-31": "1.09000", "2019-12-31": "1.78000", "2019-09-30": "2.40000", "2019-06-30": "2.65000", "2019-03-31": "1.36000", "2018-12-31": "1.59000", "2018-09-30": "1.64000", "2018-06-30": "1.85000", "2018-03-31": "4.94000", "2017-12-31": "1.82000", "2017-09-30": "1.37000", "2017-06-30": "1.58000", "2017-03-31": "0.94000", "2016-12-31": "1.17000", "2016-09-30": "-0.15000", "2016-06-30": "1.75000", "2016-03-31": "1.05000", "2015-12-31": "1.24000", "2015-09-30": "1.56000", "2015-06-30": "1.43000", "2015-03-31": "0.59000", "2014-12-31": "0.81000", "2014-09-30": "1.32000", "2014-06-30": "1.14000", "2014-03-31": "0.55000", "2013-12-31": "1.07000", "2013-09-30": "1.17000", "2013-06-30": "0.13000", "2013-03-31": "0.85000", "2012-12-31": "0.74000", "2012-09-30": "1.08000", "2012-06-30": "1.45000", "2012-03-31": "0.94000", "2011-12-31": "0.61000", "2011-09-30": "0.85000", "2011-06-30": "0.86000", "2011-03-31": "0.53000", "2010-12-31": "0.52000", "2010-09-30": "0.81000", "2010-06-30": "0.62000", "2010-03-31": "0.39000", "2009-12-31": "0.58000", "2009-09-30": "0.75000", "2009-06-30": "0.90000", "2009-03-31": "0.11000", "2008-12-31": "0.23000", "2008-09-30": "0.82000", "2008-06-30": "0.88000", "2008-03-31": "-1.02000", "2007-12-31": "0.69000", "2007-09-30": "1.31000", "2007-06-30": "0.85000", "2007-03-31": "0.59000", "2006-12-31": "1.25000", "2006-09-30": "0.65000", "2006-06-30": "0.92000", "2006-03-31": "0.67000", "2005-12-31": "0.52500", "2005-09-30": "0.32000", "2005-06-30": "0.55500", "2005-03-31": "0.45000"}}, "balance sheet": {"Cash On Hand": {"2020-12-31": "", "2019-12-31": "351.20000", "2018-12-31": "803.60000", "2017-12-31": "378.30000", "2016-12-31": "385.30000", "2015-12-31": "410.70000", "2014-12-31": "730.80000", "2013-12-31": "754.50000", "2012-12-31": "112.50000", "2011-12-31": "74.70000", "2010-12-31": "89.40000", "2009-12-31": "96.30000", "2008-12-31": "42.70000", "2007-12-31": "88.40000", "2006-12-31": "144.02900", "2005-12-31": "38.74500"}, "Receivables": {"2020-12-31": "", "2019-12-31": "783.00000", "2018-12-31": "698.30000", "2017-12-31": "625.70000", "2016-12-31": "511.60000", "2015-12-31": "502.50000", "2014-12-31": "439.20000", "2013-12-31": "399.60000", "2012-12-31": "408.40000", "2011-12-31": "486.40000", "2010-12-31": "391.00000", "2009-12-31": "287.10000", "2008-12-31": "331.20000", "2007-12-31": "333.00000", "2006-12-31": "353.10800", "2005-12-31": "162.95900"}, "Inventory": {"2020-12-31": "", "2019-12-31": "510.60000", "2018-12-31": "457.50000", "2017-12-31": "448.80000", "2016-12-31": "377.00000", "2015-12-31": "356.00000", "2014-12-31": "339.10000", "2013-12-31": "298.80000", "2012-12-31": "325.00000", "2011-12-31": "539.00000", "2010-12-31": "430.50000", "2009-12-31": "338.30000", "2008-12-31": "468.50000", "2007-12-31": "422.00000", "2006-12-31": "450.00400", "2005-12-31": "337.80900"}, "Pre-Paid Expenses": {"2020-12-31": "", "2019-12-31": "30.50000", "2018-12-31": "22.00000", "2017-12-31": "21.70000", "2016-12-31": "24.30000", "2015-12-31": "18.80000", "2014-12-31": "67.00000", "2013-12-31": "46.40000", "2012-12-31": "26.50000", "2011-12-31": "60.10000", "2010-12-31": "60.30000", "2009-12-31": "27.20000", "2008-12-31": "59.70000", "2007-12-31": "37.10000", "2006-12-31": "31.08600", "2005-12-31": "21.94600"}, "Other Current Assets": {"2020-12-31": "", "2019-12-31": "76.70000", "2018-12-31": "75.30000", "2017-12-31": "73.60000", "2016-12-31": "57.00000", "2015-12-31": "31.50000", "2014-12-31": "", "2013-12-31": "", "2012-12-31": "295.60000", "2011-12-31": "2.60000", "2010-12-31": "", "2009-12-31": "13.10000", "2008-12-31": "30.80000", "2007-12-31": "110.90000", "2006-12-31": "5.47700", "2005-12-31": "67.63900"}, "Total Current Assets": {"2020-12-31": "", "2019-12-31": "1752.00000", "2018-12-31": "2056.70000", "2017-12-31": "1644.60000", "2016-12-31": "1355.20000", "2015-12-31": "1319.50000", "2014-12-31": "1611.50000", "2013-12-31": "1535.00000", "2012-12-31": "1205.30000", "2011-12-31": "1214.10000", "2010-12-31": "1016.90000", "2009-12-31": "799.80000", "2008-12-31": "968.10000", "2007-12-31": "1023.10000", "2006-12-31": "1007.51000", "2005-12-31": "664.27000"}, "Property, Plant, And Equipment": {"2020-12-31": "", "2019-12-31": "783.50000", "2018-12-31": "760.10000", "2017-12-31": "731.10000", "2016-12-31": "632.20000", "2015-12-31": "585.80000", "2014-12-31": "547.30000", "2013-12-31": "497.20000", "2012-12-31": "465.20000", "2011-12-31": "560.30000", "2010-12-31": "533.40000", "2009-12-31": "460.90000", "2008-12-31": "513.30000", "2007-12-31": "463.90000", "2006-12-31": "458.48000", "2005-12-31": "431.99600"}, "Long-Term Investments": {"2020-12-31": "", "2019-12-31": "", "2018-12-31": "", "2017-12-31": "", "2016-12-31": "", "2015-12-31": "", "2014-12-31": "", "2013-12-31": "", "2012-12-31": "", "2011-12-31": "", "2010-12-31": "", "2009-12-31": "", "2008-12-31": "4.60000", "2007-12-31": "3.80000", "2006-12-31": "100.68700", "2005-12-31": "86.61100"}, "Goodwill And Intangible Assets": {"2020-12-31": "", "2019-12-31": "2856.90000", "2018-12-31": "2409.50000", "2017-12-31": "2517.10000", "2016-12-31": "1953.40000", "2015-12-31": "2022.20000", "2014-12-31": "1576.20000", "2013-12-31": "1438.50000", "2012-12-31": "1473.60000", "2011-12-31": "1324.40000", "2010-12-31": "965.00000", "2009-12-31": "625.10000", "2008-12-31": "582.10000", "2007-12-31": "398.00000", "2006-12-31": "329.04600", "2005-12-31": "331.20700"}, "Other Long-Term Assets": {"2020-12-31": "", "2019-12-31": "103.60000", "2018-12-31": "22.90000", "2017-12-31": "34.90000", "2016-12-31": "25.00000", "2015-12-31": "23.40000", "2014-12-31": "23.70000", "2013-12-31": "22.30000", "2012-12-31": "313.20000", "2011-12-31": "39.10000", "2010-12-31": "14.20000", "2009-12-31": "28.30000", "2008-12-31": "7.80000", "2007-12-31": "100.00000", "2006-12-31": "11.36300", "2005-12-31": "46.44400"}, "Total Long-Term Assets": {"2020-12-31": "", "2019-12-31": "3744.00000", "2018-12-31": "3192.50000", "2017-12-31": "3655.20000", "2016-12-31": "2610.60000", "2015-12-31": "2631.40000", "2014-12-31": "2147.20000", "2013-12-31": "1958.00000", "2012-12-31": "2252.00000", "2011-12-31": "1923.80000", "2010-12-31": "1512.60000", "2009-12-31": "1114.30000", "2008-12-31": "1107.80000", "2007-12-31": "965.70000", "2006-12-31": "899.57600", "2005-12-31": "902.08500"}, "Total Assets": {"2020-12-31": "0.00000", "2019-12-31": "5496.00000", "2018-12-31": "5249.20000", "2017-12-31": "5299.80000", "2016-12-31": "3965.80000", "2015-12-31": "3950.90000", "2014-12-31": "3758.70000", "2013-12-31": "3493.00000", "2012-12-31": "3457.30000", "2011-12-31": "3137.90000", "2010-12-31": "2529.50000", "2009-12-31": "1914.10000", "2008-12-31": "2075.90000", "2007-12-31": "1988.80000", "2006-12-31": "1907.08600", "2005-12-31": "1566.35500"}, "Total Current Liabilities": {"2020-12-31": "", "2019-12-31": "899.00000", "2018-12-31": "595.60000", "2017-12-31": "658.60000", "2016-12-31": "513.50000", "2015-12-31": "605.80000", "2014-12-31": "392.20000", "2013-12-31": "376.40000", "2012-12-31": "470.60000", "2011-12-31": "596.90000", "2010-12-31": "456.40000", "2009-12-31": "301.10000", "2008-12-31": "442.50000", "2007-12-31": "388.20000", "2006-12-31": "470.84200", "2005-12-31": "375.80900"}, "Long Term Debt": {"2020-12-31": "", "2019-12-31": "1341.40000", "2018-12-31": "1587.80000", "2017-12-31": "1586.20000", "2016-12-31": "596.40000", "2015-12-31": "595.60000", "2014-12-31": "749.80000", "2013-12-31": "751.00000", "2012-12-31": "752.30000", "2011-12-31": "604.30000", "2010-12-31": "405.10000", "2009-12-31": "156.10000", "2008-12-31": "273.30000", "2007-12-31": "262.80000", "2006-12-31": "274.65800", "2005-12-31": "282.42600"}, "Other Non-Current Liabilities": {"2020-12-31": "", "2019-12-31": "392.40000", "2018-12-31": "266.50000", "2017-12-31": "288.70000", "2016-12-31": "217.00000", "2015-12-31": "242.40000", "2014-12-31": "260.60000", "2013-12-31": "235.90000", "2012-12-31": "310.90000", "2011-12-31": "306.90000", "2010-12-31": "204.70000", "2009-12-31": "125.10000", "2008-12-31": "159.80000", "2007-12-31": "125.20000", "2006-12-31": "111.63300", "2005-12-31": "104.00900"}, "Total Long Term Liabilities": {"2020-12-31": "", "2019-12-31": "1954.20000", "2018-12-31": "2056.20000", "2017-12-31": "2112.90000", "2016-12-31": "985.40000", "2015-12-31": "997.70000", "2014-12-31": "1161.50000", "2013-12-31": "1130.50000", "2012-12-31": "1198.60000", "2011-12-31": "1040.90000", "2010-12-31": "732.40000", "2009-12-31": "394.40000", "2008-12-31": "539.30000", "2007-12-31": "481.70000", "2006-12-31": "468.92200", "2005-12-31": "460.30700"}, "Total Liabilities": {"2020-12-31": "", "2019-12-31": "2853.20000", "2018-12-31": "2651.80000", "2017-12-31": "2771.50000", "2016-12-31": "1498.90000", "2015-12-31": "1603.50000", "2014-12-31": "1553.70000", "2013-12-31": "1506.90000", "2012-12-31": "1669.20000", "2011-12-31": "1637.80000", "2010-12-31": "1188.80000", "2009-12-31": "695.50000", "2008-12-31": "981.80000", "2007-12-31": "869.90000", "2006-12-31": "939.76400", "2005-12-31": "836.11600"}, "Common Stock Net": {"2020-12-31": "", "2019-12-31": "78.70000", "2018-12-31": "78.70000", "2017-12-31": "78.70000", "2016-12-31": "78.70000", "2015-12-31": "78.70000", "2014-12-31": "78.70000", "2013-12-31": "78.70000", "2012-12-31": "78.70000", "2011-12-31": "78.70000", "2010-12-31": "78.70000", "2009-12-31": "78.70000", "2008-12-31": "78.70000", "2007-12-31": "78.70000", "2006-12-31": "78.66100", "2005-12-31": "39.33100"}, "Retained Earnings (Accumulated Deficit)": {"2020-12-31": "", "2019-12-31": "3721.30000", "2018-12-31": "3351.40000", "2017-12-31": "2820.80000", "2016-12-31": "2547.40000", "2015-12-31": "2381.80000", "2014-12-31": "2134.40000", "2013-12-31": "1944.30000", "2012-12-31": "1788.30000", "2011-12-31": "1566.10000", "2010-12-31": "1429.30000", "2009-12-31": "1324.30000", "2008-12-31": "1218.30000", "2007-12-31": "1199.60000", "2006-12-31": "1020.71700", "2005-12-31": "811.92500"}, "Comprehensive Income": {"2020-12-31": "", "2019-12-31": "-124.10000", "2018-12-31": "-122.10000", "2017-12-31": "-85.70000", "2016-12-31": "-122.20000", "2015-12-31": "-87.10000", "2014-12-31": "-61.80000", "2013-12-31": "-31.50000", "2012-12-31": "-35.50000", "2011-12-31": "-45.00000", "2010-12-31": "-38.10000", "2009-12-31": "-34.70000", "2008-12-31": "-39.50000", "2007-12-31": "9.50000", "2006-12-31": "8.45100", "2005-12-31": "2.81500"}, "Other Share Holders Equity": {"2020-12-31": "", "2019-12-31": "", "2018-12-31": "", "2017-12-31": "", "2016-12-31": "", "2015-12-31": "", "2014-12-31": "", "2013-12-31": "", "2012-12-31": "", "2011-12-31": "", "2010-12-31": "", "2009-12-31": "", "2008-12-31": "", "2007-12-31": "", "2006-12-31": "", "2005-12-31": ""}, "Share Holder Equity": {"2020-12-31": "", "2019-12-31": "2642.80000", "2018-12-31": "2597.40000", "2017-12-31": "2528.30000", "2016-12-31": "2466.90000", "2015-12-31": "2347.40000", "2014-12-31": "2205.00000", "2013-12-31": "1986.10000", "2012-12-31": "1788.10000", "2011-12-31": "1500.10000", "2010-12-31": "1340.70000", "2009-12-31": "1218.60000", "2008-12-31": "1094.10000", "2007-12-31": "1118.90000", "2006-12-31": "967.32200", "2005-12-31": "730.23900"}, "Total Liabilities And Share Holders Equity": {"2020-12-31": "", "2019-12-31": "5496.00000", "2018-12-31": "5249.20000", "2017-12-31": "5299.80000", "2016-12-31": "3965.80000", "2015-12-31": "3950.90000", "2014-12-31": "3758.70000", "2013-12-31": "3493.00000", "2012-12-31": "3457.30000", "2011-12-31": "3137.90000", "2010-12-31": "2529.50000", "2009-12-31": "1914.10000", "2008-12-31": "2075.90000", "2007-12-31": "1988.80000", "2006-12-31": "1907.08600", "2005-12-31": "1566.35500"}}, "balance sheet, quarterly": {"Cash On Hand": {"2020-12-31": "", "2020-09-30": "719.00000", "2020-06-30": "737.70000", "2020-03-31": "1187.70000", "2019-12-31": "351.20000", "2019-09-30": "658.10000", "2019-06-30": "422.00000", "2019-03-31": "516.60000", "2018-12-31": "803.60000", "2018-09-30": "780.50000", "2018-06-30": "762.40000", "2018-03-31": "979.10000", "2017-12-31": "378.30000", "2017-09-30": "147.60000", "2017-06-30": "139.80000", "2017-03-31": "134.00000", "2016-12-31": "385.30000", "2016-09-30": "355.40000", "2016-06-30": "397.90000", "2016-03-31": "450.50000", "2015-12-31": "410.70000", "2015-09-30": "354.40000", "2015-06-30": "229.20000", "2015-03-31": "744.40000", "2014-12-31": "730.80000", "2014-09-30": "805.10000", "2014-06-30": "757.00000", "2014-03-31": "779.70000", "2013-12-31": "754.50000", "2013-09-30": "332.40000", "2013-06-30": "168.20000", "2013-03-31": "116.00000", "2012-12-31": "112.50000", "2012-09-30": "87.10000", "2012-06-30": "76.80000", "2012-03-31": "68.90000", "2011-12-31": "74.70000", "2011-09-30": "81.80000", "2011-06-30": "99.10000", "2011-03-31": "104.20000", "2010-12-31": "89.40000", "2010-09-30": "114.80000", "2010-06-30": "96.60000", "2010-03-31": "86.60000", "2009-12-31": "96.30000", "2009-09-30": "81.20000", "2009-06-30": "63.60000", "2009-03-31": "59.30000", "2008-12-31": "42.70000", "2008-09-30": "101.70000", "2008-06-30": "118.20000", "2008-03-31": "98.98400", "2007-12-31": "88.40000", "2007-09-30": "144.39600", "2007-06-30": "24.70100", "2007-03-31": "26.84800", "2006-12-31": "144.02900", "2006-09-30": "44.71700", "2006-06-30": "30.27300", "2006-03-31": "23.96800", "2005-12-31": "38.74500", "2005-09-30": "82.63100", "2005-06-30": "36.89700", "2005-03-31": "26.50700"}, "Receivables": {"2020-12-31": "", "2020-09-30": "721.00000", "2020-06-30": "692.50000", "2020-03-31": "686.60000", "2019-12-31": "682.50000", "2019-09-30": "862.00000", "2019-06-30": "915.60000", "2019-03-31": "773.00000", "2018-12-31": "698.30000", "2018-09-30": "850.50000", "2018-06-30": "841.60000", "2018-03-31": "678.20000", "2017-12-31": "625.70000", "2017-09-30": "690.80000", "2017-06-30": "694.90000", "2017-03-31": "560.00000", "2016-12-31": "511.60000", "2016-09-30": "605.00000", "2016-06-30": "631.80000", "2016-03-31": "507.70000", "2015-12-31": "502.50000", "2015-09-30": "600.80000", "2015-06-30": "636.50000", "2015-03-31": "447.70000", "2014-12-31": "439.20000", "2014-09-30": "548.70000", "2014-06-30": "534.80000", "2014-03-31": "412.10000", "2013-12-31": "399.60000", "2013-09-30": "572.30000", "2013-06-30": "597.50000", "2013-03-31": "515.00000", "2012-12-31": "408.40000", "2012-09-30": "565.70000", "2012-06-30": "627.20000", "2012-03-31": "586.80000", "2011-12-31": "486.40000", "2011-09-30": "542.30000", "2011-06-30": "571.40000", "2011-03-31": "441.10000", "2010-12-31": "391.00000", "2010-09-30": "395.90000", "2010-06-30": "414.50000", "2010-03-31": "350.20000", "2009-12-31": "287.10000", "2009-09-30": "342.40000", "2009-06-30": "347.80000", "2009-03-31": "316.90000", "2008-12-31": "331.20000", "2008-09-30": "461.40000", "2008-06-30": "478.80000", "2008-03-31": "414.35700", "2007-12-31": "333.00000", "2007-09-30": "476.75600", "2007-06-30": "338.64400", "2007-03-31": "320.44300", "2006-12-31": "353.10800", "2006-09-30": "396.86700", "2006-06-30": "265.06700", "2006-03-31": "229.63200", "2005-12-31": "162.95900", "2005-09-30": "232.97300", "2005-06-30": "232.23500", "2005-03-31": "235.08700"}, "Inventory": {"2020-12-31": "", "2020-09-30": "514.50000", "2020-06-30": "547.80000", "2020-03-31": "560.60000", "2019-12-31": "510.60000", "2019-09-30": "508.40000", "2019-06-30": "505.60000", "2019-03-31": "514.70000", "2018-12-31": "457.50000", "2018-09-30": "489.10000", "2018-06-30": "491.20000", "2018-03-31": "490.10000", "2017-12-31": "448.80000", "2017-09-30": "454.80000", "2017-06-30": "436.00000", "2017-03-31": "428.00000", "2016-12-31": "377.00000", "2016-09-30": "385.80000", "2016-06-30": "386.20000", "2016-03-31": "380.90000", "2015-12-31": "356.00000", "2015-09-30": "383.80000", "2015-06-30": "391.90000", "2015-03-31": "357.50000", "2014-12-31": "339.10000", "2014-09-30": "334.30000", "2014-06-30": "329.60000", "2014-03-31": "324.50000", "2013-12-31": "298.80000", "2013-09-30": "481.30000", "2013-06-30": "493.00000", "2013-03-31": "513.90000", "2012-12-31": "325.00000", "2012-09-30": "537.00000", "2012-06-30": "549.60000", "2012-03-31": "542.80000", "2011-12-31": "539.00000", "2011-09-30": "482.20000", "2011-06-30": "444.30000", "2011-03-31": "444.50000", "2010-12-31": "430.50000", "2010-09-30": "382.50000", "2010-06-30": "363.20000", "2010-03-31": "349.00000", "2009-12-31": "338.30000", "2009-09-30": "299.80000", "2009-06-30": "315.80000", "2009-03-31": "374.00000", "2008-12-31": "468.50000", "2008-09-30": "462.90000", "2008-06-30": "452.20000", "2008-03-31": "503.65200", "2007-12-31": "422.00000", "2007-09-30": "467.45400", "2007-06-30": "470.88600", "2007-03-31": "475.95800", "2006-12-31": "450.00400", "2006-09-30": "366.12000", "2006-06-30": "359.45600", "2006-03-31": "358.93300", "2005-12-31": "337.80900", "2005-09-30": "339.75000", "2005-06-30": "368.97100", "2005-03-31": "366.01800"}, "Pre-Paid Expenses": {"2020-12-31": "", "2020-09-30": "30.70000", "2020-06-30": "25.20000", "2020-03-31": "23.30000", "2019-12-31": "30.50000", "2019-09-30": "25.40000", "2019-06-30": "19.00000", "2019-03-31": "19.30000", "2018-12-31": "22.00000", "2018-09-30": "24.40000", "2018-06-30": "19.90000", "2018-03-31": "21.80000", "2017-12-31": "21.70000", "2017-09-30": "25.30000", "2017-06-30": "24.00000", "2017-03-31": "25.20000", "2016-12-31": "24.30000", "2016-09-30": "53.50000", "2016-06-30": "45.90000", "2016-03-31": "43.60000", "2015-12-31": "18.80000", "2015-09-30": "52.20000", "2015-06-30": "46.40000", "2015-03-31": "45.80000", "2014-12-31": "67.00000", "2014-09-30": "37.40000", "2014-06-30": "32.00000", "2014-03-31": "35.00000", "2013-12-31": "46.40000", "2013-09-30": "34.30000", "2013-06-30": "26.70000", "2013-03-31": "27.30000", "2012-12-31": "26.50000", "2012-09-30": "32.00000", "2012-06-30": "30.90000", "2012-03-31": "37.60000", "2011-12-31": "60.10000", "2011-09-30": "49.70000", "2011-06-30": "46.70000", "2011-03-31": "42.20000", "2010-12-31": "60.30000", "2010-09-30": "24.60000", "2010-06-30": "24.90000", "2010-03-31": "25.30000", "2009-12-31": "27.20000", "2009-09-30": "29.70000", "2009-06-30": "19.90000", "2009-03-31": "32.80000", "2008-12-31": "59.70000", "2008-09-30": "42.20000", "2008-06-30": "32.80000", "2008-03-31": "32.67300", "2007-12-31": "37.10000", "2007-09-30": "30.89800", "2007-06-30": "32.12100", "2007-03-31": "22.08400", "2006-12-31": "31.08600", "2006-09-30": "29.60800", "2006-06-30": "18.76000", "2006-03-31": "15.02900", "2005-12-31": "21.94600", "2005-09-30": "35.53400", "2005-06-30": "37.42200", "2005-03-31": "32.34000"}, "Other Current Assets": {"2020-12-31": "", "2020-09-30": "155.00000", "2020-06-30": "149.70000", "2020-03-31": "150.40000", "2019-12-31": "177.20000", "2019-09-30": "53.50000", "2019-06-30": "60.00000", "2019-03-31": "53.70000", "2018-12-31": "75.30000", "2018-09-30": "56.90000", "2018-06-30": "54.30000", "2018-03-31": "48.90000", "2017-12-31": "73.60000", "2017-09-30": "43.20000", "2017-06-30": "41.50000", "2017-03-31": "44.00000", "2016-12-31": "57.00000", "2016-09-30": "", "2016-06-30": "", "2016-03-31": "", "2015-12-31": "31.50000", "2015-09-30": "", "2015-06-30": "", "2015-03-31": "", "2014-12-31": "", "2014-09-30": "", "2014-06-30": "", "2014-03-31": "", "2013-12-31": "", "2013-09-30": "", "2013-06-30": "", "2013-03-31": "", "2012-12-31": "295.60000", "2012-09-30": "", "2012-06-30": "", "2012-03-31": "", "2011-12-31": "2.60000", "2011-09-30": "9.10000", "2011-06-30": "", "2011-03-31": "", "2010-12-31": "", "2010-09-30": "23.50000", "2010-06-30": "", "2010-03-31": "", "2009-12-31": "13.10000", "2009-09-30": "46.50000", "2009-06-30": "56.60000", "2009-03-31": "78.60000", "2008-12-31": "30.80000", "2008-09-30": "93.40000", "2008-06-30": "89.80000", "2008-03-31": "3.34400", "2007-12-31": "110.90000", "2007-09-30": "4.05600", "2007-06-30": "4.73200", "2007-03-31": "0.76600", "2006-12-31": "5.47700", "2006-09-30": "57.37300", "2006-06-30": "57.15600", "2006-03-31": "62.67900", "2005-12-31": "67.63900", "2005-09-30": "2.76100", "2005-06-30": "58.21700", "2005-03-31": "60.19300"}, "Total Current Assets": {"2020-12-31": "", "2020-09-30": "2140.20000", "2020-06-30": "2152.90000", "2020-03-31": "2608.60000", "2019-12-31": "1752.00000", "2019-09-30": "2107.40000", "2019-06-30": "1922.20000", "2019-03-31": "1877.30000", "2018-12-31": "2056.70000", "2018-09-30": "2201.40000", "2018-06-30": "2169.40000", "2018-03-31": "2218.10000", "2017-12-31": "1644.60000", "2017-09-30": "1361.70000", "2017-06-30": "1336.20000", "2017-03-31": "1191.20000", "2016-12-31": "1355.20000", "2016-09-30": "1399.70000", "2016-06-30": "1461.80000", "2016-03-31": "1382.70000", "2015-12-31": "1319.50000", "2015-09-30": "1426.40000", "2015-06-30": "1339.40000", "2015-03-31": "1630.70000", "2014-12-31": "1611.50000", "2014-09-30": "1761.10000", "2014-06-30": "1689.00000", "2014-03-31": "1586.90000", "2013-12-31": "1535.00000", "2013-09-30": "1462.10000", "2013-06-30": "1328.30000", "2013-03-31": "1215.10000", "2012-12-31": "1205.30000", "2012-09-30": "1276.50000", "2012-06-30": "1334.80000", "2012-03-31": "1285.40000", "2011-12-31": "1214.10000", "2011-09-30": "1212.80000", "2011-06-30": "1207.90000", "2011-03-31": "1077.70000", "2010-12-31": "1016.90000", "2010-09-30": "983.90000", "2010-06-30": "941.20000", "2010-03-31": "853.00000", "2009-12-31": "799.80000", "2009-09-30": "839.00000", "2009-06-30": "843.10000", "2009-03-31": "901.00000", "2008-12-31": "968.10000", "2008-09-30": "1191.80000", "2008-06-30": "1202.30000", "2008-03-31": "1083.44300", "2007-12-31": "1023.10000", "2007-09-30": "1126.90700", "2007-06-30": "895.15300", "2007-03-31": "870.01800", "2006-12-31": "1007.51000", "2006-09-30": "929.23800", "2006-06-30": "766.55900", "2006-03-31": "725.82400", "2005-12-31": "664.27000", "2005-09-30": "727.02300", "2005-06-30": "763.91700", "2005-03-31": "750.06200"}, "Property, Plant, And Equipment": {"2020-12-31": "", "2020-09-30": "765.90000", "2020-06-30": "764.30000", "2020-03-31": "771.20000", "2019-12-31": "783.50000", "2019-09-30": "757.10000", "2019-06-30": "778.60000", "2019-03-31": "772.40000", "2018-12-31": "760.10000", "2018-09-30": "763.00000", "2018-06-30": "752.50000", "2018-03-31": "746.00000", "2017-12-31": "731.10000", "2017-09-30": "698.50000", "2017-06-30": "683.10000", "2017-03-31": "660.90000", "2016-12-31": "632.20000", "2016-09-30": "623.60000", "2016-06-30": "626.40000", "2016-03-31": "592.30000", "2015-12-31": "585.80000", "2015-09-30": "580.00000", "2015-06-30": "583.40000", "2015-03-31": "543.60000", "2014-12-31": "547.30000", "2014-09-30": "537.60000", "2014-06-30": "527.60000", "2014-03-31": "503.90000", "2013-12-31": "497.20000", "2013-09-30": "645.30000", "2013-06-30": "634.50000", "2013-03-31": "641.50000", "2012-12-31": "465.20000", "2012-09-30": "603.40000", "2012-06-30": "592.40000", "2012-03-31": "575.10000", "2011-12-31": "560.30000", "2011-09-30": "530.30000", "2011-06-30": "527.40000", "2011-03-31": "531.50000", "2010-12-31": "533.40000", "2010-09-30": "455.80000", "2010-06-30": "474.90000", "2010-03-31": "468.10000", "2009-12-31": "460.90000", "2009-09-30": "444.10000", "2009-06-30": "444.40000", "2009-03-31": "461.90000", "2008-12-31": "513.30000", "2008-09-30": "485.70000", "2008-06-30": "488.40000", "2008-03-31": "530.05200", "2007-12-31": "463.90000", "2007-09-30": "534.93600", "2007-06-30": "530.50100", "2007-03-31": "486.39000", "2006-12-31": "458.48000", "2006-09-30": "457.56100", "2006-06-30": "453.17300", "2006-03-31": "444.10800", "2005-12-31": "431.99600", "2005-09-30": "446.17400", "2005-06-30": "431.17500", "2005-03-31": "419.27500"}, "Long-Term Investments": {"2020-12-31": "", "2020-09-30": "", "2020-06-30": "", "2020-03-31": "", "2019-12-31": "", "2019-09-30": "", "2019-06-30": "", "2019-03-31": "", "2018-12-31": "", "2018-09-30": "", "2018-06-30": "", "2018-03-31": "", "2017-12-31": "", "2017-09-30": "", "2017-06-30": "", "2017-03-31": "", "2016-12-31": "", "2016-09-30": "", "2016-06-30": "", "2016-03-31": "", "2015-12-31": "", "2015-09-30": "", "2015-06-30": "", "2015-03-31": "", "2014-12-31": "", "2014-09-30": "", "2014-06-30": "", "2014-03-31": "", "2013-12-31": "", "2013-09-30": "", "2013-06-30": "", "2013-03-31": "", "2012-12-31": "", "2012-09-30": "", "2012-06-30": "", "2012-03-31": "", "2011-12-31": "", "2011-09-30": "", "2011-06-30": "", "2011-03-31": "", "2010-12-31": "", "2010-09-30": "0.30000", "2010-06-30": "0.30000", "2010-03-31": "0.30000", "2009-12-31": "", "2009-09-30": "4.10000", "2009-06-30": "4.30000", "2009-03-31": "4.10000", "2008-12-31": "4.60000", "2008-09-30": "4.00000", "2008-06-30": "4.20000", "2008-03-31": "4.35000", "2007-12-31": "3.80000", "2007-09-30": "3.76900", "2007-06-30": "102.15200", "2007-03-31": "99.62600", "2006-12-31": "100.68700", "2006-09-30": "92.85400", "2006-06-30": "92.77700", "2006-03-31": "88.65700", "2005-12-31": "86.61100", "2005-09-30": "74.02200", "2005-06-30": "70.35500", "2005-03-31": "73.81200"}, "Goodwill And Intangible Assets": {"2020-12-31": "", "2020-09-30": "2791.10000", "2020-06-30": "2792.20000", "2020-03-31": "2813.10000", "2019-12-31": "2856.90000", "2019-09-30": "2566.20000", "2019-06-30": "2589.50000", "2019-03-31": "2554.30000", "2018-12-31": "2409.50000", "2018-09-30": "2436.80000", "2018-06-30": "2467.20000", "2018-03-31": "2501.60000", "2017-12-31": "2517.10000", "2017-09-30": "2231.40000", "2017-06-30": "2185.50000", "2017-03-31": "2195.80000", "2016-12-31": "1953.40000", "2016-09-30": "1917.00000", "2016-06-30": "2057.60000", "2016-03-31": "2026.90000", "2015-12-31": "2022.20000", "2015-09-30": "2043.30000", "2015-06-30": "2064.20000", "2015-03-31": "1553.30000", "2014-12-31": "1576.20000", "2014-09-30": "1400.10000", "2014-06-30": "1419.40000", "2014-03-31": "1429.00000", "2013-12-31": "1438.50000", "2013-09-30": "1450.00000", "2013-06-30": "1454.40000", "2013-03-31": "1562.30000", "2012-12-31": "1473.60000", "2012-09-30": "1338.20000", "2012-06-30": "1343.80000", "2012-03-31": "1353.60000", "2011-12-31": "1324.40000", "2011-09-30": "1034.10000", "2011-06-30": "955.50000", "2011-03-31": "958.90000", "2010-12-31": "965.00000", "2010-09-30": "604.40000", "2010-06-30": "606.60000", "2010-03-31": "610.40000", "2009-12-31": "625.10000", "2009-09-30": "599.60000", "2009-06-30": "578.80000", "2009-03-31": "579.80000", "2008-12-31": "582.10000", "2008-09-30": "592.90000", "2008-06-30": "563.20000", "2008-03-31": "392.45900", "2007-12-31": "398.00000", "2007-09-30": "404.81900", "2007-06-30": "395.12500", "2007-03-31": "330.78300", "2006-12-31": "329.04600", "2006-09-30": "330.93300", "2006-06-30": "331.45300", "2006-03-31": "331.20400", "2005-12-31": "331.20700", "2005-09-30": "324.53500", "2005-06-30": "295.75900", "2005-03-31": "297.80800"}, "Other Long-Term Assets": {"2020-12-31": "", "2020-09-30": "102.80000", "2020-06-30": "98.90000", "2020-03-31": "104.70000", "2019-12-31": "103.60000", "2019-09-30": "110.40000", "2019-06-30": "106.40000", "2019-03-31": "97.70000", "2018-12-31": "22.90000", "2018-09-30": "31.20000", "2018-06-30": "39.10000", "2018-03-31": "38.10000", "2017-12-31": "34.90000", "2017-09-30": "26.30000", "2017-06-30": "24.10000", "2017-03-31": "22.80000", "2016-12-31": "25.00000", "2016-09-30": "23.00000", "2016-06-30": "25.90000", "2016-03-31": "23.90000", "2015-12-31": "23.40000", "2015-09-30": "25.90000", "2015-06-30": "26.40000", "2015-03-31": "23.40000", "2014-12-31": "23.70000", "2014-09-30": "19.60000", "2014-06-30": "20.90000", "2014-03-31": "26.10000", "2013-12-31": "22.30000", "2013-09-30": "39.50000", "2013-06-30": "45.20000", "2013-03-31": "39.40000", "2012-12-31": "313.20000", "2012-09-30": "25.20000", "2012-06-30": "25.60000", "2012-03-31": "27.50000", "2011-12-31": "39.10000", "2011-09-30": "26.00000", "2011-06-30": "12.10000", "2011-03-31": "13.00000", "2010-12-31": "14.20000", "2010-09-30": "26.90000", "2010-06-30": "6.70000", "2010-03-31": "6.40000", "2009-12-31": "28.30000", "2009-09-30": "51.20000", "2009-06-30": "51.00000", "2009-03-31": "52.90000", "2008-12-31": "7.80000", "2008-09-30": "62.00000", "2008-06-30": "66.10000", "2008-03-31": "19.68500", "2007-12-31": "100.00000", "2007-09-30": "2.90300", "2007-06-30": "2.92600", "2007-03-31": "0.40000", "2006-12-31": "11.36300", "2006-09-30": "44.46700", "2006-06-30": "44.11500", "2006-03-31": "42.07100", "2005-12-31": "46.44400", "2005-09-30": "1.95400", "2005-06-30": "39.62700", "2005-03-31": "53.22700"}, "Total Long-Term Assets": {"2020-12-31": "", "2020-09-30": "3659.80000", "2020-06-30": "3655.40000", "2020-03-31": "3689.00000", "2019-12-31": "3744.00000", "2019-09-30": "3433.70000", "2019-06-30": "3474.50000", "2019-03-31": "3424.40000", "2018-12-31": "3192.50000", "2018-09-30": "3231.00000", "2018-06-30": "3258.80000", "2018-03-31": "3285.70000", "2017-12-31": "3655.20000", "2017-09-30": "2956.20000", "2017-06-30": "2892.70000", "2017-03-31": "2879.50000", "2016-12-31": "2610.60000", "2016-09-30": "2563.60000", "2016-06-30": "2709.90000", "2016-03-31": "2643.10000", "2015-12-31": "2631.40000", "2015-09-30": "2649.20000", "2015-06-30": "2674.00000", "2015-03-31": "2120.30000", "2014-12-31": "2147.20000", "2014-09-30": "1957.30000", "2014-06-30": "1967.90000", "2014-03-31": "1959.00000", "2013-12-31": "1958.00000", "2013-09-30": "2134.80000", "2013-06-30": "2134.10000", "2013-03-31": "2243.20000", "2012-12-31": "2252.00000", "2012-09-30": "1966.80000", "2012-06-30": "1961.80000", "2012-03-31": "1956.20000", "2011-12-31": "1923.80000", "2011-09-30": "1590.40000", "2011-06-30": "1495.00000", "2011-03-31": "1503.40000", "2010-12-31": "1512.60000", "2010-09-30": "1087.40000", "2010-06-30": "1088.50000", "2010-03-31": "1085.20000", "2009-12-31": "1114.30000", "2009-09-30": "1099.00000", "2009-06-30": "1078.50000", "2009-03-31": "1098.70000", "2008-12-31": "1107.80000", "2008-09-30": "1144.60000", "2008-06-30": "1121.90000", "2008-03-31": "946.54600", "2007-12-31": "965.70000", "2007-09-30": "951.12490", "2007-06-30": "1043.40000", "2007-03-31": "927.87600", "2006-12-31": "899.57600", "2006-09-30": "931.84000", "2006-06-30": "935.01500", "2006-03-31": "916.17710", "2005-12-31": "902.08500", "2005-09-30": "851.34900", "2005-06-30": "840.98600", "2005-03-31": "848.03500"}, "Total Assets": {"2020-12-31": "0.00000", "2020-09-30": "5800.00000", "2020-06-30": "5808.30000", "2020-03-31": "6297.60000", "2019-12-31": "5496.00000", "2019-09-30": "5541.10000", "2019-06-30": "5396.70000", "2019-03-31": "5301.70000", "2018-12-31": "5249.20000", "2018-09-30": "5432.40000", "2018-06-30": "5428.20000", "2018-03-31": "5503.80000", "2017-12-31": "5299.80000", "2017-09-30": "4317.90000", "2017-06-30": "4228.90000", "2017-03-31": "4070.70000", "2016-12-31": "3965.80000", "2016-09-30": "3963.30000", "2016-06-30": "4171.70000", "2016-03-31": "4025.80000", "2015-12-31": "3950.90000", "2015-09-30": "4075.60000", "2015-06-30": "4013.40000", "2015-03-31": "3751.00000", "2014-12-31": "3758.70000", "2014-09-30": "3718.40000", "2014-06-30": "3656.90000", "2014-03-31": "3545.90000", "2013-12-31": "3493.00000", "2013-09-30": "3596.90000", "2013-06-30": "3462.40000", "2013-03-31": "3458.30000", "2012-12-31": "3457.30000", "2012-09-30": "3243.30000", "2012-06-30": "3296.60000", "2012-03-31": "3241.60000", "2011-12-31": "3137.90000", "2011-09-30": "2803.20000", "2011-06-30": "2702.90000", "2011-03-31": "2581.10000", "2010-12-31": "2529.50000", "2010-09-30": "2071.30000", "2010-06-30": "2029.70000", "2010-03-31": "1938.20000", "2009-12-31": "1914.10000", "2009-09-30": "1938.00000", "2009-06-30": "1921.60000", "2009-03-31": "1999.70000", "2008-12-31": "2075.90000", "2008-09-30": "2336.40000", "2008-06-30": "2324.20000", "2008-03-31": "2029.98900", "2007-12-31": "1988.80000", "2007-09-30": "2078.03200", "2007-06-30": "1938.55300", "2007-03-31": "1797.89400", "2006-12-31": "1907.08600", "2006-09-30": "1861.07800", "2006-06-30": "1701.57400", "2006-03-31": "1642.00100", "2005-12-31": "1566.35500", "2005-09-30": "1578.37200", "2005-06-30": "1604.90300", "2005-03-31": "1598.09700"}, "Total Current Liabilities": {"2020-12-31": "", "2020-09-30": "645.70000", "2020-06-30": "613.90000", "2020-03-31": "602.70000", "2019-12-31": "899.00000", "2019-09-30": "692.20000", "2019-06-30": "649.90000", "2019-03-31": "633.20000", "2018-12-31": "595.60000", "2018-09-30": "672.70000", "2018-06-30": "700.40000", "2018-03-31": "706.20000", "2017-12-31": "658.60000", "2017-09-30": "635.60000", "2017-06-30": "601.90000", "2017-03-31": "508.30000", "2016-12-31": "513.50000", "2016-09-30": "523.60000", "2016-06-30": "673.30000", "2016-03-31": "628.80000", "2015-12-31": "605.80000", "2015-09-30": "661.60000", "2015-06-30": "510.20000", "2015-03-31": "377.80000", "2014-12-31": "392.20000", "2014-09-30": "437.30000", "2014-06-30": "431.10000", "2014-03-31": "383.00000", "2013-12-31": "376.40000", "2013-09-30": "515.60000", "2013-06-30": "465.20000", "2013-03-31": "433.40000", "2012-12-31": "470.60000", "2012-09-30": "670.70000", "2012-06-30": "708.90000", "2012-03-31": "645.50000", "2011-12-31": "596.90000", "2011-09-30": "585.40000", "2011-06-30": "538.90000", "2011-03-31": "477.40000", "2010-12-31": "456.40000", "2010-09-30": "359.50000", "2010-06-30": "367.10000", "2010-03-31": "304.50000", "2009-12-31": "301.10000", "2009-09-30": "337.60000", "2009-06-30": "338.50000", "2009-03-31": "393.60000", "2008-12-31": "442.50000", "2008-09-30": "559.20000", "2008-06-30": "553.00000", "2008-03-31": "392.50600", "2007-12-31": "388.20000", "2007-09-30": "502.29700", "2007-06-30": "402.22000", "2007-03-31": "300.91700", "2006-12-31": "470.84200", "2006-09-30": "530.86300", "2006-06-30": "390.24800", "2006-03-31": "391.56000", "2005-12-31": "375.80900", "2005-09-30": "416.35900", "2005-06-30": "439.39200", "2005-03-31": "461.81000"}, "Long Term Debt": {"2020-12-31": "", "2020-09-30": "2079.40000", "2020-06-30": "2077.20000", "2020-03-31": "2576.40000", "2019-12-31": "1341.40000", "2019-09-30": "1590.20000", "2019-06-30": "1589.40000", "2019-03-31": "1588.50000", "2018-12-31": "1587.80000", "2018-09-30": "1587.40000", "2018-06-30": "1586.90000", "2018-03-31": "1586.40000", "2017-12-31": "1586.20000", "2017-09-30": "781.90000", "2017-06-30": "706.70000", "2017-03-31": "596.50000", "2016-12-31": "596.40000", "2016-09-30": "596.20000", "2016-06-30": "596.00000", "2016-03-31": "595.80000", "2015-12-31": "595.60000", "2015-09-30": "598.70000", "2015-06-30": "748.50000", "2015-03-31": "749.90000", "2014-12-31": "749.80000", "2014-09-30": "751.30000", "2014-06-30": "751.20000", "2014-03-31": "751.10000", "2013-12-31": "751.00000", "2013-09-30": "752.60000", "2013-06-30": "752.60000", "2013-03-31": "752.50000", "2012-12-31": "752.30000", "2012-09-30": "404.50000", "2012-06-30": "504.50000", "2012-03-31": "604.30000", "2011-12-31": "604.30000", "2011-09-30": "405.30000", "2011-06-30": "405.10000", "2011-03-31": "405.20000", "2010-12-31": "405.10000", "2010-09-30": "156.20000", "2010-06-30": "156.20000", "2010-03-31": "156.20000", "2009-12-31": "156.10000", "2009-09-30": "156.70000", "2009-06-30": "156.70000", "2009-03-31": "242.90000", "2008-12-31": "273.30000", "2008-09-30": "423.20000", "2008-06-30": "493.10000", "2008-03-31": "418.01500", "2007-12-31": "262.80000", "2007-09-30": "262.64700", "2007-06-30": "271.20300", "2007-03-31": "275.05000", "2006-12-31": "274.65800", "2006-09-30": "275.26100", "2006-06-30": "282.00400", "2006-03-31": "282.21200", "2005-12-31": "282.42600", "2005-09-30": "282.87800", "2005-06-30": "283.38300", "2005-03-31": "257.88600"}, "Other Non-Current Liabilities": {"2020-12-31": "", "2020-09-30": "599.60000", "2020-06-30": "601.00000", "2020-03-31": "600.00000", "2019-12-31": "612.80000", "2019-09-30": "363.10000", "2019-06-30": "365.30000", "2019-03-31": "351.30000", "2018-12-31": "266.50000", "2018-09-30": "269.00000", "2018-06-30": "275.50000", "2018-03-31": "300.40000", "2017-12-31": "288.70000", "2017-09-30": "281.70000", "2017-06-30": "270.50000", "2017-03-31": "273.20000", "2016-12-31": "217.00000", "2016-09-30": "229.40000", "2016-06-30": "248.50000", "2016-03-31": "252.40000", "2015-12-31": "242.40000", "2015-09-30": "295.30000", "2015-06-30": "296.10000", "2015-03-31": "259.00000", "2014-12-31": "260.60000", "2014-09-30": "231.20000", "2014-06-30": "236.10000", "2014-03-31": "236.40000", "2013-12-31": "235.90000", "2013-09-30": "264.40000", "2013-06-30": "265.10000", "2013-03-31": "300.90000", "2012-12-31": "310.90000", "2012-09-30": "298.00000", "2012-06-30": "294.50000", "2012-03-31": "297.30000", "2011-12-31": "306.90000", "2011-09-30": "216.50000", "2011-06-30": "203.40000", "2011-03-31": "207.40000", "2010-12-31": "204.70000", "2010-09-30": "119.20000", "2010-06-30": "121.50000", "2010-03-31": "128.50000", "2009-12-31": "125.10000", "2009-09-30": "142.10000", "2009-06-30": "168.60000", "2009-03-31": "163.30000", "2008-12-31": "159.80000", "2008-09-30": "124.60000", "2008-06-30": "87.30000", "2008-03-31": "82.54900", "2007-12-31": "125.20000", "2007-09-30": "88.21900", "2007-06-30": "113.64400", "2007-03-31": "129.42300", "2006-12-31": "111.63300", "2006-09-30": "100.43500", "2006-06-30": "108.75600", "2006-03-31": "112.78800", "2005-12-31": "104.00900", "2005-09-30": "90.39000", "2005-06-30": "90.94500", "2005-03-31": "91.90300"}, "Total Long Term Liabilities": {"2020-12-31": "", "2020-09-30": "2679.00000", "2020-06-30": "2678.20000", "2020-03-31": "3176.40000", "2019-12-31": "1954.20000", "2019-09-30": "2167.90000", "2019-06-30": "2163.60000", "2019-03-31": "2143.80000", "2018-12-31": "2056.20000", "2018-09-30": "2054.00000", "2018-06-30": "2055.50000", "2018-03-31": "2076.80000", "2017-12-31": "2112.90000", "2017-09-30": "1246.00000", "2017-06-30": "1154.50000", "2017-03-31": "1044.20000", "2016-12-31": "985.40000", "2016-09-30": "992.80000", "2016-06-30": "1008.30000", "2016-03-31": "1009.50000", "2015-12-31": "997.70000", "2015-09-30": "1049.90000", "2015-06-30": "1197.50000", "2015-03-31": "1160.30000", "2014-12-31": "1161.50000", "2014-09-30": "1130.50000", "2014-06-30": "1132.80000", "2014-03-31": "1131.50000", "2013-12-31": "1130.50000", "2013-09-30": "1157.70000", "2013-06-30": "1156.00000", "2013-03-31": "1190.00000", "2012-12-31": "1198.60000", "2012-09-30": "839.40000", "2012-06-30": "932.90000", "2012-03-31": "1034.00000", "2011-12-31": "1040.90000", "2011-09-30": "746.90000", "2011-06-30": "730.70000", "2011-03-31": "733.80000", "2010-12-31": "732.40000", "2010-09-30": "393.10000", "2010-06-30": "392.80000", "2010-03-31": "398.50000", "2009-12-31": "394.40000", "2009-09-30": "409.80000", "2009-06-30": "434.00000", "2009-03-31": "514.00000", "2008-12-31": "539.30000", "2008-09-30": "650.40000", "2008-06-30": "679.20000", "2008-03-31": "596.73800", "2007-12-31": "481.70000", "2007-09-30": "441.13200", "2007-06-30": "471.84200", "2007-03-31": "489.08900", "2006-12-31": "468.92200", "2006-09-30": "455.32000", "2006-06-30": "468.12100", "2006-03-31": "470.33200", "2005-12-31": "460.30700", "2005-09-30": "445.20700", "2005-06-30": "444.81900", "2005-03-31": "419.37800"}, "Total Liabilities": {"2020-12-31": "", "2020-09-30": "3324.70000", "2020-06-30": "3292.10000", "2020-03-31": "3779.10000", "2019-12-31": "2853.20000", "2019-09-30": "2860.10000", "2019-06-30": "2813.50000", "2019-03-31": "2777.00000", "2018-12-31": "2651.80000", "2018-09-30": "2726.70000", "2018-06-30": "2755.90000", "2018-03-31": "2783.00000", "2017-12-31": "2771.50000", "2017-09-30": "1881.60000", "2017-06-30": "1756.40000", "2017-03-31": "1552.50000", "2016-12-31": "1498.90000", "2016-09-30": "1516.40000", "2016-06-30": "1681.60000", "2016-03-31": "1638.30000", "2015-12-31": "1603.50000", "2015-09-30": "1711.50000", "2015-06-30": "1707.70000", "2015-03-31": "1538.10000", "2014-12-31": "1553.70000", "2014-09-30": "1567.80000", "2014-06-30": "1563.90000", "2014-03-31": "1514.50000", "2013-12-31": "1506.90000", "2013-09-30": "1673.30000", "2013-06-30": "1621.20000", "2013-03-31": "1623.40000", "2012-12-31": "1669.20000", "2012-09-30": "1510.10000", "2012-06-30": "1641.80000", "2012-03-31": "1679.50000", "2011-12-31": "1637.80000", "2011-09-30": "1332.30000", "2011-06-30": "1269.60000", "2011-03-31": "1211.20000", "2010-12-31": "1188.80000", "2010-09-30": "752.60000", "2010-06-30": "759.90000", "2010-03-31": "703.00000", "2009-12-31": "695.50000", "2009-09-30": "747.40000", "2009-06-30": "772.50000", "2009-03-31": "907.60000", "2008-12-31": "981.80000", "2008-09-30": "1209.60000", "2008-06-30": "1232.20000", "2008-03-31": "989.24400", "2007-12-31": "869.90000", "2007-09-30": "943.42900", "2007-06-30": "874.06200", "2007-03-31": "790.00600", "2006-12-31": "939.76400", "2006-09-30": "986.18300", "2006-06-30": "858.36900", "2006-03-31": "861.89200", "2005-12-31": "836.11600", "2005-09-30": "861.56600", "2005-06-30": "884.21100", "2005-03-31": "881.18800"}, "Common Stock Net": {"2020-12-31": "", "2020-09-30": "78.70000", "2020-06-30": "78.70000", "2020-03-31": "78.70000", "2019-12-31": "78.70000", "2019-09-30": "78.70000", "2019-06-30": "78.70000", "2019-03-31": "78.70000", "2018-12-31": "78.70000", "2018-09-30": "78.70000", "2018-06-30": "78.70000", "2018-03-31": "78.70000", "2017-12-31": "78.70000", "2017-09-30": "78.70000", "2017-06-30": "78.70000", "2017-03-31": "78.70000", "2016-12-31": "78.70000", "2016-09-30": "78.70000", "2016-06-30": "78.70000", "2016-03-31": "78.70000", "2015-12-31": "78.70000", "2015-09-30": "78.70000", "2015-06-30": "78.70000", "2015-03-31": "78.70000", "2014-12-31": "78.70000", "2014-09-30": "78.70000", "2014-06-30": "78.70000", "2014-03-31": "78.70000", "2013-12-31": "78.70000", "2013-09-30": "78.70000", "2013-06-30": "78.70000", "2013-03-31": "78.70000", "2012-12-31": "78.70000", "2012-09-30": "78.70000", "2012-06-30": "78.70000", "2012-03-31": "78.70000", "2011-12-31": "78.70000", "2011-09-30": "78.70000", "2011-06-30": "78.70000", "2011-03-31": "78.70000", "2010-12-31": "78.70000", "2010-09-30": "78.70000", "2010-06-30": "78.70000", "2010-03-31": "78.70000", "2009-12-31": "78.70000", "2009-09-30": "78.70000", "2009-06-30": "78.70000", "2009-03-31": "78.70000", "2008-12-31": "78.70000", "2008-09-30": "78.70000", "2008-06-30": "78.70000", "2008-03-31": "78.66100", "2007-12-31": "78.70000", "2007-09-30": "78.66100", "2007-06-30": "78.66100", "2007-03-31": "78.66100", "2006-12-31": "78.66100", "2006-09-30": "39.33100", "2006-06-30": "39.33100", "2006-03-31": "39.33100", "2005-12-31": "39.33100", "2005-09-30": "39.33100", "2005-06-30": "39.33100", "2005-03-31": "39.33100"}, "Retained Earnings (Accumulated Deficit)": {"2020-12-31": "", "2020-09-30": "3876.10000", "2020-06-30": "3802.50000", "2020-03-31": "3754.80000", "2019-12-31": "3721.30000", "2019-09-30": "3647.10000", "2019-06-30": "3537.50000", "2019-03-31": "3407.50000", "2018-12-31": "3351.40000", "2018-09-30": "3287.10000", "2018-06-30": "3211.50000", "2018-03-31": "3120.30000", "2017-12-31": "2820.80000", "2017-09-30": "2728.80000", "2017-06-30": "2665.70000", "2017-03-31": "2586.50000", "2016-12-31": "2547.40000", "2016-09-30": "2493.90000", "2016-06-30": "2526.50000", "2016-03-31": "2430.80000", "2015-12-31": "2381.80000", "2015-09-30": "2319.60000", "2015-06-30": "2235.60000", "2015-03-31": "2157.10000", "2014-12-31": "2134.40000", "2014-09-30": "2097.70000", "2014-06-30": "2026.60000", "2014-03-31": "1965.90000", "2013-12-31": "1944.30000", "2013-09-30": "1888.60000", "2013-06-30": "1826.00000", "2013-03-31": "1830.70000", "2012-12-31": "1788.30000", "2012-09-30": "1753.30000", "2012-06-30": "1696.30000", "2012-03-31": "1614.90000", "2011-12-31": "1566.10000", "2011-09-30": "1538.70000", "2011-06-30": "1496.20000", "2011-03-31": "1452.20000", "2010-12-31": "1429.30000", "2010-09-30": "1407.60000", "2010-06-30": "1367.40000", "2010-03-31": "1338.80000", "2009-12-31": "1324.30000", "2009-09-30": "1298.20000", "2009-06-30": "1261.60000", "2009-03-31": "1215.40000", "2008-12-31": "1218.30000", "2008-09-30": "1214.50000", "2008-06-30": "1173.50000", "2008-03-31": "1128.09300", "2007-12-31": "1199.60000", "2007-09-30": "1165.54500", "2007-06-30": "1092.12300", "2007-03-31": "1047.11300", "2006-12-31": "1020.71700", "2006-09-30": "924.01500", "2006-06-30": "893.78900", "2006-03-31": "845.44400", "2005-12-31": "811.92500", "2005-09-30": "795.85100", "2005-06-30": "783.79800", "2005-03-31": "756.28400"}, "Comprehensive Income": {"2020-12-31": "", "2020-09-30": "-131.90000", "2020-06-30": "-160.10000", "2020-03-31": "-169.60000", "2019-12-31": "-124.10000", "2019-09-30": "-144.60000", "2019-06-30": "-120.50000", "2019-03-31": "-115.90000", "2018-12-31": "-122.10000", "2018-09-30": "-110.70000", "2018-06-30": "-102.90000", "2018-03-31": "-68.90000", "2017-12-31": "-85.70000", "2017-09-30": "-77.30000", "2017-06-30": "-90.90000", "2017-03-31": "-110.50000", "2016-12-31": "-122.20000", "2016-09-30": "-91.70000", "2016-06-30": "-91.40000", "2016-03-31": "-76.70000", "2015-12-31": "-87.10000", "2015-09-30": "-77.40000", "2015-06-30": "-68.90000", "2015-03-31": "-81.80000", "2014-12-31": "-61.80000", "2014-09-30": "-46.90000", "2014-06-30": "-29.40000", "2014-03-31": "-28.00000", "2013-12-31": "-31.50000", "2013-09-30": "-31.40000", "2013-06-30": "-43.70000", "2013-03-31": "-44.50000", "2012-12-31": "-35.50000", "2012-09-30": "-42.60000", "2012-06-30": "-48.10000", "2012-03-31": "-40.00000", "2011-12-31": "-45.00000", "2011-09-30": "-42.20000", "2011-06-30": "-31.90000", "2011-03-31": "-33.90000", "2010-12-31": "-38.10000", "2010-09-30": "-34.80000", "2010-06-30": "-40.30000", "2010-03-31": "-36.70000", "2009-12-31": "-34.70000", "2009-09-30": "-33.30000", "2009-06-30": "-34.90000", "2009-03-31": "-41.20000", "2008-12-31": "-39.50000", "2008-09-30": "-0.10000", "2008-06-30": "8.30000", "2008-03-31": "5.94500", "2007-12-31": "9.50000", "2007-09-30": "4.77300", "2007-06-30": "16.06900", "2007-03-31": "9.62100", "2006-12-31": "8.45100", "2006-09-30": "12.76200", "2006-06-30": "14.68000", "2006-03-31": "7.95600", "2005-12-31": "2.81500", "2005-09-30": "-2.22800", "2005-06-30": "-5.47200", "2005-03-31": "2.90100"}, "Other Share Holders Equity": {"2020-12-31": "", "2020-09-30": "", "2020-06-30": "", "2020-03-31": "", "2019-12-31": "", "2019-09-30": "", "2019-06-30": "", "2019-03-31": "", "2018-12-31": "", "2018-09-30": "", "2018-06-30": "", "2018-03-31": "", "2017-12-31": "", "2017-09-30": "", "2017-06-30": "", "2017-03-31": "", "2016-12-31": "", "2016-09-30": "", "2016-06-30": "", "2016-03-31": "", "2015-12-31": "", "2015-09-30": "", "2015-06-30": "", "2015-03-31": "", "2014-12-31": "", "2014-09-30": "", "2014-06-30": "", "2014-03-31": "", "2013-12-31": "", "2013-09-30": "", "2013-06-30": "", "2013-03-31": "", "2012-12-31": "", "2012-09-30": "", "2012-06-30": "", "2012-03-31": "", "2011-12-31": "", "2011-09-30": "", "2011-06-30": "", "2011-03-31": "", "2010-12-31": "", "2010-09-30": "", "2010-06-30": "", "2010-03-31": "", "2009-12-31": "", "2009-09-30": "", "2009-06-30": "", "2009-03-31": "", "2008-12-31": "", "2008-09-30": "", "2008-06-30": "", "2008-03-31": "", "2007-12-31": "", "2007-09-30": "", "2007-06-30": "", "2007-03-31": "", "2006-12-31": "", "2006-09-30": "", "2006-06-30": "", "2006-03-31": "", "2005-12-31": "", "2005-09-30": "", "2005-06-30": "", "2005-03-31": ""}, "Share Holder Equity": {"2020-12-31": "", "2020-09-30": "2475.30000", "2020-06-30": "2516.20000", "2020-03-31": "2518.50000", "2019-12-31": "2642.80000", "2019-09-30": "2681.00000", "2019-06-30": "2583.20000", "2019-03-31": "2524.70000", "2018-12-31": "2597.40000", "2018-09-30": "2705.70000", "2018-06-30": "2672.30000", "2018-03-31": "2720.80000", "2017-12-31": "2528.30000", "2017-09-30": "2436.30000", "2017-06-30": "2472.50000", "2017-03-31": "2518.20000", "2016-12-31": "2466.90000", "2016-09-30": "2446.90000", "2016-06-30": "2490.10000", "2016-03-31": "2387.50000", "2015-12-31": "2347.40000", "2015-09-30": "2364.10000", "2015-06-30": "2305.70000", "2015-03-31": "2212.90000", "2014-12-31": "2205.00000", "2014-09-30": "2150.60000", "2014-06-30": "2093.00000", "2014-03-31": "2031.40000", "2013-12-31": "1986.10000", "2013-09-30": "1923.60000", "2013-06-30": "1841.20000", "2013-03-31": "1834.90000", "2012-12-31": "1788.10000", "2012-09-30": "1733.20000", "2012-06-30": "1654.80000", "2012-03-31": "1562.10000", "2011-12-31": "1500.10000", "2011-09-30": "1470.90000", "2011-06-30": "1433.30000", "2011-03-31": "1369.90000", "2010-12-31": "1340.70000", "2010-09-30": "1318.70000", "2010-06-30": "1269.80000", "2010-03-31": "1235.20000", "2009-12-31": "1218.60000", "2009-09-30": "1190.60000", "2009-06-30": "1149.10000", "2009-03-31": "1092.10000", "2008-12-31": "1094.10000", "2008-09-30": "1126.80000", "2008-06-30": "1092.00000", "2008-03-31": "1040.74500", "2007-12-31": "1118.90000", "2007-09-30": "1134.60300", "2007-06-30": "1064.49100", "2007-03-31": "1007.88800", "2006-12-31": "967.32200", "2006-09-30": "874.89500", "2006-06-30": "843.20500", "2006-03-31": "780.10900", "2005-12-31": "730.23900", "2005-09-30": "716.80600", "2005-06-30": "720.69200", "2005-03-31": "716.90900"}, "Total Liabilities And Share Holders Equity": {"2020-12-31": "", "2020-09-30": "5800.00000", "2020-06-30": "5808.30000", "2020-03-31": "6297.60000", "2019-12-31": "5496.00000", "2019-09-30": "5541.10000", "2019-06-30": "5396.70000", "2019-03-31": "5301.70000", "2018-12-31": "5249.20000", "2018-09-30": "5432.40000", "2018-06-30": "5428.20000", "2018-03-31": "5503.80000", "2017-12-31": "5299.80000", "2017-09-30": "4317.90000", "2017-06-30": "4228.90000", "2017-03-31": "4070.70000", "2016-12-31": "3965.80000", "2016-09-30": "3963.30000", "2016-06-30": "4171.70000", "2016-03-31": "4025.80000", "2015-12-31": "3950.90000", "2015-09-30": "4075.60000", "2015-06-30": "4013.40000", "2015-03-31": "3751.00000", "2014-12-31": "3758.70000", "2014-09-30": "3718.40000", "2014-06-30": "3656.90000", "2014-03-31": "3545.90000", "2013-12-31": "3493.00000", "2013-09-30": "3596.90000", "2013-06-30": "3462.40000", "2013-03-31": "3458.30000", "2012-12-31": "3457.30000", "2012-09-30": "3243.30000", "2012-06-30": "3296.60000", "2012-03-31": "3241.60000", "2011-12-31": "3137.90000", "2011-09-30": "2803.20000", "2011-06-30": "2702.90000", "2011-03-31": "2581.10000", "2010-12-31": "2529.50000", "2010-09-30": "2071.30000", "2010-06-30": "2029.70000", "2010-03-31": "1938.20000", "2009-12-31": "1914.10000", "2009-09-30": "1938.00000", "2009-06-30": "1921.60000", "2009-03-31": "1999.70000", "2008-12-31": "2075.90000", "2008-09-30": "2336.40000", "2008-06-30": "2324.20000", "2008-03-31": "2029.98900", "2007-12-31": "1988.80000", "2007-09-30": "2078.03200", "2007-06-30": "1938.55300", "2007-03-31": "1797.89400", "2006-12-31": "1907.08600", "2006-09-30": "1861.07800", "2006-06-30": "1701.57400", "2006-03-31": "1642.00100", "2005-12-31": "1566.35500", "2005-09-30": "1578.37200", "2005-06-30": "1604.90300", "2005-03-31": "1598.09700"}}, "cash flow statement": {"Net Income/Loss": {"2020-12-31": "0.00000", "2019-12-31": "472.80000", "2018-12-31": "611.10000", "2017-12-31": "365.50000", "2016-12-31": "250.10000", "2015-12-31": "319.70000", "2014-12-31": "251.30000", "2013-12-31": "209.70000", "2012-12-31": "270.20000", "2011-12-31": "180.30000", "2010-12-31": "145.60000", "2009-12-31": "144.60000", "2008-12-31": "55.80000", "2007-12-31": "215.60000", "2006-12-31": "217.10000", "2005-12-31": "115.14800"}, "Total Depreciation And Amortization - Cash Flow": {"2020-12-31": "", "2019-12-31": "205.40000", "2018-12-31": "190.60000", "2017-12-31": "169.10000", "2016-12-31": "137.80000", "2015-12-31": "129.30000", "2014-12-31": "104.00000", "2013-12-31": "113.90000", "2012-12-31": "104.90000", "2011-12-31": "88.00000", "2010-12-31": "71.90000", "2009-12-31": "67.50000", "2008-12-31": "69.00000", "2007-12-31": "65.90000", "2006-12-31": "59.80000", "2005-12-31": "56.32200"}, "Other Non-Cash Items": {"2020-12-31": "", "2019-12-31": "44.70000", "2018-12-31": "-227.30000", "2017-12-31": "-45.30000", "2016-12-31": "113.90000", "2015-12-31": "-13.10000", "2014-12-31": "-6.60000", "2013-12-31": "43.10000", "2012-12-31": "5.20000", "2011-12-31": "14.00000", "2010-12-31": "0.40000", "2009-12-31": "41.30000", "2008-12-31": "123.70000", "2007-12-31": "-20.00000", "2006-12-31": "-29.10000", "2005-12-31": "44.51400"}, "Total Non-Cash Items": {"2020-12-31": "", "2019-12-31": "250.10000", "2018-12-31": "-36.70000", "2017-12-31": "123.80000", "2016-12-31": "251.70000", "2015-12-31": "116.20000", "2014-12-31": "97.40000", "2013-12-31": "157.00000", "2012-12-31": "110.10000", "2011-12-31": "102.00000", "2010-12-31": "72.30000", "2009-12-31": "108.80000", "2008-12-31": "192.70000", "2007-12-31": "45.90000", "2006-12-31": "30.70000", "2005-12-31": "100.83600"}, "Change In Accounts Receivable": {"2020-12-31": "", "2019-12-31": "-25.70000", "2018-12-31": "-54.50000", "2017-12-31": "-53.90000", "2016-12-31": "0.30000", "2015-12-31": "-11.80000", "2014-12-31": "-18.10000", "2013-12-31": "8.40000", "2012-12-31": "21.00000", "2011-12-31": "-71.40000", "2010-12-31": "-71.70000", "2009-12-31": "79.90000", "2008-12-31": "49.80000", "2007-12-31": "3.70000", "2006-12-31": "-185.50000", "2005-12-31": "21.64700"}, "Change In Inventories": {"2020-12-31": "", "2019-12-31": "-1.90000", "2018-12-31": "-29.00000", "2017-12-31": "-48.50000", "2016-12-31": "-12.20000", "2015-12-31": "23.00000", "2014-12-31": "-27.70000", "2013-12-31": "35.60000", "2012-12-31": "26.50000", "2011-12-31": "-75.80000", "2010-12-31": "-56.30000", "2009-12-31": "157.30000", "2008-12-31": "8.30000", "2007-12-31": "-8.60000", "2006-12-31": "-76.30000", "2005-12-31": "-44.59800"}, "Change In Accounts Payable": {"2020-12-31": "", "2019-12-31": "16.50000", "2018-12-31": "-39.50000", "2017-12-31": "42.70000", "2016-12-31": "21.60000", "2015-12-31": "-2.90000", "2014-12-31": "-5.10000", "2013-12-31": "-20.60000", "2012-12-31": "-15.70000", "2011-12-31": "50.90000", "2010-12-31": "38.30000", "2009-12-31": "", "2008-12-31": "", "2007-12-31": "", "2006-12-31": "", "2005-12-31": ""}, "Change In Assets/Liabilities": {"2020-12-31": "", "2019-12-31": "-19.30000", "2018-12-31": "6.50000", "2017-12-31": "-5.40000", "2016-12-31": "2.60000", "2015-12-31": "23.40000", "2014-12-31": "-14.00000", "2013-12-31": "12.00000", "2012-12-31": "58.70000", "2011-12-31": "16.20000", "2010-12-31": "-18.20000", "2009-12-31": "-40.80000", "2008-12-31": "13.30000", "2007-12-31": "-18.90000", "2006-12-31": "8.30000", "2005-12-31": "7.32700"}, "Total Change In Assets/Liabilities": {"2020-12-31": "", "2019-12-31": "-25.20000", "2018-12-31": "-216.40000", "2017-12-31": "-44.50000", "2016-12-31": "35.40000", "2015-12-31": "94.60000", "2014-12-31": "-50.40000", "2013-12-31": "48.00000", "2012-12-31": "105.40000", "2011-12-31": "-91.10000", "2010-12-31": "-109.90000", "2009-12-31": "189.40000", "2008-12-31": "25.70000", "2007-12-31": "-2.00000", "2006-12-31": "-225.70000", "2005-12-31": "-6.19500"}, "Cash Flow From Operating Activities": {"2020-12-31": "696.70000", "2019-12-31": "703.10000", "2018-12-31": "339.20000", "2017-12-31": "458.70000", "2016-12-31": "531.20000", "2015-12-31": "529.20000", "2014-12-31": "295.90000", "2013-12-31": "414.70000", "2012-12-31": "485.90000", "2011-12-31": "191.20000", "2010-12-31": "107.40000", "2009-12-31": "417.20000", "2008-12-31": "274.20000", "2007-12-31": "259.30000", "2006-12-31": "19.90000", "2005-12-31": "209.67700"}, "Net Change In Property, Plant, And Equipment": {"2020-12-31": "-95.50000", "2019-12-31": "-88.90000", "2018-12-31": "-120.70000", "2017-12-31": "-159.90000", "2016-12-31": "-108.80000", "2015-12-31": "-72.10000", "2014-12-31": "-118.80000", "2013-12-31": "-98.90000", "2012-12-31": "-140.40000", "2011-12-31": "-76.10000", "2010-12-31": "-55.50000", "2009-12-31": "-39.00000", "2008-12-31": "-63.90000", "2007-12-31": "55.50000", "2006-12-31": "-95.50000", "2005-12-31": "-108.24200"}, "Net Change In Intangible Assets": {"2020-12-31": "", "2019-12-31": "", "2018-12-31": "", "2017-12-31": "", "2016-12-31": "", "2015-12-31": "", "2014-12-31": "", "2013-12-31": "", "2012-12-31": "", "2011-12-31": "", "2010-12-31": "", "2009-12-31": "", "2008-12-31": "", "2007-12-31": "", "2006-12-31": "", "2005-12-31": ""}, "Net Acquisitions/Divestitures": {"2020-12-31": "-35.40000", "2019-12-31": "-616.40000", "2018-12-31": "-19.50000", "2017-12-31": "-934.30000", "2016-12-31": "-185.50000", "2015-12-31": "-598.90000", "2014-12-31": "-194.00000", "2013-12-31": "369.00000", "2012-12-31": "-288.50000", "2011-12-31": "-387.60000", "2010-12-31": "-283.60000", "2009-12-31": "-80.80000", "2008-12-31": "-290.70000", "2007-12-31": "-189.70000", "2006-12-31": "-1.90000", "2005-12-31": "-67.33700"}, "Net Change In Short-term Investments": {"2020-12-31": "", "2019-12-31": "", "2018-12-31": "", "2017-12-31": "", "2016-12-31": "", "2015-12-31": "", "2014-12-31": "", "2013-12-31": "", "2012-12-31": "", "2011-12-31": "", "2010-12-31": "", "2009-12-31": "", "2008-12-31": "", "2007-12-31": "", "2006-12-31": "", "2005-12-31": ""}, "Net Change In Long-Term Investments": {"2020-12-31": "", "2019-12-31": "", "2018-12-31": "", "2017-12-31": "", "2016-12-31": "", "2015-12-31": "", "2014-12-31": "", "2013-12-31": "", "2012-12-31": "", "2011-12-31": "", "2010-12-31": "", "2009-12-31": "", "2008-12-31": "", "2007-12-31": "", "2006-12-31": "108.90000", "2005-12-31": "30.31200"}, "Net Change In Investments - Total": {"2020-12-31": "", "2019-12-31": "", "2018-12-31": "", "2017-12-31": "", "2016-12-31": "", "2015-12-31": "", "2014-12-31": "", "2013-12-31": "", "2012-12-31": "", "2011-12-31": "", "2010-12-31": "", "2009-12-31": "", "2008-12-31": "", "2007-12-31": "", "2006-12-31": "108.90000", "2005-12-31": "30.31200"}, "Investing Activities - Other": {"2020-12-31": "8.30000", "2019-12-31": "10.40000", "2018-12-31": "769.40000", "2017-12-31": "-0.10000", "2016-12-31": "0.90000", "2015-12-31": "0.20000", "2014-12-31": "15.00000", "2013-12-31": "", "2012-12-31": "0.40000", "2011-12-31": "0.20000", "2010-12-31": "-0.20000", "2009-12-31": "30.30000", "2008-12-31": "0.40000", "2007-12-31": "0.10000", "2006-12-31": "-0.40000", "2005-12-31": "0.82900"}, "Cash Flow From Investing Activities": {"2020-12-31": "-122.60000", "2019-12-31": "-694.90000", "2018-12-31": "629.20000", "2017-12-31": "-1094.30000", "2016-12-31": "-293.40000", "2015-12-31": "-670.80000", "2014-12-31": "-297.80000", "2013-12-31": "270.10000", "2012-12-31": "-428.50000", "2011-12-31": "-463.50000", "2010-12-31": "-339.30000", "2009-12-31": "-89.50000", "2008-12-31": "-354.20000", "2007-12-31": "-134.10000", "2006-12-31": "11.10000", "2005-12-31": "-144.43800"}, "Net Long-Term Debt": {"2020-12-31": "482.20000", "2019-12-31": "", "2018-12-31": "", "2017-12-31": "997.20000", "2016-12-31": "-150.00000", "2015-12-31": "-1.50000", "2014-12-31": "-1.50000", "2013-12-31": "-1.50000", "2012-12-31": "348.90000", "2011-12-31": "", "2010-12-31": "248.90000", "2009-12-31": "", "2008-12-31": "-100.00000", "2007-12-31": "", "2006-12-31": "142.00000", "2005-12-31": "-1.20800"}, "Net Current Debt": {"2020-12-31": "", "2019-12-31": "", "2018-12-31": "", "2017-12-31": "", "2016-12-31": "", "2015-12-31": "", "2014-12-31": "", "2013-12-31": "", "2012-12-31": "-357.40000", "2011-12-31": "346.90000", "2010-12-31": "10.00000", "2009-12-31": "-235.40000", "2008-12-31": "178.40000", "2007-12-31": "-105.60000", "2006-12-31": "-55.70000", "2005-12-31": "20.98000"}, "Debt Issuance/Retirement Net - Total": {"2020-12-31": "482.20000", "2019-12-31": "", "2018-12-31": "", "2017-12-31": "997.20000", "2016-12-31": "-150.00000", "2015-12-31": "-1.50000", "2014-12-31": "-1.50000", "2013-12-31": "-1.50000", "2012-12-31": "-8.50000", "2011-12-31": "346.90000", "2010-12-31": "258.90000", "2009-12-31": "-235.40000", "2008-12-31": "78.40000", "2007-12-31": "-105.60000", "2006-12-31": "86.30000", "2005-12-31": "19.77200"}, "Net Common Equity Issued/Repurchased": {"2020-12-31": "-361.10000", "2019-12-31": "-345.10000", "2018-12-31": "-437.10000", "2017-12-31": "-260.00000", "2016-12-31": "-26.60000", "2015-12-31": "-97.80000", "2014-12-31": "42.50000", "2013-12-31": "19.50000", "2012-12-31": "38.80000", "2011-12-31": "-45.20000", "2010-12-31": "7.40000", "2009-12-31": "-0.30000", "2008-12-31": "-6.70000", "2007-12-31": "-47.50000", "2006-12-31": "12.10000", "2005-12-31": "-41.28300"}, "Net Total Equity Issued/Repurchased": {"2020-12-31": "-361.10000", "2019-12-31": "-345.10000", "2018-12-31": "-437.10000", "2017-12-31": "-260.00000", "2016-12-31": "-26.60000", "2015-12-31": "-97.80000", "2014-12-31": "42.50000", "2013-12-31": "19.50000", "2012-12-31": "38.80000", "2011-12-31": "-45.20000", "2010-12-31": "7.40000", "2009-12-31": "-0.30000", "2008-12-31": "-6.70000", "2007-12-31": "-47.50000", "2006-12-31": "12.10000", "2005-12-31": "-41.28300"}, "Total Common And Preferred Stock Dividends Paid": {"2020-12-31": "-112.40000", "2019-12-31": "-102.90000", "2018-12-31": "-93.50000", "2017-12-31": "-92.10000", "2016-12-31": "-84.50000", "2015-12-31": "-72.30000", "2014-12-31": "-61.20000", "2013-12-31": "-53.70000", "2012-12-31": "-48.00000", "2011-12-31": "-43.50000", "2010-12-31": "-40.60000", "2009-12-31": "-38.60000", "2008-12-31": "-36.60000", "2007-12-31": "-34.70000", "2006-12-31": "-32.00000", "2005-12-31": "-29.60800"}, "Financial Activities - Other": {"2020-12-31": "-33.40000", "2019-12-31": "-13.20000", "2018-12-31": "-10.10000", "2017-12-31": "-17.90000", "2016-12-31": "", "2015-12-31": "-1.40000", "2014-12-31": "", "2013-12-31": "-5.80000", "2012-12-31": "-2.90000", "2011-12-31": "-1.80000", "2010-12-31": "-1.90000", "2009-12-31": "0.10000", "2008-12-31": "0.10000", "2007-12-31": "5.40000", "2006-12-31": "8.10000", "2005-12-31": "-0.12600"}, "Cash Flow From Financial Activities": {"2020-12-31": "-24.70000", "2019-12-31": "-461.20000", "2018-12-31": "-540.70000", "2017-12-31": "627.20000", "2016-12-31": "-261.10000", "2015-12-31": "-173.00000", "2014-12-31": "-20.20000", "2013-12-31": "-41.50000", "2012-12-31": "-20.60000", "2011-12-31": "256.40000", "2010-12-31": "223.80000", "2009-12-31": "-274.20000", "2008-12-31": "35.20000", "2007-12-31": "-182.40000", "2006-12-31": "74.50000", "2005-12-31": "-51.24500"}, "Net Cash Flow": {"2020-12-31": "551.00000", "2019-12-31": "-452.40000", "2018-12-31": "425.30000", "2017-12-31": "-6.70000", "2016-12-31": "-25.70000", "2015-12-31": "-320.10000", "2014-12-31": "-23.70000", "2013-12-31": "642.00000", "2012-12-31": "37.80000", "2011-12-31": "-14.70000", "2010-12-31": "-6.90000", "2009-12-31": "53.60000", "2008-12-31": "-45.70000", "2007-12-31": "-55.60000", "2006-12-31": "105.30000", "2005-12-31": "13.72700"}, "Stock-Based Compensation": {"2020-12-31": "", "2019-12-31": "26.10000", "2018-12-31": "23.90000", "2017-12-31": "13.20000", "2016-12-31": "-2.60000", "2015-12-31": "2.70000", "2014-12-31": "3.30000", "2013-12-31": "11.90000", "2012-12-31": "8.50000", "2011-12-31": "12.50000", "2010-12-31": "12.00000", "2009-12-31": "13.90000", "2008-12-31": "12.00000", "2007-12-31": "13.60000", "2006-12-31": "6.80000", "2005-12-31": "2.06900"}, "Common Stock Dividends Paid": {"2020-12-31": "-112.40000", "2019-12-31": "-102.90000", "2018-12-31": "-93.50000", "2017-12-31": "-92.10000", "2016-12-31": "-84.50000", "2015-12-31": "-72.30000", "2014-12-31": "-61.20000", "2013-12-31": "-53.70000", "2012-12-31": "-48.00000", "2011-12-31": "-43.50000", "2010-12-31": "-40.60000", "2009-12-31": "-38.60000", "2008-12-31": "-36.60000", "2007-12-31": "-34.70000", "2006-12-31": "-32.00000", "2005-12-31": "-29.60800"}}, "cash flow statement, quarterly": {"Net Income/Loss": {"2020-12-31": -239.5, "2020-09-30": 102.3, "2020-06-30": 75.4, "2020-03-31": "61.80000", "2019-12-31": 102.6, "2019-09-30": 137.9, "2019-06-30": 152.9, "2019-03-31": "79.40000", "2018-12-31": 88.1, "2018-09-30": 99.7, "2018-06-30": 113.7, "2018-03-31": "309.60000", "2017-12-31": 115.1, "2017-09-30": 86.3, "2017-06-30": 102.3, "2017-03-31": "61.80000", "2016-12-31": 76.2, "2016-09-30": -9.8, "2016-06-30": 115.2, "2016-03-31": "68.50000", "2015-12-31": 81.8, "2015-09-30": 103.6, "2015-06-30": 94.9, "2015-03-31": "39.40000", "2014-12-31": 52.9, "2014-09-30": 87.4, "2014-06-30": 75.2, "2014-03-31": "35.80000", "2013-12-31": 69.7, "2013-09-30": 76.6, "2013-06-30": 8.2, "2013-03-31": "55.20000", "2012-12-31": 47.8, "2012-09-30": 69.6, "2012-06-30": 92.8, "2012-03-31": "60.00000", "2011-12-31": 38.6, "2011-09-30": 53.7, "2011-06-30": 54.6, "2011-03-31": "33.40000", "2010-12-31": 32.2, "2010-09-30": 50.6, "2010-06-30": 38.5, "2010-03-31": "24.30000", "2009-12-31": 35.9, "2009-09-30": 46.6, "2009-06-30": 55.5, "2009-03-31": "6.60000", "2008-12-31": 13.7, "2008-09-30": 50.4, "2008-06-30": 54.3, "2008-03-31": "-62.60000", "2007-12-31": 42.9, "2007-09-30": 82.5, "2007-06-30": 53.365, "2007-03-31": "36.83500", "2006-12-31": 78.158, "2006-09-30": 40.234, "2006-06-30": 57.111, "2006-03-31": "41.59700", "2005-12-31": 32.511, "2005-09-30": 19.708, "2005-06-30": 34.674, "2005-03-31": "28.25500"}, "Total Depreciation And Amortization - Cash Flow": {"2020-12-31": -169, "2020-09-30": 56.2, "2020-06-30": 56, "2020-03-31": "56.80000", "2019-12-31": 53.9, "2019-09-30": 51.5, "2019-06-30": 50.9, "2019-03-31": "49.10000", "2018-12-31": 47.4, "2018-09-30": 45.9, "2018-06-30": 46.3, "2018-03-31": "51.00000", "2017-12-31": 48.4, "2017-09-30": 41.6, "2017-06-30": 40.3, "2017-03-31": "38.80000", "2016-12-31": 35.8, "2016-09-30": 34.6, "2016-06-30": 33.9, "2016-03-31": "33.50000", "2015-12-31": 33.9, "2015-09-30": 33.6, "2015-06-30": 33.5, "2015-03-31": "28.30000", "2014-12-31": 28.2, "2014-09-30": 25.5, "2014-06-30": 24.7, "2014-03-31": "25.60000", "2013-12-31": 24, "2013-09-30": 30, "2013-06-30": 30.2, "2013-03-31": "29.70000", "2012-12-31": 26.4, "2012-09-30": 26, "2012-06-30": 25.6, "2012-03-31": "26.90000", "2011-12-31": 23.4, "2011-09-30": 19, "2011-06-30": 22.6, "2011-03-31": "23.00000", "2010-12-31": 18.1, "2010-09-30": 17.5, "2010-06-30": 18.8, "2010-03-31": "17.50000", "2009-12-31": 16.7, "2009-09-30": 16.5, "2009-06-30": 16.9, "2009-03-31": "17.40000", "2008-12-31": 15.7, "2008-09-30": 17.9, "2008-06-30": 17.1, "2008-03-31": "18.30000", "2007-12-31": 16.1, "2007-09-30": 17.4, "2007-06-30": 16.945, "2007-03-31": "15.45500", "2006-12-31": 16.101, "2006-09-30": 15.318, "2006-06-30": 14.218, "2006-03-31": "14.16300", "2005-12-31": 13.825, "2005-09-30": 15.649, "2005-06-30": 13.618, "2005-03-31": "13.23000"}, "Other Non-Cash Items": {"2020-12-31": -48.3, "2020-09-30": 11.6, "2020-06-30": 10.1, "2020-03-31": "26.60000", "2019-12-31": 8.5, "2019-09-30": 13.6, "2019-06-30": 9.9, "2019-03-31": "12.70000", "2018-12-31": 21.3, "2018-09-30": -5.5, "2018-06-30": 0.3, "2018-03-31": "-243.40000", "2017-12-31": -54.4, "2017-09-30": 3.3, "2017-06-30": 2.8, "2017-03-31": "3.00000", "2016-12-31": -24.5, "2016-09-30": 143.6, "2016-06-30": -8, "2016-03-31": "2.80000", "2015-12-31": -16.4, "2015-09-30": 4.3, "2015-06-30": -2.5, "2015-03-31": "1.50000", "2014-12-31": -14, "2014-09-30": 0, "2014-06-30": 1.2, "2014-03-31": "6.20000", "2013-12-31": -27.7, "2013-09-30": 7.7, "2013-06-30": 69.7, "2013-03-31": "-6.60000", "2012-12-31": -1.1, "2012-09-30": 9.5, "2012-06-30": -2.5, "2012-03-31": "-0.70000", "2011-12-31": 4.3, "2011-09-30": 5, "2011-06-30": 0.8, "2011-03-31": "3.90000", "2010-12-31": 2.1, "2010-09-30": 4.5, "2010-06-30": -4, "2010-03-31": "-2.20000", "2009-12-31": 43.9, "2009-09-30": -24.3, "2009-06-30": 21.8, "2009-03-31": "-0.10000", "2008-12-31": 22.8, "2008-09-30": 5.1, "2008-06-30": 7.1, "2008-03-31": "88.70000", "2007-12-31": 13.1, "2007-09-30": -40.1, "2007-06-30": 12.81, "2007-03-31": "-5.81000", "2006-12-31": -39.377, "2006-09-30": 2.585, "2006-06-30": 2.842, "2006-03-31": "4.85000", "2005-12-31": 7.056, "2005-09-30": 28.48, "2005-06-30": 2.835, "2005-03-31": "6.14300"}, "Total Non-Cash Items": {"2020-12-31": -217.3, "2020-09-30": 67.8, "2020-06-30": 66.1, "2020-03-31": "83.40000", "2019-12-31": 62.4, "2019-09-30": 65.1, "2019-06-30": 60.8, "2019-03-31": "61.80000", "2018-12-31": 68.7, "2018-09-30": 40.4, "2018-06-30": 46.6, "2018-03-31": "-192.40000", "2017-12-31": -6, "2017-09-30": 44.9, "2017-06-30": 43.1, "2017-03-31": "41.80000", "2016-12-31": 11.3, "2016-09-30": 178.2, "2016-06-30": 25.9, "2016-03-31": "36.30000", "2015-12-31": 17.5, "2015-09-30": 37.9, "2015-06-30": 31, "2015-03-31": "29.80000", "2014-12-31": 14.2, "2014-09-30": 25.5, "2014-06-30": 25.9, "2014-03-31": "31.80000", "2013-12-31": -3.7, "2013-09-30": 37.7, "2013-06-30": 99.9, "2013-03-31": "23.10000", "2012-12-31": 25.3, "2012-09-30": 35.5, "2012-06-30": 23.1, "2012-03-31": "26.20000", "2011-12-31": 27.7, "2011-09-30": 24, "2011-06-30": 23.4, "2011-03-31": "26.90000", "2010-12-31": 20.2, "2010-09-30": 22, "2010-06-30": 14.8, "2010-03-31": "15.30000", "2009-12-31": 60.6, "2009-09-30": -7.8, "2009-06-30": 38.7, "2009-03-31": "17.30000", "2008-12-31": 38.5, "2008-09-30": 23, "2008-06-30": 24.2, "2008-03-31": "107.00000", "2007-12-31": 29.2, "2007-09-30": -22.7, "2007-06-30": 29.755, "2007-03-31": "9.64500", "2006-12-31": -23.276, "2006-09-30": 17.903, "2006-06-30": 17.06, "2006-03-31": "19.01300", "2005-12-31": 20.881, "2005-09-30": 44.129, "2005-06-30": 16.453, "2005-03-31": "19.37300"}, "Change In Accounts Receivable": {"2020-12-31": 34, "2020-09-30": -22.2, "2020-06-30": -3.5, "2020-03-31": "-8.30000", "2019-12-31": 101.3, "2019-09-30": 57.6, "2019-06-30": -134.9, "2019-03-31": "-49.70000", "2018-12-31": 152.7, "2018-09-30": -12.3, "2018-06-30": -168.1, "2018-03-31": "-26.80000", "2017-12-31": 101.4, "2017-09-30": 12.3, "2017-06-30": -133.5, "2017-03-31": "-34.10000", "2016-12-31": 93.8, "2016-09-30": 26.7, "2016-06-30": -118.9, "2016-03-31": "-1.30000", "2015-12-31": 96.5, "2015-09-30": 33.4, "2015-06-30": -129.5, "2015-03-31": "-12.20000", "2014-12-31": 134.4, "2014-09-30": -17.3, "2014-06-30": -123, "2014-03-31": "-12.20000", "2013-12-31": 98.8, "2013-09-30": 27.9, "2013-06-30": -83.5, "2013-03-31": "-34.80000", "2012-12-31": 97.4, "2012-09-30": 62.3, "2012-06-30": -43.1, "2012-03-31": "-95.60000", "2011-12-31": 74.7, "2011-09-30": 31.5, "2011-06-30": -129.2, "2011-03-31": "-48.40000", "2010-12-31": 43, "2010-09-30": 8.8, "2010-06-30": -65.1, "2010-03-31": "-58.40000", "2009-12-31": 79.3, "2009-09-30": -5.9, "2009-06-30": -6.3, "2009-03-31": "12.80000", "2008-12-31": 157.7, "2008-09-30": 11.5, "2008-06-30": -90.4, "2008-03-31": "-29.00000", "2007-12-31": 96.8, "2007-09-30": -135.8, "2007-06-30": -4.04, "2007-03-31": "46.74000", "2006-12-31": 40.03, "2006-09-30": -140.077, "2006-06-30": -30.16, "2006-03-31": "-55.29300", "2005-12-31": 20.855, "2005-09-30": 41.086, "2005-06-30": 2.358, "2005-03-31": "-42.65200"}, "Change In Inventories": {"2020-12-31": 5.7, "2020-09-30": 42.7, "2020-06-30": 16.5, "2020-03-31": "-64.90000", "2019-12-31": 7.2, "2019-09-30": -2.7, "2019-06-30": 12.2, "2019-03-31": "-18.60000", "2018-12-31": 32.9, "2018-09-30": -1.7, "2018-06-30": -4.4, "2018-03-31": "-55.80000", "2017-12-31": -2.6, "2017-09-30": -7.2, "2017-06-30": -4.9, "2017-03-31": "-33.80000", "2016-12-31": 8.4, "2016-09-30": -1.3, "2016-06-30": 0.7, "2016-03-31": "-20.00000", "2015-12-31": 29.5, "2015-09-30": 7.1, "2015-06-30": 7.8, "2015-03-31": "-21.40000", "2014-12-31": 10.4, "2014-09-30": -7.3, "2014-06-30": -5.5, "2014-03-31": "-25.30000", "2013-12-31": -20.6, "2013-09-30": 13.5, "2013-06-30": 20.5, "2013-03-31": "22.20000", "2012-12-31": 15.1, "2012-09-30": 13.8, "2012-06-30": -10.2, "2012-03-31": "7.80000", "2011-12-31": -31.9, "2011-09-30": -32.2, "2011-06-30": 0.9, "2011-03-31": "-12.60000", "2010-12-31": -2.4, "2010-09-30": -29.9, "2010-06-30": -15.2, "2010-03-31": "-8.80000", "2009-12-31": -6.1, "2009-09-30": 33.9, "2009-06-30": 69.9, "2009-03-31": "59.60000", "2008-12-31": 17.2, "2008-09-30": -21.1, "2008-06-30": 25.3, "2008-03-31": "-13.10000", "2007-12-31": -24.7, "2007-09-30": 2.1, "2007-06-30": 37.12, "2007-03-31": "-23.12000", "2006-12-31": -39.997, "2006-09-30": -9.946, "2006-06-30": -1.842, "2006-03-31": "-24.51500", "2005-12-31": -18.466, "2005-09-30": 28.401, "2005-06-30": -4.844, "2005-03-31": "-49.68900"}, "Change In Accounts Payable": {"2020-12-31": 1.9, "2020-09-30": 3.1, "2020-06-30": -11.9, "2020-03-31": "6.90000", "2019-12-31": -54.5, "2019-09-30": 0, "2019-06-30": 17.6, "2019-03-31": "53.40000", "2018-12-31": -52.1, "2018-09-30": -53.7, "2018-06-30": 39.1, "2018-03-31": "27.20000", "2017-12-31": -18.6, "2017-09-30": -10.4, "2017-06-30": 40.5, "2017-03-31": "31.20000", "2016-12-31": -21.7, "2016-09-30": -18, "2016-06-30": 34.2, "2016-03-31": "27.10000", "2015-12-31": -52.3, "2015-09-30": 8, "2015-06-30": 8.3, "2015-03-31": "33.10000", "2014-12-31": -62.9, "2014-09-30": -11.4, "2014-06-30": 32.6, "2014-03-31": "36.60000", "2013-12-31": -35.2, "2013-09-30": -10.2, "2013-06-30": 19.9, "2013-03-31": "4.90000", "2012-12-31": -26.8, "2012-09-30": -38.6, "2012-06-30": 10.6, "2012-03-31": "39.10000", "2011-12-31": -29.4, "2011-09-30": 3.9, "2011-06-30": 59, "2011-03-31": "17.40000", "2010-12-31": 38.3, "2010-09-30": 0, "2010-06-30": 0, "2010-03-31": "", "2009-12-31": 0, "2009-09-30": 0, "2009-06-30": 0, "2009-03-31": "", "2008-12-31": 0, "2008-09-30": 0, "2008-06-30": 0, "2008-03-31": "", "2007-12-31": 0, "2007-09-30": 0, "2007-06-30": 0, "2007-03-31": "", "2006-12-31": 0, "2006-09-30": 0, "2006-06-30": 0, "2006-03-31": "", "2005-12-31": 0, "2005-09-30": 0, "2005-06-30": 0, "2005-03-31": ""}, "Change In Assets/Liabilities": {"2020-12-31": -12.5, "2020-09-30": -12.6, "2020-06-30": -2.1, "2020-03-31": "27.20000", "2019-12-31": 2.2, "2019-09-30": -23.1, "2019-06-30": -4.8, "2019-03-31": "6.40000", "2018-12-31": -0.8, "2018-09-30": -1.7, "2018-06-30": -6.1, "2018-03-31": "15.10000", "2017-12-31": -18.5, "2017-09-30": -6.1, "2017-06-30": 8.4, "2017-03-31": "10.80000", "2016-12-31": -5.3, "2016-09-30": 4.2, "2016-06-30": -5.5, "2016-03-31": "9.20000", "2015-12-31": 20.9, "2015-09-30": -7.4, "2015-06-30": 1, "2015-03-31": "8.90000", "2014-12-31": -14.7, "2014-09-30": -9.7, "2014-06-30": -1.8, "2014-03-31": "12.20000", "2013-12-31": 12.1, "2013-09-30": -11.8, "2013-06-30": 4.1, "2013-03-31": "7.60000", "2012-12-31": 30.4, "2012-09-30": -0.5, "2012-06-30": 9.3, "2012-03-31": "19.50000", "2011-12-31": -2.5, "2011-09-30": 3.9, "2011-06-30": -7.2, "2011-03-31": "22.00000", "2010-12-31": -20.6, "2010-09-30": 2.5, "2010-06-30": 0.5, "2010-03-31": "-0.60000", "2009-12-31": -21.8, "2009-09-30": -23.8, "2009-06-30": 1.8, "2009-03-31": "3.00000", "2008-12-31": 2.1, "2008-09-30": -9.4, "2008-06-30": 18.7, "2008-03-31": "1.90000", "2007-12-31": 2.1, "2007-09-30": -19.7, "2007-06-30": -3.265, "2007-03-31": "1.96500", "2006-12-31": 2.853, "2006-09-30": 2.019, "2006-06-30": 1.249, "2006-03-31": "2.17900", "2005-12-31": 3.691, "2005-09-30": 1.497, "2005-06-30": 0.798, "2005-03-31": "1.34100"}, "Total Change In Assets/Liabilities": {"2020-12-31": 34.5, "2020-09-30": 37.4, "2020-06-30": 26.1, "2020-03-31": "-98.00000", "2019-12-31": 48.8, "2019-09-30": 91.7, "2019-06-30": -126.2, "2019-03-31": "-39.50000", "2018-12-31": 99, "2018-09-30": -44.5, "2018-06-30": -190, "2018-03-31": "-80.90000", "2017-12-31": 42.4, "2017-09-30": 35.3, "2017-06-30": -49.7, "2017-03-31": "-72.50000", "2016-12-31": 73, "2016-09-30": 26.9, "2016-06-30": -67.5, "2016-03-31": "3.00000", "2015-12-31": 80.1, "2015-09-30": 61.1, "2015-06-30": -28.5, "2015-03-31": "-18.10000", "2014-12-31": 65.7, "2014-09-30": -16.4, "2014-06-30": -82.2, "2014-03-31": "-17.50000", "2013-12-31": 33.9, "2013-09-30": 79.8, "2013-06-30": -24.7, "2013-03-31": "-41.00000", "2012-12-31": 90.2, "2012-09-30": 63.8, "2012-06-30": -11.2, "2012-03-31": "-37.40000", "2011-12-31": 6.2, "2011-09-30": 27.4, "2011-06-30": -64.2, "2011-03-31": "-60.50000", "2010-12-31": -7.6, "2010-09-30": -30.3, "2010-06-30": -15.3, "2010-03-31": "-56.70000", "2009-12-31": 11.1, "2009-09-30": 26.4, "2009-06-30": 112.9, "2009-03-31": "39.00000", "2008-12-31": 80.5, "2008-09-30": -18.9, "2008-06-30": 0.6, "2008-03-31": "-36.50000", "2007-12-31": 52, "2007-09-30": -115, "2007-06-30": 42.567, "2007-03-31": "18.43300", "2006-12-31": -0.274, "2006-09-30": -148.285, "2006-06-30": -17.884, "2006-03-31": "-59.25700", "2005-12-31": 35.888, "2005-09-30": 35.826, "2005-06-30": 7.782, "2005-03-31": "-85.69100"}, "Cash Flow From Operating Activities": {"2020-12-31": 256.5, "2020-09-30": 213.9, "2020-06-30": 173.1, "2020-03-31": "53.20000", "2019-12-31": 213.6, "2019-09-30": 292.4, "2019-06-30": 87.3, "2019-03-31": "109.80000", "2018-12-31": 236.6, "2018-09-30": 105.4, "2018-06-30": -36, "2018-03-31": "33.20000", "2017-12-31": 159.1, "2017-09-30": 164.9, "2017-06-30": 102.8, "2017-03-31": "31.90000", "2016-12-31": 176.1, "2016-09-30": 175.2, "2016-06-30": 70.9, "2016-03-31": "109.00000", "2015-12-31": 176.3, "2015-09-30": 204.1, "2015-06-30": 99.3, "2015-03-31": "49.50000", "2014-12-31": 131.2, "2014-09-30": 94.3, "2014-06-30": 19.1, "2014-03-31": "51.30000", "2013-12-31": 99.2, "2013-09-30": 196, "2013-06-30": 81.5, "2013-03-31": "38.00000", "2012-12-31": 162.7, "2012-09-30": 168.9, "2012-06-30": 106, "2012-03-31": "48.30000", "2011-12-31": 72.3, "2011-09-30": 105.2, "2011-06-30": 14, "2011-03-31": "-0.30000", "2010-12-31": 45, "2010-09-30": 41.9, "2010-06-30": 37.4, "2010-03-31": "-16.90000", "2009-12-31": 83.8, "2009-09-30": 64.4, "2009-06-30": 205.5, "2009-03-31": "63.50000", "2008-12-31": 132.1, "2008-09-30": 55.9, "2008-06-30": 79, "2008-03-31": "7.20000", "2007-12-31": 124.7, "2007-09-30": -56.2, "2007-06-30": 126.383, "2007-03-31": "64.41700", "2006-12-31": 54.129, "2006-09-30": -90.35, "2006-06-30": 55.044, "2006-03-31": "1.07700", "2005-12-31": 90.965, "2005-09-30": 98.881, "2005-06-30": 59.116, "2005-03-31": "-39.28500"}, "Net Change In Property, Plant, And Equipment": {"2020-12-31": -22.8, "2020-09-30": -24.2, "2020-06-30": -25.7, "2020-03-31": "-22.80000", "2019-12-31": -32.3, "2019-09-30": -15.6, "2019-06-30": -17.7, "2019-03-31": "-23.30000", "2018-12-31": -24.6, "2018-09-30": -29.2, "2018-06-30": -24.4, "2018-03-31": "-42.50000", "2017-12-31": -54.1, "2017-09-30": -39.7, "2017-06-30": -35.7, "2017-03-31": "-30.40000", "2016-12-31": -31.5, "2016-09-30": -31.4, "2016-06-30": -27.2, "2016-03-31": "-18.70000", "2015-12-31": -23.4, "2015-09-30": -14.9, "2015-06-30": -14.8, "2015-03-31": "-19.00000", "2014-12-31": -28.4, "2014-09-30": -30.2, "2014-06-30": -37.1, "2014-03-31": "-23.10000", "2013-12-31": -27.9, "2013-09-30": -21.9, "2013-06-30": -22.6, "2013-03-31": "-26.50000", "2012-12-31": -46.7, "2012-09-30": -33.1, "2012-06-30": -38.6, "2012-03-31": "-22.00000", "2011-12-31": -28.9, "2011-09-30": -14.7, "2011-06-30": -16.1, "2011-03-31": "-16.40000", "2010-12-31": -14.4, "2010-09-30": -14.7, "2010-06-30": -23.1, "2010-03-31": "-3.30000", "2009-12-31": -10.8, "2009-09-30": -10.7, "2009-06-30": -7.2, "2009-03-31": "-10.30000", "2008-12-31": -12.2, "2008-09-30": -11.3, "2008-06-30": -17.7, "2008-03-31": "-22.70000", "2007-12-31": 94.6, "2007-09-30": -3.1, "2007-06-30": -17.198, "2007-03-31": "-18.80200", "2006-12-31": -22.629, "2006-09-30": -21.239, "2006-06-30": -25.061, "2006-03-31": "-26.57100", "2005-12-31": -27.112, "2005-09-30": -30.426, "2005-06-30": -27.351, "2005-03-31": "-23.35300"}, "Net Change In Intangible Assets": {"2020-12-31": 0, "2020-09-30": 0, "2020-06-30": 0, "2020-03-31": "", "2019-12-31": 0, "2019-09-30": 0, "2019-06-30": 0, "2019-03-31": "", "2018-12-31": 0, "2018-09-30": 0, "2018-06-30": 0, "2018-03-31": "", "2017-12-31": 0, "2017-09-30": 0, "2017-06-30": 0, "2017-03-31": "", "2016-12-31": 0, "2016-09-30": 0, "2016-06-30": 0, "2016-03-31": "", "2015-12-31": 0, "2015-09-30": 0, "2015-06-30": 0, "2015-03-31": "", "2014-12-31": 0, "2014-09-30": 0, "2014-06-30": 0, "2014-03-31": "", "2013-12-31": 0, "2013-09-30": 0, "2013-06-30": 0, "2013-03-31": "", "2012-12-31": 0, "2012-09-30": 0, "2012-06-30": 0, "2012-03-31": "", "2011-12-31": 0, "2011-09-30": 0, "2011-06-30": 0, "2011-03-31": "", "2010-12-31": 0, "2010-09-30": 0, "2010-06-30": 0, "2010-03-31": "", "2009-12-31": 0, "2009-09-30": 0, "2009-06-30": 0, "2009-03-31": "", "2008-12-31": 0, "2008-09-30": 0, "2008-06-30": 0, "2008-03-31": "", "2007-12-31": 0, "2007-09-30": 0, "2007-06-30": 0, "2007-03-31": "", "2006-12-31": 0, "2006-09-30": 0, "2006-06-30": 0, "2006-03-31": "", "2005-12-31": 0, "2005-09-30": 0, "2005-06-30": 0, "2005-03-31": ""}, "Net Acquisitions/Divestitures": {"2020-12-31": 0, "2020-09-30": -33, "2020-06-30": 0, "2020-03-31": "-2.40000", "2019-12-31": -328.7, "2019-09-30": -15.7, "2019-06-30": -70, "2019-03-31": "-202.00000", "2018-12-31": 0, "2018-09-30": -0.2, "2018-06-30": -773.2, "2018-03-31": "753.90000", "2017-12-31": -654.3, "2017-09-30": -54.1, "2017-06-30": -0.1, "2017-03-31": "-225.80000", "2016-12-31": -82.4, "2016-09-30": 0, "2016-06-30": -95, "2016-03-31": "-8.10000", "2015-12-31": 0, "2015-09-30": -21.1, "2015-06-30": -577.8, "2015-03-31": "", "2014-12-31": -203.7, "2014-09-30": 0, "2014-06-30": 9.7, "2014-03-31": "", "2013-12-31": 369, "2013-09-30": 0, "2013-06-30": 0, "2013-03-31": "", "2012-12-31": -265, "2012-09-30": 0, "2012-06-30": 4, "2012-03-31": "-27.50000", "2011-12-31": -284.2, "2011-09-30": -106, "2011-06-30": 2.6, "2011-03-31": "", "2010-12-31": -304.2, "2010-09-30": 0.3, "2010-06-30": 0, "2010-03-31": "20.30000", "2009-12-31": -47.8, "2009-09-30": -33, "2009-06-30": 0, "2009-03-31": "", "2008-12-31": 4.1, "2008-09-30": 0, "2008-06-30": -199.4, "2008-03-31": "-95.40000", "2007-12-31": 0, "2007-09-30": -6.4, "2007-06-30": -160.581, "2007-03-31": "-22.71900", "2006-12-31": -0.025, "2006-09-30": -1.875, "2006-06-30": 0, "2006-03-31": "", "2005-12-31": -38.998, "2005-09-30": -28.339, "2005-06-30": 0, "2005-03-31": ""}, "Net Change In Short-term Investments": {"2020-12-31": 0, "2020-09-30": 0, "2020-06-30": 0, "2020-03-31": "", "2019-12-31": 0, "2019-09-30": 0, "2019-06-30": 0, "2019-03-31": "", "2018-12-31": 0, "2018-09-30": 0, "2018-06-30": 0, "2018-03-31": "", "2017-12-31": 0, "2017-09-30": 0, "2017-06-30": 0, "2017-03-31": "", "2016-12-31": 0, "2016-09-30": 0, "2016-06-30": 0, "2016-03-31": "", "2015-12-31": 0, "2015-09-30": 0, "2015-06-30": 0, "2015-03-31": "", "2014-12-31": 0, "2014-09-30": 0, "2014-06-30": 0, "2014-03-31": "", "2013-12-31": 0, "2013-09-30": 0, "2013-06-30": 0, "2013-03-31": "", "2012-12-31": 0, "2012-09-30": 0, "2012-06-30": 0, "2012-03-31": "", "2011-12-31": 0, "2011-09-30": 0, "2011-06-30": 0, "2011-03-31": "", "2010-12-31": 0, "2010-09-30": 0, "2010-06-30": 0, "2010-03-31": "", "2009-12-31": 0, "2009-09-30": 0, "2009-06-30": 0, "2009-03-31": "", "2008-12-31": 0, "2008-09-30": 0, "2008-06-30": 0, "2008-03-31": "", "2007-12-31": 0, "2007-09-30": 0, "2007-06-30": 0, "2007-03-31": "", "2006-12-31": 0, "2006-09-30": 0, "2006-06-30": 0, "2006-03-31": "", "2005-12-31": 0, "2005-09-30": 0, "2005-06-30": 0, "2005-03-31": ""}, "Net Change In Long-Term Investments": {"2020-12-31": 0, "2020-09-30": 0, "2020-06-30": 0, "2020-03-31": "", "2019-12-31": 0, "2019-09-30": 0, "2019-06-30": 0, "2019-03-31": "", "2018-12-31": 0, "2018-09-30": 0, "2018-06-30": 0, "2018-03-31": "", "2017-12-31": 0, "2017-09-30": 0, "2017-06-30": 0, "2017-03-31": "", "2016-12-31": 0, "2016-09-30": 0, "2016-06-30": 0, "2016-03-31": "", "2015-12-31": 0, "2015-09-30": 0, "2015-06-30": 0, "2015-03-31": "", "2014-12-31": 0, "2014-09-30": 0, "2014-06-30": 0, "2014-03-31": "", "2013-12-31": 0, "2013-09-30": 0, "2013-06-30": 0, "2013-03-31": "", "2012-12-31": 0, "2012-09-30": 0, "2012-06-30": 0, "2012-03-31": "", "2011-12-31": 0, "2011-09-30": 0, "2011-06-30": 0, "2011-03-31": "", "2010-12-31": 0, "2010-09-30": 0, "2010-06-30": 0, "2010-03-31": "", "2009-12-31": -30, "2009-09-30": 30, "2009-06-30": 0, "2009-03-31": "", "2008-12-31": 0, "2008-09-30": 0, "2008-06-30": 41.9, "2008-03-31": "-41.90000", "2007-12-31": 0, "2007-09-30": 0, "2007-06-30": -1.404, "2007-03-31": "1.40400", "2006-12-31": 104.907, "2006-09-30": 0.796, "2006-06-30": 0.821, "2006-03-31": "2.37600", "2005-12-31": 11.636, "2005-09-30": 14.717, "2005-06-30": 3.93, "2005-03-31": "0.02900"}, "Net Change In Investments - Total": {"2020-12-31": 0, "2020-09-30": 0, "2020-06-30": 0, "2020-03-31": "", "2019-12-31": 0, "2019-09-30": 0, "2019-06-30": 0, "2019-03-31": "", "2018-12-31": 0, "2018-09-30": 0, "2018-06-30": 0, "2018-03-31": "", "2017-12-31": 0, "2017-09-30": 0, "2017-06-30": 0, "2017-03-31": "", "2016-12-31": 0, "2016-09-30": 0, "2016-06-30": 0, "2016-03-31": "", "2015-12-31": 0, "2015-09-30": 0, "2015-06-30": 0, "2015-03-31": "", "2014-12-31": 0, "2014-09-30": 0, "2014-06-30": 0, "2014-03-31": "", "2013-12-31": 0, "2013-09-30": 0, "2013-06-30": 0, "2013-03-31": "", "2012-12-31": 0, "2012-09-30": 0, "2012-06-30": 0, "2012-03-31": "", "2011-12-31": 0, "2011-09-30": 0, "2011-06-30": 0, "2011-03-31": "", "2010-12-31": 0, "2010-09-30": 0, "2010-06-30": 0, "2010-03-31": "", "2009-12-31": -30, "2009-09-30": 30, "2009-06-30": 0, "2009-03-31": "", "2008-12-31": 0, "2008-09-30": 0, "2008-06-30": 41.9, "2008-03-31": "-41.90000", "2007-12-31": 0, "2007-09-30": 0, "2007-06-30": -1.404, "2007-03-31": "1.40400", "2006-12-31": 104.907, "2006-09-30": 0.796, "2006-06-30": 0.821, "2006-03-31": "2.37600", "2005-12-31": 11.636, "2005-09-30": 14.717, "2005-06-30": 3.93, "2005-03-31": "0.02900"}, "Investing Activities - Other": {"2020-12-31": 6.9, "2020-09-30": 0.5, "2020-06-30": 0, "2020-03-31": "0.90000", "2019-12-31": 8.2, "2019-09-30": 1.1, "2019-06-30": 0.2, "2019-03-31": "0.90000", "2018-12-31": 0, "2018-09-30": 9.1, "2018-06-30": 756.7, "2018-03-31": "3.60000", "2017-12-31": -0.3, "2017-09-30": 0.1, "2017-06-30": 0.1, "2017-03-31": "", "2016-12-31": 0.1, "2016-09-30": 0.7, "2016-06-30": 0.1, "2016-03-31": "", "2015-12-31": 0.1, "2015-09-30": 0, "2015-06-30": 0.1, "2015-03-31": "", "2014-12-31": 15, "2014-09-30": 0, "2014-06-30": 0, "2014-03-31": "", "2013-12-31": 0, "2013-09-30": 0, "2013-06-30": 0, "2013-03-31": "", "2012-12-31": 0.4, "2012-09-30": 0, "2012-06-30": 0, "2012-03-31": "", "2011-12-31": 0.5, "2011-09-30": -0.4, "2011-06-30": 0.1, "2011-03-31": "", "2010-12-31": 0, "2010-09-30": 0, "2010-06-30": -0.2, "2010-03-31": "", "2009-12-31": 30.1, "2009-09-30": -0.3, "2009-06-30": -0.3, "2009-03-31": "0.80000", "2008-12-31": -0.1, "2008-09-30": 0.2, "2008-06-30": 0.4, "2008-03-31": "-0.10000", "2007-12-31": 0, "2007-09-30": 0.2, "2007-06-30": -0.42, "2007-03-31": "0.32000", "2006-12-31": -1.588, "2006-09-30": 0.102, "2006-06-30": 0.863, "2006-03-31": "0.22300", "2005-12-31": -0.138, "2005-09-30": 0.359, "2005-06-30": 0.296, "2005-03-31": "0.31200"}, "Cash Flow From Investing Activities": {"2020-12-31": -15.9, "2020-09-30": -56.7, "2020-06-30": -25.7, "2020-03-31": "-24.30000", "2019-12-31": -352.8, "2019-09-30": -30.2, "2019-06-30": -87.5, "2019-03-31": "-224.40000", "2018-12-31": -24.6, "2018-09-30": -20.3, "2018-06-30": -40.9, "2018-03-31": "715.00000", "2017-12-31": -708.7, "2017-09-30": -93.7, "2017-06-30": -35.7, "2017-03-31": "-256.20000", "2016-12-31": -113.8, "2016-09-30": -30.7, "2016-06-30": -122.1, "2016-03-31": "-26.80000", "2015-12-31": -23.3, "2015-09-30": -36, "2015-06-30": -592.5, "2015-03-31": "-19.00000", "2014-12-31": -217.1, "2014-09-30": -30.2, "2014-06-30": -27.4, "2014-03-31": "-23.10000", "2013-12-31": 341.1, "2013-09-30": -21.9, "2013-06-30": -22.6, "2013-03-31": "-26.50000", "2012-12-31": -311.3, "2012-09-30": -33.1, "2012-06-30": -34.6, "2012-03-31": "-49.50000", "2011-12-31": -312.6, "2011-09-30": -121.1, "2011-06-30": -13.4, "2011-03-31": "-16.40000", "2010-12-31": -318.6, "2010-09-30": -14.4, "2010-06-30": -23.3, "2010-03-31": "17.00000", "2009-12-31": -58.5, "2009-09-30": -14, "2009-06-30": -7.5, "2009-03-31": "-9.50000", "2008-12-31": -8.2, "2008-09-30": -11.1, "2008-06-30": -174.8, "2008-03-31": "-160.10000", "2007-12-31": 94.6, "2007-09-30": -9.3, "2007-06-30": -179.603, "2007-03-31": "-39.79700", "2006-12-31": 80.665, "2006-09-30": -22.216, "2006-06-30": -23.377, "2006-03-31": "-23.97200", "2005-12-31": -54.612, "2005-09-30": -43.689, "2005-06-30": -23.125, "2005-03-31": "-23.01200"}, "Net Long-Term Debt": {"2020-12-31": 0, "2020-09-30": 0, "2020-06-30": -500, "2020-03-31": "982.20000", "2019-12-31": 0, "2019-09-30": 0, "2019-06-30": 0, "2019-03-31": "", "2018-12-31": 0, "2018-09-30": 0, "2018-06-30": 0, "2018-03-31": "", "2017-12-31": 997.2, "2017-09-30": 0, "2017-06-30": 0, "2017-03-31": "", "2016-12-31": 0, "2016-09-30": -150, "2016-06-30": 0, "2016-03-31": "", "2015-12-31": 0, "2015-09-30": 0, "2015-06-30": -1.5, "2015-03-31": "", "2014-12-31": -1.5, "2014-09-30": 0, "2014-06-30": 0, "2014-03-31": "", "2013-12-31": -1.5, "2013-09-30": 0, "2013-06-30": 0, "2013-03-31": "", "2012-12-31": 348.9, "2012-09-30": 0, "2012-06-30": 0, "2012-03-31": "", "2011-12-31": 0, "2011-09-30": 0, "2011-06-30": 0, "2011-03-31": "", "2010-12-31": 248.9, "2010-09-30": 0, "2010-06-30": 0, "2010-03-31": "", "2009-12-31": 0, "2009-09-30": 0, "2009-06-30": 0, "2009-03-31": "", "2008-12-31": 0, "2008-09-30": 0, "2008-06-30": -100, "2008-03-31": "", "2007-12-31": -0.4, "2007-09-30": -0.1, "2007-06-30": 0.135, "2007-03-31": "0.36500", "2006-12-31": -0.59, "2006-09-30": 143.5, "2006-06-30": -0.872, "2006-03-31": "-0.03800", "2005-12-31": 0.554, "2005-09-30": -1.502, "2005-06-30": -0.131, "2005-03-31": "-0.12900"}, "Net Current Debt": {"2020-12-31": 0, "2020-09-30": 0, "2020-06-30": 0, "2020-03-31": "", "2019-12-31": 0, "2019-09-30": 0, "2019-06-30": 0, "2019-03-31": "", "2018-12-31": 0, "2018-09-30": 0, "2018-06-30": 0, "2018-03-31": "", "2017-12-31": -185, "2017-09-30": 75, "2017-06-30": 110, "2017-03-31": "", "2016-12-31": 0, "2016-09-30": 0, "2016-06-30": 0, "2016-03-31": "", "2015-12-31": 0, "2015-09-30": 1.4, "2015-06-30": -1.4, "2015-03-31": "", "2014-12-31": 0, "2014-09-30": 0, "2014-06-30": 0, "2014-03-31": "", "2013-12-31": 0.2, "2013-09-30": -0.1, "2013-06-30": -0.7, "2013-03-31": "0.60000", "2012-12-31": -168.1, "2012-09-30": -125, "2012-06-30": -66.8, "2012-03-31": "2.50000", "2011-12-31": 243.9, "2011-09-30": 12.1, "2011-06-30": -9.8, "2011-03-31": "100.70000", "2010-12-31": 10, "2010-09-30": 0.1, "2010-06-30": -0.1, "2010-03-31": "", "2009-12-31": -0.8, "2009-09-30": -22.7, "2009-06-30": -185, "2009-03-31": "-26.90000", "2008-12-31": -174.8, "2008-09-30": -48.7, "2008-06-30": 266.1, "2008-03-31": "135.80000", "2007-12-31": -88.6, "2007-09-30": 66.3, "2007-06-30": 60.387, "2007-03-31": "-143.68700", "2006-12-31": -25.019, "2006-09-30": -15.124, "2006-06-30": -19.696, "2006-03-31": "4.13900", "2005-12-31": -62.035, "2005-09-30": 14.868, "2005-06-30": 0.816, "2005-03-31": "67.33100"}, "Debt Issuance/Retirement Net - Total": {"2020-12-31": 0, "2020-09-30": 0, "2020-06-30": -500, "2020-03-31": "982.20000", "2019-12-31": 0, "2019-09-30": 0, "2019-06-30": 0, "2019-03-31": "", "2018-12-31": 0, "2018-09-30": 0, "2018-06-30": 0, "2018-03-31": "", "2017-12-31": 812.2, "2017-09-30": 75, "2017-06-30": 110, "2017-03-31": "", "2016-12-31": 0, "2016-09-30": -150, "2016-06-30": 0, "2016-03-31": "", "2015-12-31": 0, "2015-09-30": 1.4, "2015-06-30": -2.9, "2015-03-31": "", "2014-12-31": -1.5, "2014-09-30": 0, "2014-06-30": 0, "2014-03-31": "", "2013-12-31": -1.3, "2013-09-30": -0.1, "2013-06-30": -0.7, "2013-03-31": "0.60000", "2012-12-31": 180.8, "2012-09-30": -125, "2012-06-30": -66.8, "2012-03-31": "2.50000", "2011-12-31": 243.9, "2011-09-30": 12.1, "2011-06-30": -9.8, "2011-03-31": "100.70000", "2010-12-31": 258.9, "2010-09-30": 0.1, "2010-06-30": -0.1, "2010-03-31": "", "2009-12-31": -0.8, "2009-09-30": -22.7, "2009-06-30": -185, "2009-03-31": "-26.90000", "2008-12-31": -174.8, "2008-09-30": -48.7, "2008-06-30": 166.1, "2008-03-31": "135.80000", "2007-12-31": -89, "2007-09-30": 66.2, "2007-06-30": 60.522, "2007-03-31": "-143.32200", "2006-12-31": -25.609, "2006-09-30": 128.376, "2006-06-30": -20.568, "2006-03-31": "4.10100", "2005-12-31": -61.481, "2005-09-30": 13.366, "2005-06-30": 0.685, "2005-03-31": "67.20200"}, "Net Common Equity Issued/Repurchased": {"2020-12-31": -32.3, "2020-09-30": -148.4, "2020-06-30": -70.3, "2020-03-31": "-110.10000", "2019-12-31": -140.3, "2019-09-30": 6.8, "2019-06-30": -65.1, "2019-03-31": "-146.50000", "2018-12-31": -164, "2018-09-30": -42.4, "2018-06-30": -110.4, "2018-03-31": "-120.30000", "2017-12-31": 2.3, "2017-09-30": -115.8, "2017-06-30": -148.1, "2017-03-31": "1.60000", "2016-12-31": -11.5, "2016-09-30": -14, "2016-06-30": 22.9, "2016-03-31": "-24.00000", "2015-12-31": -75.1, "2015-09-30": -21.2, "2015-06-30": -1.8, "2015-03-31": "0.30000", "2014-12-31": 29.8, "2014-09-30": 1.1, "2014-06-30": 0.4, "2014-03-31": "11.20000", "2013-12-31": 4, "2013-09-30": 3.7, "2013-06-30": 7.1, "2013-03-31": "4.70000", "2012-12-31": 8.9, "2012-09-30": 11.4, "2012-06-30": 15.7, "2012-03-31": "2.80000", "2011-12-31": 1.5, "2011-09-30": 0.1, "2011-06-30": 13.8, "2011-03-31": "-60.60000", "2010-12-31": 2.3, "2010-09-30": 0.1, "2010-06-30": 4.9, "2010-03-31": "0.10000", "2009-12-31": -0.1, "2009-09-30": 0, "2009-06-30": 0.3, "2009-03-31": "-0.50000", "2008-12-31": -0.2, "2008-09-30": -0.3, "2008-06-30": -0.1, "2008-03-31": "-6.10000", "2007-12-31": -60, "2007-09-30": 6.6, "2007-06-30": -0.798, "2007-03-31": "6.69800", "2006-12-31": -1.179, "2006-09-30": 1.712, "2006-06-30": 2.805, "2006-03-31": "8.76200", "2005-12-31": -9.753, "2005-09-30": -19.801, "2005-06-30": -15.848, "2005-03-31": "4.11900"}, "Net Total Equity Issued/Repurchased": {"2020-12-31": -32.3, "2020-09-30": -148.4, "2020-06-30": -70.3, "2020-03-31": "-110.10000", "2019-12-31": -140.3, "2019-09-30": 6.8, "2019-06-30": -65.1, "2019-03-31": "-146.50000", "2018-12-31": -164, "2018-09-30": -42.4, "2018-06-30": -110.4, "2018-03-31": "-120.30000", "2017-12-31": 2.3, "2017-09-30": -115.8, "2017-06-30": -148.1, "2017-03-31": "1.60000", "2016-12-31": -11.5, "2016-09-30": -14, "2016-06-30": 22.9, "2016-03-31": "-24.00000", "2015-12-31": -75.1, "2015-09-30": -21.2, "2015-06-30": -1.8, "2015-03-31": "0.30000", "2014-12-31": 29.8, "2014-09-30": 1.1, "2014-06-30": 0.4, "2014-03-31": "11.20000", "2013-12-31": 4, "2013-09-30": 3.7, "2013-06-30": 7.1, "2013-03-31": "4.70000", "2012-12-31": 8.9, "2012-09-30": 11.4, "2012-06-30": 15.7, "2012-03-31": "2.80000", "2011-12-31": 1.5, "2011-09-30": 0.1, "2011-06-30": 13.8, "2011-03-31": "-60.60000", "2010-12-31": 2.3, "2010-09-30": 0.1, "2010-06-30": 4.9, "2010-03-31": "0.10000", "2009-12-31": -0.1, "2009-09-30": 0, "2009-06-30": 0.3, "2009-03-31": "-0.50000", "2008-12-31": -0.2, "2008-09-30": -0.3, "2008-06-30": -0.1, "2008-03-31": "-6.10000", "2007-12-31": -60, "2007-09-30": 6.6, "2007-06-30": -0.798, "2007-03-31": "6.69800", "2006-12-31": -1.179, "2006-09-30": 1.712, "2006-06-30": 2.805, "2006-03-31": "8.76200", "2005-12-31": -9.753, "2005-09-30": -19.801, "2005-06-30": -15.848, "2005-03-31": "4.11900"}, "Total Common And Preferred Stock Dividends Paid": {"2020-12-31": -27.9, "2020-09-30": -28.5, "2020-06-30": -27.7, "2020-03-31": "-28.30000", "2019-12-31": -28.4, "2019-09-30": -28.3, "2019-06-30": -22.9, "2019-03-31": "-23.30000", "2018-12-31": -23.8, "2018-09-30": -24.1, "2018-06-30": -22.5, "2018-03-31": "-23.10000", "2017-12-31": -23.1, "2017-09-30": -23.2, "2017-06-30": -23.1, "2017-03-31": "-22.70000", "2016-12-31": -22.7, "2016-09-30": -22.8, "2016-06-30": -19.5, "2016-03-31": "-19.50000", "2015-12-31": -19.6, "2015-09-30": -19.6, "2015-06-30": -16.4, "2015-03-31": "-16.70000", "2014-12-31": -16.2, "2014-09-30": -16.2, "2014-06-30": -14.6, "2014-03-31": "-14.20000", "2013-12-31": -14, "2013-09-30": -14.1, "2013-06-30": -12.8, "2013-03-31": "-12.80000", "2012-12-31": -12.9, "2012-09-30": -12.6, "2012-06-30": -11.3, "2012-03-31": "-11.20000", "2011-12-31": -11.2, "2011-09-30": -11.2, "2011-06-30": -10.6, "2011-03-31": "-10.50000", "2010-12-31": -10.5, "2010-09-30": -10.4, "2010-06-30": -9.9, "2010-03-31": "-9.80000", "2009-12-31": -9.8, "2009-09-30": -9.8, "2009-06-30": -9.5, "2009-03-31": "-9.50000", "2008-12-31": -9.4, "2008-09-30": -9.5, "2008-06-30": -8.8, "2008-03-31": "-8.90000", "2007-12-31": -8.9, "2007-09-30": -9, "2007-06-30": -8.421, "2007-03-31": "-8.37900", "2006-12-31": -8.32, "2006-09-30": -8.32, "2006-06-30": -7.703, "2006-03-31": "-7.65700", "2005-12-31": -7.654, "2005-09-30": -7.65, "2005-06-30": -7.163, "2005-03-31": "-7.14100"}, "Financial Activities - Other": {"2020-12-31": -1.2, "2020-09-30": -1.1, "2020-06-30": -0.3, "2020-03-31": "-30.80000", "2019-12-31": -0.8, "2019-09-30": -3, "2019-06-30": -6.1, "2019-03-31": "-3.30000", "2018-12-31": -0.4, "2018-09-30": -0.1, "2018-06-30": -5, "2018-03-31": "-4.60000", "2017-12-31": -9.7, "2017-09-30": -0.1, "2017-06-30": -1.1, "2017-03-31": "-7.00000", "2016-12-31": 4.8, "2016-09-30": -0.1, "2016-06-30": -4.7, "2016-03-31": "", "2015-12-31": 0, "2015-09-30": -1.4, "2015-06-30": 0, "2015-03-31": "", "2014-12-31": 0, "2014-09-30": 0, "2014-06-30": 0, "2014-03-31": "", "2013-12-31": -5.8, "2013-09-30": 0, "2013-06-30": 0, "2013-03-31": "", "2012-12-31": -2.9, "2012-09-30": 0, "2012-06-30": 0, "2012-03-31": "", "2011-12-31": -1.8, "2011-09-30": 0, "2011-06-30": 0, "2011-03-31": "", "2010-12-31": -3.4, "2010-09-30": 0, "2010-06-30": 1.1, "2010-03-31": "0.40000", "2009-12-31": 0.3, "2009-09-30": 0.1, "2009-06-30": 0, "2009-03-31": "-0.30000", "2008-12-31": 0.1, "2008-09-30": -0.1, "2008-06-30": 0, "2008-03-31": "0.10000", "2007-12-31": 0, "2007-09-30": 2.4, "2007-06-30": 0.017, "2007-03-31": "2.98300", "2006-12-31": -0.446, "2006-09-30": 4.778, "2006-06-30": 0.925, "2006-03-31": "2.84300", "2005-12-31": -1.612, "2005-09-30": 1.486, "2005-06-30": 0, "2005-03-31": ""}, "Cash Flow From Financial Activities": {"2020-12-31": -61.4, "2020-09-30": -178, "2020-06-30": -598.3, "2020-03-31": "813.00000", "2019-12-31": -169.5, "2019-09-30": -24.5, "2019-06-30": -94.1, "2019-03-31": "-173.10000", "2018-12-31": -188.2, "2018-09-30": -66.6, "2018-06-30": -137.9, "2018-03-31": "-148.00000", "2017-12-31": 781.7, "2017-09-30": -64.1, "2017-06-30": -62.3, "2017-03-31": "-28.10000", "2016-12-31": -29.4, "2016-09-30": -186.9, "2016-06-30": -1.3, "2016-03-31": "-43.50000", "2015-12-31": -94.7, "2015-09-30": -40.8, "2015-06-30": -21.1, "2015-03-31": "-16.40000", "2014-12-31": 12.1, "2014-09-30": -15.1, "2014-06-30": -14.2, "2014-03-31": "-3.00000", "2013-12-31": -17.1, "2013-09-30": -10.5, "2013-06-30": -6.4, "2013-03-31": "-7.50000", "2012-12-31": 173.9, "2012-09-30": -126.2, "2012-06-30": -62.4, "2012-03-31": "-5.90000", "2011-12-31": 232.4, "2011-09-30": 1, "2011-06-30": -6.6, "2011-03-31": "29.60000", "2010-12-31": 247.3, "2010-09-30": -10.2, "2010-06-30": -4, "2010-03-31": "-9.30000", "2009-12-31": -10.4, "2009-09-30": -32.4, "2009-06-30": -194.2, "2009-03-31": "-37.20000", "2008-12-31": -184.3, "2008-09-30": -58.6, "2008-06-30": 157.2, "2008-03-31": "120.90000", "2007-12-31": -157.9, "2007-09-30": 66.2, "2007-06-30": 51.32, "2007-03-31": "-142.02000", "2006-12-31": -35.554, "2006-09-30": 126.546, "2006-06-30": -24.541, "2006-03-31": "8.04900", "2005-12-31": -80.5, "2005-09-30": -12.599, "2005-06-30": -22.326, "2005-03-31": "64.18000"}, "Net Cash Flow": {"2020-12-31": 183.2, "2020-09-30": -18.7, "2020-06-30": -450, "2020-03-31": "836.50000", "2019-12-31": -306.9, "2019-09-30": 236.1, "2019-06-30": -94.6, "2019-03-31": "-287.00000", "2018-12-31": 23.1, "2018-09-30": 18.1, "2018-06-30": -216.7, "2018-03-31": "600.80000", "2017-12-31": 232.6, "2017-09-30": 9.9, "2017-06-30": 6.7, "2017-03-31": "-255.90000", "2016-12-31": 29.6, "2016-09-30": -42.5, "2016-06-30": -52.6, "2016-03-31": "39.80000", "2015-12-31": 56.3, "2015-09-30": 125.2, "2015-06-30": -515.2, "2015-03-31": "13.60000", "2014-12-31": -74.3, "2014-09-30": 48.1, "2014-06-30": -22.7, "2014-03-31": "25.20000", "2013-12-31": 422.1, "2013-09-30": 164.2, "2013-06-30": 52.2, "2013-03-31": "3.50000", "2012-12-31": 25.4, "2012-09-30": 10.3, "2012-06-30": 7.9, "2012-03-31": "-5.80000", "2011-12-31": -7.1, "2011-09-30": -17.3, "2011-06-30": -5.1, "2011-03-31": "14.80000", "2010-12-31": -25.4, "2010-09-30": 18.2, "2010-06-30": 10, "2010-03-31": "-9.70000", "2009-12-31": 15.1, "2009-09-30": 17.6, "2009-06-30": 4.3, "2009-03-31": "16.60000", "2008-12-31": -59, "2008-09-30": -16.5, "2008-06-30": 61.4, "2008-03-31": "-31.60000", "2007-12-31": 63.5, "2007-09-30": 0.2, "2007-06-30": -2.119, "2007-03-31": "-117.18100", "2006-12-31": 99.328, "2006-09-30": 14.444, "2006-06-30": 6.305, "2006-03-31": "-14.77700", "2005-12-31": -43.886, "2005-09-30": 45.734, "2005-06-30": 10.39, "2005-03-31": "1.48900"}, "Stock-Based Compensation": {"2020-12-31": -21, "2020-09-30": 6.1, "2020-06-30": 2.2, "2020-03-31": "12.70000", "2019-12-31": 6.9, "2019-09-30": 7.9, "2019-06-30": 4.5, "2019-03-31": "6.80000", "2018-12-31": 6.1, "2018-09-30": 4.4, "2018-06-30": 6.6, "2018-03-31": "6.80000", "2017-12-31": 1.3, "2017-09-30": 4.6, "2017-06-30": 4.1, "2017-03-31": "3.20000", "2016-12-31": 0.5, "2016-09-30": 2.1, "2016-06-30": -8, "2016-03-31": "2.80000", "2015-12-31": 1.7, "2015-09-30": 3.4, "2015-06-30": -4.9, "2015-03-31": "2.50000", "2014-12-31": -7, "2014-09-30": 2.9, "2014-06-30": 3.2, "2014-03-31": "4.20000", "2013-12-31": 1.7, "2013-09-30": 1.6, "2013-06-30": 2.2, "2013-03-31": "6.40000", "2012-12-31": 2.7, "2012-09-30": 1.8, "2012-06-30": 1, "2012-03-31": "3.00000", "2011-12-31": 2.8, "2011-09-30": 5.4, "2011-06-30": 0.5, "2011-03-31": "3.80000", "2010-12-31": 1.6, "2010-09-30": 3.2, "2010-06-30": 3.6, "2010-03-31": "3.60000", "2009-12-31": 3, "2009-09-30": 3.2, "2009-06-30": 4.4, "2009-03-31": "3.30000", "2008-12-31": 3, "2008-09-30": 2.5, "2008-06-30": 3.6, "2008-03-31": "2.90000", "2007-12-31": 2.1, "2007-09-30": 2.3, "2007-06-30": 5.882, "2007-03-31": "3.31800", "2006-12-31": 1.322, "2006-09-30": 1.576, "2006-06-30": 1.454, "2006-03-31": "2.44800", "2005-12-31": 0.54, "2005-09-30": 0.618, "2005-06-30": 0.911, "2005-03-31": ""}, "Common Stock Dividends Paid": {"2020-12-31": -27.9, "2020-09-30": -28.5, "2020-06-30": -27.7, "2020-03-31": "-28.30000", "2019-12-31": -28.4, "2019-09-30": -28.3, "2019-06-30": -22.9, "2019-03-31": "-23.30000", "2018-12-31": -23.8, "2018-09-30": -24.1, "2018-06-30": -22.5, "2018-03-31": "-23.10000", "2017-12-31": -23.1, "2017-09-30": -23.2, "2017-06-30": -23.1, "2017-03-31": "-22.70000", "2016-12-31": -22.7, "2016-09-30": -22.8, "2016-06-30": -19.5, "2016-03-31": "-19.50000", "2015-12-31": -19.6, "2015-09-30": -19.6, "2015-06-30": -16.4, "2015-03-31": "-16.70000", "2014-12-31": -16.2, "2014-09-30": -16.2, "2014-06-30": -14.6, "2014-03-31": "-14.20000", "2013-12-31": -14, "2013-09-30": -14.1, "2013-06-30": -12.8, "2013-03-31": "-12.80000", "2012-12-31": -12.9, "2012-09-30": -12.6, "2012-06-30": -11.3, "2012-03-31": "-11.20000", "2011-12-31": -11.2, "2011-09-30": -11.2, "2011-06-30": -10.6, "2011-03-31": "-10.50000", "2010-12-31": -10.5, "2010-09-30": -10.4, "2010-06-30": -9.9, "2010-03-31": "-9.80000", "2009-12-31": -9.8, "2009-09-30": -9.8, "2009-06-30": -9.5, "2009-03-31": "-9.50000", "2008-12-31": -9.4, "2008-09-30": -9.5, "2008-06-30": -8.8, "2008-03-31": "-8.90000", "2007-12-31": -8.9, "2007-09-30": -9, "2007-06-30": -8.421, "2007-03-31": "-8.37900", "2006-12-31": -8.32, "2006-09-30": -8.32, "2006-06-30": -7.703, "2006-03-31": "-7.65700", "2005-12-31": -7.654, "2005-09-30": -7.65, "2005-06-30": -7.163, "2005-03-31": "-7.14100"}}, "financial ratios": {"Current Ratio": {"2019-12-31": "1.94880", "2018-12-31": "3.45320", "2017-12-31": "2.49710", "2016-12-31": "2.63910", "2015-12-31": "2.17810", "2014-12-31": "4.10890", "2013-12-31": "4.07810", "2012-12-31": "2.56120", "2011-12-31": "2.03400", "2010-12-31": "2.22810", "2009-12-31": "2.65630", "2008-12-31": "2.18780", "2007-12-31": "2.63550", "2006-12-31": "2.13980", "2005-12-31": "1.76760"}, "Long-term Debt / Capital": {"2019-12-31": "0.33670", "2018-12-31": "0.37940", "2017-12-31": "0.38550", "2016-12-31": "0.19470", "2015-12-31": "0.20240", "2014-12-31": "0.25380", "2013-12-31": "0.27440", "2012-12-31": "0.29610", "2011-12-31": "0.28720", "2010-12-31": "0.23200", "2009-12-31": "0.11360", "2008-12-31": "0.19990", "2007-12-31": "0.19020", "2006-12-31": "0.22110", "2005-12-31": "0.27890"}, "Debt/Equity Ratio": {"2019-12-31": "0.60220", "2018-12-31": "0.61130", "2017-12-31": "0.62740", "2016-12-31": "0.24180", "2015-12-31": "0.31750", "2014-12-31": "0.34000", "2013-12-31": "0.37810", "2012-12-31": "0.42070", "2011-12-31": "0.50820", "2010-12-31": "0.35360", "2009-12-31": "0.12810", "2008-12-31": "0.36590", "2007-12-31": "0.28720", "2006-12-31": "0.44070", "2005-12-31": "0.46620"}, "Gross Margin": {"2019-12-31": "28.50820", "2018-12-31": "26.22390", "2017-12-31": "27.94870", "2016-12-31": "31.71790", "2015-12-31": "28.41220", "2014-12-31": "25.57740", "2013-12-31": "25.33470", "2012-12-31": "26.90100", "2011-12-31": "23.43520", "2010-12-31": "20.91630", "2009-12-31": "21.71300", "2008-12-31": "18.90670", "2007-12-31": "20.90250", "2006-12-31": "21.47870", "2005-12-31": "20.62990"}, "Operating Margin": {"2019-12-31": "13.59630", "2018-12-31": "11.36290", "2017-12-31": "12.37070", "2016-12-31": "15.93190", "2015-12-31": "14.20470", "2014-12-31": "12.74350", "2013-12-31": "12.46350", "2012-12-31": "13.04360", "2011-12-31": "10.67240", "2010-12-31": "7.75800", "2009-12-31": "9.38400", "2008-12-31": "6.00080", "2007-12-31": "10.52240", "2006-12-31": "11.48500", "2005-12-31": "10.24930"}, "EBIT Margin": {"2019-12-31": "13.59630", "2018-12-31": "11.36290", "2017-12-31": "12.37070", "2016-12-31": "15.93190", "2015-12-31": "14.20470", "2014-12-31": "12.74350", "2013-12-31": "12.46350", "2012-12-31": "13.04360", "2011-12-31": "10.67240", "2010-12-31": "7.75800", "2009-12-31": "9.38400", "2008-12-31": "6.00080", "2007-12-31": "10.52240", "2006-12-31": "11.48500", "2005-12-31": "10.24930"}, "EBITDA Margin": {"2019-12-31": "17.86520", "2018-12-31": "15.61780", "2017-12-31": "16.87910", "2016-12-31": "19.95510", "2015-12-31": "17.85390", "2014-12-31": "15.98940", "2013-12-31": "16.33370", "2012-12-31": "16.72280", "2011-12-31": "14.20320", "2010-12-31": "10.60250", "2009-12-31": "12.37320", "2008-12-31": "8.40960", "2007-12-31": "12.86580", "2006-12-31": "14.02590", "2005-12-31": "12.81650"}, "Pre-Tax Profit Margin": {"2019-12-31": "12.37220", "2018-12-31": "9.95420", "2017-12-31": "11.43760", "2016-12-31": "11.07090", "2015-12-31": "13.20560", "2014-12-31": "11.73850", "2013-12-31": "11.31500", "2012-12-31": "12.14930", "2011-12-31": "9.82990", "2010-12-31": "7.42970", "2009-12-31": "8.98540", "2008-12-31": "4.37760", "2007-12-31": "11.84880", "2006-12-31": "10.98790", "2005-12-31": "9.55900"}, "Net Profit Margin": {"2019-12-31": "9.82630", "2018-12-31": "13.64220", "2017-12-31": "9.74460", "2016-12-31": "7.30180", "2015-12-31": "9.02290", "2014-12-31": "7.84330", "2013-12-31": "7.12540", "2012-12-31": "9.47670", "2011-12-31": "7.23400", "2010-12-31": "5.69690", "2009-12-31": "6.32830", "2008-12-31": "1.92350", "2007-12-31": "7.62780", "2006-12-31": "9.22460", "2005-12-31": "5.24850"}, "Asset Turnover": {"2019-12-31": "0.87550", "2018-12-31": "0.85340", "2017-12-31": "0.70770", "2016-12-31": "0.86370", "2015-12-31": "0.89680", "2014-12-31": "0.85240", "2013-12-31": "0.84250", "2012-12-31": "0.82470", "2011-12-31": "0.79430", "2010-12-31": "0.99930", "2009-12-31": "1.17970", "2008-12-31": "1.37990", "2007-12-31": "1.41400", "2006-12-31": "1.23410", "2005-12-31": "1.40060"}, "Inventory Turnover Ratio": {"2019-12-31": "6.73700", "2018-12-31": "7.22360", "2017-12-31": "6.02160", "2016-12-31": "6.20370", "2015-12-31": "7.12500", "2014-12-31": "7.03180", "2013-12-31": "7.35410", "2012-12-31": "6.41290", "2011-12-31": "3.54040", "2010-12-31": "4.64340", "2009-12-31": "5.22550", "2008-12-31": "4.95840", "2007-12-31": "5.27090", "2006-12-31": "4.10660", "2005-12-31": "5.15470"}, "Receiveable Turnover": {"2019-12-31": "6.14510", "2018-12-31": "6.41490", "2017-12-31": "5.99460", "2016-12-31": "6.69510", "2015-12-31": "7.05110", "2014-12-31": "7.29510", "2013-12-31": "7.36490", "2012-12-31": "6.98140", "2011-12-31": "5.12420", "2010-12-31": "6.46470", "2009-12-31": "7.86520", "2008-12-31": "8.64920", "2007-12-31": "8.44470", "2006-12-31": "6.66510", "2005-12-31": "13.46290"}, "Days Sales In Receivables": {"2019-12-31": "59.39710", "2018-12-31": "56.89910", "2017-12-31": "60.88850", "2016-12-31": "54.51770", "2015-12-31": "51.76470", "2014-12-31": "50.03370", "2013-12-31": "49.55960", "2012-12-31": "52.28190", "2011-12-31": "71.23090", "2010-12-31": "56.46040", "2009-12-31": "46.40690", "2008-12-31": "42.20070", "2007-12-31": "43.22220", "2006-12-31": "54.76290", "2005-12-31": "27.11150"}, "ROE - Return On Equity": {"2019-12-31": "17.92420", "2018-12-31": "13.80610", "2017-12-31": "13.47150", "2016-12-31": "9.36800", "2015-12-31": "13.61510", "2014-12-31": "11.41500", "2013-12-31": "11.84230", "2012-12-31": "12.79010", "2011-12-31": "11.46590", "2010-12-31": "9.74120", "2009-12-31": "12.60460", "2008-12-31": "8.32650", "2007-12-31": "19.65320", "2006-12-31": "18.21520", "2005-12-31": "19.64300"}, "Return On Tangible Equity": {"2019-12-31": "-221.25190", "2018-12-31": "190.84610", "2017-12-31": "3041.15100", "2016-12-31": "45.00490", "2015-12-31": "98.27800", "2014-12-31": "40.02860", "2013-12-31": "42.95110", "2012-12-31": "72.71860", "2011-12-31": "97.89420", "2010-12-31": "34.76180", "2009-12-31": "25.88040", "2008-12-31": "17.79300", "2007-12-31": "30.50350", "2006-12-31": "27.60560", "2005-12-31": "35.94730"}, "ROA - Return On Assets": {"2019-12-31": "8.61900", "2018-12-31": "6.83150", "2017-12-31": "6.42670", "2016-12-31": "5.82730", "2015-12-31": "8.08930", "2014-12-31": "6.69650", "2013-12-31": "6.73350", "2012-12-31": "6.61500", "2011-12-31": "5.48140", "2010-12-31": "5.16310", "2009-12-31": "8.02470", "2008-12-31": "4.38850", "2007-12-31": "11.05690", "2006-12-31": "9.23920", "2005-12-31": "9.15760"}, "ROI - Return On Investment": {"2019-12-31": "11.88950", "2018-12-31": "8.56830", "2017-12-31": "8.27800", "2016-12-31": "7.54420", "2015-12-31": "10.85970", "2014-12-31": "8.51830", "2013-12-31": "8.59300", "2012-12-31": "9.00250", "2011-12-31": "8.17340", "2010-12-31": "7.48080", "2009-12-31": "11.17340", "2008-12-31": "6.66230", "2007-12-31": "15.91520", "2006-12-31": "14.18700", "2005-12-31": "14.16470"}, "Book Value Per Share": {"2019-12-31": "47.45340", "2018-12-31": "44.81530", "2017-12-31": "40.88450", "2016-12-31": "38.39110", "2015-12-31": "36.64840", "2014-12-31": "34.08510", "2013-12-31": "31.19910", "2012-12-31": "28.32540", "2011-12-31": "24.32660", "2010-12-31": "21.96970", "2009-12-31": "20.09370", "2008-12-31": "17.93430", "2007-12-31": "18.46250", "2006-12-31": "15.74140", "2005-12-31": "12.02750"}, "Operating Cash Flow Per Share": {"2019-12-31": 6.6376, "2018-12-31": -1.6376, "2017-12-31": -0.9692, "2016-12-31": 0.1449, "2015-12-31": 3.4554, "2014-12-31": -1.8124, "2013-12-31": -1.2396, "2012-12-31": 4.5793, "2011-12-31": 1.3157, "2010-12-31": -5.0695, "2009-12-31": 2.3069, "2008-12-31": 0.3467, "2007-12-31": 3.8398, "2006-12-31": -3.0536, "2005-12-31": 3.3734}, "Free Cash Flow Per Share": {"2019-12-31": 7.0784, "2018-12-31": -1.1071, "2017-12-31": -1.8085, "2016-12-31": -0.4362, "2015-12-31": 4.2012, "2014-12-31": -2.1278, "2013-12-31": -0.5585, "2012-12-31": 3.5898, "2011-12-31": 0.9991, "2010-12-31": -5.3337, "2009-12-31": 2.7201, "2008-12-31": -1.5937, "2007-12-31": 6.2646, "2006-12-31": -2.8466, "2005-12-31": 1.6319}}, "financial ratios, quarterly": {"Current Ratio": {"2020-09-30": "3.31450", "2020-06-30": "3.50690", "2020-03-31": "4.32820", "2019-12-31": "1.94880", "2019-09-30": "3.04450", "2019-06-30": "2.95770", "2019-03-31": "2.96480", "2018-12-31": "3.45320", "2018-09-30": "3.27250", "2018-06-30": "3.09740", "2018-03-31": "3.14090", "2017-12-31": "2.49710", "2017-09-30": "2.14240", "2017-06-30": "2.22000", "2017-03-31": "2.34350", "2016-12-31": "2.63910", "2016-09-30": "2.67320", "2016-06-30": "2.17110", "2016-03-31": "2.19900", "2015-12-31": "2.17810", "2015-09-30": "2.15600", "2015-06-30": "2.62520", "2015-03-31": "4.31630", "2014-12-31": "4.10890", "2014-09-30": "4.02720", "2014-06-30": "3.91790", "2014-03-31": "4.14330", "2013-12-31": "4.07810", "2013-09-30": "2.83570", "2013-06-30": "2.85530", "2013-03-31": "2.80360", "2012-12-31": "2.56120", "2012-09-30": "1.90320", "2012-06-30": "1.88290", "2012-03-31": "1.99130", "2011-12-31": "2.03400", "2011-09-30": "2.07170", "2011-06-30": "2.24140", "2011-03-31": "2.25740", "2010-12-31": "2.22810", "2010-09-30": "2.73690", "2010-06-30": "2.56390", "2010-03-31": "2.80130", "2009-12-31": "2.65630", "2009-09-30": "2.48520", "2009-06-30": "2.49070", "2009-03-31": "2.28910", "2008-12-31": "2.18780", "2008-09-30": "2.13130", "2008-06-30": "2.17410", "2008-03-31": "2.76030", "2007-12-31": "2.63550", "2007-09-30": "2.24350", "2007-06-30": "2.22550", "2007-03-31": "2.89120", "2006-12-31": "2.13980", "2006-09-30": "1.75040", "2006-06-30": "1.96430", "2006-03-31": "1.85370", "2005-12-31": "1.76760", "2005-09-30": "1.74610", "2005-06-30": "1.73860", "2005-03-31": "1.62420"}, "Long-term Debt / Capital": {"2020-09-30": "0.45650", "2020-06-30": "0.45220", "2020-03-31": "0.50570", "2019-12-31": "0.33670", "2019-09-30": "0.37230", "2019-06-30": "0.38090", "2019-03-31": "0.38620", "2018-12-31": "0.37940", "2018-09-30": "0.36980", "2018-06-30": "0.37260", "2018-03-31": "0.36830", "2017-12-31": "0.38550", "2017-09-30": "0.24300", "2017-06-30": "0.22230", "2017-03-31": "0.19150", "2016-12-31": "0.19470", "2016-09-30": "0.19590", "2016-06-30": "0.19310", "2016-03-31": "0.19970", "2015-12-31": "0.20240", "2015-09-30": "0.20210", "2015-06-30": "0.24510", "2015-03-31": "0.25310", "2014-12-31": "0.25380", "2014-09-30": "0.25890", "2014-06-30": "0.26410", "2014-03-31": "0.26990", "2013-12-31": "0.27440", "2013-09-30": "0.28120", "2013-06-30": "0.29020", "2013-03-31": "0.29080", "2012-12-31": "0.29610", "2012-09-30": "0.18920", "2012-06-30": "0.23360", "2012-03-31": "0.27890", "2011-12-31": "0.28720", "2011-09-30": "0.21600", "2011-06-30": "0.22040", "2011-03-31": "0.22830", "2010-12-31": "0.23200", "2010-09-30": "0.10590", "2010-06-30": "0.10950", "2010-03-31": "0.11230", "2009-12-31": "0.11360", "2009-09-30": "0.11630", "2009-06-30": "0.12000", "2009-03-31": "0.18190", "2008-12-31": "0.19990", "2008-09-30": "0.27300", "2008-06-30": "0.31110", "2008-03-31": "0.28660", "2007-12-31": "0.19020", "2007-09-30": "0.18800", "2007-06-30": "0.20300", "2007-03-31": "0.21440", "2006-12-31": "0.22110", "2006-09-30": "0.23930", "2006-06-30": "0.25060", "2006-03-31": "0.26570", "2005-12-31": "0.27890", "2005-09-30": "0.28300", "2005-06-30": "0.28220", "2005-03-31": "0.26460"}, "Debt/Equity Ratio": {"2020-09-30": "0.84040", "2020-06-30": "0.82580", "2020-03-31": "1.02330", "2019-12-31": "0.60220", "2019-09-30": "0.59310", "2019-06-30": "0.61530", "2019-03-31": "0.62920", "2018-12-31": "0.61130", "2018-09-30": "0.58670", "2018-06-30": "0.59380", "2018-03-31": "0.58310", "2017-12-31": "0.62740", "2017-09-30": "0.32090", "2017-06-30": "0.28580", "2017-03-31": "0.23690", "2016-12-31": "0.24180", "2016-09-30": "0.24370", "2016-06-30": "0.29960", "2016-03-31": "0.31230", "2015-12-31": "0.31750", "2015-09-30": "0.31670", "2015-06-30": "0.32460", "2015-03-31": "0.33890", "2014-12-31": "0.34000", "2014-09-30": "0.34930", "2014-06-30": "0.35890", "2014-03-31": "0.36970", "2013-12-31": "0.37810", "2013-09-30": "0.39120", "2013-06-30": "0.40880", "2013-03-31": "0.41050", "2012-12-31": "0.42070", "2012-09-30": "0.33150", "2012-06-30": "0.42270", "2012-03-31": "0.49060", "2011-12-31": "0.50820", "2011-09-30": "0.35240", "2011-06-30": "0.35300", "2011-03-31": "0.37660", "2010-12-31": "0.35360", "2010-09-30": "0.11850", "2010-06-30": "0.12300", "2010-03-31": "0.12680", "2009-12-31": "0.12810", "2009-09-30": "0.13160", "2009-06-30": "0.15810", "2009-03-31": "0.34190", "2008-12-31": "0.36590", "2008-09-30": "0.50960", "2008-06-30": "0.57080", "2008-03-31": "0.43930", "2007-12-31": "0.28720", "2007-09-30": "0.36170", "2007-06-30": "0.32320", "2007-03-31": "0.28090", "2006-12-31": "0.44070", "2006-09-30": "0.51770", "2006-06-30": "0.38480", "2006-03-31": "0.44060", "2005-12-31": "0.46620", "2005-09-30": "0.56600", "2005-06-30": "0.53220", "2005-03-31": "0.53660"}, "Gross Margin": {"2020-09-30": "29.31570", "2020-06-30": "27.45560", "2020-03-31": "27.02390", "2019-12-31": "26.97720", "2019-09-30": "29.68920", "2019-06-30": "29.98180", "2019-03-31": "26.92420", "2018-12-31": "25.87950", "2018-09-30": "26.60400", "2018-06-30": "26.87490", "2018-03-31": "25.32750", "2017-12-31": "25.35080", "2017-09-30": "28.39190", "2017-06-30": "29.11880", "2017-03-31": "29.21190", "2016-12-31": "30.49900", "2016-09-30": "32.65390", "2016-06-30": "32.21990", "2016-03-31": "30.90680", "2015-12-31": "28.85190", "2015-09-30": "30.36690", "2015-06-30": "28.98640", "2015-03-31": "24.39020", "2014-12-31": "24.77220", "2014-09-30": "26.22500", "2014-06-30": "26.13150", "2014-03-31": "24.92310", "2013-12-31": "25.66300", "2013-09-30": "25.13810", "2013-06-30": "26.12920", "2013-03-31": "24.20580", "2012-12-31": "26.49210", "2012-09-30": "24.81870", "2012-06-30": "25.93950", "2012-03-31": "23.74900", "2011-12-31": "20.11150", "2011-09-30": "21.53930", "2011-06-30": "21.09550", "2011-03-31": "21.20820", "2010-12-31": "20.65720", "2010-09-30": "21.56480", "2010-06-30": "20.88420", "2010-03-31": "20.46410", "2009-12-31": "22.28850", "2009-09-30": "23.84970", "2009-06-30": "22.83650", "2009-03-31": "17.41010", "2008-12-31": "15.44420", "2008-09-30": "19.71170", "2008-06-30": "20.17380", "2008-03-31": "18.94540", "2007-12-31": "20.44970", "2007-09-30": "21.86470", "2007-06-30": "21.33190", "2007-03-31": "19.79480", "2006-12-31": "24.37800", "2006-09-30": "20.41720", "2006-06-30": "21.57880", "2006-03-31": "20.60410", "2005-12-31": "22.28920", "2005-09-30": "19.35960", "2005-06-30": "20.47460", "2005-03-31": "20.48710"}, "Operating Margin": {"2020-09-30": "13.81910", "2020-06-30": "11.07210", "2020-03-31": "9.96890", "2019-12-31": "12.34820", "2019-09-30": "14.91490", "2019-06-30": "15.75910", "2019-03-31": "10.70060", "2018-12-31": "10.63770", "2018-09-30": "11.85040", "2018-06-30": "12.91970", "2018-03-31": "9.61710", "2017-12-31": "9.42960", "2017-09-30": "13.44770", "2017-06-30": "14.86940", "2017-03-31": "11.56330", "2016-12-31": "12.17170", "2016-09-30": "17.95160", "2016-06-30": "17.94560", "2016-03-31": "13.92950", "2015-12-31": "14.50590", "2015-09-30": "16.62730", "2015-06-30": "15.03150", "2015-03-31": "9.36130", "2014-12-31": "11.26580", "2014-09-30": "14.82140", "2014-06-30": "14.22920", "2014-03-31": "9.68630", "2013-12-31": "12.77630", "2013-09-30": "13.75500", "2013-06-30": "13.79010", "2013-03-31": "8.79920", "2012-12-31": "10.60560", "2012-09-30": "12.15120", "2012-06-30": "14.24940", "2012-03-31": "10.81750", "2011-12-31": "6.67430", "2011-09-30": "9.39690", "2011-06-30": "9.80710", "2011-03-31": "7.84310", "2010-12-31": "4.53020", "2010-09-30": "9.92640", "2010-06-30": "9.22050", "2010-03-31": "6.97970", "2009-12-31": "6.91500", "2009-09-30": "12.24760", "2009-06-30": "13.33440", "2009-03-31": "3.65140", "2008-12-31": "-8.76710", "2008-09-30": "9.82580", "2008-06-30": "10.41720", "2008-03-31": "6.97430", "2007-12-31": "9.95990", "2007-09-30": "12.21250", "2007-06-30": "11.43750", "2007-03-31": "8.12310", "2006-12-31": "13.44040", "2006-09-30": "10.64330", "2006-06-30": "12.32030", "2006-03-31": "10.17470", "2005-12-31": "11.88200", "2005-09-30": "9.23470", "2005-06-30": "10.40830", "2005-03-31": "9.52710"}, "EBIT Margin": {"2020-09-30": "13.81910", "2020-06-30": "11.07210", "2020-03-31": "9.96890", "2019-12-31": "12.34820", "2019-09-30": "14.91490", "2019-06-30": "15.75910", "2019-03-31": "10.70060", "2018-12-31": "10.63770", "2018-09-30": "11.85040", "2018-06-30": "12.91970", "2018-03-31": "9.61710", "2017-12-31": "9.42960", "2017-09-30": "13.44770", "2017-06-30": "14.86940", "2017-03-31": "11.56330", "2016-12-31": "12.17160", "2016-09-30": "17.95160", "2016-06-30": "17.94560", "2016-03-31": "13.92950", "2015-12-31": "14.50580", "2015-09-30": "16.62730", "2015-06-30": "15.03150", "2015-03-31": "9.36130", "2014-12-31": "11.26580", "2014-09-30": "14.82140", "2014-06-30": "14.22920", "2014-03-31": "9.68630", "2013-12-31": "12.77630", "2013-09-30": "13.75500", "2013-06-30": "13.79010", "2013-03-31": "8.79920", "2012-12-31": "10.60560", "2012-09-30": "12.15120", "2012-06-30": "14.24940", "2012-03-31": "10.81750", "2011-12-31": "6.67430", "2011-09-30": "9.39690", "2011-06-30": "9.80710", "2011-03-31": "7.84310", "2010-12-31": "4.53020", "2010-09-30": "9.92640", "2010-06-30": "9.22050", "2010-03-31": "6.97970", "2009-12-31": "6.91500", "2009-09-30": "12.24760", "2009-06-30": "13.33440", "2009-03-31": "3.65140", "2008-12-31": "-8.76710", "2008-09-30": "9.82580", "2008-06-30": "10.41720", "2008-03-31": "6.97430", "2007-12-31": "9.95990", "2007-09-30": "12.21250", "2007-06-30": "11.43750", "2007-03-31": "8.12310", "2006-12-31": "13.44040", "2006-09-30": "10.64330", "2006-06-30": "12.32030", "2006-03-31": "10.17470", "2005-12-31": "11.88200", "2005-09-30": "9.23470", "2005-06-30": "10.40830", "2005-03-31": "9.52710"}, "EBITDA Margin": {"2020-09-30": "", "2020-06-30": "", "2020-03-31": "", "2019-12-31": "", "2019-09-30": "", "2019-06-30": "", "2019-03-31": "", "2018-12-31": "", "2018-09-30": "", "2018-06-30": "", "2018-03-31": "", "2017-12-31": "", "2017-09-30": "", "2017-06-30": "", "2017-03-31": "", "2016-12-31": "", "2016-09-30": "", "2016-06-30": "", "2016-03-31": "", "2015-12-31": "", "2015-09-30": "", "2015-06-30": "", "2015-03-31": "", "2014-12-31": "", "2014-09-30": "", "2014-06-30": "", "2014-03-31": "", "2013-12-31": "", "2013-09-30": "", "2013-06-30": "", "2013-03-31": "", "2012-12-31": "", "2012-09-30": "", "2012-06-30": "", "2012-03-31": "", "2011-12-31": "", "2011-09-30": "", "2011-06-30": "", "2011-03-31": "", "2010-12-31": "", "2010-09-30": "", "2010-06-30": "", "2010-03-31": "", "2009-12-31": "", "2009-09-30": "", "2009-06-30": "", "2009-03-31": "", "2008-12-31": "", "2008-09-30": "", "2008-06-30": "", "2008-03-31": "", "2007-12-31": "", "2007-09-30": "", "2007-06-30": "", "2007-03-31": "", "2006-12-31": "", "2006-09-30": "", "2006-06-30": "", "2006-03-31": "", "2005-12-31": "", "2005-09-30": "", "2005-06-30": "", "2005-03-31": ""}, "Pre-Tax Profit Margin": {"2020-09-30": "12.10620", "2020-06-30": "9.47080", "2020-03-31": "7.39660", "2019-12-31": "10.80140", "2019-09-30": "13.83730", "2019-06-30": "14.68660", "2019-03-31": "9.45980", "2018-12-31": "9.23610", "2018-09-30": "10.31830", "2018-06-30": "11.82750", "2018-03-31": "7.95170", "2017-12-31": "8.21810", "2017-09-30": "12.33040", "2017-06-30": "14.19860", "2017-03-31": "10.89150", "2016-12-31": "12.03170", "2016-09-30": "2.91620", "2016-06-30": "17.12310", "2016-03-31": "12.87150", "2015-12-31": "13.38740", "2015-09-30": "15.73320", "2015-06-30": "14.16820", "2015-03-31": "8.17710", "2014-12-31": "10.18990", "2014-09-30": "13.96970", "2014-06-30": "13.29840", "2014-03-31": "8.45630", "2013-12-31": "11.61600", "2013-09-30": "12.68830", "2013-06-30": "12.70500", "2013-03-31": "7.48090", "2012-12-31": "9.66940", "2012-09-30": "11.47000", "2012-06-30": "13.58930", "2012-03-31": "10.08660", "2011-12-31": "5.95240", "2011-09-30": "8.76510", "2011-06-30": "9.24440", "2011-03-31": "7.22320", "2010-12-31": "3.76460", "2010-09-30": "9.77620", "2010-06-30": "9.04600", "2010-03-31": "6.74220", "2009-12-31": "6.50340", "2009-09-30": "11.91660", "2009-06-30": "12.97310", "2009-03-31": "3.14320", "2008-12-31": "-15.07640", "2008-09-30": "9.16520", "2008-06-30": "9.79140", "2008-03-31": "6.51440", "2007-12-31": "9.51330", "2007-09-30": "18.33240", "2007-06-30": "11.11260", "2007-03-31": "7.83510", "2006-12-31": "12.81960", "2006-09-30": "10.35500", "2006-06-30": "11.80200", "2006-03-31": "9.56340", "2005-12-31": "10.97650", "2005-09-30": "8.91330", "2005-06-30": "10.45220", "2005-03-31": "7.86280"}, "Net Profit Margin": {"2020-09-30": "9.03520", "2020-06-30": "7.36180", "2020-03-31": "5.99880", "2019-12-31": "8.87880", "2019-09-30": "10.84650", "2019-06-30": "11.62910", "2019-03-31": "7.40740", "2018-12-31": "8.17780", "2018-09-30": "8.43910", "2018-06-30": "9.19830", "2018-03-31": "31.44110", "2017-12-31": "11.62040", "2017-09-30": "8.60930", "2017-06-30": "10.39740", "2017-03-31": "7.98450", "2016-12-31": "11.84520", "2016-09-30": "-0.98890", "2016-06-30": "11.55580", "2016-03-31": "8.62720", "2015-12-31": "9.33580", "2015-09-30": "10.64640", "2015-06-30": "9.63840", "2015-03-31": "5.55480", "2014-12-31": "6.70890", "2014-09-30": "9.65600", "2014-06-30": "8.74930", "2014-03-31": "5.50430", "2013-12-31": "9.62710", "2013-09-30": "9.61350", "2013-06-30": "1.03460", "2013-03-31": "8.76750", "2012-12-31": "7.00700", "2012-09-30": "7.63570", "2012-06-30": "9.42510", "2012-03-31": "6.74690", "2011-12-31": "4.88860", "2011-09-30": "6.16890", "2011-06-30": "6.27010", "2011-03-31": "4.77220", "2010-12-31": "5.07260", "2010-09-30": "7.50860", "2010-06-30": "5.55560", "2010-03-31": "4.38520", "2009-12-31": "7.28540", "2009-09-30": "7.62990", "2009-06-30": "8.62260", "2009-03-31": "1.22340", "2008-12-31": "2.74820", "2008-09-30": "6.00600", "2008-06-30": "6.23410", "2008-03-31": "-9.64130", "2007-12-31": "5.84940", "2007-09-30": "11.29520", "2007-06-30": "7.22790", "2007-03-31": "5.85710", "2006-12-31": "19.55720", "2006-09-30": "6.23530", "2006-06-30": "8.29970", "2006-03-31": "6.70390", "2005-12-31": "6.26260", "2005-09-30": "3.61270", "2005-06-30": "5.86140", "2005-03-31": "5.25440"}, "Asset Turnover": {"2020-09-30": "0.19430", "2020-06-30": "0.17630", "2020-03-31": "0.16360", "2019-12-31": "0.20820", "2019-09-30": "0.23110", "2019-06-30": "0.24360", "2019-03-31": "0.20220", "2018-12-31": "0.20520", "2018-09-30": "0.21750", "2018-06-30": "0.22770", "2018-03-31": "0.17890", "2017-12-31": "0.18690", "2017-09-30": "0.23210", "2017-06-30": "0.23270", "2017-03-31": "0.19010", "2016-12-31": "0.16220", "2016-09-30": "0.25000", "2016-06-30": "0.23900", "2016-03-31": "0.19720", "2015-12-31": "0.22180", "2015-09-30": "0.23880", "2015-06-30": "0.24530", "2015-03-31": "0.18910", "2014-12-31": "0.21020", "2014-09-30": "0.24310", "2014-06-30": "0.23500", "2014-03-31": "0.18340", "2013-12-31": "0.20730", "2013-09-30": "0.22150", "2013-06-30": "0.22890", "2013-03-31": "0.18210", "2012-12-31": "0.19770", "2012-09-30": "0.28060", "2012-06-30": "0.29870", "2012-03-31": "0.27430", "2011-12-31": "0.25160", "2011-09-30": "0.31050", "2011-06-30": "0.32220", "2011-03-31": "0.26870", "2010-12-31": "0.24780", "2010-09-30": "0.32150", "2010-06-30": "0.33880", "2010-03-31": "0.28240", "2009-12-31": "0.25390", "2009-09-30": "0.31180", "2009-06-30": "0.33130", "2009-03-31": "0.26570", "2008-12-31": "0.24890", "2008-09-30": "0.35630", "2008-06-30": "0.37130", "2008-03-31": "0.32140", "2007-12-31": "0.35900", "2007-09-30": "0.35150", "2007-06-30": "0.38110", "2007-03-31": "0.34980", "2006-12-31": "0.20960", "2006-09-30": "0.34670", "2006-06-30": "0.40440", "2006-03-31": "0.37790", "2005-12-31": "0.33150", "2005-09-30": "0.34550", "2005-06-30": "0.36860", "2005-03-31": "0.33650"}, "Inventory Turnover Ratio": {"2020-09-30": "1.54790", "2020-06-30": "1.35630", "2020-03-31": "1.34110", "2019-12-31": "1.63650", "2019-09-30": "1.77100", "2019-06-30": "1.82080", "2019-03-31": "1.52190", "2018-12-31": "1.74540", "2018-09-30": "1.77280", "2018-06-30": "1.84020", "2018-03-31": "1.50030", "2017-12-31": "1.64750", "2017-09-30": "1.57830", "2017-06-30": "1.59950", "2017-03-31": "1.28010", "2016-12-31": "1.18590", "2016-09-30": "1.72990", "2016-06-30": "1.74960", "2016-03-31": "1.44030", "2015-12-31": "1.75110", "2015-09-30": "1.76550", "2015-06-30": "1.78410", "2015-03-31": "1.50010", "2014-12-31": "1.75260", "2014-09-30": "1.99520", "2014-06-30": "1.92630", "2014-03-31": "1.50480", "2013-12-31": "1.80120", "2013-09-30": "1.23940", "2013-06-30": "1.18760", "2013-03-31": "0.92860", "2012-12-31": "1.54620", "2012-09-30": "1.27430", "2012-06-30": "1.32680", "2012-03-31": "1.24930", "2011-12-31": "1.17030", "2011-09-30": "1.41640", "2011-06-30": "1.54650", "2011-03-31": "1.22950", "2010-12-31": "1.15540", "2010-09-30": "1.36550", "2010-06-30": "1.49780", "2010-03-31": "1.24730", "2009-12-31": "1.11620", "2009-09-30": "1.53470", "2009-06-30": "1.55570", "2009-03-31": "1.17330", "2008-12-31": "0.93260", "2008-09-30": "1.44390", "2008-06-30": "1.52340", "2008-03-31": "1.04990", "2007-12-31": "1.34600", "2007-09-30": "1.22090", "2007-06-30": "1.23430", "2007-03-31": "1.05980", "2006-12-31": "0.67160", "2006-09-30": "1.40260", "2006-06-30": "1.50120", "2006-03-31": "1.37250", "2005-12-31": "1.19430", "2005-09-30": "1.29450", "2005-06-30": "1.27510", "2005-03-31": "1.16820"}, "Receiveable Turnover": {"2020-09-30": "1.56270", "2020-06-30": "1.47900", "2020-03-31": "1.50040", "2019-12-31": "1.67660", "2019-09-30": "1.48560", "2019-06-30": "1.43600", "2019-03-31": "1.38670", "2018-12-31": "1.54270", "2018-09-30": "1.38910", "2018-06-30": "1.46880", "2018-03-31": "1.45190", "2017-12-31": "1.58300", "2017-09-30": "1.45110", "2017-06-30": "1.41590", "2017-03-31": "1.38210", "2016-12-31": "1.25740", "2016-09-30": "1.63800", "2016-06-30": "1.57790", "2016-03-31": "1.56390", "2015-12-31": "1.74370", "2015-09-30": "1.61970", "2015-06-30": "1.54690", "2015-03-31": "1.58430", "2014-12-31": "1.79870", "2014-09-30": "1.64770", "2014-06-30": "1.60710", "2014-03-31": "1.57830", "2013-12-31": "1.81180", "2013-09-30": "1.39230", "2013-06-30": "1.32650", "2013-03-31": "1.22250", "2012-12-31": "1.67380", "2012-09-30": "1.60900", "2012-06-30": "1.56980", "2012-03-31": "1.51550", "2011-12-31": "1.62340", "2011-09-30": "1.60520", "2011-06-30": "1.52400", "2011-03-31": "1.57240", "2010-12-31": "1.60330", "2010-09-30": "1.68200", "2010-06-30": "1.65890", "2010-03-31": "1.56280", "2009-12-31": "1.69240", "2009-09-30": "1.76460", "2009-06-30": "1.83070", "2009-03-31": "1.67660", "2008-12-31": "1.56010", "2008-09-30": "1.80430", "2008-06-30": "1.80240", "2008-03-31": "1.57450", "2007-12-31": "2.14420", "2007-09-30": "1.53200", "2007-06-30": "2.18160", "2007-03-31": "1.96260", "2006-12-31": "1.13180", "2006-09-30": "1.62590", "2006-06-30": "2.59600", "2006-03-31": "2.70210", "2005-12-31": "3.18600", "2005-09-30": "2.34100", "2005-06-30": "2.54740", "2005-03-31": "2.28740"}, "Days Sales In Receivables": {"2020-09-30": "57.59300", "2020-06-30": "60.85240", "2020-03-31": "59.98250", "2019-12-31": "53.67910", "2019-09-30": "60.58100", "2019-06-30": "62.67420", "2019-03-31": "64.90340", "2018-12-31": "58.33750", "2018-09-30": "64.79180", "2018-06-30": "61.27660", "2018-03-31": "61.98640", "2017-12-31": "56.85310", "2017-09-30": "62.02310", "2017-06-30": "63.56440", "2017-03-31": "65.11630", "2016-12-31": "71.57470", "2016-09-30": "54.94450", "2016-06-30": "57.03880", "2016-03-31": "57.54790", "2015-12-31": "51.61490", "2015-09-30": "55.56680", "2015-06-30": "58.18100", "2015-03-31": "56.80670", "2014-12-31": "50.03550", "2014-09-30": "54.62120", "2014-06-30": "56.00000", "2014-03-31": "57.02490", "2013-12-31": "49.67400", "2013-09-30": "64.64230", "2013-06-30": "67.84630", "2013-03-31": "73.61820", "2012-12-31": "53.76830", "2012-09-30": "55.93610", "2012-06-30": "57.33090", "2012-03-31": "59.38600", "2011-12-31": "55.44070", "2011-09-30": "56.06780", "2011-06-30": "59.05610", "2011-03-31": "57.23620", "2010-12-31": "56.13340", "2010-09-30": "53.50800", "2010-06-30": "54.25390", "2010-03-31": "57.58820", "2009-12-31": "53.17760", "2009-09-30": "51.00300", "2009-06-30": "49.16290", "2009-03-31": "53.68150", "2008-12-31": "57.68920", "2008-09-30": "49.88110", "2008-06-30": "49.93280", "2008-03-31": "57.16150", "2007-12-31": "41.97470", "2007-09-30": "58.74600", "2007-06-30": "41.25330", "2007-03-31": "45.85780", "2006-12-31": "79.52110", "2006-09-30": "55.35440", "2006-06-30": "34.66890", "2006-03-31": "33.30740", "2005-12-31": "28.24890", "2005-09-30": "38.44520", "2005-06-30": "35.33010", "2005-03-31": "39.34600"}, "ROE - Return On Equity": {"2020-09-30": "4.13280", "2020-06-30": "2.99660", "2020-03-31": "2.45380", "2019-12-31": "3.93520", "2019-09-30": "5.19580", "2019-06-30": "5.92290", "2019-03-31": "3.06570", "2018-12-31": "3.43040", "2018-09-30": "3.58130", "2018-06-30": "4.29220", "2018-03-31": "2.12810", "2017-12-31": "4.30720", "2017-09-30": "3.24670", "2017-06-30": "3.83010", "2017-03-31": "2.29930", "2016-12-31": "2.30250", "2016-09-30": "-0.38820", "2016-06-30": "4.63030", "2016-03-31": "2.86910", "2015-12-31": "3.48040", "2015-09-30": "4.38220", "2015-06-30": "4.11150", "2015-03-31": "1.78500", "2014-12-31": "2.41270", "2014-09-30": "4.01280", "2014-06-30": "3.61680", "2014-03-31": "1.79680", "2013-12-31": "3.03110", "2013-09-30": "3.45190", "2013-06-30": "3.49230", "2013-03-31": "2.41430", "2012-12-31": "2.46070", "2012-09-30": "4.02150", "2012-06-30": "5.40250", "2012-03-31": "3.84100", "2011-12-31": "2.63320", "2011-09-30": "3.65080", "2011-06-30": "3.85820", "2011-03-31": "2.40890", "2010-12-31": "1.72300", "2010-09-30": "3.51100", "2010-06-30": "3.02410", "2010-03-31": "1.84590", "2009-12-31": "3.24140", "2009-09-30": "3.91400", "2009-06-30": "4.92560", "2009-03-31": "0.99810", "2008-12-31": "-3.96670", "2008-09-30": "4.45510", "2008-06-30": "5.16480", "2008-03-31": "2.68080", "2007-12-31": "4.19570", "2007-09-30": "7.42990", "2007-06-30": "5.15740", "2007-03-31": "3.34900", "2006-12-31": "3.65390", "2006-09-30": "5.14540", "2006-06-30": "6.65650", "2006-03-31": "5.09030", "2005-12-31": "5.00880", "2005-09-30": "5.02590", "2005-06-30": "5.83910", "2005-03-31": "4.01120"}, "Return On Tangible Equity": {"2020-09-30": "-32.39390", "2020-06-30": "-27.31880", "2020-03-31": "-20.97760", "2019-12-31": "-48.57550", "2019-09-30": "121.34140", "2019-06-30": "-2428.64700", "2019-03-31": "-261.48780", "2018-12-31": "47.41880", "2018-09-30": "36.03570", "2018-06-30": "55.92380", "2018-03-31": "26.41430", "2017-12-31": "972.34690", "2017-09-30": "38.60420", "2017-06-30": "32.99650", "2017-03-31": "17.95910", "2016-12-31": "11.06130", "2016-09-30": "-1.79280", "2016-06-30": "26.65900", "2016-03-31": "18.99610", "2015-12-31": "25.12300", "2015-09-30": "32.29430", "2015-06-30": "39.25470", "2015-03-31": "5.98850", "2014-12-31": "8.46060", "2014-09-30": "11.49900", "2014-06-30": "11.23810", "2014-03-31": "6.05910", "2013-12-31": "10.99340", "2013-09-30": "14.02030", "2013-06-30": "16.62360", "2013-03-31": "16.25090", "2012-12-31": "13.99050", "2012-09-30": "17.64560", "2012-06-30": "28.74600", "2012-03-31": "28.77700", "2011-12-31": "22.48150", "2011-09-30": "12.29400", "2011-06-30": "11.57390", "2011-03-31": "8.02920", "2010-12-31": "6.14850", "2010-09-30": "6.48190", "2010-06-30": "5.79010", "2010-03-31": "3.64920", "2009-12-31": "6.65540", "2009-09-30": "7.88490", "2009-06-30": "9.92460", "2009-03-31": "2.12770", "2008-12-31": "-8.47660", "2008-09-30": "9.40250", "2008-06-30": "10.66570", "2008-03-31": "4.30370", "2007-12-31": "6.51210", "2007-09-30": "11.55140", "2007-06-30": "8.20180", "2007-03-31": "4.98500", "2006-12-31": "5.53760", "2006-09-30": "8.27580", "2006-06-30": "10.96780", "2006-03-31": "8.84600", "2005-12-31": "9.16620", "2005-09-30": "9.18400", "2005-06-30": "9.90320", "2005-03-31": "6.86160"}, "ROA - Return On Assets": {"2020-09-30": "1.76380", "2020-06-30": "1.29810", "2020-03-31": "0.98130", "2019-12-31": "1.89230", "2019-09-30": "2.51390", "2019-06-30": "2.83510", "2019-03-31": "1.45990", "2018-12-31": "1.69740", "2018-09-30": "1.78370", "2018-06-30": "2.11300", "2018-03-31": "1.05200", "2017-12-31": "2.05480", "2017-09-30": "1.83190", "2017-06-30": "2.23940", "2017-03-31": "1.42240", "2016-12-31": "1.43220", "2016-09-30": "-0.23970", "2016-06-30": "2.76390", "2016-03-31": "1.70150", "2015-12-31": "2.06790", "2015-09-30": "2.54200", "2015-06-30": "2.36210", "2015-03-31": "1.05310", "2014-12-31": "1.41540", "2014-09-30": "2.32090", "2014-06-30": "2.07010", "2014-03-31": "1.02940", "2013-12-31": "1.72340", "2013-09-30": "1.84600", "2013-06-30": "1.85710", "2013-03-31": "1.28100", "2012-12-31": "1.27270", "2012-09-30": "2.14900", "2012-06-30": "2.71190", "2012-03-31": "1.85090", "2011-12-31": "1.25880", "2011-09-30": "1.91570", "2011-06-30": "2.04600", "2011-03-31": "1.27850", "2010-12-31": "0.91320", "2010-09-30": "2.23530", "2010-06-30": "1.89190", "2010-03-31": "1.17630", "2009-12-31": "2.06360", "2009-09-30": "2.40450", "2009-06-30": "2.94550", "2009-03-31": "0.54510", "2008-12-31": "-2.09070", "2008-09-30": "2.14860", "2008-06-30": "2.42660", "2008-03-31": "1.37440", "2007-12-31": "2.36050", "2007-09-30": "4.05670", "2007-06-30": "2.83200", "2007-03-31": "1.87740", "2006-12-31": "1.85340", "2006-09-30": "2.41890", "2006-06-30": "3.29860", "2006-03-31": "2.41840", "2005-12-31": "2.33510", "2005-09-30": "2.28250", "2005-06-30": "2.62210", "2005-03-31": "1.79950"}, "ROI - Return On Investment": {"2020-09-30": "2.24600", "2020-06-30": "1.64150", "2020-03-31": "1.21300", "2019-12-31": "2.61030", "2019-09-30": "3.26140", "2019-06-30": "3.66680", "2019-03-31": "1.88170", "2018-12-31": "2.12890", "2018-09-30": "2.25710", "2018-06-30": "2.69300", "2018-03-31": "1.34430", "2017-12-31": "2.64670", "2017-09-30": "2.45790", "2017-06-30": "2.97870", "2017-03-31": "1.85890", "2016-12-31": "1.85420", "2016-09-30": "-0.31220", "2016-06-30": "3.73610", "2016-03-31": "2.29610", "2015-12-31": "2.77610", "2015-09-30": "3.49670", "2015-06-30": "3.10390", "2015-03-31": "1.33320", "2014-12-31": "1.80050", "2014-09-30": "2.97390", "2014-06-30": "2.66160", "2014-03-31": "1.31180", "2013-12-31": "2.19940", "2013-09-30": "2.48110", "2013-06-30": "2.47900", "2013-03-31": "1.71210", "2012-12-31": "1.73200", "2012-09-30": "3.26050", "2012-06-30": "4.14020", "2012-03-31": "2.76960", "2011-12-31": "1.87700", "2011-09-30": "2.86220", "2011-06-30": "3.00810", "2011-03-31": "1.85910", "2010-12-31": "1.32320", "2010-09-30": "3.13920", "2010-06-30": "2.69280", "2010-03-31": "1.63860", "2009-12-31": "2.87340", "2009-09-30": "3.45880", "2009-06-30": "4.33450", "2009-03-31": "0.81650", "2008-12-31": "-3.17390", "2008-09-30": "3.23870", "2008-06-30": "3.55810", "2008-03-31": "1.91260", "2007-12-31": "3.39770", "2007-09-30": "6.03330", "2007-06-30": "4.11020", "2007-03-31": "2.63100", "2006-12-31": "2.84590", "2006-09-30": "3.91400", "2006-06-30": "4.98820", "2006-03-31": "3.73800", "2005-12-31": "3.61190", "2005-09-30": "3.60370", "2005-06-30": "4.19110", "2005-03-31": "2.95010"}, "Book Value Per Share": {"2020-09-30": "46.52820", "2020-06-30": "46.25370", "2020-03-31": "45.87430", "2019-12-31": "47.44700", "2019-09-30": "47.30480", "2019-06-30": "45.78520", "2019-03-31": "44.44720", "2018-12-31": "44.81530", "2018-09-30": "45.41060", "2018-06-30": "44.67380", "2018-03-31": "44.78020", "2017-12-31": "40.88450", "2017-09-30": "39.44600", "2017-06-30": "39.26600", "2017-03-31": "39.12130", "2016-12-31": "38.39110", "2016-09-30": "38.05090", "2016-06-30": "38.66560", "2016-03-31": "37.32740", "2015-12-31": "36.64840", "2015-09-30": "36.45210", "2015-06-30": "35.44890", "2015-03-31": "34.10130", "2014-12-31": "34.08510", "2014-09-30": "33.51780", "2014-06-30": "32.51970", "2014-03-31": "31.69800", "2013-12-31": "31.19910", "2013-09-30": "30.24670", "2013-06-30": "28.98800", "2013-03-31": "28.96680", "2012-12-31": "28.32540", "2012-09-30": "27.55050", "2012-06-30": "26.44930", "2012-03-31": "25.14530", "2011-12-31": "24.32660", "2011-09-30": "23.88640", "2011-06-30": "23.27580", "2011-03-31": "22.40820", "2010-12-31": "21.96970", "2010-09-30": "21.62300", "2010-06-30": "20.82360", "2010-03-31": "20.33320", "2009-12-31": "20.09370", "2009-09-30": "19.63620", "2009-06-30": "18.96020", "2009-03-31": "18.02710", "2008-12-31": "17.93430", "2008-09-30": "18.61500", "2008-06-30": "18.04780", "2008-03-31": "17.19980", "2007-12-31": "18.46250", "2007-09-30": "18.29180", "2007-06-30": "17.22200", "2007-03-31": "16.30620", "2006-12-31": "15.74140", "2006-09-30": "14.24680", "2006-06-30": "13.74960", "2006-03-31": "12.75190", "2005-12-31": "12.02750", "2005-09-30": "11.75170", "2005-06-30": "11.70260", "2005-03-31": "11.55750"}, "Operating Cash Flow Per Share": {"2020-09-30": 3.9775, "2020-06-30": 3.158, "2020-03-31": "0.94160", "2019-12-31": 3.675, "2019-09-30": 5.1209, "2019-06-30": 1.5255, "2019-03-31": "1.89640", "2018-12-31": 3.8795, "2018-09-30": 1.7466, "2018-06-30": -0.58, "2018-03-31": "0.53410", "2017-12-31": 2.4469, "2017-09-30": 2.6708, "2017-06-30": 1.6082, "2017-03-31": "0.49190", "2016-12-31": 2.669, "2016-09-30": 2.7551, "2016-06-30": 1.0828, "2016-03-31": "1.68010", "2015-12-31": 2.6941, "2015-09-30": 3.0941, "2015-06-30": 1.5027, "2015-03-31": "0.75120", "2014-12-31": 2.0702, "2014-09-30": 1.4407, "2014-06-30": 0.2876, "2014-03-31": "0.78820", "2013-12-31": 1.537, "2013-09-30": 3.015, "2013-06-30": 1.2599, "2013-03-31": "0.58720", "2012-12-31": 2.5111, "2012-09-30": 2.6357, "2012-06-30": 1.6547, "2012-03-31": "0.76390", "2011-12-31": 1.1449, "2011-09-30": 1.6869, "2011-06-30": 0.2233, "2011-03-31": "-0.00480", "2010-12-31": 0.7295, "2010-09-30": 0.6819, "2010-06-30": 0.607, "2010-03-31": "-0.27470", "2009-12-31": 1.3688, "2009-09-30": 1.0292, "2009-06-30": 3.3728, "2009-03-31": "1.04240", "2008-12-31": 2.1693, "2008-09-30": 0.9203, "2008-06-30": 1.2986, "2008-03-31": "0.11810", "2007-12-31": 2.0201, "2007-09-30": -0.9072, "2007-06-30": 2.0162, "2007-03-31": "1.03050", "2006-12-31": 0.8701, "2006-09-30": -1.4538, "2006-06-30": 0.8861, "2006-03-31": "0.01740", "2005-12-31": 1.4522, "2005-09-30": 1.6048, "2005-06-30": 0.9433, "2005-03-31": "-0.62690"}, "Free Cash Flow Per Share": {"2020-09-30": 3.5221, "2020-06-30": 2.6829, "2020-03-31": "0.53810", "2019-12-31": 3.118, "2019-09-30": 4.8449, "2019-06-30": 1.2161, "2019-03-31": "1.49400", "2018-12-31": 3.4869, "2018-09-30": 1.2492, "2018-06-30": -0.9919, "2018-03-31": "-0.14960", "2017-12-31": 1.6156, "2017-09-30": 2.0166, "2017-06-30": 1.0464, "2017-03-31": "0.02310", "2016-12-31": 2.1934, "2016-09-30": 2.2588, "2016-06-30": 0.6661, "2016-03-31": "1.39190", "2015-12-31": 2.3364, "2015-09-30": 2.8681, "2015-06-30": 1.279, "2015-03-31": "0.46290", "2014-12-31": 1.6099, "2014-09-30": 0.9794, "2014-06-30": -0.2774, "2014-03-31": "0.43330", "2013-12-31": 1.1051, "2013-09-30": 2.6797, "2013-06-30": 0.9105, "2013-03-31": "0.17770", "2012-12-31": 1.7904, "2012-09-30": 2.1203, "2012-06-30": 1.0528, "2012-03-31": "0.41590", "2011-12-31": 0.6873, "2011-09-30": 1.4488, "2011-06-30": -0.0312, "2011-03-31": "-0.26860", "2010-12-31": 0.4964, "2010-09-30": 0.4418, "2010-06-30": 0.2328, "2010-03-31": "-0.32840", "2009-12-31": 1.1924, "2009-09-30": 0.8559, "2009-06-30": 3.2547, "2009-03-31": "0.87330", "2008-12-31": 1.9695, "2008-09-30": 0.734, "2008-06-30": 1.0068, "2008-03-31": "-0.25410", "2007-12-31": 3.5319, "2007-09-30": -0.9539, "2007-06-30": 1.7422, "2007-03-31": "0.72970", "2006-12-31": 0.5071, "2006-09-30": -1.7941, "2006-06-30": 0.4838, "2006-03-31": "-0.41150", "2005-12-31": 1.0237, "2005-09-30": 1.1008, "2005-06-30": 0.507, "2005-03-31": "-0.99960"}}, "revenue": {"Carlisle Annual Revenue (Millions of US $)": {"2020": "$4,245", "2019": "$4,812", "2018": "$4,480", "2017": "$3,751", "2016": "$3,425", "2015": "$3,543", "2014": "$3,204", "2013": "$2,943", "2012": "$2,851", "2011": "$2,492", "2010": "$2,528", "2009": "$2,258", "2008": "$2,865", "2007": "$2,812", "2006": "$2,354", "2005": "$2,194"}, "Carlisle Quarterly Revenue (Millions of US $)": {"2020-12-31": "$1,064", "2020-09-30": "$1,127", "2020-06-30": "$1,024", "2020-03-31": "$1,030", "2019-12-31": "$1,144", "2019-09-30": "$1,281", "2019-06-30": "$1,315", "2019-03-31": "$1,072", "2018-12-31": "$1,077", "2018-09-30": "$1,181", "2018-06-30": "$1,236", "2018-03-31": "$985", "2017-12-31": "$991", "2017-09-30": "$1,002", "2017-06-30": "$984", "2017-03-31": "$774", "2016-12-31": "$643", "2016-09-30": "$991", "2016-06-30": "$997", "2016-03-31": "$794", "2015-12-31": "$876", "2015-09-30": "$973", "2015-06-30": "$985", "2015-03-31": "$709", "2014-12-31": "$790", "2014-09-30": "$904", "2014-06-30": "$860", "2014-03-31": "$650", "2013-12-31": "$724", "2013-09-30": "$797", "2013-06-30": "$793", "2013-03-31": "$630", "2012-12-31": "$684", "2012-09-30": "$910", "2012-06-30": "$985", "2012-03-31": "$889", "2011-12-31": "$790", "2011-09-30": "$871", "2011-06-30": "$871", "2011-03-31": "$694", "2010-12-31": "$627", "2010-09-30": "$666", "2010-06-30": "$688", "2010-03-31": "$547", "2009-12-31": "$486", "2009-09-30": "$604", "2009-06-30": "$637", "2009-03-31": "$531", "2008-12-31": "$517", "2008-09-30": "$833", "2008-06-30": "$863", "2008-03-31": "$652", "2007-12-31": "$714", "2007-09-30": "$730", "2007-06-30": "$739", "2007-03-31": "$629", "2006-12-31": "$400", "2006-09-30": "$645", "2006-06-30": "$688", "2006-03-31": "$620", "2005-12-31": "$519", "2005-09-30": "$545", "2005-06-30": "$592", "2005-03-31": "$538"}}, "gross-profit": {"Carlisle Annual Gross Profit (Millions of US $)": {"2020": "$1,182", "2019": "$1,372", "2018": "$1,175", "2017": "$1,048", "2016": "$1,086", "2015": "$1,007", "2014": "$820", "2013": "$746", "2012": "$767", "2011": "$584", "2010": "$529", "2009": "$490", "2008": "$542", "2007": "$588", "2006": "$506", "2005": "$453"}, "Carlisle Quarterly Gross Profit (Millions of US $)": {"2020-12-31": "$293", "2020-09-30": "$330", "2020-06-30": "$281", "2020-03-31": "$278", "2019-12-31": "$309", "2019-09-30": "$380", "2019-06-30": "$394", "2019-03-31": "$289", "2018-12-31": "$279", "2018-09-30": "$314", "2018-06-30": "$332", "2018-03-31": "$249", "2017-12-31": "$251", "2017-09-30": "$285", "2017-06-30": "$287", "2017-03-31": "$226", "2016-12-31": "$196", "2016-09-30": "$324", "2016-06-30": "$321", "2016-03-31": "$245", "2015-12-31": "$253", "2015-09-30": "$296", "2015-06-30": "$285", "2015-03-31": "$173", "2014-12-31": "$196", "2014-09-30": "$237", "2014-06-30": "$225", "2014-03-31": "$162", "2013-12-31": "$186", "2013-09-30": "$200", "2013-06-30": "$207", "2013-03-31": "$152", "2012-12-31": "$181", "2012-09-30": "$226", "2012-06-30": "$255", "2012-03-31": "$211", "2011-12-31": "$159", "2011-09-30": "$188", "2011-06-30": "$184", "2011-03-31": "$147", "2010-12-31": "$130", "2010-09-30": "$144", "2010-06-30": "$144", "2010-03-31": "$112", "2009-12-31": "$108", "2009-09-30": "$144", "2009-06-30": "$145", "2009-03-31": "$93", "2008-12-31": "$80", "2008-09-30": "$164", "2008-06-30": "$174", "2008-03-31": "$124", "2007-12-31": "$146", "2007-09-30": "$160", "2007-06-30": "$158", "2007-03-31": "$124", "2006-12-31": "$97", "2006-09-30": "$132", "2006-06-30": "$148", "2006-03-31": "$128", "2005-12-31": "$116", "2005-09-30": "$106", "2005-06-30": "$121", "2005-03-31": "$110"}}, "operating-income": {"Carlisle Annual Operating Income (Millions of US $)": {"2020": "$484", "2019": "$654", "2018": "$509", "2017": "$464", "2016": "$546", "2015": "$503", "2014": "$408", "2013": "$367", "2012": "$372", "2011": "$266", "2010": "$196", "2009": "$212", "2008": "$172", "2007": "$296", "2006": "$270", "2005": "$225"}, "Carlisle Quarterly Operating Income (Millions of US $)": {"2020-12-31": "$112", "2020-09-30": "$156", "2020-06-30": "$113", "2020-03-31": "$103", "2019-12-31": "$141", "2019-09-30": "$191", "2019-06-30": "$207", "2019-03-31": "$115", "2018-12-31": "$115", "2018-09-30": "$140", "2018-06-30": "$160", "2018-03-31": "$95", "2017-12-31": "$93", "2017-09-30": "$135", "2017-06-30": "$146", "2017-03-31": "$90", "2016-12-31": "$78", "2016-09-30": "$178", "2016-06-30": "$179", "2016-03-31": "$111", "2015-12-31": "$127", "2015-09-30": "$162", "2015-06-30": "$148", "2015-03-31": "$66", "2014-12-31": "$89", "2014-09-30": "$134", "2014-06-30": "$122", "2014-03-31": "$63", "2013-12-31": "$93", "2013-09-30": "$110", "2013-06-30": "$109", "2013-03-31": "$55", "2012-12-31": "$73", "2012-09-30": "$111", "2012-06-30": "$140", "2012-03-31": "$96", "2011-12-31": "$53", "2011-09-30": "$82", "2011-06-30": "$85", "2011-03-31": "$54", "2010-12-31": "$28", "2010-09-30": "$66", "2010-06-30": "$63", "2010-03-31": "$38", "2009-12-31": "$34", "2009-09-30": "$74", "2009-06-30": "$85", "2009-03-31": "$19", "2008-12-31": "$-45", "2008-09-30": "$82", "2008-06-30": "$90", "2008-03-31": "$46", "2007-12-31": "$71", "2007-09-30": "$89", "2007-06-30": "$85", "2007-03-31": "$51", "2006-12-31": "$54", "2006-09-30": "$69", "2006-06-30": "$85", "2006-03-31": "$63", "2005-12-31": "$62", "2005-09-30": "$50", "2005-06-30": "$62", "2005-03-31": "$51"}}, "ebitda": {"Carlisle Annual EBITDA (Millions of US $)": {"2019": "$860", "2018": "$700", "2017": "$633", "2016": "$684", "2015": "$633", "2014": "$512", "2013": "$481", "2012": "$477", "2011": "$354", "2010": "$268", "2009": "$279", "2008": "$241", "2007": "$362", "2006": "$330", "2005": "$281"}, "Carlisle Quarterly EBITDA (Millions of US $)": {"2020-09-30": "$212", "2020-06-30": "$169", "2020-03-31": "$160", "2019-12-31": "$195", "2019-09-30": "$243", "2019-06-30": "$258", "2019-03-31": "$164", "2018-12-31": "$162", "2018-09-30": "$186", "2018-06-30": "$206", "2018-03-31": "$146", "2017-12-31": "$142", "2017-09-30": "$176", "2017-06-30": "$187", "2017-03-31": "$128", "2016-12-31": "$114", "2016-09-30": "$213", "2016-06-30": "$213", "2016-03-31": "$144", "2015-12-31": "$161", "2015-09-30": "$195", "2015-06-30": "$182", "2015-03-31": "$95", "2014-12-31": "$117", "2014-09-30": "$160", "2014-06-30": "$147", "2014-03-31": "$89", "2013-12-31": "$117", "2013-09-30": "$140", "2013-06-30": "$140", "2013-03-31": "$85", "2012-12-31": "$99", "2012-09-30": "$137", "2012-06-30": "$166", "2012-03-31": "$123", "2011-12-31": "$76", "2011-09-30": "$101", "2011-06-30": "$108", "2011-03-31": "$77", "2010-12-31": "$47", "2010-09-30": "$84", "2010-06-30": "$82", "2010-03-31": "$56", "2009-12-31": "$50", "2009-09-30": "$91", "2009-06-30": "$102", "2009-03-31": "$37", "2008-12-31": "$-30", "2008-09-30": "$100", "2008-06-30": "$107", "2008-03-31": "$64", "2007-12-31": "$87", "2007-09-30": "$107", "2007-06-30": "$101", "2007-03-31": "$67", "2006-12-31": "$70", "2006-09-30": "$84", "2006-06-30": "$99", "2006-03-31": "$77", "2005-12-31": "$76", "2005-09-30": "$66", "2005-06-30": "$75", "2005-03-31": "$64"}}, "net-income": {"Carlisle Annual Net Income (Millions of US $)": {"2020": "$320", "2019": "$473", "2018": "$611", "2017": "$366", "2016": "$250", "2015": "$320", "2014": "$251", "2013": "$210", "2012": "$270", "2011": "$180", "2010": "$144", "2009": "$143", "2008": "$55", "2007": "$215", "2006": "$217", "2005": "$115"}, "Carlisle Quarterly Net Income (Millions of US $)": {"2020-12-31": "$81", "2020-09-30": "$102", "2020-06-30": "$75", "2020-03-31": "$62", "2019-12-31": "$102", "2019-09-30": "$139", "2019-06-30": "$153", "2019-03-31": "$79", "2018-12-31": "$88", "2018-09-30": "$100", "2018-06-30": "$114", "2018-03-31": "$310", "2017-12-31": "$115", "2017-09-30": "$86", "2017-06-30": "$102", "2017-03-31": "$62", "2016-12-31": "$76", "2016-09-30": "$-10", "2016-06-30": "$115", "2016-03-31": "$69", "2015-12-31": "$82", "2015-09-30": "$104", "2015-06-30": "$95", "2015-03-31": "$39", "2014-12-31": "$53", "2014-09-30": "$87", "2014-06-30": "$75", "2014-03-31": "$36", "2013-12-31": "$70", "2013-09-30": "$77", "2013-06-30": "$8", "2013-03-31": "$55", "2012-12-31": "$48", "2012-09-30": "$70", "2012-06-30": "$93", "2012-03-31": "$60", "2011-12-31": "$39", "2011-09-30": "$54", "2011-06-30": "$55", "2011-03-31": "$33", "2010-12-31": "$32", "2010-09-30": "$50", "2010-06-30": "$38", "2010-03-31": "$24", "2009-12-31": "$35", "2009-09-30": "$46", "2009-06-30": "$55", "2009-03-31": "$7", "2008-12-31": "$14", "2008-09-30": "$50", "2008-06-30": "$54", "2008-03-31": "$-63", "2007-12-31": "$42", "2007-09-30": "$83", "2007-06-30": "$53", "2007-03-31": "$37", "2006-12-31": "$78", "2006-09-30": "$40", "2006-06-30": "$57", "2006-03-31": "$42", "2005-12-31": "$33", "2005-09-30": "$20", "2005-06-30": "$35", "2005-03-31": "$28"}}, "eps-earnings-per-share-diluted": {"Carlisle Annual EPS": {"2020": "$5.80", "2019": "$8.19", "2018": "$10.02", "2017": "$5.71", "2016": "$3.82", "2015": "$4.82", "2014": "$3.82", "2013": "$3.22", "2012": "$4.22", "2011": "$2.86", "2010": "$2.34", "2009": "$2.34", "2008": "$0.91", "2007": "$3.44", "2006": "$3.49", "2005": "$1.85"}, "Carlisle Quarterly EPS": {"2020-12-31": "$1.49", "2020-09-30": "$1.87", "2020-06-30": "$1.36", "2020-03-31": "$1.09", "2019-12-31": "$1.78", "2019-09-30": "$2.40", "2019-06-30": "$2.65", "2019-03-31": "$1.36", "2018-12-31": "$1.59", "2018-09-30": "$1.64", "2018-06-30": "$1.85", "2018-03-31": "$4.94", "2017-12-31": "$1.82", "2017-09-30": "$1.37", "2017-06-30": "$1.58", "2017-03-31": "$0.94", "2016-12-31": "$1.17", "2016-09-30": "$-0.15", "2016-06-30": "$1.75", "2016-03-31": "$1.05", "2015-12-31": "$1.24", "2015-09-30": "$1.56", "2015-06-30": "$1.43", "2015-03-31": "$0.59", "2014-12-31": "$0.81", "2014-09-30": "$1.32", "2014-06-30": "$1.14", "2014-03-31": "$0.55", "2013-12-31": "$1.07", "2013-09-30": "$1.17", "2013-06-30": "$0.13", "2013-03-31": "$0.85", "2012-12-31": "$0.74", "2012-09-30": "$1.08", "2012-06-30": "$1.45", "2012-03-31": "$0.94", "2011-12-31": "$0.61", "2011-09-30": "$0.85", "2011-06-30": "$0.86", "2011-03-31": "$0.53", "2010-12-31": "$0.52", "2010-09-30": "$0.81", "2010-06-30": "$0.62", "2010-03-31": "$0.39", "2009-12-31": "$0.58", "2009-09-30": "$0.75", "2009-06-30": "$0.90", "2009-03-31": "$0.11", "2008-12-31": "$0.23", "2008-09-30": "$0.82", "2008-06-30": "$0.88", "2008-03-31": "$-1.02", "2007-12-31": "$0.69", "2007-09-30": "$1.31", "2007-06-30": "$0.85", "2007-03-31": "$0.59", "2006-12-31": "$1.25", "2006-09-30": "$0.65", "2006-06-30": "$0.92", "2006-03-31": "$0.67", "2005-12-31": "$0.53", "2005-09-30": "$0.32", "2005-06-30": "$0.56", "2005-03-31": "$0.45"}}, "shares-outstanding": {"Carlisle Annual Shares Outstanding (Millions of Shares)": {"2020": "55", "2019": "58", "2018": "61", "2017": "64", "2016": "65", "2015": "66", "2014": "65", "2013": "65", "2012": "64", "2011": "62", "2010": "62", "2009": "61", "2008": "61", "2007": "62", "2006": "62", "2005": "62"}, "Carlisle Quarterly Shares Outstanding (Millions of Shares)": {"2020-12-31": "54", "2020-09-30": "55", "2020-06-30": "55", "2020-03-31": "57", "2019-12-31": "58", "2019-09-30": "57", "2019-06-30": "58", "2019-03-31": "58", "2018-12-31": "61", "2018-09-30": "60", "2018-06-30": "61", "2018-03-31": "62", "2017-12-31": "64", "2017-09-30": "63", "2017-06-30": "64", "2017-03-31": "65", "2016-12-31": "65", "2016-09-30": "64", "2016-06-30": "65", "2016-03-31": "65", "2015-12-31": "66", "2015-09-30": "66", "2015-06-30": "66", "2015-03-31": "66", "2014-12-31": "65", "2014-09-30": "65", "2014-06-30": "65", "2014-03-31": "65", "2013-12-31": "65", "2013-09-30": "65", "2013-06-30": "65", "2013-03-31": "65", "2012-12-31": "64", "2012-09-30": "64", "2012-06-30": "64", "2012-03-31": "63", "2011-12-31": "63", "2011-09-30": "62", "2011-06-30": "63", "2011-03-31": "62", "2010-12-31": "62", "2010-09-30": "62", "2010-06-30": "62", "2010-03-31": "62", "2009-12-31": "61", "2009-09-30": "61", "2009-06-30": "61", "2009-03-31": "61", "2008-12-31": "61", "2008-09-30": "61", "2008-06-30": "61", "2008-03-31": "61", "2007-12-31": "62", "2007-09-30": "63", "2007-06-30": "63", "2007-03-31": "63", "2006-12-31": "62", "2006-09-30": "62", "2006-06-30": "62", "2006-03-31": "62", "2005-12-31": "62", "2005-09-30": "62", "2005-06-30": "63", "2005-03-31": "63"}}, "total-assets": {"Carlisle Annual Total Assets (Millions of US $)": {"2019": "$5,496", "2018": "$5,249", "2017": "$5,300", "2016": "$3,966", "2015": "$3,951", "2014": "$3,759", "2013": "$3,493", "2012": "$3,457", "2011": "$3,138", "2010": "$2,530", "2009": "$1,914", "2008": "$2,076", "2007": "$1,989", "2006": "$1,907", "2005": "$1,566"}, "Carlisle Quarterly Total Assets (Millions of US $)": {"2020-09-30": "$5,800", "2020-06-30": "$5,808", "2020-03-31": "$6,298", "2019-12-31": "$5,496", "2019-09-30": "$5,541", "2019-06-30": "$5,397", "2019-03-31": "$5,302", "2018-12-31": "$5,249", "2018-09-30": "$5,432", "2018-06-30": "$5,428", "2018-03-31": "$5,504", "2017-12-31": "$5,300", "2017-09-30": "$4,318", "2017-06-30": "$4,229", "2017-03-31": "$4,071", "2016-12-31": "$3,966", "2016-09-30": "$3,963", "2016-06-30": "$4,172", "2016-03-31": "$4,026", "2015-12-31": "$3,951", "2015-09-30": "$4,076", "2015-06-30": "$4,013", "2015-03-31": "$3,751", "2014-12-31": "$3,759", "2014-09-30": "$3,718", "2014-06-30": "$3,657", "2014-03-31": "$3,546", "2013-12-31": "$3,493", "2013-09-30": "$3,597", "2013-06-30": "$3,462", "2013-03-31": "$3,458", "2012-12-31": "$3,457", "2012-09-30": "$3,243", "2012-06-30": "$3,297", "2012-03-31": "$3,242", "2011-12-31": "$3,138", "2011-09-30": "$2,803", "2011-06-30": "$2,703", "2011-03-31": "$2,581", "2010-12-31": "$2,530", "2010-09-30": "$2,071", "2010-06-30": "$2,030", "2010-03-31": "$1,938", "2009-12-31": "$1,914", "2009-09-30": "$1,938", "2009-06-30": "$1,922", "2009-03-31": "$2,000", "2008-12-31": "$2,076", "2008-09-30": "$2,336", "2008-06-30": "$2,324", "2008-03-31": "$2,030", "2007-12-31": "$1,989", "2007-09-30": "$2,078", "2007-06-30": "$1,939", "2007-03-31": "$1,798", "2006-12-31": "$1,907", "2006-09-30": "$1,861", "2006-06-30": "$1,702", "2006-03-31": "$1,642", "2005-12-31": "$1,566", "2005-09-30": "$1,578", "2005-06-30": "$1,605", "2005-03-31": "$1,598"}}, "cash-on-hand": {"Carlisle Annual Cash on Hand (Millions of US $)": {"2019": "$351", "2018": "$804", "2017": "$378", "2016": "$385", "2015": "$411", "2014": "$731", "2013": "$755", "2012": "$113", "2011": "$75", "2010": "$89", "2009": "$96", "2008": "$43", "2007": "$88", "2006": "$144", "2005": "$39"}, "Carlisle Quarterly Cash on Hand (Millions of US $)": {"2020-09-30": "$719", "2020-06-30": "$738", "2020-03-31": "$1,188", "2019-12-31": "$351", "2019-09-30": "$658", "2019-06-30": "$422", "2019-03-31": "$517", "2018-12-31": "$804", "2018-09-30": "$781", "2018-06-30": "$762", "2018-03-31": "$979", "2017-12-31": "$378", "2017-09-30": "$148", "2017-06-30": "$140", "2017-03-31": "$134", "2016-12-31": "$385", "2016-09-30": "$355", "2016-06-30": "$398", "2016-03-31": "$451", "2015-12-31": "$411", "2015-09-30": "$354", "2015-06-30": "$229", "2015-03-31": "$744", "2014-12-31": "$731", "2014-09-30": "$805", "2014-06-30": "$757", "2014-03-31": "$780", "2013-12-31": "$755", "2013-09-30": "$332", "2013-06-30": "$168", "2013-03-31": "$116", "2012-12-31": "$113", "2012-09-30": "$87", "2012-06-30": "$77", "2012-03-31": "$69", "2011-12-31": "$75", "2011-09-30": "$82", "2011-06-30": "$99", "2011-03-31": "$104", "2010-12-31": "$89", "2010-09-30": "$115", "2010-06-30": "$97", "2010-03-31": "$87", "2009-12-31": "$96", "2009-09-30": "$81", "2009-06-30": "$64", "2009-03-31": "$59", "2008-12-31": "$43", "2008-09-30": "$102", "2008-06-30": "$118", "2008-03-31": "$99", "2007-12-31": "$88", "2007-09-30": "$144", "2007-06-30": "$25", "2007-03-31": "$27", "2006-12-31": "$144", "2006-09-30": "$45", "2006-06-30": "$30", "2006-03-31": "$24", "2005-12-31": "$39", "2005-09-30": "$83", "2005-06-30": "$37", "2005-03-31": "$27"}}, "long-term-debt": {"Carlisle Annual Long Term Debt (Millions of US $)": {"2019": "$1,341", "2018": "$1,588", "2017": "$1,586", "2016": "$596", "2015": "$596", "2014": "$750", "2013": "$751", "2012": "$752", "2011": "$604", "2010": "$405", "2009": "$156", "2008": "$273", "2007": "$263", "2006": "$275", "2005": "$282"}, "Carlisle Quarterly Long Term Debt (Millions of US $)": {"2020-09-30": "$2,079", "2020-06-30": "$2,077", "2020-03-31": "$2,576", "2019-12-31": "$1,341", "2019-09-30": "$1,590", "2019-06-30": "$1,589", "2019-03-31": "$1,589", "2018-12-31": "$1,588", "2018-09-30": "$1,587", "2018-06-30": "$1,587", "2018-03-31": "$1,586", "2017-12-31": "$1,586", "2017-09-30": "$782", "2017-06-30": "$707", "2017-03-31": "$597", "2016-12-31": "$596", "2016-09-30": "$596", "2016-06-30": "$596", "2016-03-31": "$596", "2015-12-31": "$596", "2015-09-30": "$599", "2015-06-30": "$749", "2015-03-31": "$750", "2014-12-31": "$750", "2014-09-30": "$751", "2014-06-30": "$751", "2014-03-31": "$751", "2013-12-31": "$751", "2013-09-30": "$753", "2013-06-30": "$753", "2013-03-31": "$753", "2012-12-31": "$752", "2012-09-30": "$405", "2012-06-30": "$505", "2012-03-31": "$604", "2011-12-31": "$604", "2011-09-30": "$405", "2011-06-30": "$405", "2011-03-31": "$405", "2010-12-31": "$405", "2010-09-30": "$156", "2010-06-30": "$156", "2010-03-31": "$156", "2009-12-31": "$156", "2009-09-30": "$157", "2009-06-30": "$157", "2009-03-31": "$243", "2008-12-31": "$273", "2008-09-30": "$423", "2008-06-30": "$493", "2008-03-31": "$418", "2007-12-31": "$263", "2007-09-30": "$263", "2007-06-30": "$271", "2007-03-31": "$275", "2006-12-31": "$275", "2006-09-30": "$275", "2006-06-30": "$282", "2006-03-31": "$282", "2005-12-31": "$282", "2005-09-30": "$283", "2005-06-30": "$283", "2005-03-31": "$258"}}, "total-liabilities": {"Carlisle Annual Total Liabilities (Millions of US $)": {"2019": "$2,853", "2018": "$2,652", "2017": "$2,772", "2016": "$1,499", "2015": "$1,604", "2014": "$1,554", "2013": "$1,507", "2012": "$1,669", "2011": "$1,638", "2010": "$1,189", "2009": "$696", "2008": "$982", "2007": "$870", "2006": "$940", "2005": "$836"}, "Carlisle Quarterly Total Liabilities (Millions of US $)": {"2020-09-30": "$3,325", "2020-06-30": "$3,292", "2020-03-31": "$3,779", "2019-12-31": "$2,853", "2019-09-30": "$2,860", "2019-06-30": "$2,814", "2019-03-31": "$2,777", "2018-12-31": "$2,652", "2018-09-30": "$2,727", "2018-06-30": "$2,756", "2018-03-31": "$2,783", "2017-12-31": "$2,772", "2017-09-30": "$1,882", "2017-06-30": "$1,756", "2017-03-31": "$1,553", "2016-12-31": "$1,499", "2016-09-30": "$1,516", "2016-06-30": "$1,682", "2016-03-31": "$1,638", "2015-12-31": "$1,604", "2015-09-30": "$1,712", "2015-06-30": "$1,708", "2015-03-31": "$1,538", "2014-12-31": "$1,554", "2014-09-30": "$1,568", "2014-06-30": "$1,564", "2014-03-31": "$1,515", "2013-12-31": "$1,507", "2013-09-30": "$1,673", "2013-06-30": "$1,621", "2013-03-31": "$1,623", "2012-12-31": "$1,669", "2012-09-30": "$1,510", "2012-06-30": "$1,642", "2012-03-31": "$1,680", "2011-12-31": "$1,638", "2011-09-30": "$1,332", "2011-06-30": "$1,270", "2011-03-31": "$1,211", "2010-12-31": "$1,189", "2010-09-30": "$753", "2010-06-30": "$760", "2010-03-31": "$703", "2009-12-31": "$696", "2009-09-30": "$747", "2009-06-30": "$773", "2009-03-31": "$908", "2008-12-31": "$982", "2008-09-30": "$1,210", "2008-06-30": "$1,232", "2008-03-31": "$989", "2007-12-31": "$870", "2007-09-30": "$943", "2007-06-30": "$874", "2007-03-31": "$790", "2006-12-31": "$940", "2006-09-30": "$986", "2006-06-30": "$858", "2006-03-31": "$862", "2005-12-31": "$836", "2005-09-30": "$862", "2005-06-30": "$884", "2005-03-31": "$881"}}, "total-share-holder-equity": {"Carlisle Annual Share Holder Equity (Millions of US $)": {"2019": "$2,643", "2018": "$2,597", "2017": "$2,528", "2016": "$2,467", "2015": "$2,347", "2014": "$2,205", "2013": "$1,986", "2012": "$1,788", "2011": "$1,500", "2010": "$1,341", "2009": "$1,219", "2008": "$1,094", "2007": "$1,119", "2006": "$967", "2005": "$730"}, "Carlisle Quarterly Share Holder Equity (Millions of US $)": {"2020-09-30": "$2,475", "2020-06-30": "$2,516", "2020-03-31": "$2,519", "2019-12-31": "$2,643", "2019-09-30": "$2,681", "2019-06-30": "$2,583", "2019-03-31": "$2,525", "2018-12-31": "$2,597", "2018-09-30": "$2,706", "2018-06-30": "$2,672", "2018-03-31": "$2,721", "2017-12-31": "$2,528", "2017-09-30": "$2,436", "2017-06-30": "$2,473", "2017-03-31": "$2,518", "2016-12-31": "$2,467", "2016-09-30": "$2,447", "2016-06-30": "$2,490", "2016-03-31": "$2,388", "2015-12-31": "$2,347", "2015-09-30": "$2,364", "2015-06-30": "$2,306", "2015-03-31": "$2,213", "2014-12-31": "$2,205", "2014-09-30": "$2,151", "2014-06-30": "$2,093", "2014-03-31": "$2,031", "2013-12-31": "$1,986", "2013-09-30": "$1,924", "2013-06-30": "$1,841", "2013-03-31": "$1,835", "2012-12-31": "$1,788", "2012-09-30": "$1,733", "2012-06-30": "$1,655", "2012-03-31": "$1,562", "2011-12-31": "$1,500", "2011-09-30": "$1,471", "2011-06-30": "$1,433", "2011-03-31": "$1,370", "2010-12-31": "$1,341", "2010-09-30": "$1,319", "2010-06-30": "$1,270", "2010-03-31": "$1,235", "2009-12-31": "$1,219", "2009-09-30": "$1,191", "2009-06-30": "$1,149", "2009-03-31": "$1,092", "2008-12-31": "$1,094", "2008-09-30": "$1,127", "2008-06-30": "$1,092", "2008-03-31": "$1,041", "2007-12-31": "$1,119", "2007-09-30": "$1,135", "2007-06-30": "$1,064", "2007-03-31": "$1,008", "2006-12-31": "$967", "2006-09-30": "$875", "2006-06-30": "$843", "2006-03-31": "$780", "2005-12-31": "$730", "2005-09-30": "$717", "2005-06-30": "$721", "2005-03-31": "$717"}}, "profit-margins": {"current": "7.54%"}, "gross margin": {"2020-12-31": "27.84%", "2020-09-30": "27.70%", "2020-06-30": "27.86%", "2020-03-31": "28.53%", "2019-12-31": "28.51%", "2019-09-30": "28.28%", "2019-06-30": "27.47%", "2019-03-31": "26.59%", "2018-12-31": "26.21%", "2018-09-30": "26.09%", "2018-06-30": "26.51%", "2018-03-31": "27.06%", "2017-12-31": "27.97%", "2017-09-30": "29.21%", "2017-06-30": "30.45%", "2017-03-31": "31.34%", "2016-12-31": "31.71%", "2016-09-30": "31.25%", "2016-06-30": "30.63%", "2016-03-31": "29.74%", "2015-12-31": "28.42%", "2015-09-30": "27.48%", "2015-06-30": "26.30%", "2015-03-31": "25.47%", "2014-12-31": "25.59%", "2014-09-30": "25.81%", "2014-06-30": "25.50%", "2014-03-31": "25.47%", "2013-12-31": "25.31%", "2013-09-30": "25.48%", "2013-06-30": "25.39%", "2013-03-31": "25.37%", "2012-12-31": "25.17%", "2012-09-30": "23.81%", "2012-06-30": "23.00%", "2012-03-31": "21.69%", "2011-12-31": "21.02%", "2011-09-30": "21.19%", "2011-06-30": "21.17%", "2011-03-31": "21.12%", "2010-12-31": "20.97%", "2010-09-30": "21.28%", "2010-06-30": "21.85%", "2010-03-31": "22.38%", "2009-12-31": "21.70%", "2009-09-30": "20.18%", "2009-06-30": "19.14%", "2009-03-31": "18.62%", "2008-12-31": "18.92%", "2008-09-30": "19.86%", "2008-06-30": "20.41%", "2008-03-31": "20.74%", "2007-12-31": "20.91%", "2007-09-30": "21.58%", "2007-06-30": "21.18%", "2007-03-31": "21.21%", "2006-12-31": "21.46%", "2006-09-30": "21.20%", "2006-06-30": "20.99%", "2006-03-31": "20.69%", "2005-12-31": "20.65%"}, "operating margin": {"2020-12-31": "11.40%", "2020-09-30": "11.86%", "2020-06-30": "12.23%", "2020-03-31": "13.46%", "2019-12-31": "13.59%", "2019-09-30": "13.23%", "2019-06-30": "12.42%", "2019-03-31": "11.61%", "2018-12-31": "11.39%", "2018-09-30": "11.11%", "2018-06-30": "11.46%", "2018-03-31": "11.84%", "2017-12-31": "12.35%", "2017-09-30": "13.16%", "2017-06-30": "14.48%", "2017-03-31": "15.39%", "2016-12-31": "15.94%", "2016-09-30": "16.27%", "2016-06-30": "15.91%", "2016-03-31": "15.10%", "2015-12-31": "14.20%", "2015-09-30": "13.45%", "2015-06-30": "12.90%", "2015-03-31": "12.60%", "2014-12-31": "12.73%", "2014-09-30": "13.13%", "2014-06-30": "12.80%", "2014-03-31": "12.65%", "2013-12-31": "12.47%", "2013-09-30": "11.95%", "2013-06-30": "11.53%", "2013-03-31": "11.81%", "2012-12-31": "12.11%", "2012-09-30": "11.19%", "2012-06-30": "10.50%", "2012-03-31": "9.24%", "2011-12-31": "8.49%", "2011-09-30": "8.13%", "2011-06-30": "8.15%", "2011-03-31": "7.89%", "2010-12-31": "7.71%", "2010-09-30": "8.42%", "2010-06-30": "8.99%", "2010-03-31": "10.16%", "2009-12-31": "9.39%", "2009-09-30": "5.81%", "2009-06-30": "5.60%", "2009-03-31": "5.32%", "2008-12-31": "6.04%", "2008-09-30": "9.44%", "2008-06-30": "10.00%", "2008-03-31": "10.26%", "2007-12-31": "10.53%", "2007-09-30": "11.17%", "2007-06-30": "10.73%", "2007-03-31": "10.97%", "2006-12-31": "11.52%", "2006-09-30": "11.29%", "2006-06-30": "10.96%", "2006-03-31": "10.41%", "2005-12-31": "10.26%"}, "ebitda margin": {"2020-09-30": "17.02%", "2020-06-30": "17.10%", "2020-03-31": "17.92%", "2019-12-31": "17.85%", "2019-09-30": "17.41%", "2019-06-30": "16.58%", "2019-03-31": "15.72%", "2018-12-31": "15.63%", "2018-09-30": "15.48%", "2018-06-30": "15.90%", "2018-03-31": "16.44%", "2017-12-31": "16.88%", "2017-09-30": "17.78%", "2017-06-30": "18.93%", "2017-03-31": "19.62%", "2016-12-31": "19.97%", "2016-09-30": "19.98%", "2016-06-30": "19.59%", "2016-03-31": "18.77%", "2015-12-31": "17.84%", "2015-09-30": "17.01%", "2015-06-30": "16.32%", "2015-03-31": "15.91%", "2014-12-31": "16.01%", "2014-09-30": "16.35%", "2014-06-30": "16.27%", "2014-03-31": "16.40%", "2013-12-31": "16.37%", "2013-09-30": "15.98%", "2013-06-30": "15.28%", "2013-03-31": "15.18%", "2012-12-31": "15.14%", "2012-09-30": "14.05%", "2012-06-30": "13.18%", "2012-03-31": "11.93%", "2011-12-31": "11.22%", "2011-09-30": "10.87%", "2011-06-30": "11.06%", "2011-03-31": "10.84%", "2010-12-31": "10.64%", "2010-09-30": "11.40%", "2010-06-30": "12.00%", "2010-03-31": "13.15%", "2009-12-31": "12.40%", "2009-09-30": "8.74%", "2009-06-30": "8.30%", "2009-03-31": "7.80%", "2008-12-31": "8.41%", "2008-09-30": "11.69%", "2008-06-30": "12.34%", "2008-03-31": "12.66%", "2007-12-31": "12.87%", "2007-09-30": "13.81%", "2007-06-30": "13.34%", "2007-03-31": "13.55%", "2006-12-31": "14.02%", "2006-09-30": "13.59%", "2006-06-30": "13.41%", "2006-03-31": "12.92%", "2005-12-31": "12.81%"}, "pre tax profit margin": {"2020-12-31": "9.45%", "2020-09-30": "10.01%", "2020-06-30": "10.58%", "2020-03-31": "11.95%", "2019-12-31": "12.36%", "2019-09-30": "12.03%", "2019-06-30": "11.11%", "2019-03-31": "10.27%", "2018-12-31": "9.96%", "2018-09-30": "9.72%", "2018-06-30": "10.18%", "2018-03-31": "10.68%", "2017-12-31": "11.44%", "2017-09-30": "12.49%", "2017-06-30": "9.73%", "2017-03-31": "10.60%", "2016-12-31": "11.07%", "2016-09-30": "11.45%", "2016-06-30": "14.92%", "2016-03-31": "14.11%", "2015-12-31": "13.21%", "2015-09-30": "12.50%", "2015-06-30": "11.95%", "2015-03-31": "11.62%", "2014-12-31": "11.74%", "2014-09-30": "12.08%", "2014-06-30": "11.68%", "2014-03-31": "11.50%", "2013-12-31": "11.31%", "2013-09-30": "10.85%", "2013-06-30": "10.54%", "2013-03-31": "10.94%", "2012-12-31": "11.36%", "2012-09-30": "10.49%", "2012-06-30": "9.82%", "2012-03-31": "8.59%", "2011-12-31": "7.87%", "2011-09-30": "7.54%", "2011-06-30": "7.70%", "2011-03-31": "7.51%", "2010-12-31": "7.44%", "2010-09-30": "8.21%", "2010-06-30": "8.73%", "2010-03-31": "9.85%", "2009-12-31": "9.03%", "2009-09-30": "4.11%", "2009-06-30": "3.89%", "2009-03-31": "3.64%", "2008-12-31": "4.40%", "2008-09-30": "8.88%", "2008-06-30": "11.15%", "2008-03-31": "11.53%", "2007-12-31": "11.84%", "2007-09-30": "12.65%", "2007-06-30": "10.32%", "2007-03-31": "10.50%", "2006-12-31": "10.96%", "2006-09-30": "10.68%", "2006-06-30": "10.37%", "2006-03-31": "9.97%", "2005-12-31": "9.57%"}, "net profit margin": {"2020-12-31": "7.54%", "2020-09-30": "7.88%", "2020-06-30": "8.44%", "2020-03-31": "9.56%", "2019-12-31": "9.83%", "2019-09-30": "9.67%", "2019-06-30": "9.04%", "2019-03-31": "8.34%", "2018-12-31": "13.66%", "2018-09-30": "14.55%", "2018-06-30": "14.84%", "2018-03-31": "15.48%", "2017-12-31": "9.73%", "2017-09-30": "9.58%", "2017-06-30": "6.78%", "2017-03-31": "7.14%", "2016-12-31": "7.30%", "2016-09-30": "7.00%", "2016-06-30": "10.16%", "2016-03-31": "9.65%", "2015-12-31": "9.03%", "2015-09-30": "8.42%", "2015-06-30": "8.09%", "2015-03-31": "7.78%", "2014-12-31": "7.83%", "2014-09-30": "8.54%", "2014-06-30": "8.51%", "2014-03-31": "6.44%", "2013-12-31": "7.13%", "2013-09-30": "6.47%", "2013-06-30": "6.00%", "2013-03-31": "8.29%", "2012-12-31": "7.81%", "2012-09-30": "7.33%", "2012-06-30": "6.96%", "2012-03-31": "6.08%", "2011-12-31": "5.61%", "2011-09-30": "5.68%", "2011-06-30": "5.95%", "2011-03-31": "5.72%", "2010-12-31": "5.70%", "2010-09-30": "6.16%", "2010-06-30": "6.15%", "2010-03-31": "7.04%", "2009-12-31": "6.33%", "2009-09-30": "5.33%", "2009-06-30": "5.00%", "2009-03-31": "4.56%", "2008-12-31": "1.92%", "2008-09-30": "2.71%", "2008-06-30": "3.92%", "2008-03-31": "4.06%", "2007-12-31": "7.65%", "2007-09-30": "10.05%", "2007-06-30": "8.62%", "2007-03-31": "8.98%", "2006-12-31": "9.22%", "2006-09-30": "6.96%", "2006-06-30": "6.41%", "2006-03-31": "5.71%", "2005-12-31": "5.29%"}, "pe ratio": {"current": "24.04", "2021-02-05": "35.17", "2020-12-31": "36.15", "2020-09-30": "19.99", "2020-06-30": "17.91", "2020-03-31": "15.62", "2019-12-31": "19.46", "2019-09-30": "18.13", "2019-06-30": "19.29", "2019-03-31": "18.92", "2018-12-31": "9.87", "2018-09-30": "11.51", "2018-06-30": "10.48", "2018-03-31": "10.34", "2017-12-31": "19.08", "2017-09-30": "18.97", "2017-06-30": "25.72", "2017-03-31": "27.28", "2016-12-31": "27.36", "2016-09-30": "24.85", "2016-06-30": "17.72", "2016-03-31": "17.65", "2015-12-31": "17.17", "2015-09-30": "18.51", "2015-06-30": "22.37", "2015-03-31": "22.20", "2014-12-31": "21.79", "2014-09-30": "18.12", "2014-06-30": "20.16", "2014-03-31": "24.77", "2013-12-31": "22.42", "2013-09-30": "22.04", "2013-06-30": "20.17", "2013-03-31": "14.87", "2012-12-31": "12.58", "2012-09-30": "11.42", "2012-06-30": "12.32", "2012-03-31": "13.65", "2011-12-31": "13.80", "2011-09-30": "10.25", "2011-06-30": "15.98", "2011-03-31": "15.81", "2010-12-31": "14.90", "2010-09-30": "10.85", "2010-06-30": "13.35", "2010-03-31": "12.52", "2009-12-31": "12.55", "2009-09-30": "14.60", "2009-06-30": "9.95", "2009-03-31": "8.15", "2008-12-31": "19.24", "2008-09-30": "18.15", "2008-06-30": "12.88", "2008-03-31": "15.02", "2007-12-31": "8.82", "2007-09-30": "9.83", "2007-06-30": "11.31", "2007-03-31": "10.21", "2006-12-31": "9.11"}, "price sales": {"2021-02-05": "1.97", "2020-12-31": "2.02", "2020-09-30": "1.58", "2020-06-30": "1.50", "2020-03-31": "1.49", "2019-12-31": "1.91", "2019-09-30": "1.75", "2019-06-30": "1.75", "2019-03-31": "1.57", "2018-12-31": "1.33", "2018-09-30": "1.66", "2018-06-30": "1.55", "2018-03-31": "1.60", "2017-12-31": "1.85", "2017-09-30": "1.80", "2017-06-30": "1.73", "2017-03-31": "1.92", "2016-12-31": "1.97", "2016-09-30": "1.72", "2016-06-30": "1.78", "2016-03-31": "1.69", "2015-12-31": "1.54", "2015-09-30": "1.54", "2015-06-30": "1.79", "2015-03-31": "1.71", "2014-12-31": "1.69", "2014-09-30": "1.54", "2014-06-30": "1.71", "2014-03-31": "1.59", "2013-12-31": "1.59", "2013-09-30": "1.42", "2013-06-30": "1.21", "2013-03-31": "1.22", "2012-12-31": "0.97", "2012-09-30": "0.83", "2012-06-30": "0.85", "2012-03-31": "0.82", "2011-12-31": "0.76", "2011-09-30": "0.57", "2011-06-30": "0.94", "2011-03-31": "0.90", "2010-12-31": "0.85", "2010-09-30": "0.67", "2010-06-30": "0.83", "2010-03-31": "0.88", "2009-12-31": "0.79", "2009-09-30": "0.77", "2009-06-30": "0.49", "2009-03-31": "0.37", "2008-12-31": "0.37", "2008-09-30": "0.50", "2008-06-30": "0.50", "2008-03-31": "0.60", "2007-12-31": "0.68", "2007-09-30": "0.99", "2007-06-30": "0.98", "2007-03-31": "0.92", "2006-12-31": "0.84"}, "price book": {"current": "3.28", "2021-02-05": "3.27", "2020-09-30": "2.62", "2020-06-30": "2.57", "2020-03-31": "2.70", "2019-12-31": "3.36", "2019-09-30": "3.02", "2019-06-30": "3.00", "2019-03-31": "2.69", "2018-12-31": "2.18", "2018-09-30": "2.60", "2018-06-30": "2.34", "2018-03-31": "2.24", "2017-12-31": "2.66", "2017-09-30": "2.43", "2017-06-30": "2.31", "2017-03-31": "2.58", "2016-12-31": "2.72", "2016-09-30": "2.54", "2016-06-30": "2.57", "2016-03-31": "2.50", "2015-12-31": "2.26", "2015-09-30": "2.23", "2015-06-30": "2.62", "2015-03-31": "2.51", "2014-12-31": "2.44", "2014-09-30": "2.21", "2014-06-30": "2.44", "2014-03-31": "2.29", "2013-12-31": "2.32", "2013-09-30": "2.11", "2013-06-30": "1.95", "2013-03-31": "2.12", "2012-12-31": "1.87", "2012-09-30": "1.69", "2012-06-30": "1.79", "2012-03-31": "1.77", "2011-12-31": "1.62", "2011-09-30": "1.18", "2011-06-30": "1.86", "2011-03-31": "1.74", "2010-12-31": "1.58", "2010-09-30": "1.20", "2010-06-30": "1.50", "2010-03-31": "1.61", "2009-12-31": "1.46", "2009-09-30": "1.47", "2009-06-30": "1.08", "2009-03-31": "0.92", "2008-12-31": "0.97", "2008-09-30": "1.34", "2008-06-30": "1.33", "2008-03-31": "1.60", "2007-12-31": "1.64", "2007-09-30": "2.17", "2007-06-30": "2.20", "2007-03-31": "2.14", "2006-12-31": "2.02", "2006-09-30": "2.38", "2006-06-30": "2.32", "2006-03-31": "2.57"}, "price fcf": {"2021-02-05": "", "2020-09-30": "$9.86", "2020-06-30": "$11.18", "2020-03-31": "$9.72", "2019-12-31": "$10.67", "2019-09-30": "$11.04", "2019-06-30": "$7.45", "2019-03-31": "$5.24", "2018-12-31": "$3.59", "2018-09-30": "$1.72", "2018-06-30": "$2.49", "2018-03-31": "$4.53", "2017-12-31": "$4.70", "2017-09-30": "$5.28", "2017-06-30": "$5.52", "2017-03-31": "$5.14", "2016-12-31": "$6.51", "2016-09-30": "$6.65", "2016-06-30": "$7.26", "2016-03-31": "$7.88", "2015-12-31": "$6.95", "2015-09-30": "$6.22", "2015-06-30": "$4.33", "2015-03-31": "$2.77", "2014-12-31": "$2.75", "2014-09-30": "$2.24", "2014-06-30": "$3.94", "2014-03-31": "$5.13", "2013-12-31": "$4.87", "2013-09-30": "$5.56", "2013-06-30": "$5.00", "2013-03-31": "$5.14", "2012-12-31": "$5.38", "2012-09-30": "$4.28", "2012-06-30": "$3.60", "2012-03-31": "$2.52", "2011-12-31": "$1.84", "2011-09-30": "$1.65", "2011-06-30": "$0.64", "2011-03-31": "$0.90", "2010-12-31": "$0.84", "2010-09-30": "$1.54", "2010-06-30": "$1.95", "2010-03-31": "$4.97", "2009-12-31": "$6.18", "2009-09-30": "$6.95", "2009-06-30": "$6.83", "2009-03-31": "$4.58", "2008-12-31": "$3.46", "2008-09-30": "$5.02", "2008-06-30": "$3.33", "2008-03-31": "$4.07", "2007-12-31": "$5.05", "2007-09-30": "$2.03", "2007-06-30": "$1.18", "2007-03-31": "$-0.07", "2006-12-31": "$-1.21"}, "net worth": {"value": "$8.11B"}, "current ratio": {"2020-12-31": "0.00", "2020-09-30": "3.32", "2020-06-30": "3.51", "2020-03-31": "4.33", "2019-12-31": "1.95", "2019-09-30": "3.04", "2019-06-30": "2.96", "2019-03-31": "2.97", "2018-12-31": "3.45", "2018-09-30": "3.27", "2018-06-30": "3.10", "2018-03-31": "3.14", "2017-12-31": "2.50", "2017-09-30": "2.14", "2017-06-30": "2.22", "2017-03-31": "2.34", "2016-12-31": "2.64", "2016-09-30": "2.67", "2016-06-30": "2.17", "2016-03-31": "2.20", "2015-12-31": "2.18", "2015-09-30": "2.16", "2015-06-30": "2.63", "2015-03-31": "4.32", "2014-12-31": "4.11", "2014-09-30": "4.03", "2014-06-30": "3.92", "2014-03-31": "4.14", "2013-12-31": "4.08", "2013-09-30": "2.84", "2013-06-30": "2.86", "2013-03-31": "2.80", "2012-12-31": "2.56", "2012-09-30": "1.90", "2012-06-30": "1.88", "2012-03-31": "1.99", "2011-12-31": "2.03", "2011-09-30": "2.07", "2011-06-30": "2.24", "2011-03-31": "2.26", "2010-12-31": "2.23", "2010-09-30": "2.74", "2010-06-30": "2.56", "2010-03-31": "2.80", "2009-12-31": "2.66", "2009-09-30": "2.49", "2009-06-30": "2.49", "2009-03-31": "2.29", "2008-12-31": "2.19", "2008-09-30": "2.13", "2008-06-30": "2.17", "2008-03-31": "2.76", "2007-12-31": "2.64", "2007-09-30": "2.24", "2007-06-30": "2.23", "2007-03-31": "2.89", "2006-12-31": "2.14", "2006-09-30": "1.75", "2006-06-30": "1.96", "2006-03-31": "1.85", "2005-12-31": "1.77", "2005-09-30": "1.75", "2005-06-30": "1.74", "2005-03-31": "1.62"}, "quick ratio": {"2020-12-31": "0.00", "2020-09-30": "2.52", "2020-06-30": "2.62", "2020-03-31": "3.40", "2019-12-31": "1.38", "2019-09-30": "2.31", "2019-06-30": "2.18", "2019-03-31": "2.15", "2018-12-31": "2.69", "2018-09-30": "2.55", "2018-06-30": "2.40", "2018-03-31": "2.45", "2017-12-31": "1.82", "2017-09-30": "1.43", "2017-06-30": "1.50", "2017-03-31": "1.50", "2016-12-31": "1.91", "2016-09-30": "1.94", "2016-06-30": "1.60", "2016-03-31": "1.59", "2015-12-31": "1.59", "2015-09-30": "1.58", "2015-06-30": "1.86", "2015-03-31": "3.37", "2014-12-31": "3.24", "2014-09-30": "3.26", "2014-06-30": "3.15", "2014-03-31": "3.30", "2013-12-31": "3.28", "2013-09-30": "1.90", "2013-06-30": "1.80", "2013-03-31": "1.62", "2012-12-31": "1.87", "2012-09-30": "1.10", "2012-06-30": "1.11", "2012-03-31": "1.15", "2011-12-31": "1.13", "2011-09-30": "1.25", "2011-06-30": "1.42", "2011-03-31": "1.33", "2010-12-31": "1.29", "2010-09-30": "1.67", "2010-06-30": "1.58", "2010-03-31": "1.66", "2009-12-31": "1.53", "2009-09-30": "1.60", "2009-06-30": "1.56", "2009-03-31": "1.34", "2008-12-31": "1.13", "2008-09-30": "1.30", "2008-06-30": "1.36", "2008-03-31": "1.48", "2007-12-31": "1.55", "2007-09-30": "1.31", "2007-06-30": "1.06", "2007-03-31": "1.31", "2006-12-31": "1.18", "2006-09-30": "1.06", "2006-06-30": "1.04", "2006-03-31": "0.94", "2005-12-31": "0.87", "2005-09-30": "0.93", "2005-06-30": "0.90", "2005-03-31": "0.83"}, "debt equity ratio": {"current": "0.84", "2020-12-31": "0.00", "2020-09-30": "1.34", "2020-06-30": "1.31", "2020-03-31": "1.50", "2019-12-31": "1.08", "2019-09-30": "1.07", "2019-06-30": "1.09", "2019-03-31": "1.10", "2018-12-31": "1.02", "2018-09-30": "1.01", "2018-06-30": "1.03", "2018-03-31": "1.02", "2017-12-31": "1.10", "2017-09-30": "0.77", "2017-06-30": "0.71", "2017-03-31": "0.62", "2016-12-31": "0.61", "2016-09-30": "0.62", "2016-06-30": "0.68", "2016-03-31": "0.69", "2015-12-31": "0.68", "2015-09-30": "0.72", "2015-06-30": "0.74", "2015-03-31": "0.70", "2014-12-31": "0.71", "2014-09-30": "0.73", "2014-06-30": "0.75", "2014-03-31": "0.75", "2013-12-31": "0.76", "2013-09-30": "0.87", "2013-06-30": "0.88", "2013-03-31": "0.89", "2012-12-31": "0.93", "2012-09-30": "0.87", "2012-06-30": "0.99", "2012-03-31": "1.08", "2011-12-31": "1.09", "2011-09-30": "0.91", "2011-06-30": "0.89", "2011-03-31": "0.88", "2010-12-31": "0.89", "2010-09-30": "0.57", "2010-06-30": "0.60", "2010-03-31": "0.57", "2009-12-31": "0.57", "2009-09-30": "0.63", "2009-06-30": "0.67", "2009-03-31": "0.83", "2008-12-31": "0.90", "2008-09-30": "1.07", "2008-06-30": "1.13", "2008-03-31": "0.95", "2007-12-31": "0.78", "2007-09-30": "0.83", "2007-06-30": "0.82", "2007-03-31": "0.78", "2006-12-31": "0.97", "2006-09-30": "1.13", "2006-06-30": "1.02", "2006-03-31": "1.11", "2005-12-31": "1.15", "2005-09-30": "1.20", "2005-06-30": "1.23", "2005-03-31": "1.23"}, "return on equity": {"2020-12-31": "17.04%", "2020-09-30": "13.43%", "2020-06-30": "14.60%", "2020-03-31": "17.49%", "2019-12-31": "18.14%", "2019-09-30": "17.68%", "2019-06-30": "16.14%", "2019-03-31": "14.51%", "2018-12-31": "22.89%", "2018-09-30": "24.05%", "2018-06-30": "24.14%", "2018-03-31": "24.14%", "2017-12-31": "14.67%", "2017-09-30": "13.18%", "2017-06-30": "9.29%", "2017-03-31": "9.80%", "2016-12-31": "10.21%", "2016-09-30": "10.59%", "2016-06-30": "15.43%", "2016-03-31": "14.89%", "2015-12-31": "13.87%", "2015-09-30": "12.81%", "2015-06-30": "12.35%", "2015-03-31": "11.73%", "2014-12-31": "11.84%", "2014-09-30": "12.98%", "2014-06-30": "12.85%", "2014-03-31": "9.82%", "2013-12-31": "11.07%", "2013-09-30": "10.18%", "2013-06-30": "10.06%", "2013-03-31": "15.18%", "2012-12-31": "16.09%", "2012-09-30": "16.25%", "2012-06-30": "15.90%", "2012-03-31": "13.95%", "2011-12-31": "12.54%", "2011-09-30": "12.40%", "2011-06-30": "12.45%", "2011-03-31": "11.55%", "2010-12-31": "11.15%", "2010-09-30": "11.66%", "2010-06-30": "11.64%", "2010-03-31": "13.35%", "2009-12-31": "12.30%", "2009-09-30": "10.78%", "2009-06-30": "11.30%", "2009-03-31": "11.35%", "2008-12-31": "5.05%", "2008-09-30": "7.58%", "2008-06-30": "10.58%", "2008-03-31": "10.55%", "2007-12-31": "19.88%", "2007-09-30": "24.05%", "2007-06-30": "21.26%", "2007-03-31": "22.96%", "2006-12-31": "25.05%", "2006-09-30": "21.31%", "2006-06-30": "19.80%", "2006-03-31": "17.64%", "2005-12-31": "16.08%"}, "return on assets": {"2020-12-31": "7.15%", "2020-09-30": "5.83%", "2020-06-30": "6.53%", "2020-03-31": "8.02%", "2019-12-31": "8.70%", "2019-09-30": "8.54%", "2019-06-30": "7.86%", "2019-03-31": "7.12%", "2018-12-31": "11.33%", "2018-09-30": "11.80%", "2018-06-30": "12.17%", "2018-03-31": "12.67%", "2017-12-31": "8.15%", "2017-09-30": "7.86%", "2017-06-30": "5.67%", "2017-03-31": "6.01%", "2016-12-31": "6.20%", "2016-09-30": "6.36%", "2016-06-30": "9.12%", "2016-03-31": "8.71%", "2015-12-31": "8.11%", "2015-09-30": "7.46%", "2015-06-30": "7.19%", "2015-03-31": "6.83%", "2014-12-31": "6.84%", "2014-09-30": "7.44%", "2014-06-30": "7.22%", "2014-03-31": "5.42%", "2013-12-31": "6.00%", "2013-09-30": "5.38%", "2013-06-30": "5.32%", "2013-03-31": "7.91%", "2012-12-31": "8.19%", "2012-09-30": "8.11%", "2012-06-30": "7.88%", "2012-03-31": "7.00%", "2011-12-31": "6.45%", "2011-09-30": "6.56%", "2011-06-30": "6.88%", "2011-03-31": "6.64%", "2010-12-31": "6.72%", "2010-09-30": "7.39%", "2010-06-30": "7.31%", "2010-03-31": "8.30%", "2009-12-31": "7.36%", "2009-09-30": "6.15%", "2009-06-30": "6.05%", "2009-03-31": "5.72%", "2008-12-31": "2.51%", "2008-09-30": "3.83%", "2008-06-30": "5.51%", "2008-03-31": "5.72%", "2007-12-31": "11.02%", "2007-09-30": "13.00%", "2007-06-30": "11.09%", "2007-03-31": "11.67%", "2006-12-31": "12.20%", "2006-09-30": "10.16%", "2006-06-30": "9.37%", "2006-03-31": "8.14%", "2005-12-31": "7.31%"}, "return on investments": {"2020-12-31": "13.59%", "2020-09-30": "11.26%", "2020-06-30": "12.22%", "2020-03-31": "14.66%", "2019-12-31": "15.82%", "2019-09-30": "15.00%", "2019-06-30": "13.77%", "2019-03-31": "12.58%", "2018-12-31": "11.97%", "2018-09-30": "11.50%", "2018-06-30": "12.15%", "2018-03-31": "12.66%", "2017-12-31": "13.59%", "2017-09-30": "14.25%", "2017-06-30": "15.84%", "2017-03-31": "17.03%", "2016-12-31": "17.94%", "2016-09-30": "19.74%", "2016-06-30": "19.34%", "2016-03-31": "18.35%", "2015-12-31": "16.87%", "2015-09-30": "15.58%", "2015-06-30": "14.72%", "2015-03-31": "14.09%", "2014-12-31": "14.21%", "2014-09-30": "14.63%", "2014-06-30": "14.06%", "2014-03-31": "13.90%", "2013-12-31": "13.86%", "2013-09-30": "13.35%", "2013-06-30": "14.12%", "2013-03-31": "16.09%", "2012-12-31": "18.66%", "2012-09-30": "18.68%", "2012-06-30": "17.87%", "2012-03-31": "15.83%", "2011-12-31": "14.43%", "2011-09-30": "13.77%", "2011-06-30": "13.64%", "2011-03-31": "13.14%", "2010-12-31": "12.92%", "2010-09-30": "14.19%", "2010-06-30": "15.09%", "2010-03-31": "17.05%", "2009-12-31": "15.81%", "2009-09-30": "9.93%", "2009-06-30": "10.15%", "2009-03-31": "10.01%", "2008-12-31": "11.61%", "2008-09-30": "19.34%", "2008-06-30": "20.33%", "2008-03-31": "20.88%", "2007-12-31": "21.93%", "2007-09-30": "21.22%", "2007-06-30": "20.67%", "2007-03-31": "21.58%", "2006-12-31": "23.67%", "2006-09-30": "25.66%", "2006-06-30": "24.76%", "2006-03-31": "23.24%", "2005-12-31": "22.55%"}, "return on tangible equity": {"2020-09-30": "-123.89%", "2020-06-30": "-225.67%", "2020-03-31": "-456.00%", "2019-12-31": "-1401.48%", "2019-09-30": "687.64%", "2019-06-30": "399.05%", "2019-03-31": "241.14%", "2018-12-31": "277.87%", "2018-09-30": "363.07%", "2018-06-30": "390.63%", "2018-03-31": "339.61%", "2017-12-31": "176.97%", "2017-09-30": "98.19%", "2017-06-30": "55.66%", "2017-03-31": "54.03%", "2016-12-31": "54.41%", "2016-09-30": "62.10%", "2016-06-30": "102.78%", "2016-03-31": "112.09%", "2015-12-31": "82.69%", "2015-09-30": "62.85%", "2015-06-30": "48.05%", "2015-03-31": "37.45%", "2014-12-31": "37.82%", "2014-09-30": "41.65%", "2014-06-30": "44.91%", "2014-03-31": "37.99%", "2013-12-31": "49.94%", "2013-09-30": "51.90%", "2013-06-30": "52.85%", "2013-03-31": "82.23%", "2012-12-31": "88.13%", "2012-09-30": "96.06%", "2012-06-30": "86.85%", "2012-03-31": "64.00%", "2011-12-31": "48.20%", "2011-09-30": "40.89%", "2011-06-30": "34.36%", "2011-03-31": "28.28%", "2010-12-31": "24.22%", "2010-09-30": "22.65%", "2010-06-30": "23.13%", "2010-03-31": "26.89%", "2009-12-31": "25.23%", "2009-09-30": "22.33%", "2009-06-30": "23.68%", "2009-03-31": "23.96%", "2008-12-31": "9.90%", "2008-09-30": "13.65%", "2008-06-30": "17.66%", "2008-03-31": "16.62%", "2007-12-31": "30.75%", "2007-09-30": "36.99%", "2007-06-30": "32.91%", "2007-03-31": "35.77%", "2006-12-31": "40.50%", "2006-09-30": "36.13%", "2006-06-30": "34.70%", "2006-03-31": "31.23%", "2005-12-31": "28.38%"}, "dividend yield history": {"last payout": "$2.10", "last yield": "1.38%"}}