{"ticker": "KMX", "price": {"title": "CarMax Historical Annual Stock Price Data", "value": 126.17, "historical": {"2021": {"Average Stock Price": "113.3246", "Year Open": "93.3000", "Year High": "127.7900", "Year Low": "93.3000", "Year Close": "126.1700", "Annual % Change": "33.57%"}, "2020": {"Average Stock Price": "89.2366", "Year Open": "89.5100", "Year High": "108.8000", "Year Low": "44.2700", "Year Close": "94.4600", "Annual % Change": "7.74%"}, "2019": {"Average Stock Price": "80.1583", "Year Open": "62.9700", "Year High": "100.1500", "Year Low": "58.3800", "Year Close": "87.6700", "Annual % Change": "39.76%"}, "2018": {"Average Stock Price": "68.6206", "Year Open": "64.7600", "Year High": "80.6800", "Year Low": "56.7200", "Year Close": "62.7300", "Annual % Change": "-2.18%"}, "2017": {"Average Stock Price": "65.8485", "Year Open": "64.8200", "Year High": "76.8100", "Year Low": "55.3700", "Year Close": "64.1300", "Annual % Change": "-0.40%"}, "2016": {"Average Stock Price": "52.8869", "Year Open": "52.3700", "Year High": "66.1600", "Year Low": "42.1500", "Year Close": "64.3900", "Annual % Change": "19.31%"}, "2015": {"Average Stock Price": "64.0112", "Year Open": "66.4700", "Year High": "74.7300", "Year Low": "51.6200", "Year Close": "53.9700", "Annual % Change": "-18.94%"}, "2014": {"Average Stock Price": "49.7511", "Year Open": "46.9000", "Year High": "67.8700", "Year Low": "42.8800", "Year Close": "66.5800", "Annual % Change": "41.60%"}, "2013": {"Average Stock Price": "45.7951", "Year Open": "37.7200", "Year High": "53.0500", "Year Low": "37.2100", "Year Close": "47.0200", "Annual % Change": "25.25%"}, "2012": {"Average Stock Price": "31.0750", "Year Open": "30.5200", "Year High": "37.9700", "Year Low": "25.2200", "Year Close": "37.5400", "Annual % Change": "23.16%"}, "2011": {"Average Stock Price": "30.5896", "Year Open": "32.4000", "Year High": "36.8300", "Year Low": "23.4100", "Year Close": "30.4800", "Annual % Change": "-4.39%"}, "2010": {"Average Stock Price": "24.7886", "Year Open": "23.9800", "Year High": "35.9000", "Year Low": "18.6700", "Year Close": "31.8800", "Annual % Change": "31.46%"}, "2009": {"Average Stock Price": "15.0600", "Year Open": "8.3200", "Year High": "24.5000", "Year Low": "7.2200", "Year Close": "24.2500", "Annual % Change": "207.74%"}, "2008": {"Average Stock Price": "15.4734", "Year Open": "20.0700", "Year High": "23.0000", "Year Low": "6.2300", "Year Close": "7.8800", "Annual % Change": "-60.10%"}, "2007": {"Average Stock Price": "24.1479", "Year Open": "27.6450", "Year High": "29.2450", "Year Low": "18.8800", "Year Close": "19.7500", "Annual % Change": "-26.35%"}, "2006": {"Average Stock Price": "18.4680", "Year Open": "14.2850", "Year High": "27.2200", "Year Low": "14.2750", "Year Close": "26.8150", "Annual % Change": "93.75%"}, "2005": {"Average Stock Price": "14.5268", "Year Open": "15.1000", "Year High": "16.8000", "Year Low": "12.3700", "Year Close": "13.8400", "Annual % Change": "-10.85%"}, "2004": {"Average Stock Price": "12.9154", "Year Open": "15.2400", "Year High": "17.6950", "Year Low": "9.2250", "Year Close": "15.5250", "Annual % Change": "0.39%"}, "2003": {"Average Stock Price": "13.3011", "Year Open": "8.9350", "Year High": "19.6250", "Year Low": "6.3250", "Year Close": "15.4650", "Annual % Change": "72.99%"}, "2002": {"Average Stock Price": "10.7034", "Year Open": "11.2250", "Year High": "16.6500", "Year Low": "6.8000", "Year Close": "8.9400", "Annual % Change": "-21.37%"}, "2001": {"Average Stock Price": "6.4539", "Year Open": "2.0000", "Year High": "11.6350", "Year Low": "2.0000", "Year Close": "11.3700", "Annual % Change": "477.45%"}, "2000": {"Average Stock Price": "1.6417", "Year Open": "1.1250", "Year High": "2.6565", "Year Low": "0.7190", "Year Close": "1.9690", "Annual % Change": "70.26%"}, "1999": {"Average Stock Price": "2.0042", "Year Open": "2.7500", "Year High": "3.2815", "Year Low": "0.9065", "Year Close": "1.1565", "Annual % Change": "-56.97%"}, "1998": {"Average Stock Price": "4.1154", "Year Open": "4.7815", "Year High": "6.6900", "Year Low": "1.8440", "Year Close": "2.6875", "Annual % Change": "-40.28%"}}}, "market cap": {"value": "$20.51B"}, "income statement": {"Revenue": {"2020-02-29": "20319.99000", "2019-02-28": "18173.10000", "2018-02-28": "17120.21000", "2017-02-28": "15875.12000", "2016-02-29": "15149.67000", "2015-02-28": "14268.72000", "2014-02-28": "12574.30000", "2013-02-28": "10962.82000", "2012-02-29": "10003.60000", "2011-02-28": "8975.55400", "2010-02-28": "7470.19300", "2009-02-28": "6973.96600", "2008-02-29": "8199.57100", "2007-02-28": "7465.65600", "2006-02-28": "6259.96700", "2005-02-28": "5260.26200"}, "Cost Of Goods Sold": {"2020-02-29": "17597.65000", "2019-02-28": "15692.51000", "2018-02-28": "14791.35000", "2017-02-28": "13691.82000", "2016-02-29": "13130.92000", "2015-02-28": "12381.19000", "2014-02-28": "10925.60000", "2013-02-28": "9498.45600", "2012-02-29": "8624.83800", "2011-02-28": "7674.32600", "2010-02-28": "6371.32300", "2009-02-28": "6005.79600", "2008-02-29": "7127.14600", "2007-02-28": "6494.59400", "2006-02-28": "5469.25300", "2005-02-28": "4610.06600"}, "Gross Profit": {"2020-02-29": "2722.34000", "2019-02-28": "2480.59100", "2018-02-28": "2328.85800", "2017-02-28": "2183.29400", "2016-02-29": "2018.76000", "2015-02-28": "1887.52600", "2014-02-28": "1648.70100", "2013-02-28": "1464.36200", "2012-02-29": "1378.76100", "2011-02-28": "1301.22800", "2010-02-28": "1098.87000", "2009-02-28": "968.16990", "2008-02-29": "1072.42500", "2007-02-28": "971.06150", "2006-02-28": "790.71390", "2005-02-28": "650.19630"}, "Research And Development Expenses": {"2020-02-29": "", "2019-02-28": "", "2018-02-28": "", "2017-02-28": "", "2016-02-29": "", "2015-02-28": "", "2014-02-28": "", "2013-02-28": "", "2012-02-29": "", "2011-02-28": "", "2010-02-28": "", "2009-02-28": "", "2008-02-29": "", "2007-02-28": "", "2006-02-28": "", "2005-02-28": ""}, "SG&A Expenses": {"2020-02-29": "1940.06700", "2019-02-28": "1730.27500", "2018-02-28": "1617.05100", "2017-02-28": "1488.50400", "2016-02-29": "1351.93500", "2015-02-28": "1257.72500", "2014-02-28": "1155.21500", "2013-02-28": "1031.03400", "2012-02-29": "940.78600", "2011-02-28": "878.80500", "2010-02-28": "792.20100", "2009-02-28": "882.35800", "2008-02-29": "858.37200", "2007-02-28": "776.16800", "2006-02-28": "674.37000", "2005-02-28": "565.27900"}, "Other Operating Income Or Expenses": {"2020-02-29": "456.03000", "2019-02-28": "438.69000", "2018-02-28": "421.18200", "2017-02-28": "368.98400", "2016-02-29": "392.03600", "2015-02-28": "367.29400", "2014-02-28": "336.16700", "2013-02-28": "299.26700", "2012-02-29": "262.18500", "2011-02-28": "219.98300", "2010-02-28": "175.21700", "2009-02-28": "15.28600", "2008-02-29": "85.86500", "2007-02-28": "132.62500", "2006-02-28": "104.32700", "2005-02-28": "82.65600"}, "Operating Expenses": {"2020-02-29": "19081.68000", "2019-02-28": "16984.09000", "2018-02-28": "15987.22000", "2017-02-28": "14811.34000", "2016-02-29": "14090.81000", "2015-02-28": "13271.62000", "2014-02-28": "11744.65000", "2013-02-28": "10230.22000", "2012-02-29": "9303.43900", "2011-02-28": "8333.14700", "2010-02-28": "6988.30800", "2009-02-28": "6872.86800", "2008-02-29": "7899.65300", "2007-02-28": "7138.13700", "2006-02-28": "6039.29600", "2005-02-28": "5092.68900"}, "Operating Income": {"2020-02-29": "1238.30300", "2019-02-28": "1189.00600", "2018-02-28": "1132.98800", "2017-02-28": "1063.77400", "2016-02-29": "1058.86100", "2015-02-28": "997.09570", "2014-02-28": "829.65330", "2013-02-28": "732.59470", "2012-02-29": "700.15920", "2011-02-28": "642.40630", "2010-02-28": "481.88530", "2009-02-28": "101.09810", "2008-02-29": "299.91850", "2007-02-28": "327.51860", "2006-02-28": "220.67090", "2005-02-28": "167.57320"}, "Total Non-Operating Income/Expense": {"2020-02-29": "-77.31700", "2019-02-28": "-76.20000", "2018-02-28": "-69.38200", "2017-02-28": "-57.36900", "2016-02-29": "-48.91700", "2015-02-28": "-27.76500", "2014-02-28": "-32.33100", "2013-02-28": "-31.24400", "2012-02-29": "-33.25000", "2011-02-28": "-34.20000", "2010-02-28": "-35.43400", "2009-02-28": "-4.30000", "2008-02-29": "-2.84900", "2007-02-28": "-4.17000", "2006-02-28": "-3.07000", "2005-02-28": "-1.75200"}, "Pre-Tax Income": {"2020-02-29": "1160.98600", "2019-02-28": "1112.80600", "2018-02-28": "1063.60800", "2017-02-28": "1006.40500", "2016-02-29": "1009.94400", "2015-02-28": "969.33100", "2014-02-28": "797.32200", "2013-02-28": "701.35100", "2012-02-29": "666.91000", "2011-02-28": "608.20600", "2010-02-28": "446.45200", "2009-02-28": "96.79800", "2008-02-29": "297.06900", "2007-02-28": "323.34900", "2006-02-28": "217.60100", "2005-02-28": "165.82100"}, "Income Taxes": {"2020-02-29": "272.55300", "2019-02-28": "270.39300", "2018-02-28": "399.49600", "2017-02-28": "379.43500", "2016-02-29": "386.51600", "2015-02-28": "371.97300", "2014-02-28": "304.73600", "2013-02-28": "267.06700", "2012-02-29": "253.11500", "2011-02-28": "230.71100", "2010-02-28": "168.60800", "2009-02-28": "37.58500", "2008-02-29": "115.04400", "2007-02-28": "124.75200", "2006-02-28": "83.38100", "2005-02-28": "64.50600"}, "Income After Taxes": {"2020-02-29": "888.43300", "2019-02-28": "842.41300", "2018-02-28": "664.11210", "2017-02-28": "626.97000", "2016-02-29": "623.42800", "2015-02-28": "597.35800", "2014-02-28": "492.58600", "2013-02-28": "434.28400", "2012-02-29": "413.79500", "2011-02-28": "377.49500", "2010-02-28": "277.84400", "2009-02-28": "59.21300", "2008-02-29": "182.02500", "2007-02-28": "198.59700", "2006-02-28": "134.22000", "2005-02-28": "101.31500"}, "Other Income": {"2020-02-29": "", "2019-02-28": "", "2018-02-28": "", "2017-02-28": "", "2016-02-29": "", "2015-02-28": "", "2014-02-28": "", "2013-02-28": "", "2012-02-29": "", "2011-02-28": "", "2010-02-28": "", "2009-02-28": "", "2008-02-29": "", "2007-02-28": "", "2006-02-28": "", "2005-02-28": ""}, "Income From Continuous Operations": {"2020-02-29": "888.43300", "2019-02-28": "842.41300", "2018-02-28": "664.11210", "2017-02-28": "626.97000", "2016-02-29": "623.42800", "2015-02-28": "597.35800", "2014-02-28": "492.58600", "2013-02-28": "434.28400", "2012-02-29": "413.79500", "2011-02-28": "377.49500", "2010-02-28": "277.84400", "2009-02-28": "59.21300", "2008-02-29": "182.02500", "2007-02-28": "198.59700", "2006-02-28": "134.22000", "2005-02-28": "101.31500"}, "Income From Discontinued Operations": {"2020-02-29": "", "2019-02-28": "", "2018-02-28": "", "2017-02-28": "", "2016-02-29": "", "2015-02-28": "", "2014-02-28": "", "2013-02-28": "", "2012-02-29": "", "2011-02-28": "", "2010-02-28": "", "2009-02-28": "", "2008-02-29": "", "2007-02-28": "", "2006-02-28": "", "2005-02-28": ""}, "Net Income": {"2020-02-29": "888.43300", "2019-02-28": "842.41300", "2018-02-28": "664.11200", "2017-02-28": "626.97000", "2016-02-29": "623.42800", "2015-02-28": "597.35800", "2014-02-28": "492.58600", "2013-02-28": "434.28400", "2012-02-29": "413.79500", "2011-02-28": "375.87200", "2010-02-28": "275.50000", "2009-02-28": "58.51000", "2008-02-29": "180.61500", "2007-02-28": "198.59700", "2006-02-28": "134.22000", "2005-02-28": "101.31500"}, "EBITDA": {"2020-02-29": "1454.11400", "2019-02-28": "1371.25300", "2018-02-28": "1312.93000", "2017-02-28": "1232.64900", "2016-02-29": "1196.22100", "2015-02-28": "1112.26900", "2014-02-28": "931.56430", "2013-02-28": "827.87770", "2012-02-29": "782.97120", "2011-02-28": "718.72720", "2010-02-28": "557.11330", "2009-02-28": "155.83910", "2008-02-29": "346.53340", "2007-02-28": "362.06950", "2006-02-28": "247.36290", "2005-02-28": "187.71820"}, "EBIT": {"2020-02-29": "1238.30300", "2019-02-28": "1189.00600", "2018-02-28": "1132.98800", "2017-02-28": "1063.77400", "2016-02-29": "1058.86100", "2015-02-28": "997.09570", "2014-02-28": "829.65330", "2013-02-28": "732.59470", "2012-02-29": "700.15920", "2011-02-28": "642.40630", "2010-02-28": "481.88530", "2009-02-28": "101.09810", "2008-02-29": "299.91850", "2007-02-28": "327.51860", "2006-02-28": "220.67090", "2005-02-28": "167.57320"}, "Basic Shares Outstanding": {"2020-02-29": "164.83600", "2019-02-28": "174.46300", "2018-02-28": "182.66000", "2017-02-28": "190.34300", "2016-02-29": "203.27500", "2015-02-28": "215.61700", "2014-02-28": "223.58900", "2013-02-28": "228.09500", "2012-02-29": "226.28200", "2011-02-28": "223.44900", "2010-02-28": "219.52700", "2009-02-28": "217.53700", "2008-02-29": "216.04500", "2007-02-28": "212.45400", "2006-02-28": "209.27000", "2005-02-28": "208.07200"}, "Shares Outstanding": {"2020-02-29": "166.82000", "2019-02-28": "175.88400", "2018-02-28": "184.47000", "2017-02-28": "192.21500", "2016-02-29": "205.54000", "2015-02-28": "218.69100", "2014-02-28": "227.58400", "2013-02-28": "231.82300", "2012-02-29": "230.72100", "2011-02-28": "227.60100", "2010-02-28": "222.23400", "2009-02-28": "219.35700", "2008-02-29": "219.96300", "2007-02-28": "216.73900", "2006-02-28": "212.84600", "2005-02-28": "211.29400"}, "Basic EPS": {"2020-02-29": "5.39000", "2019-02-28": "4.83000", "2018-02-28": "3.64000", "2017-02-28": "3.29000", "2016-02-29": "3.07000", "2015-02-28": "2.77000", "2014-02-28": "2.20000", "2013-02-28": "1.90000", "2012-02-29": "1.83000", "2011-02-28": "1.68000", "2010-02-28": "1.25000", "2009-02-28": "0.27000", "2008-02-29": "0.84000", "2007-02-28": "0.93000", "2006-02-28": "0.64000", "2005-02-28": "0.49000"}, "EPS - Earnings Per Share": {"2020-02-29": "5.33000", "2019-02-28": "4.79000", "2018-02-28": "3.60000", "2017-02-28": "3.26000", "2016-02-29": "3.03000", "2015-02-28": "2.73000", "2014-02-28": "2.16000", "2013-02-28": "1.87000", "2012-02-29": "1.79000", "2011-02-28": "1.65000", "2010-02-28": "1.24000", "2009-02-28": "0.27000", "2008-02-29": "0.82000", "2007-02-28": "0.92000", "2006-02-28": "0.63000", "2005-02-28": "0.48000"}}, "income statement, quarterly": {"Revenue": {"2020-11-30": "5184.94400", "2020-08-31": "5372.16600", "2020-05-31": "3228.78200", "2020-02-29": "4962.49100", "2019-11-30": "4790.02800", "2019-08-31": "5201.15100", "2019-05-31": "5366.31800", "2019-02-28": "4318.60200", "2018-11-30": "4295.87100", "2018-08-31": "4766.03500", "2018-05-31": "4792.59200", "2018-02-28": "4084.21700", "2017-11-30": "4107.01700", "2017-08-31": "4386.64000", "2017-05-31": "4542.33400", "2017-02-28": "4049.95900", "2016-11-30": "3701.52400", "2016-08-31": "3997.24800", "2016-05-31": "4126.38600", "2016-02-29": "3705.80400", "2015-11-30": "3544.06900", "2015-08-31": "3884.91300", "2015-05-31": "4014.88800", "2015-02-28": "3514.09200", "2014-11-30": "3405.23400", "2014-08-31": "3599.19400", "2014-05-31": "3750.19600", "2014-02-28": "3076.28300", "2013-11-30": "2941.40700", "2013-08-31": "3245.55200", "2013-05-31": "3311.05700", "2013-02-28": "2827.94800", "2012-11-30": "2602.44600", "2012-08-31": "2758.00400", "2012-05-31": "2774.42000", "2012-02-29": "2475.84900", "2011-11-30": "2260.51400", "2011-08-31": "2587.81900", "2011-05-31": "2679.41700", "2011-02-28": "2252.63300", "2010-11-30": "2119.12900", "2010-08-31": "2341.88000", "2010-05-31": "2261.91200", "2010-02-28": "1833.24500", "2009-11-30": "1725.97700", "2009-08-31": "2076.67100", "2009-05-31": "1834.30000", "2009-02-28": "1470.51700", "2008-11-30": "1455.63200", "2008-08-31": "1839.05400", "2008-05-31": "2208.76300", "2008-02-29": "2044.60700", "2007-11-30": "1885.30000", "2007-08-31": "2122.53000", "2007-05-31": "2147.13400", "2007-02-28": "1882.82800", "2006-11-30": "1768.14700", "2006-08-31": "1929.54200", "2006-05-31": "1885.13900", "2006-02-28": "1623.77400", "2005-11-30": "1423.98000", "2005-08-31": "1633.85300", "2005-05-31": "1578.36000", "2005-02-28": "1396.05400"}, "Cost Of Goods Sold": {"2020-11-30": "4553.51400", "2020-08-31": "4620.02300", "2020-05-31": "2874.59900", "2020-02-29": "4289.63300", "2019-11-30": "4176.38100", "2019-08-31": "4507.69800", "2019-05-31": "4623.93500", "2019-02-28": "3719.22400", "2018-11-30": "3726.63400", "2018-08-31": "4115.39900", "2018-05-31": "4131.25200", "2018-02-28": "3547.49100", "2017-11-30": "3567.82900", "2017-08-31": "3782.63500", "2017-05-31": "3893.39600", "2017-02-28": "3487.80100", "2016-11-30": "3198.38900", "2016-08-31": "3451.88600", "2016-05-31": "3553.74900", "2016-02-29": "3216.54000", "2015-11-30": "3079.73800", "2015-08-31": "3363.54300", "2015-05-31": "3471.09400", "2015-02-28": "3038.25500", "2014-11-30": "2958.61400", "2014-08-31": "3135.85500", "2014-05-31": "3248.46500", "2014-02-28": "2692.14200", "2013-11-30": "2559.68600", "2013-08-31": "2810.80900", "2013-05-31": "2862.96100", "2013-02-28": "2458.71300", "2012-11-30": "2257.22700", "2012-08-31": "2390.01100", "2012-05-31": "2392.50500", "2012-02-29": "2137.67700", "2011-11-30": "1957.29500", "2011-08-31": "2233.54400", "2011-05-31": "2296.32200", "2011-02-28": "1931.98100", "2010-11-30": "1821.21900", "2010-08-31": "1992.76200", "2010-05-31": "1928.36400", "2010-02-28": "1568.02400", "2009-11-30": "1483.11400", "2009-08-31": "1762.12200", "2009-05-31": "1558.06300", "2009-02-28": "1240.21000", "2008-11-30": "1256.39600", "2008-08-31": "1583.14100", "2008-05-31": "1926.04900", "2008-02-29": "1787.48000", "2007-11-30": "1642.41700", "2007-08-31": "1834.33600", "2007-05-31": "1862.91300", "2007-02-28": "1641.99500", "2006-11-30": "1539.53800", "2006-08-31": "1676.17700", "2006-05-31": "1636.88400", "2006-02-28": "1416.57600", "2005-11-30": "1246.80700", "2005-08-31": "1425.26900", "2005-05-31": "1380.60100", "2005-02-28": "1221.73400"}, "Gross Profit": {"2020-11-30": "631.42970", "2020-08-31": "752.14310", "2020-05-31": "354.18290", "2020-02-29": "672.85740", "2019-11-30": "613.64700", "2019-08-31": "693.45310", "2019-05-31": "742.38280", "2019-02-28": "599.37740", "2018-11-30": "569.23710", "2018-08-31": "650.63620", "2018-05-31": "661.33980", "2018-02-28": "536.72610", "2017-11-30": "539.18800", "2017-08-31": "604.00510", "2017-05-31": "648.93800", "2017-02-28": "562.15870", "2016-11-30": "503.13500", "2016-08-31": "545.36210", "2016-05-31": "572.63720", "2016-02-29": "489.26460", "2015-11-30": "464.33110", "2015-08-31": "521.37010", "2015-05-31": "543.79390", "2015-02-28": "475.83690", "2014-11-30": "446.61990", "2014-08-31": "463.33910", "2014-05-31": "501.73100", "2014-02-28": "384.14090", "2013-11-30": "381.72090", "2013-08-31": "434.74290", "2013-05-31": "448.09590", "2013-02-28": "369.23540", "2012-11-30": "345.21900", "2012-08-31": "367.99290", "2012-05-31": "381.91500", "2012-02-29": "338.17160", "2011-11-30": "303.21890", "2011-08-31": "354.27510", "2011-05-31": "383.09500", "2011-02-28": "320.65140", "2010-11-30": "297.90990", "2010-08-31": "349.11790", "2010-05-31": "333.54810", "2010-02-28": "265.22090", "2009-11-30": "242.86300", "2009-08-31": "314.54900", "2009-05-31": "276.23710", "2009-02-28": "230.30730", "2008-11-30": "199.23600", "2008-08-31": "255.91300", "2008-05-31": "282.71400", "2008-02-29": "257.12710", "2007-11-30": "242.88310", "2007-08-31": "288.19400", "2007-05-31": "284.22110", "2007-02-28": "240.83260", "2006-11-30": "228.60900", "2006-08-31": "253.36500", "2006-05-31": "248.25500", "2006-02-28": "207.19800", "2005-11-30": "177.17300", "2005-08-31": "208.58400", "2005-05-31": "197.75900", "2005-02-28": "174.32080"}, "Research And Development Expenses": {"2020-11-30": "", "2020-08-31": "", "2020-05-31": "", "2020-02-29": "", "2019-11-30": "", "2019-08-31": "", "2019-05-31": "", "2019-02-28": "", "2018-11-30": "", "2018-08-31": "", "2018-05-31": "", "2018-02-28": "", "2017-11-30": "", "2017-08-31": "", "2017-05-31": "", "2017-02-28": "", "2016-11-30": "", "2016-08-31": "", "2016-05-31": "", "2016-02-29": "", "2015-11-30": "", "2015-08-31": "", "2015-05-31": "", "2015-02-28": "", "2014-11-30": "", "2014-08-31": "", "2014-05-31": "", "2014-02-28": "", "2013-11-30": "", "2013-08-31": "", "2013-05-31": "", "2013-02-28": "", "2012-11-30": "", "2012-08-31": "", "2012-05-31": "", "2012-02-29": "", "2011-11-30": "", "2011-08-31": "", "2011-05-31": "", "2011-02-28": "", "2010-11-30": "", "2010-08-31": "", "2010-05-31": "", "2010-02-28": "", "2009-11-30": "", "2009-08-31": "", "2009-05-31": "", "2009-02-28": "", "2008-11-30": "", "2008-08-31": "", "2008-05-31": "", "2008-02-29": "", "2007-11-30": "", "2007-08-31": "", "2007-05-31": "", "2007-02-28": "", "2006-11-30": "", "2006-08-31": "", "2006-05-31": "", "2006-02-28": "", "2005-11-30": "", "2005-08-31": "", "2005-05-31": "", "2005-02-28": ""}, "SG&A Expenses": {"2020-11-30": "478.79700", "2020-08-31": "490.20800", "2020-05-31": "373.71600", "2020-02-29": "484.72800", "2019-11-30": "484.84800", "2019-08-31": "480.83100", "2019-05-31": "489.66000", "2019-02-28": "428.96700", "2018-11-30": "409.52000", "2018-08-31": "453.55400", "2018-05-31": "438.23400", "2018-02-28": "408.81400", "2017-11-30": "399.67200", "2017-08-31": "405.06200", "2017-05-31": "403.50300", "2017-02-28": "385.41310", "2016-11-30": "356.73500", "2016-08-31": "366.12600", "2016-05-31": "380.23000", "2016-02-29": "333.86010", "2015-11-30": "337.51200", "2015-08-31": "330.78400", "2015-05-31": "349.77900", "2015-02-28": "330.00900", "2014-11-30": "316.63200", "2014-08-31": "297.63800", "2014-05-31": "313.44600", "2014-02-28": "297.45400", "2013-11-30": "284.36600", "2013-08-31": "283.20600", "2013-05-31": "290.18900", "2013-02-28": "265.47510", "2012-11-30": "257.28200", "2012-08-31": "254.67400", "2012-05-31": "253.60300", "2012-02-29": "243.47900", "2011-11-30": "225.76500", "2011-08-31": "229.88700", "2011-05-31": "241.65500", "2011-02-28": "207.17000", "2010-11-30": "219.70700", "2010-08-31": "225.23600", "2010-05-31": "226.69200", "2010-02-28": "175.71400", "2009-11-30": "192.14000", "2009-08-31": "218.12200", "2009-05-31": "206.22500", "2009-02-28": "196.74400", "2008-11-30": "217.48200", "2008-08-31": "225.14800", "2008-05-31": "242.98400", "2008-02-29": "219.85400", "2007-11-30": "210.50800", "2007-08-31": "214.19600", "2007-05-31": "213.81400", "2007-02-28": "201.83500", "2006-11-30": "187.31800", "2006-08-31": "200.04900", "2006-05-31": "186.96600", "2006-02-28": "171.85300", "2005-11-30": "167.35100", "2005-08-31": "171.40100", "2005-05-31": "163.76500", "2005-02-28": "162.69500"}, "Other Operating Income Or Expenses": {"2020-11-30": "176.44500", "2020-08-31": "147.19500", "2020-05-31": "50.95000", "2020-02-29": "111.90700", "2019-11-30": "114.03300", "2019-08-31": "114.13100", "2019-05-31": "115.95900", "2019-02-28": "103.70500", "2018-11-30": "109.72500", "2018-08-31": "109.66700", "2018-05-31": "115.59300", "2018-02-28": "101.07300", "2017-11-30": "102.81000", "2017-08-31": "107.93600", "2017-05-31": "109.36300", "2017-02-28": "82.89800", "2016-11-30": "89.35900", "2016-08-31": "95.96900", "2016-05-31": "100.75800", "2016-02-29": "92.33300", "2015-11-30": "92.31600", "2015-08-31": "98.27900", "2015-05-31": "109.10800", "2015-02-28": "90.38300", "2014-11-30": "89.72200", "2014-08-31": "92.57400", "2014-05-31": "94.61500", "2014-02-28": "80.82100", "2013-11-30": "83.90500", "2013-08-31": "84.42200", "2013-05-31": "87.01900", "2013-02-28": "75.95800", "2012-11-30": "72.45400", "2012-08-31": "75.67600", "2012-05-31": "75.17900", "2012-02-29": "66.07300", "2011-11-30": "62.62500", "2011-08-31": "63.82600", "2011-05-31": "69.66100", "2011-02-28": "54.13900", "2010-11-30": "55.74500", "2010-08-31": "52.60400", "2010-05-31": "57.49500", "2010-02-28": "58.91700", "2009-11-30": "65.80600", "2009-08-31": "72.13000", "2009-05-31": "-21.63600", "2009-02-28": "27.96800", "2008-11-30": "-15.36000", "2008-08-31": "-7.14100", "2008-05-31": "9.81900", "2008-02-29": "-0.96200", "2007-11-30": "16.34700", "2007-08-31": "33.41200", "2007-05-31": "37.06800", "2007-02-28": "31.74500", "2006-11-30": "31.97400", "2006-08-31": "36.51200", "2006-05-31": "32.39400", "2006-02-28": "25.46100", "2005-11-30": "27.97100", "2005-08-31": "23.82400", "2005-05-31": "27.07100", "2005-02-28": "19.65700"}, "Operating Expenses": {"2020-11-30": "4855.86600", "2020-08-31": "4963.03600", "2020-05-31": "3197.36500", "2020-02-29": "4662.45400", "2019-11-30": "4547.19600", "2019-08-31": "4874.39800", "2019-05-31": "4997.63600", "2019-02-28": "4044.48600", "2018-11-30": "4026.42900", "2018-08-31": "4459.28600", "2018-05-31": "4453.89300", "2018-02-28": "3855.23200", "2017-11-30": "3864.69100", "2017-08-31": "4079.76100", "2017-05-31": "4187.53600", "2017-02-28": "3790.31400", "2016-11-30": "3465.76500", "2016-08-31": "3722.04300", "2016-05-31": "3833.22100", "2016-02-29": "3458.06600", "2015-11-30": "3324.93400", "2015-08-31": "3596.04800", "2015-05-31": "3711.76500", "2015-02-28": "3277.88100", "2014-11-30": "3185.52400", "2014-08-31": "3340.91900", "2014-05-31": "3467.29600", "2014-02-28": "2908.77400", "2013-11-30": "2760.14700", "2013-08-31": "3009.59300", "2013-05-31": "3066.13100", "2013-02-28": "2648.23100", "2012-11-30": "2442.05500", "2012-08-31": "2569.00900", "2012-05-31": "2570.92900", "2012-02-29": "2315.08300", "2011-11-30": "2120.43500", "2011-08-31": "2399.60500", "2011-05-31": "2468.31600", "2011-02-28": "2085.01100", "2010-11-30": "1985.18100", "2010-08-31": "2165.39400", "2010-05-31": "2097.56100", "2010-02-28": "1684.82200", "2009-11-30": "1609.44800", "2009-08-31": "1908.11400", "2009-05-31": "1785.92400", "2009-02-28": "1408.98600", "2008-11-30": "1489.23800", "2008-08-31": "1815.43000", "2008-05-31": "2159.21400", "2008-02-29": "2008.29600", "2007-11-30": "1836.57800", "2007-08-31": "2015.12000", "2007-05-31": "2039.65900", "2007-02-28": "1812.08500", "2006-11-30": "1694.88200", "2006-08-31": "1839.71400", "2006-05-31": "1791.45600", "2006-02-28": "1562.96800", "2005-11-30": "1386.18700", "2005-08-31": "1572.84600", "2005-05-31": "1517.29500", "2005-02-28": "1364.77200"}, "Operating Income": {"2020-11-30": "329.07760", "2020-08-31": "409.12990", "2020-05-31": "31.41680", "2020-02-29": "300.03710", "2019-11-30": "242.83200", "2019-08-31": "326.75290", "2019-05-31": "368.68160", "2019-02-28": "274.11570", "2018-11-30": "269.44240", "2018-08-31": "306.74900", "2018-05-31": "338.69870", "2018-02-28": "228.98490", "2017-11-30": "242.32620", "2017-08-31": "306.87890", "2017-05-31": "354.79790", "2017-02-28": "259.64530", "2016-11-30": "235.75880", "2016-08-31": "275.20510", "2016-05-31": "293.16530", "2016-02-29": "247.73850", "2015-11-30": "219.13500", "2015-08-31": "288.86520", "2015-05-31": "303.12280", "2015-02-28": "236.21140", "2014-11-30": "219.70970", "2014-08-31": "258.27510", "2014-05-31": "282.89990", "2014-02-28": "167.50900", "2013-11-30": "181.26000", "2013-08-31": "235.95870", "2013-05-31": "244.92600", "2013-02-28": "179.71700", "2012-11-30": "160.39110", "2012-08-31": "188.99490", "2012-05-31": "203.49100", "2012-02-29": "160.76540", "2011-11-30": "140.07890", "2011-08-31": "188.21410", "2011-05-31": "211.10080", "2011-02-28": "167.62130", "2010-11-30": "133.94790", "2010-08-31": "176.48580", "2010-05-31": "164.35130", "2010-02-28": "148.42320", "2009-11-30": "116.52910", "2009-08-31": "168.55700", "2009-05-31": "48.37610", "2009-02-28": "61.53100", "2008-11-30": "-33.60600", "2008-08-31": "23.62400", "2008-05-31": "49.54910", "2008-02-29": "36.31170", "2007-11-30": "48.72210", "2007-08-31": "107.41000", "2007-05-31": "107.47500", "2007-02-28": "70.74230", "2006-11-30": "73.26500", "2006-08-31": "89.82800", "2006-05-31": "93.68300", "2006-02-28": "60.80600", "2005-11-30": "37.79300", "2005-08-31": "61.00700", "2005-05-31": "61.06510", "2005-02-28": "31.28260"}, "Total Non-Operating Income/Expense": {"2020-11-30": "-18.57500", "2020-08-31": "-20.78900", "2020-05-31": "-27.25300", "2020-02-29": "-23.40300", "2019-11-30": "-15.27300", "2019-08-31": "-21.21600", "2019-05-31": "-17.42500", "2019-02-28": "-18.28700", "2018-11-30": "-21.63400", "2018-08-31": "-17.26400", "2018-05-31": "-19.01500", "2018-02-28": "-18.86400", "2017-11-30": "-17.12600", "2017-08-31": "-16.64700", "2017-05-31": "-16.74500", "2017-02-28": "-17.33000", "2016-11-30": "-16.09800", "2016-08-31": "-13.46900", "2016-05-31": "-10.47200", "2016-02-29": "-21.55200", "2015-11-30": "-11.17800", "2015-08-31": "-9.04300", "2015-05-31": "-7.14400", "2015-02-28": "-3.37900", "2014-11-30": "-8.87400", "2014-08-31": "-7.63400", "2014-05-31": "-7.87800", "2014-02-28": "-7.80000", "2013-11-30": "-8.06000", "2013-08-31": "-8.83400", "2013-05-31": "-7.63700", "2013-02-28": "-7.56700", "2012-11-30": "-7.92600", "2012-08-31": "-7.89300", "2012-05-31": "-7.85800", "2012-02-29": "-8.00600", "2011-11-30": "-8.45300", "2011-08-31": "-8.35400", "2011-05-31": "-8.43700", "2011-02-28": "-32.29400", "2010-11-30": "-0.60300", "2010-08-31": "-1.31100", "2010-05-31": "0.00800", "2010-02-28": "-32.76400", "2009-11-30": "-0.62900", "2009-08-31": "-1.15800", "2009-05-31": "-0.88300", "2009-02-28": "-0.59300", "2008-11-30": "-0.79000", "2008-08-31": "-1.12300", "2008-05-31": "-1.79400", "2008-02-29": "-1.48700", "2007-11-30": "0.24100", "2007-08-31": "0.03500", "2007-05-31": "-1.63800", "2007-02-28": "-0.69400", "2006-11-30": "0.23900", "2006-08-31": "-2.03500", "2006-05-31": "-1.68000", "2006-02-28": "-1.65900", "2005-11-30": "-0.16800", "2005-08-31": "-0.18400", "2005-05-31": "-1.05900", "2005-02-28": "-1.91000"}, "Pre-Tax Income": {"2020-11-30": "310.50300", "2020-08-31": "388.34100", "2020-05-31": "4.16400", "2020-02-29": "276.63300", "2019-11-30": "227.55900", "2019-08-31": "305.53700", "2019-05-31": "351.25700", "2019-02-28": "255.82910", "2018-11-30": "247.80800", "2018-08-31": "289.48500", "2018-05-31": "319.68400", "2018-02-28": "210.12300", "2017-11-30": "225.20000", "2017-08-31": "290.23200", "2017-05-31": "338.05300", "2017-02-28": "242.31510", "2016-11-30": "219.66100", "2016-08-31": "261.73600", "2016-05-31": "282.69300", "2016-02-29": "226.18590", "2015-11-30": "207.95700", "2015-08-31": "279.82200", "2015-05-31": "295.97900", "2015-02-28": "232.83200", "2014-11-30": "210.83600", "2014-08-31": "250.64100", "2014-05-31": "275.02200", "2014-02-28": "159.70800", "2013-11-30": "173.20000", "2013-08-31": "227.12500", "2013-05-31": "237.28900", "2013-02-28": "172.15100", "2012-11-30": "152.46500", "2012-08-31": "181.10200", "2012-05-31": "195.63300", "2012-02-29": "152.75990", "2011-11-30": "131.62600", "2011-08-31": "179.86000", "2011-05-31": "202.66400", "2011-02-28": "135.32700", "2010-11-30": "133.34500", "2010-08-31": "175.17500", "2010-05-31": "164.35900", "2010-02-28": "115.66000", "2009-11-30": "115.90000", "2009-08-31": "167.39900", "2009-05-31": "47.49300", "2009-02-28": "60.93800", "2008-11-30": "-34.39600", "2008-08-31": "22.50100", "2008-05-31": "47.75500", "2008-02-29": "34.82400", "2007-11-30": "48.96300", "2007-08-31": "107.44500", "2007-05-31": "105.83700", "2007-02-28": "70.04900", "2006-11-30": "73.50400", "2006-08-31": "87.79300", "2006-05-31": "92.00300", "2006-02-28": "59.14700", "2005-11-30": "37.62500", "2005-08-31": "60.82300", "2005-05-31": "60.00600", "2005-02-28": "29.37200"}, "Income Taxes": {"2020-11-30": "75.20300", "2020-08-31": "91.64500", "2020-05-31": "-0.81400", "2020-02-29": "61.69900", "2019-11-30": "54.40300", "2019-08-31": "71.93800", "2019-05-31": "84.51300", "2019-02-28": "63.27300", "2018-11-30": "57.49700", "2018-08-31": "68.59500", "2018-05-31": "81.02800", "2018-02-28": "87.97700", "2017-11-30": "76.36000", "2017-08-31": "108.80800", "2017-05-31": "126.35100", "2017-02-28": "89.71200", "2016-11-30": "83.01600", "2016-08-31": "99.37400", "2016-05-31": "107.33300", "2016-02-29": "85.15900", "2015-11-30": "79.75800", "2015-08-31": "107.59400", "2015-05-31": "114.00500", "2015-02-28": "89.69400", "2014-11-30": "80.78700", "2014-08-31": "96.12300", "2014-05-31": "105.36900", "2014-02-28": "60.49900", "2013-11-30": "66.74800", "2013-08-31": "86.85100", "2013-05-31": "90.63800", "2013-02-28": "64.93000", "2012-11-30": "57.78400", "2012-08-31": "69.46600", "2012-05-31": "74.88700", "2012-02-29": "57.72900", "2011-11-30": "49.51600", "2011-08-31": "68.70600", "2011-05-31": "77.16400", "2011-02-28": "49.20000", "2010-11-30": "50.98100", "2010-08-31": "67.29000", "2010-05-31": "63.24000", "2010-02-28": "44.12400", "2009-11-30": "41.31100", "2009-08-31": "64.42800", "2009-05-31": "18.74500", "2009-02-28": "23.41500", "2008-11-30": "-12.52200", "2008-08-31": "8.49500", "2008-05-31": "18.19700", "2008-02-29": "12.99500", "2007-11-30": "19.11700", "2007-08-31": "42.45000", "2007-05-31": "40.48200", "2007-02-28": "27.91100", "2006-11-30": "28.08500", "2006-08-31": "33.52900", "2006-05-31": "35.22700", "2006-02-28": "22.47400", "2005-11-30": "14.69400", "2005-08-31": "23.18700", "2005-05-31": "23.02600", "2005-02-28": "11.29100"}, "Income After Taxes": {"2020-11-30": "235.30000", "2020-08-31": "296.69600", "2020-05-31": "4.97800", "2020-02-29": "214.93400", "2019-11-30": "173.15600", "2019-08-31": "233.59900", "2019-05-31": "266.74400", "2019-02-28": "192.55610", "2018-11-30": "190.31100", "2018-08-31": "220.89000", "2018-05-31": "238.65600", "2018-02-28": "122.14610", "2017-11-30": "148.84000", "2017-08-31": "181.42400", "2017-05-31": "211.70200", "2017-02-28": "152.60310", "2016-11-30": "136.64500", "2016-08-31": "162.36200", "2016-05-31": "175.36000", "2016-02-29": "141.02700", "2015-11-30": "128.19900", "2015-08-31": "172.22800", "2015-05-31": "181.97400", "2015-02-28": "143.13800", "2014-11-30": "130.04900", "2014-08-31": "154.51800", "2014-05-31": "169.65300", "2014-02-28": "99.20900", "2013-11-30": "106.45200", "2013-08-31": "140.27400", "2013-05-31": "146.65100", "2013-02-28": "107.22100", "2012-11-30": "94.68100", "2012-08-31": "111.63600", "2012-05-31": "120.74600", "2012-02-29": "95.03100", "2011-11-30": "82.11000", "2011-08-31": "111.15400", "2011-05-31": "125.50000", "2011-02-28": "86.12700", "2010-11-30": "82.36400", "2010-08-31": "107.88500", "2010-05-31": "101.11900", "2010-02-28": "71.53600", "2009-11-30": "74.58900", "2009-08-31": "102.97100", "2009-05-31": "28.74800", "2009-02-28": "37.52300", "2008-11-30": "-21.87400", "2008-08-31": "14.00600", "2008-05-31": "29.55800", "2008-02-29": "21.82900", "2007-11-30": "29.84600", "2007-08-31": "64.99500", "2007-05-31": "65.35500", "2007-02-28": "42.13800", "2006-11-30": "45.41900", "2006-08-31": "54.26400", "2006-05-31": "56.77600", "2006-02-28": "36.67300", "2005-11-30": "22.93100", "2005-08-31": "37.63600", "2005-05-31": "36.98000", "2005-02-28": "18.08100"}, "Other Income": {"2020-11-30": "", "2020-08-31": "", "2020-05-31": "", "2020-02-29": "", "2019-11-30": "", "2019-08-31": "", "2019-05-31": "", "2019-02-28": "", "2018-11-30": "", "2018-08-31": "", "2018-05-31": "", "2018-02-28": "", "2017-11-30": "", "2017-08-31": "", "2017-05-31": "", "2017-02-28": "", "2016-11-30": "", "2016-08-31": "", "2016-05-31": "", "2016-02-29": "", "2015-11-30": "", "2015-08-31": "", "2015-05-31": "", "2015-02-28": "", "2014-11-30": "", "2014-08-31": "", "2014-05-31": "", "2014-02-28": "", "2013-11-30": "", "2013-08-31": "", "2013-05-31": "", "2013-02-28": "", "2012-11-30": "", "2012-08-31": "", "2012-05-31": "", "2012-02-29": "", "2011-11-30": "", "2011-08-31": "", "2011-05-31": "", "2011-02-28": "", "2010-11-30": "", "2010-08-31": "", "2010-05-31": "", "2010-02-28": "", "2009-11-30": "", "2009-08-31": "", "2009-05-31": "", "2009-02-28": "", "2008-11-30": "", "2008-08-31": "", "2008-05-31": "", "2008-02-29": "", "2007-11-30": "", "2007-08-31": "", "2007-05-31": "", "2007-02-28": "", "2006-11-30": "", "2006-08-31": "", "2006-05-31": "", "2006-02-28": "", "2005-11-30": "", "2005-08-31": "", "2005-05-31": "", "2005-02-28": ""}, "Income From Continuous Operations": {"2020-11-30": "235.30000", "2020-08-31": "296.69600", "2020-05-31": "4.97800", "2020-02-29": "214.93400", "2019-11-30": "173.15600", "2019-08-31": "233.59900", "2019-05-31": "266.74400", "2019-02-28": "192.55610", "2018-11-30": "190.31100", "2018-08-31": "220.89000", "2018-05-31": "238.65600", "2018-02-28": "122.14610", "2017-11-30": "148.84000", "2017-08-31": "181.42400", "2017-05-31": "211.70200", "2017-02-28": "152.60310", "2016-11-30": "136.64500", "2016-08-31": "162.36200", "2016-05-31": "175.36000", "2016-02-29": "141.02700", "2015-11-30": "128.19900", "2015-08-31": "172.22800", "2015-05-31": "181.97400", "2015-02-28": "143.13800", "2014-11-30": "130.04900", "2014-08-31": "154.51800", "2014-05-31": "169.65300", "2014-02-28": "99.20900", "2013-11-30": "106.45200", "2013-08-31": "140.27400", "2013-05-31": "146.65100", "2013-02-28": "107.22100", "2012-11-30": "94.68100", "2012-08-31": "111.63600", "2012-05-31": "120.74600", "2012-02-29": "95.03100", "2011-11-30": "82.11000", "2011-08-31": "111.15400", "2011-05-31": "125.50000", "2011-02-28": "86.12700", "2010-11-30": "82.36400", "2010-08-31": "107.88500", "2010-05-31": "101.11900", "2010-02-28": "71.53600", "2009-11-30": "74.58900", "2009-08-31": "102.97100", "2009-05-31": "28.74800", "2009-02-28": "37.52300", "2008-11-30": "-21.87400", "2008-08-31": "14.00600", "2008-05-31": "29.55800", "2008-02-29": "21.82900", "2007-11-30": "29.84600", "2007-08-31": "64.99500", "2007-05-31": "65.35500", "2007-02-28": "42.13800", "2006-11-30": "45.41900", "2006-08-31": "54.26400", "2006-05-31": "56.77600", "2006-02-28": "36.67300", "2005-11-30": "22.93100", "2005-08-31": "37.63600", "2005-05-31": "36.98000", "2005-02-28": "18.08100"}, "Income From Discontinued Operations": {"2020-11-30": "", "2020-08-31": "", "2020-05-31": "", "2020-02-29": "", "2019-11-30": "", "2019-08-31": "", "2019-05-31": "", "2019-02-28": "", "2018-11-30": "", "2018-08-31": "", "2018-05-31": "", "2018-02-28": "", "2017-11-30": "", "2017-08-31": "", "2017-05-31": "", "2017-02-28": "", "2016-11-30": "", "2016-08-31": "", "2016-05-31": "", "2016-02-29": "", "2015-11-30": "", "2015-08-31": "", "2015-05-31": "", "2015-02-28": "", "2014-11-30": "", "2014-08-31": "", "2014-05-31": "", "2014-02-28": "", "2013-11-30": "", "2013-08-31": "", "2013-05-31": "", "2013-02-28": "", "2012-11-30": "", "2012-08-31": "", "2012-05-31": "", "2012-02-29": "", "2011-11-30": "", "2011-08-31": "", "2011-05-31": "", "2011-02-28": "", "2010-11-30": "", "2010-08-31": "", "2010-05-31": "", "2010-02-28": "", "2009-11-30": "", "2009-08-31": "", "2009-05-31": "", "2009-02-28": "", "2008-11-30": "", "2008-08-31": "", "2008-05-31": "", "2008-02-29": "", "2007-11-30": "", "2007-08-31": "", "2007-05-31": "", "2007-02-28": "", "2006-11-30": "", "2006-08-31": "", "2006-05-31": "", "2006-02-28": "", "2005-11-30": "", "2005-08-31": "", "2005-05-31": "", "2005-02-28": ""}, "Net Income": {"2020-11-30": "235.30000", "2020-08-31": "296.69600", "2020-05-31": "4.97800", "2020-02-29": "214.93400", "2019-11-30": "173.15600", "2019-08-31": "233.59900", "2019-05-31": "266.74400", "2019-02-28": "192.55600", "2018-11-30": "190.31100", "2018-08-31": "220.89000", "2018-05-31": "238.65600", "2018-02-28": "122.14600", "2017-11-30": "148.84000", "2017-08-31": "181.42400", "2017-05-31": "211.70200", "2017-02-28": "152.60300", "2016-11-30": "136.64500", "2016-08-31": "162.36200", "2016-05-31": "175.36000", "2016-02-29": "141.02700", "2015-11-30": "128.19900", "2015-08-31": "172.22800", "2015-05-31": "181.97400", "2015-02-28": "143.13800", "2014-11-30": "130.04900", "2014-08-31": "154.51800", "2014-05-31": "169.65300", "2014-02-28": "99.20900", "2013-11-30": "106.45200", "2013-08-31": "140.27400", "2013-05-31": "146.65100", "2013-02-28": "107.22100", "2012-11-30": "94.68100", "2012-08-31": "111.63600", "2012-05-31": "120.74600", "2012-02-29": "95.21900", "2011-11-30": "82.11000", "2011-08-31": "111.15400", "2011-05-31": "125.31200", "2011-02-28": "85.81200", "2010-11-30": "82.03400", "2010-08-31": "107.44300", "2010-05-31": "100.58300", "2010-02-28": "70.88500", "2009-11-30": "74.01500", "2009-08-31": "102.15600", "2009-05-31": "28.44400", "2009-02-28": "36.82000", "2008-11-30": "-21.87400", "2008-08-31": "14.00600", "2008-05-31": "29.55800", "2008-02-29": "20.41900", "2007-11-30": "29.84600", "2007-08-31": "64.99500", "2007-05-31": "65.35500", "2007-02-28": "42.13800", "2006-11-30": "45.41900", "2006-08-31": "54.26400", "2006-05-31": "56.77600", "2006-02-28": "36.67300", "2005-11-30": "22.93100", "2005-08-31": "37.63600", "2005-05-31": "36.98000", "2005-02-28": "18.08100"}, "EBITDA": {"2020-11-30": "390.60560", "2020-08-31": "469.75690", "2020-05-31": "89.75670", "2020-02-29": "357.62210", "2019-11-30": "297.59000", "2019-08-31": "378.71490", "2019-05-31": "420.18770", "2019-02-28": "320.75370", "2018-11-30": "314.74040", "2018-08-31": "351.71700", "2018-05-31": "384.04170", "2018-02-28": "275.75190", "2017-11-30": "287.42320", "2017-08-31": "351.06290", "2017-05-31": "398.69190", "2017-02-28": "302.86630", "2016-11-30": "278.39980", "2016-08-31": "317.41710", "2016-05-31": "333.96630", "2016-02-29": "284.59450", "2015-11-30": "254.45100", "2015-08-31": "321.98720", "2015-05-31": "335.18880", "2015-02-28": "266.39040", "2014-11-30": "248.93770", "2014-08-31": "286.69820", "2014-05-31": "310.24290", "2014-02-28": "195.43700", "2013-11-30": "206.08300", "2013-08-31": "260.78380", "2013-05-31": "269.26100", "2013-02-28": "204.27900", "2012-11-30": "184.67010", "2012-08-31": "212.45490", "2012-05-31": "226.47300", "2012-02-29": "182.88140", "2011-11-30": "161.32090", "2011-08-31": "208.03910", "2011-05-31": "230.72980", "2011-02-28": "200.28530", "2010-11-30": "148.55690", "2010-08-31": "191.10180", "2010-05-31": "178.78330", "2010-02-28": "179.70420", "2009-11-30": "130.89700", "2009-08-31": "183.10400", "2009-05-31": "63.40810", "2009-02-28": "74.89300", "2008-11-30": "-19.72100", "2008-08-31": "37.87000", "2008-05-31": "62.79710", "2008-02-29": "48.75870", "2007-11-30": "60.86400", "2007-08-31": "118.60100", "2007-05-31": "118.31000", "2007-02-28": "80.11630", "2006-11-30": "81.71500", "2006-08-31": "98.48000", "2006-05-31": "101.75800", "2006-02-28": "68.30500", "2005-11-30": "44.79200", "2005-08-31": "67.27500", "2005-05-31": "66.99110", "2005-02-28": "38.01460"}, "EBIT": {"2020-11-30": "329.07760", "2020-08-31": "409.12990", "2020-05-31": "31.41680", "2020-02-29": "300.03610", "2019-11-30": "242.83200", "2019-08-31": "326.75290", "2019-05-31": "368.68160", "2019-02-28": "274.11570", "2018-11-30": "269.44240", "2018-08-31": "306.74900", "2018-05-31": "338.69870", "2018-02-28": "228.98540", "2017-11-30": "242.32620", "2017-08-31": "306.87890", "2017-05-31": "354.79790", "2017-02-28": "259.64530", "2016-11-30": "235.75880", "2016-08-31": "275.20510", "2016-05-31": "293.16530", "2016-02-29": "247.73830", "2015-11-30": "219.13500", "2015-08-31": "288.86520", "2015-05-31": "303.12280", "2015-02-28": "236.21090", "2014-11-30": "219.70970", "2014-08-31": "258.27510", "2014-05-31": "282.89990", "2014-02-28": "167.50850", "2013-11-30": "181.26000", "2013-08-31": "235.95870", "2013-05-31": "244.92600", "2013-02-28": "179.71780", "2012-11-30": "160.39110", "2012-08-31": "188.99490", "2012-05-31": "203.49100", "2012-02-29": "160.76540", "2011-11-30": "140.07890", "2011-08-31": "188.21410", "2011-05-31": "211.10080", "2011-02-28": "167.62120", "2010-11-30": "133.94790", "2010-08-31": "176.48580", "2010-05-31": "164.35130", "2010-02-28": "148.42310", "2009-11-30": "116.52910", "2009-08-31": "168.55700", "2009-05-31": "48.37610", "2009-02-28": "61.53100", "2008-11-30": "-33.60600", "2008-08-31": "23.62400", "2008-05-31": "49.54910", "2008-02-29": "36.31140", "2007-11-30": "48.72210", "2007-08-31": "107.41000", "2007-05-31": "107.47500", "2007-02-28": "70.74260", "2006-11-30": "73.26500", "2006-08-31": "89.82800", "2006-05-31": "93.68300", "2006-02-28": "60.80590", "2005-11-30": "37.79300", "2005-08-31": "61.00700", "2005-05-31": "61.06510", "2005-02-28": "31.28220"}, "Basic Shares Outstanding": {"2020-11-30": "163.73200", "2020-08-31": "163.43400", "2020-05-31": "162.67300", "2020-02-29": "164.83600", "2019-11-30": "164.27300", "2019-08-31": "165.35400", "2019-05-31": "166.32400", "2019-02-28": "174.46300", "2018-11-30": "173.81600", "2018-08-31": "176.28400", "2018-05-31": "178.13900", "2018-02-28": "182.66000", "2017-11-30": "181.88800", "2017-08-31": "182.86800", "2017-05-31": "185.20000", "2017-02-28": "190.34300", "2016-11-30": "189.20000", "2016-08-31": "191.53900", "2016-05-31": "193.53100", "2016-02-29": "203.27500", "2015-11-30": "201.29100", "2015-08-31": "207.24900", "2015-05-31": "208.69800", "2015-02-28": "215.61700", "2014-11-30": "214.22800", "2014-08-31": "218.18000", "2014-05-31": "220.26800", "2014-02-28": "223.58900", "2013-11-30": "223.25900", "2013-08-31": "223.61000", "2013-05-31": "224.61800", "2013-02-28": "228.09500", "2012-11-30": "228.90400", "2012-08-31": "228.36600", "2012-05-31": "227.77300", "2012-02-29": "226.28200", "2011-11-30": "226.44600", "2011-08-31": "226.30000", "2011-05-31": "225.57000", "2011-02-28": "223.44900", "2010-11-30": "223.95300", "2010-08-31": "222.85700", "2010-05-31": "222.22100", "2010-02-28": "219.52700", "2009-11-30": "220.20400", "2009-08-31": "218.74700", "2009-05-31": "218.00400", "2009-02-28": "217.53700", "2008-11-30": "217.71200", "2008-08-31": "217.60000", "2008-05-31": "217.09400", "2008-02-29": "216.04500", "2007-11-30": "216.30100", "2007-08-31": "215.89100", "2007-05-31": "215.29300", "2007-02-28": "212.45400", "2006-11-30": "213.02200", "2006-08-31": "211.83100", "2006-05-31": "210.53000", "2006-02-28": "209.27000", "2005-11-30": "209.45400", "2005-08-31": "209.05600", "2005-05-31": "208.77400", "2005-02-28": "208.07200"}, "Shares Outstanding": {"2020-11-30": "165.77300", "2020-08-31": "165.62300", "2020-05-31": "163.53700", "2020-02-29": "166.82000", "2019-11-30": "166.53400", "2019-08-31": "167.27200", "2019-05-31": "167.64300", "2019-02-28": "175.88400", "2018-11-30": "175.32100", "2018-08-31": "178.20000", "2018-05-31": "179.42100", "2018-02-28": "184.47000", "2017-11-30": "184.03300", "2017-08-31": "184.69600", "2017-05-31": "186.85900", "2017-02-28": "192.21500", "2016-11-30": "190.81800", "2016-08-31": "193.62300", "2016-05-31": "195.25300", "2016-02-29": "205.54000", "2015-11-30": "203.38300", "2015-08-31": "209.64800", "2015-05-31": "211.65200", "2015-02-28": "218.69100", "2014-11-30": "217.02500", "2014-08-31": "221.07000", "2014-05-31": "223.63200", "2014-02-28": "227.58400", "2013-11-30": "227.41700", "2013-08-31": "227.63400", "2013-05-31": "228.55200", "2013-02-28": "231.82300", "2012-11-30": "232.65600", "2012-08-31": "231.69600", "2012-05-31": "231.80200", "2012-02-29": "230.72100", "2011-11-30": "230.63200", "2011-08-31": "230.68100", "2011-05-31": "230.27800", "2011-02-28": "227.60100", "2010-11-30": "228.47100", "2010-08-31": "226.13200", "2010-05-31": "226.17900", "2010-02-28": "222.23400", "2009-11-30": "223.87900", "2009-08-31": "221.33400", "2009-05-31": "218.84000", "2009-02-28": "219.35700", "2008-11-30": "217.71200", "2008-08-31": "219.95600", "2008-05-31": "220.48400", "2008-02-29": "219.96300", "2007-11-30": "220.55800", "2007-08-31": "220.58000", "2007-05-31": "220.13000", "2007-02-28": "216.73900", "2006-11-30": "217.76700", "2006-08-31": "215.30100", "2006-05-31": "214.11100", "2006-02-28": "212.84600", "2005-11-30": "213.01400", "2005-08-31": "212.59200", "2005-05-31": "211.96400", "2005-02-28": "211.29400"}, "Basic EPS": {"2020-11-30": "1.44000", "2020-08-31": "1.82000", "2020-05-31": "0.03000", "2020-02-29": "1.33000", "2019-11-30": "1.05000", "2019-08-31": "1.41000", "2019-05-31": "1.60000", "2019-02-28": "1.15000", "2018-11-30": "1.09000", "2018-08-31": "1.25000", "2018-05-31": "1.34000", "2018-02-28": "0.69000", "2017-11-30": "0.82000", "2017-08-31": "0.99000", "2017-05-31": "1.14000", "2017-02-28": "0.81000", "2016-11-30": "0.72000", "2016-08-31": "0.85000", "2016-05-31": "0.91000", "2016-02-29": "0.73000", "2015-11-30": "0.64000", "2015-08-31": "0.83000", "2015-05-31": "0.87000", "2015-02-28": "0.68000", "2014-11-30": "0.61000", "2014-08-31": "0.71000", "2014-05-31": "0.77000", "2014-02-28": "0.44000", "2013-11-30": "0.48000", "2013-08-31": "0.63000", "2013-05-31": "0.65000", "2013-02-28": "0.47000", "2012-11-30": "0.41000", "2012-08-31": "0.49000", "2012-05-31": "0.53000", "2012-02-29": "0.42000", "2011-11-30": "0.36000", "2011-08-31": "0.49000", "2011-05-31": "0.56000", "2011-02-28": "0.38000", "2010-11-30": "0.37000", "2010-08-31": "0.48000", "2010-05-31": "0.45000", "2010-02-28": "0.31000", "2009-11-30": "0.34000", "2009-08-31": "0.47000", "2009-05-31": "0.13000", "2009-02-28": "0.18000", "2008-11-30": "-0.10000", "2008-08-31": "0.06000", "2008-05-31": "0.13000", "2008-02-29": "0.10000", "2007-11-30": "0.14000", "2007-08-31": "0.30000", "2007-05-31": "0.30000", "2007-02-28": "0.19000", "2006-11-30": "0.21000", "2006-08-31": "0.26000", "2006-05-31": "0.27000", "2006-02-28": "0.17500", "2005-11-30": "0.11000", "2005-08-31": "0.18000", "2005-05-31": "0.17500", "2005-02-28": "0.09000"}, "EPS - Earnings Per Share": {"2020-11-30": "1.42000", "2020-08-31": "1.79000", "2020-05-31": "0.03000", "2020-02-29": "1.30000", "2019-11-30": "1.04000", "2019-08-31": "1.40000", "2019-05-31": "1.59000", "2019-02-28": "1.13000", "2018-11-30": "1.09000", "2018-08-31": "1.24000", "2018-05-31": "1.33000", "2018-02-28": "0.68000", "2017-11-30": "0.81000", "2017-08-31": "0.98000", "2017-05-31": "1.13000", "2017-02-28": "0.80000", "2016-11-30": "0.72000", "2016-08-31": "0.84000", "2016-05-31": "0.90000", "2016-02-29": "0.72000", "2015-11-30": "0.63000", "2015-08-31": "0.82000", "2015-05-31": "0.86000", "2015-02-28": "0.67000", "2014-11-30": "0.60000", "2014-08-31": "0.70000", "2014-05-31": "0.76000", "2014-02-28": "0.43000", "2013-11-30": "0.47000", "2013-08-31": "0.62000", "2013-05-31": "0.64000", "2013-02-28": "0.46000", "2012-11-30": "0.41000", "2012-08-31": "0.48000", "2012-05-31": "0.52000", "2012-02-29": "0.41000", "2011-11-30": "0.36000", "2011-08-31": "0.48000", "2011-05-31": "0.54000", "2011-02-28": "0.37000", "2010-11-30": "0.36000", "2010-08-31": "0.48000", "2010-05-31": "0.44000", "2010-02-28": "0.32000", "2009-11-30": "0.33000", "2009-08-31": "0.46000", "2009-05-31": "0.13000", "2009-02-28": "0.18000", "2008-11-30": "-0.10000", "2008-08-31": "0.06000", "2008-05-31": "0.13000", "2008-02-29": "0.09000", "2007-11-30": "0.14000", "2007-08-31": "0.29000", "2007-05-31": "0.30000", "2007-02-28": "0.19000", "2006-11-30": "0.21000", "2006-08-31": "0.25000", "2006-05-31": "0.27000", "2006-02-28": "0.17000", "2005-11-30": "0.11000", "2005-08-31": "0.17500", "2005-05-31": "0.17500", "2005-02-28": "0.09000"}}, "balance sheet": {"Cash On Hand": {"2020-02-29": "539.25400", "2019-02-28": "487.60700", "2018-02-28": "443.96700", "2017-02-28": "418.76900", "2016-02-29": "381.22300", "2015-02-28": "321.72800", "2014-02-28": "887.20000", "2013-02-28": "673.65100", "2012-02-29": "646.97200", "2011-02-28": "202.17300", "2010-02-28": "18.27800", "2009-02-28": "140.59700", "2008-02-29": "12.96500", "2007-02-28": "19.45500", "2006-02-28": "21.75900", "2005-02-28": "17.12400"}, "Receivables": {"2020-02-29": "191.09000", "2019-02-28": "139.85000", "2018-02-28": "133.32100", "2017-02-28": "152.38800", "2016-02-29": "132.17100", "2015-02-28": "137.69000", "2014-02-28": "79.92300", "2013-02-28": "91.96100", "2012-02-29": "86.43400", "2011-02-28": "119.59700", "2010-02-28": "651.81100", "2009-02-28": "424.13800", "2008-02-29": "343.98900", "2007-02-28": "273.71500", "2006-02-28": "234.92900", "2005-02-28": "224.13000"}, "Inventory": {"2020-02-29": "2846.41600", "2019-02-28": "2519.45500", "2018-02-28": "2390.69400", "2017-02-28": "2260.56300", "2016-02-29": "1932.02900", "2015-02-28": "2086.87400", "2014-02-28": "1641.42400", "2013-02-28": "1517.81300", "2012-02-29": "1092.59200", "2011-02-28": "1049.47700", "2010-02-28": "843.13300", "2009-02-28": "703.15700", "2008-02-29": "975.77700", "2007-02-28": "836.11600", "2006-02-28": "669.70000", "2005-02-28": "576.56700"}, "Pre-Paid Expenses": {"2020-02-29": "", "2019-02-28": "", "2018-02-28": "", "2017-02-28": "", "2016-02-29": "", "2015-02-28": "", "2014-02-28": "", "2013-02-28": "", "2012-02-29": "", "2011-02-28": "", "2010-02-28": "7.01700", "2009-02-28": "10.11200", "2008-02-29": "19.21000", "2007-02-28": "15.06800", "2006-02-28": "11.21100", "2005-02-28": "13.00800"}, "Other Current Assets": {"2020-02-29": "86.92700", "2019-02-28": "67.10100", "2018-02-28": "93.46200", "2017-02-28": "41.91000", "2016-02-29": "26.35800", "2015-02-28": "44.64600", "2014-02-28": "26.81100", "2013-02-28": "21.51300", "2012-02-29": "17.51200", "2011-02-28": "33.66000", "2010-02-28": "", "2009-02-28": "", "2008-02-29": "", "2007-02-28": "", "2006-02-28": "", "2005-02-28": ""}, "Total Current Assets": {"2020-02-29": "3663.68700", "2019-02-28": "3214.01300", "2018-02-28": "3061.44400", "2017-02-28": "2873.63000", "2016-02-29": "2471.78100", "2015-02-28": "2590.93800", "2014-02-28": "2643.22400", "2013-02-28": "2310.13100", "2012-02-29": "1853.44800", "2011-02-28": "1410.09800", "2010-02-28": "1556.41200", "2009-02-28": "1287.75200", "2008-02-29": "1356.92500", "2007-02-28": "1150.51600", "2006-02-28": "941.73800", "2005-02-28": "852.98100"}, "Property, Plant, And Equipment": {"2020-02-29": "3069.10200", "2019-02-28": "2828.05800", "2018-02-28": "2667.06100", "2017-02-28": "2518.39300", "2016-02-29": "2161.69800", "2015-02-28": "1862.53800", "2014-02-28": "1652.97700", "2013-02-28": "1428.97000", "2012-02-29": "1278.72200", "2011-02-28": "1175.31700", "2010-02-28": "893.45300", "2009-02-28": "938.25900", "2008-02-29": "862.49700", "2007-02-28": "651.85000", "2006-02-28": "499.29800", "2005-02-28": "406.30100"}, "Long-Term Investments": {"2020-02-29": "", "2019-02-28": "", "2018-02-28": "", "2017-02-28": "", "2016-02-29": "", "2015-02-28": "", "2014-02-28": "", "2013-02-28": "", "2012-02-29": "", "2011-02-28": "", "2010-02-28": "", "2009-02-28": "", "2008-02-29": "", "2007-02-28": "", "2006-02-28": "", "2005-02-28": ""}, "Goodwill And Intangible Assets": {"2020-02-29": "", "2019-02-28": "", "2018-02-28": "", "2017-02-28": "", "2016-02-29": "", "2015-02-28": "", "2014-02-28": "", "2013-02-28": "", "2012-02-29": "", "2011-02-28": "", "2010-02-28": "", "2009-02-28": "", "2008-02-29": "", "2007-02-28": "", "2006-02-28": "", "2005-02-28": ""}, "Other Long-Term Assets": {"2020-02-29": "258.74600", "2019-02-28": "185.96300", "2018-02-28": "158.80700", "2017-02-28": "140.29500", "2016-02-29": "127.67800", "2015-02-28": "133.48300", "2014-02-28": "110.90900", "2013-02-28": "107.70800", "2012-02-29": "106.39200", "2011-02-28": "95.87400", "2010-02-28": "49.09200", "2009-02-28": "50.01300", "2008-02-29": "46.67300", "2007-02-28": "43.03300", "2006-02-28": "44.00000", "2005-02-28": "33.73100"}, "Total Long-Term Assets": {"2020-02-29": "17418.49000", "2019-02-28": "15503.85000", "2018-02-28": "14424.83000", "2017-02-28": "13405.73000", "2016-02-29": "11988.13000", "2015-02-28": "10607.26000", "2014-02-28": "9063.93400", "2013-02-28": "7578.47100", "2012-02-29": "6478.09500", "2011-02-28": "5715.45100", "2010-02-28": "999.77900", "2009-02-28": "1091.43500", "2008-02-29": "976.23600", "2007-02-28": "735.05700", "2006-02-28": "567.87400", "2005-02-28": "440.03200"}, "Total Assets": {"2020-02-29": "21082.18000", "2019-02-28": "18717.87000", "2018-02-28": "17486.27000", "2017-02-28": "16279.36000", "2016-02-29": "14459.91000", "2015-02-28": "13198.20000", "2014-02-28": "11707.16000", "2013-02-28": "9888.60200", "2012-02-29": "8331.54300", "2011-02-28": "7125.54900", "2010-02-28": "2556.19100", "2009-02-28": "2379.18700", "2008-02-29": "2333.16100", "2007-02-28": "1885.57300", "2006-02-28": "1509.61200", "2005-02-28": "1293.01300"}, "Total Current Liabilities": {"2020-02-29": "1534.70700", "2019-02-28": "1311.50900", "2018-02-28": "1174.05800", "2017-02-28": "1105.78700", "2016-02-29": "1005.19300", "2015-02-28": "997.17300", "2014-02-28": "875.49700", "2013-02-28": "684.17300", "2012-02-29": "646.31300", "2011-02-28": "522.67100", "2010-02-28": "477.35100", "2009-02-28": "490.77000", "2008-02-29": "490.02400", "2007-02-28": "512.02200", "2006-02-28": "344.87000", "2005-02-28": "329.33100"}, "Long Term Debt": {"2020-02-29": "14944.06000", "2019-02-28": "13776.53000", "2018-02-28": "12752.81000", "2017-02-28": "11826.44000", "2016-02-29": "10320.66000", "2015-02-28": "8818.75000", "2014-02-28": "7340.43100", "2013-02-28": "6009.62700", "2012-02-29": "4863.31800", "2011-02-28": "4248.75900", "2010-02-28": "27.37100", "2009-02-28": "178.06200", "2008-02-29": "227.15300", "2007-02-28": "33.74400", "2006-02-28": "134.78700", "2005-02-28": "128.41900"}, "Other Non-Current Liabilities": {"2020-02-29": "393.87300", "2019-02-28": "272.79600", "2018-02-28": "242.55300", "2017-02-28": "238.55100", "2016-02-29": "229.27400", "2015-02-28": "225.49300", "2014-02-28": "174.23200", "2013-02-28": "175.63500", "2012-02-29": "148.80000", "2011-02-28": "114.87000", "2010-02-28": "", "2009-02-28": "", "2008-02-29": "", "2007-02-28": "", "2006-02-28": "", "2005-02-28": ""}, "Total Long Term Liabilities": {"2020-02-29": "15778.60000", "2019-02-28": "14049.33000", "2018-02-28": "12995.37000", "2017-02-28": "12064.99000", "2016-02-29": "10549.93000", "2015-02-28": "9044.24300", "2014-02-28": "7514.66300", "2013-02-28": "6185.26200", "2012-02-29": "5012.11800", "2011-02-28": "4363.62900", "2010-02-28": "145.25800", "2009-02-28": "295.35000", "2008-02-29": "354.21100", "2007-02-28": "126.17600", "2006-02-28": "184.63900", "2005-02-28": "162.70600"}, "Total Liabilities": {"2020-02-29": "17313.31000", "2019-02-28": "15360.84000", "2018-02-28": "14169.42000", "2017-02-28": "13170.78000", "2016-02-29": "11555.13000", "2015-02-28": "10041.42000", "2014-02-28": "8390.16000", "2013-02-28": "6869.43500", "2012-02-29": "5658.43100", "2011-02-28": "4886.30000", "2010-02-28": "622.60900", "2009-02-28": "786.12000", "2008-02-29": "844.23500", "2007-02-28": "638.19800", "2006-02-28": "529.50900", "2005-02-28": "492.03700"}, "Common Stock Net": {"2020-02-29": "81.54100", "2019-02-28": "83.73900", "2018-02-28": "89.87400", "2017-02-28": "93.27400", "2016-02-29": "97.35600", "2015-02-28": "104.43500", "2014-02-28": "110.84300", "2013-02-28": "112.95300", "2012-02-29": "113.55900", "2011-02-28": "112.94300", "2010-02-28": "111.53300", "2009-02-28": "110.19600", "2008-02-29": "109.30800", "2007-02-28": "108.01400", "2006-02-28": "104.95400", "2005-02-28": "52.15200"}, "Retained Earnings (Accumulated Deficit)": {"2020-02-29": "2488.41700", "2019-02-28": "2104.14600", "2018-02-28": "2047.24000", "2017-02-28": "1883.28300", "2016-02-29": "1746.80400", "2015-02-28": "1994.22100", "2014-02-28": "2214.21600", "2013-02-28": "1993.77200", "2012-02-29": "1744.51900", "2011-02-28": "1330.72400", "2010-02-28": "1095.46100", "2009-02-28": "813.79300", "2008-02-29": "754.58000", "2007-02-28": "572.14700", "2006-02-28": "373.55000", "2005-02-28": "259.66000"}, "Comprehensive Income": {"2020-02-29": "-150.07100", "2019-02-28": "-68.01000", "2018-02-28": "-54.31200", "2017-02-28": "-56.55500", "2016-02-29": "-70.19600", "2015-02-28": "-65.39100", "2014-02-28": "-46.27100", "2013-02-28": "-59.80800", "2012-02-29": "-62.45900", "2011-02-28": "-25.05700", "2010-02-28": "-19.54600", "2009-02-28": "-16.86000", "2008-02-29": "-16.72800", "2007-02-28": "-20.33200", "2006-02-28": "", "2005-02-28": ""}, "Other Share Holders Equity": {"2020-02-29": "", "2019-02-28": "", "2018-02-28": "", "2017-02-28": "", "2016-02-29": "", "2015-02-28": "", "2014-02-28": "", "2013-02-28": "", "2012-02-29": "", "2011-02-28": "", "2010-02-28": "", "2009-02-28": "", "2008-02-29": "", "2007-02-28": "", "2006-02-28": "", "2005-02-28": ""}, "Share Holder Equity": {"2020-02-29": "3768.87500", "2019-02-28": "3357.02800", "2018-02-28": "3316.84900", "2017-02-28": "3108.58000", "2016-02-29": "2904.78600", "2015-02-28": "3156.78500", "2014-02-28": "3316.99700", "2013-02-28": "3019.16700", "2012-02-29": "2673.11200", "2011-02-28": "2239.24900", "2010-02-28": "1933.58200", "2009-02-28": "1593.06700", "2008-02-29": "1488.92600", "2007-02-28": "1247.37500", "2006-02-28": "980.10300", "2005-02-28": "800.97600"}, "Total Liabilities And Share Holders Equity": {"2020-02-29": "21082.18000", "2019-02-28": "18717.87000", "2018-02-28": "17486.27000", "2017-02-28": "16279.36000", "2016-02-29": "14459.91000", "2015-02-28": "13198.20000", "2014-02-28": "11707.16000", "2013-02-28": "9888.60200", "2012-02-29": "8331.54300", "2011-02-28": "7125.54900", "2010-02-28": "2556.19100", "2009-02-28": "2379.18700", "2008-02-29": "2333.16100", "2007-02-28": "1885.57300", "2006-02-28": "1509.61200", "2005-02-28": "1293.01300"}}, "balance sheet, quarterly": {"Cash On Hand": {"2020-11-30": "729.25300", "2020-08-31": "1232.43700", "2020-05-31": "1138.58700", "2020-02-29": "539.25400", "2019-11-30": "515.07600", "2019-08-31": "524.11100", "2019-05-31": "521.63300", "2019-02-28": "487.60700", "2018-11-30": "461.66200", "2018-08-31": "484.78900", "2018-05-31": "507.75500", "2018-02-28": "443.96700", "2017-11-30": "415.23200", "2017-08-31": "430.04100", "2017-05-31": "445.77200", "2017-02-28": "418.76900", "2016-11-30": "380.75300", "2016-08-31": "696.69400", "2016-05-31": "416.73100", "2016-02-29": "381.22300", "2015-11-30": "349.53200", "2015-08-31": "435.55200", "2015-05-31": "679.75200", "2015-02-28": "321.72800", "2014-11-30": "465.59800", "2014-08-31": "651.66800", "2014-05-31": "822.84400", "2014-02-28": "887.20000", "2013-11-30": "911.55300", "2013-08-31": "1001.37200", "2013-05-31": "965.98210", "2013-02-28": "673.65100", "2012-11-30": "649.47000", "2012-08-31": "663.29800", "2012-05-31": "638.72900", "2012-02-29": "646.97200", "2011-11-30": "557.80300", "2011-08-31": "336.85700", "2011-05-31": "326.09900", "2011-02-28": "202.17300", "2010-11-30": "240.17600", "2010-08-31": "221.73700", "2010-05-31": "160.72400", "2010-02-28": "18.27800", "2009-11-30": "15.21200", "2009-08-31": "122.34700", "2009-05-31": "133.58000", "2009-02-28": "140.59700", "2008-11-30": "138.14400", "2008-08-31": "10.91700", "2008-05-31": "11.89100", "2008-02-29": "12.96500", "2007-11-30": "8.38000", "2007-08-31": "7.58900", "2007-05-31": "22.02900", "2007-02-28": "19.45500", "2006-11-30": "12.35200", "2006-08-31": "23.78100", "2006-05-31": "26.04300", "2006-02-28": "21.75900", "2005-11-30": "34.97700", "2005-08-31": "53.80000", "2005-05-31": "33.51800", "2005-02-28": "17.12400"}, "Receivables": {"2020-11-30": "168.97900", "2020-08-31": "203.15500", "2020-05-31": "145.01800", "2020-02-29": "191.09000", "2019-11-30": "142.73700", "2019-08-31": "141.09100", "2019-05-31": "133.87900", "2019-02-28": "139.85000", "2018-11-30": "111.15600", "2018-08-31": "104.88300", "2018-05-31": "101.35100", "2018-02-28": "133.32100", "2017-11-30": "95.84100", "2017-08-31": "99.73300", "2017-05-31": "104.74500", "2017-02-28": "152.38800", "2016-11-30": "92.00300", "2016-08-31": "94.57700", "2016-05-31": "102.54100", "2016-02-29": "132.17100", "2015-11-30": "88.53000", "2015-08-31": "100.83200", "2015-05-31": "103.66300", "2015-02-28": "137.69000", "2014-11-30": "88.18000", "2014-08-31": "108.85900", "2014-05-31": "97.81000", "2014-02-28": "79.92300", "2013-11-30": "68.02700", "2013-08-31": "85.54900", "2013-05-31": "70.45200", "2013-02-28": "91.96100", "2012-11-30": "62.66000", "2012-08-31": "70.42600", "2012-05-31": "65.70500", "2012-02-29": "86.43400", "2011-11-30": "54.52200", "2011-08-31": "64.84900", "2011-05-31": "85.05800", "2011-02-28": "119.59700", "2010-11-30": "66.04500", "2010-08-31": "65.98200", "2010-05-31": "84.89800", "2010-02-28": "651.81100", "2009-11-30": "589.59700", "2009-08-31": "565.23000", "2009-05-31": "507.99200", "2009-02-28": "424.13800", "2008-11-30": "360.81100", "2008-08-31": "370.17600", "2008-05-31": "344.00600", "2008-02-29": "343.98900", "2007-11-30": "286.43100", "2007-08-31": "280.49900", "2007-05-31": "290.26100", "2007-02-28": "273.71500", "2006-11-30": "255.68600", "2006-08-31": "256.51000", "2006-05-31": "238.29900", "2006-02-28": "234.92900", "2005-11-30": "214.54600", "2005-08-31": "219.82100", "2005-05-31": "224.33300", "2005-02-28": "224.13000"}, "Inventory": {"2020-11-30": "2780.20500", "2020-08-31": "2824.95900", "2020-05-31": "1899.43000", "2020-02-29": "2846.41600", "2019-11-30": "2682.57400", "2019-08-31": "2604.75000", "2019-05-31": "2551.14300", "2019-02-28": "2519.45500", "2018-11-30": "2424.70000", "2018-08-31": "2357.35500", "2018-05-31": "2260.02900", "2018-02-28": "2390.69400", "2017-11-30": "2440.55100", "2017-08-31": "2231.76900", "2017-05-31": "2148.24700", "2017-02-28": "2260.56300", "2016-11-30": "2170.17500", "2016-08-31": "1918.80300", "2016-05-31": "1864.99100", "2016-02-29": "1932.02900", "2015-11-30": "2153.27000", "2015-08-31": "1911.54900", "2015-05-31": "1844.07700", "2015-02-28": "2086.87400", "2014-11-30": "1964.67300", "2014-08-31": "1708.95500", "2014-05-31": "1681.80000", "2014-02-28": "1641.42400", "2013-11-30": "1556.27700", "2013-08-31": "1364.01600", "2013-05-31": "1398.20000", "2013-02-28": "1517.81300", "2012-11-30": "1339.04400", "2012-08-31": "1198.01300", "2012-05-31": "1210.19600", "2012-02-29": "1092.59200", "2011-11-30": "1013.18300", "2011-08-31": "1061.30900", "2011-05-31": "1116.34100", "2011-02-28": "1049.47700", "2010-11-30": "1002.98200", "2010-08-31": "929.17000", "2010-05-31": "894.66500", "2010-02-28": "843.13300", "2009-11-30": "751.29700", "2009-08-31": "790.08100", "2009-05-31": "781.08500", "2009-02-28": "703.15700", "2008-11-30": "601.50600", "2008-08-31": "736.13100", "2008-05-31": "933.95700", "2008-02-29": "975.77700", "2007-11-30": "892.22800", "2007-08-31": "820.17100", "2007-05-31": "863.51100", "2007-02-28": "836.11600", "2006-11-30": "760.81600", "2006-08-31": "734.36400", "2006-05-31": "738.70500", "2006-02-28": "669.70000", "2005-11-30": "606.36600", "2005-08-31": "585.24800", "2005-05-31": "583.28900", "2005-02-28": "576.56700"}, "Pre-Paid Expenses": {"2020-11-30": "", "2020-08-31": "", "2020-05-31": "", "2020-02-29": "", "2019-11-30": "", "2019-08-31": "", "2019-05-31": "", "2019-02-28": "", "2018-11-30": "", "2018-08-31": "", "2018-05-31": "", "2018-02-28": "", "2017-11-30": "", "2017-08-31": "", "2017-05-31": "", "2017-02-28": "", "2016-11-30": "", "2016-08-31": "", "2016-05-31": "", "2016-02-29": "", "2015-11-30": "", "2015-08-31": "", "2015-05-31": "", "2015-02-28": "", "2014-11-30": "", "2014-08-31": "", "2014-05-31": "", "2014-02-28": "", "2013-11-30": "", "2013-08-31": "", "2013-05-31": "", "2013-02-28": "", "2012-11-30": "24.87500", "2012-08-31": "22.10600", "2012-05-31": "10.25800", "2012-02-29": "", "2011-11-30": "9.80600", "2011-08-31": "", "2011-05-31": "", "2011-02-28": "", "2010-11-30": "", "2010-08-31": "", "2010-05-31": "7.63000", "2010-02-28": "7.01700", "2009-11-30": "10.32800", "2009-08-31": "10.19300", "2009-05-31": "8.30800", "2009-02-28": "10.11200", "2008-11-30": "8.88500", "2008-08-31": "15.05000", "2008-05-31": "23.32400", "2008-02-29": "19.21000", "2007-11-30": "20.49800", "2007-08-31": "19.99300", "2007-05-31": "11.11600", "2007-02-28": "15.06800", "2006-11-30": "13.95500", "2006-08-31": "12.07100", "2006-05-31": "12.12300", "2006-02-28": "11.21100", "2005-11-30": "11.38100", "2005-08-31": "8.41800", "2005-05-31": "4.97500", "2005-02-28": "13.00800"}, "Other Current Assets": {"2020-11-30": "58.66000", "2020-08-31": "67.30800", "2020-05-31": "100.69600", "2020-02-29": "86.92700", "2019-11-30": "109.85700", "2019-08-31": "114.98700", "2019-05-31": "77.09000", "2019-02-28": "67.10100", "2018-11-30": "59.90100", "2018-08-31": "75.06000", "2018-05-31": "88.35900", "2018-02-28": "93.46200", "2017-11-30": "53.29900", "2017-08-31": "41.79200", "2017-05-31": "35.78000", "2017-02-28": "41.91000", "2016-11-30": "41.34700", "2016-08-31": "45.27300", "2016-05-31": "32.31700", "2016-02-29": "26.35800", "2015-11-30": "32.67300", "2015-08-31": "45.45900", "2015-05-31": "29.08800", "2015-02-28": "44.64600", "2014-11-30": "48.43300", "2014-08-31": "38.68500", "2014-05-31": "26.20200", "2014-02-28": "26.81100", "2013-11-30": "20.28600", "2013-08-31": "26.17300", "2013-05-31": "15.40200", "2013-02-28": "21.51300", "2012-11-30": "", "2012-08-31": "", "2012-05-31": "", "2012-02-29": "17.51200", "2011-11-30": "", "2011-08-31": "21.76200", "2011-05-31": "9.18700", "2011-02-28": "33.66000", "2010-11-30": "20.03100", "2010-08-31": "8.85400", "2010-05-31": "", "2010-02-28": "", "2009-11-30": "", "2009-08-31": "", "2009-05-31": "", "2009-02-28": "", "2008-11-30": "", "2008-08-31": "", "2008-05-31": "", "2008-02-29": "", "2007-11-30": "", "2007-08-31": "", "2007-05-31": "", "2007-02-28": "", "2006-11-30": "", "2006-08-31": "", "2006-05-31": "", "2006-02-28": "", "2005-11-30": "", "2005-08-31": "", "2005-05-31": "", "2005-02-28": ""}, "Total Current Assets": {"2020-11-30": "3737.09700", "2020-08-31": "4327.85900", "2020-05-31": "3283.73100", "2020-02-29": "3663.68700", "2019-11-30": "3450.24400", "2019-08-31": "3384.93900", "2019-05-31": "3283.74500", "2019-02-28": "3214.01300", "2018-11-30": "3057.41900", "2018-08-31": "3022.08700", "2018-05-31": "2957.49400", "2018-02-28": "3061.44400", "2017-11-30": "3004.92300", "2017-08-31": "2803.33500", "2017-05-31": "2734.54400", "2017-02-28": "2873.63000", "2016-11-30": "2684.27800", "2016-08-31": "2755.34700", "2016-05-31": "2416.58000", "2016-02-29": "2471.78100", "2015-11-30": "2634.88300", "2015-08-31": "2503.72500", "2015-05-31": "2665.82500", "2015-02-28": "2590.93800", "2014-11-30": "2573.25200", "2014-08-31": "2516.44200", "2014-05-31": "2636.73600", "2014-02-28": "2643.22400", "2013-11-30": "2558.79400", "2013-08-31": "2481.41000", "2013-05-31": "2454.77300", "2013-02-28": "2310.13100", "2012-11-30": "2085.36400", "2012-08-31": "1961.54800", "2012-05-31": "1931.00700", "2012-02-29": "1853.44800", "2011-11-30": "1648.39900", "2011-08-31": "1495.81900", "2011-05-31": "1540.95300", "2011-02-28": "1410.09800", "2010-11-30": "1337.50000", "2010-08-31": "1234.57200", "2010-05-31": "1155.75800", "2010-02-28": "1556.41200", "2009-11-30": "1392.34100", "2009-08-31": "1521.58200", "2009-05-31": "1453.50400", "2009-02-28": "1287.75200", "2008-11-30": "1130.25600", "2008-08-31": "1163.31100", "2008-05-31": "1323.18700", "2008-02-29": "1356.92500", "2007-11-30": "1212.23700", "2007-08-31": "1132.71600", "2007-05-31": "1188.32700", "2007-02-28": "1150.51600", "2006-11-30": "1045.95400", "2006-08-31": "1030.74500", "2006-05-31": "1027.00400", "2006-02-28": "941.73800", "2005-11-30": "868.79700", "2005-08-31": "869.64700", "2005-05-31": "881.67400", "2005-02-28": "852.98100"}, "Property, Plant, And Equipment": {"2020-11-30": "3043.34500", "2020-08-31": "3044.77300", "2020-05-31": "3064.73800", "2020-02-29": "3069.10200", "2019-11-30": "3036.66300", "2019-08-31": "2981.26000", "2019-05-31": "2926.59200", "2019-02-28": "2828.05800", "2018-11-30": "2800.05100", "2018-08-31": "2766.90200", "2018-05-31": "2714.49500", "2018-02-28": "2667.06100", "2017-11-30": "2634.44200", "2017-08-31": "2602.32300", "2017-05-31": "2557.50600", "2017-02-28": "2518.39300", "2016-11-30": "2449.34300", "2016-08-31": "2326.17800", "2016-05-31": "2234.38500", "2016-02-29": "2161.69800", "2015-11-30": "2105.80700", "2015-08-31": "2016.52000", "2015-05-31": "1896.34800", "2015-02-28": "1862.53800", "2014-11-30": "1833.60000", "2014-08-31": "1753.99200", "2014-05-31": "1696.94000", "2014-02-28": "1652.97700", "2013-11-30": "1588.63300", "2013-08-31": "1535.43100", "2013-05-31": "1444.12800", "2013-02-28": "1428.97000", "2012-11-30": "1411.58800", "2012-08-31": "1347.31300", "2012-05-31": "1305.46200", "2012-02-29": "1278.72200", "2011-11-30": "988.30000", "2011-08-31": "976.90100", "2011-05-31": "949.62300", "2011-02-28": "1175.31700", "2010-11-30": "893.42100", "2010-08-31": "880.19700", "2010-05-31": "886.65200", "2010-02-28": "893.45300", "2009-11-30": "905.56400", "2009-08-31": "916.16200", "2009-05-31": "922.95000", "2009-02-28": "938.25900", "2008-11-30": "948.10600", "2008-08-31": "960.52400", "2008-05-31": "926.34800", "2008-02-29": "862.49700", "2007-11-30": "804.54500", "2007-08-31": "755.27600", "2007-05-31": "702.43100", "2007-02-28": "651.85000", "2006-11-30": "585.10900", "2006-08-31": "533.33500", "2006-05-31": "516.30500", "2006-02-28": "499.29800", "2005-11-30": "465.99000", "2005-08-31": "434.83500", "2005-05-31": "439.09100", "2005-02-28": "406.30100"}, "Long-Term Investments": {"2020-11-30": "", "2020-08-31": "", "2020-05-31": "", "2020-02-29": "", "2019-11-30": "", "2019-08-31": "", "2019-05-31": "", "2019-02-28": "", "2018-11-30": "", "2018-08-31": "", "2018-05-31": "", "2018-02-28": "", "2017-11-30": "", "2017-08-31": "", "2017-05-31": "", "2017-02-28": "", "2016-11-30": "", "2016-08-31": "", "2016-05-31": "", "2016-02-29": "", "2015-11-30": "", "2015-08-31": "", "2015-05-31": "", "2015-02-28": "", "2014-11-30": "", "2014-08-31": "", "2014-05-31": "", "2014-02-28": "", "2013-11-30": "", "2013-08-31": "", "2013-05-31": "", "2013-02-28": "", "2012-11-30": "", "2012-08-31": "", "2012-05-31": "", "2012-02-29": "", "2011-11-30": "", "2011-08-31": "", "2011-05-31": "", "2011-02-28": "", "2010-11-30": "", "2010-08-31": "", "2010-05-31": "", "2010-02-28": "", "2009-11-30": "", "2009-08-31": "", "2009-05-31": "", "2009-02-28": "", "2008-11-30": "", "2008-08-31": "", "2008-05-31": "", "2008-02-29": "", "2007-11-30": "", "2007-08-31": "", "2007-05-31": "", "2007-02-28": "", "2006-11-30": "", "2006-08-31": "", "2006-05-31": "", "2006-02-28": "", "2005-11-30": "", "2005-08-31": "", "2005-05-31": "", "2005-02-28": ""}, "Goodwill And Intangible Assets": {"2020-11-30": "", "2020-08-31": "", "2020-05-31": "", "2020-02-29": "", "2019-11-30": "", "2019-08-31": "", "2019-05-31": "", "2019-02-28": "", "2018-11-30": "", "2018-08-31": "", "2018-05-31": "", "2018-02-28": "", "2017-11-30": "", "2017-08-31": "", "2017-05-31": "", "2017-02-28": "", "2016-11-30": "", "2016-08-31": "", "2016-05-31": "", "2016-02-29": "", "2015-11-30": "", "2015-08-31": "", "2015-05-31": "", "2015-02-28": "", "2014-11-30": "", "2014-08-31": "", "2014-05-31": "", "2014-02-28": "", "2013-11-30": "", "2013-08-31": "", "2013-05-31": "", "2013-02-28": "", "2012-11-30": "", "2012-08-31": "", "2012-05-31": "", "2012-02-29": "", "2011-11-30": "", "2011-08-31": "", "2011-05-31": "", "2011-02-28": "", "2010-11-30": "", "2010-08-31": "", "2010-05-31": "", "2010-02-28": "", "2009-11-30": "", "2009-08-31": "", "2009-05-31": "", "2009-02-28": "", "2008-11-30": "", "2008-08-31": "", "2008-05-31": "", "2008-02-29": "", "2007-11-30": "", "2007-08-31": "", "2007-05-31": "", "2007-02-28": "", "2006-11-30": "", "2006-08-31": "", "2006-05-31": "", "2006-02-28": "", "2005-11-30": "", "2005-08-31": "", "2005-05-31": "", "2005-02-28": ""}, "Other Long-Term Assets": {"2020-11-30": "286.75900", "2020-08-31": "282.66100", "2020-05-31": "266.69700", "2020-02-29": "258.74600", "2019-11-30": "201.79900", "2019-08-31": "185.59900", "2019-05-31": "203.79400", "2019-02-28": "185.96300", "2018-11-30": "182.17900", "2018-08-31": "190.70700", "2018-05-31": "185.93500", "2018-02-28": "158.80700", "2017-11-30": "154.05100", "2017-08-31": "147.06100", "2017-05-31": "145.53000", "2017-02-28": "140.29500", "2016-11-30": "137.13300", "2016-08-31": "138.58900", "2016-05-31": "133.26600", "2016-02-29": "127.67800", "2015-11-30": "148.10300", "2015-08-31": "149.13900", "2015-05-31": "138.89500", "2015-02-28": "133.48300", "2014-11-30": "131.43600", "2014-08-31": "128.03600", "2014-05-31": "116.71400", "2014-02-28": "110.90900", "2013-11-30": "112.85600", "2013-08-31": "104.78100", "2013-05-31": "102.94900", "2013-02-28": "107.70800", "2012-11-30": "101.12500", "2012-08-31": "103.59300", "2012-05-31": "98.94800", "2012-02-29": "106.39200", "2011-11-30": "101.19300", "2011-08-31": "98.73000", "2011-05-31": "99.25000", "2011-02-28": "95.87400", "2010-11-30": "94.79900", "2010-08-31": "99.26600", "2010-05-31": "97.85100", "2010-02-28": "49.09200", "2009-11-30": "48.71900", "2009-08-31": "48.85700", "2009-05-31": "49.40300", "2009-02-28": "50.01300", "2008-11-30": "50.50500", "2008-08-31": "50.89700", "2008-05-31": "47.18600", "2008-02-29": "46.67300", "2007-11-30": "47.00300", "2007-08-31": "47.33100", "2007-05-31": "42.69800", "2007-02-28": "43.03300", "2006-11-30": "47.81700", "2006-08-31": "43.85600", "2006-05-31": "44.21800", "2006-02-28": "44.00000", "2005-11-30": "26.48400", "2005-08-31": "26.78700", "2005-05-31": "21.73200", "2005-02-28": "33.73100"}, "Total Long-Term Assets": {"2020-11-30": "17195.75000", "2020-08-31": "16918.45000", "2020-05-31": "16688.80000", "2020-02-29": "17418.49000", "2019-11-30": "17036.99000", "2019-08-31": "16755.31000", "2019-05-31": "16430.73000", "2019-02-28": "15503.85000", "2018-11-30": "15339.39000", "2018-08-31": "15154.42000", "2018-05-31": "14798.67000", "2018-02-28": "14424.83000", "2017-11-30": "14298.49000", "2017-08-31": "14072.40000", "2017-05-31": "13741.14000", "2017-02-28": "13405.73000", "2016-11-30": "13075.79000", "2016-08-31": "12748.98000", "2016-05-31": "12373.35000", "2016-02-29": "11988.13000", "2015-11-30": "11746.28000", "2015-08-31": "11448.84000", "2015-05-31": "11004.85000", "2015-02-28": "10607.26000", "2014-11-30": "10270.15000", "2014-08-31": "9883.47100", "2014-05-31": "9512.22500", "2014-02-28": "9063.93400", "2013-11-30": "8745.08200", "2013-08-31": "8452.36400", "2013-05-31": "7995.68100", "2013-02-28": "7578.47100", "2012-11-30": "7212.31900", "2012-08-31": "6909.89200", "2012-05-31": "6667.15600", "2012-02-29": "6478.09500", "2011-11-30": "5985.00200", "2011-08-31": "5863.15600", "2011-05-31": "5619.07800", "2011-02-28": "5715.45100", "2010-11-30": "5357.89200", "2010-08-31": "5342.60700", "2010-05-31": "5216.19200", "2010-02-28": "999.77900", "2009-11-30": "1017.92600", "2009-08-31": "1065.71800", "2009-05-31": "1097.17200", "2009-02-28": "1091.43500", "2008-11-30": "1087.92600", "2008-08-31": "1100.84100", "2008-05-31": "1052.88600", "2008-02-29": "976.23600", "2007-11-30": "897.15500", "2007-08-31": "845.07400", "2007-05-31": "788.82300", "2007-02-28": "735.05700", "2006-11-30": "658.71410", "2006-08-31": "605.97300", "2006-05-31": "589.12800", "2006-02-28": "567.87400", "2005-11-30": "498.34300", "2005-08-31": "461.62200", "2005-05-31": "460.82300", "2005-02-28": "440.03200"}, "Total Assets": {"2020-11-30": "20932.85000", "2020-08-31": "21246.31000", "2020-05-31": "19972.53000", "2020-02-29": "21082.18000", "2019-11-30": "20487.23000", "2019-08-31": "20140.25000", "2019-05-31": "19714.48000", "2019-02-28": "18717.87000", "2018-11-30": "18396.81000", "2018-08-31": "18176.51000", "2018-05-31": "17756.17000", "2018-02-28": "17486.27000", "2017-11-30": "17303.41000", "2017-08-31": "16875.73000", "2017-05-31": "16475.69000", "2017-02-28": "16279.36000", "2016-11-30": "15760.07000", "2016-08-31": "15504.33000", "2016-05-31": "14789.93000", "2016-02-29": "14459.91000", "2015-11-30": "14381.17000", "2015-08-31": "13952.57000", "2015-05-31": "13670.68000", "2015-02-28": "13198.20000", "2014-11-30": "12843.41000", "2014-08-31": "12399.91000", "2014-05-31": "12148.96000", "2014-02-28": "11707.16000", "2013-11-30": "11303.88000", "2013-08-31": "10933.77000", "2013-05-31": "10450.45000", "2013-02-28": "9888.60200", "2012-11-30": "9297.68300", "2012-08-31": "8871.44000", "2012-05-31": "8598.16300", "2012-02-29": "8331.54300", "2011-11-30": "7633.40100", "2011-08-31": "7358.97500", "2011-05-31": "7160.03100", "2011-02-28": "7125.54900", "2010-11-30": "6695.39200", "2010-08-31": "6577.17900", "2010-05-31": "6371.95000", "2010-02-28": "2556.19100", "2009-11-30": "2410.26700", "2009-08-31": "2587.30000", "2009-05-31": "2550.67600", "2009-02-28": "2379.18700", "2008-11-30": "2218.18200", "2008-08-31": "2264.15200", "2008-05-31": "2376.07300", "2008-02-29": "2333.16100", "2007-11-30": "2109.39200", "2007-08-31": "1977.79000", "2007-05-31": "1977.15000", "2007-02-28": "1885.57300", "2006-11-30": "1704.66800", "2006-08-31": "1636.71800", "2006-05-31": "1616.13200", "2006-02-28": "1509.61200", "2005-11-30": "1367.14000", "2005-08-31": "1331.26900", "2005-05-31": "1342.49700", "2005-02-28": "1293.01300"}, "Total Current Liabilities": {"2020-11-30": "1437.78700", "2020-08-31": "1598.94200", "2020-05-31": "1151.00600", "2020-02-29": "1534.70700", "2019-11-30": "1421.04100", "2019-08-31": "1396.70400", "2019-05-31": "1485.40200", "2019-02-28": "1311.50900", "2018-11-30": "1224.87300", "2018-08-31": "1283.46100", "2018-05-31": "1288.20200", "2018-02-28": "1174.05800", "2017-11-30": "1111.67800", "2017-08-31": "1201.55700", "2017-05-31": "1166.67000", "2017-02-28": "1105.78700", "2016-11-30": "1027.71700", "2016-08-31": "1084.36300", "2016-05-31": "1083.37400", "2016-02-29": "1005.19300", "2015-11-30": "923.55400", "2015-08-31": "1001.97700", "2015-05-31": "999.57300", "2015-02-28": "997.17300", "2014-11-30": "928.18200", "2014-08-31": "906.92700", "2014-05-31": "962.15800", "2014-02-28": "875.49700", "2013-11-30": "748.60100", "2013-08-31": "729.91900", "2013-05-31": "710.23400", "2013-02-28": "684.17300", "2012-11-30": "575.69200", "2012-08-31": "525.83900", "2012-05-31": "618.51600", "2012-02-29": "646.31300", "2011-11-30": "531.31600", "2011-08-31": "490.29000", "2011-05-31": "576.82900", "2011-02-28": "522.67100", "2010-11-30": "469.25400", "2010-08-31": "485.83800", "2010-05-31": "568.44600", "2010-02-28": "477.35100", "2009-11-30": "427.64000", "2009-08-31": "555.73500", "2009-05-31": "640.21500", "2009-02-28": "490.77000", "2008-11-30": "379.49300", "2008-08-31": "392.29300", "2008-05-31": "478.09100", "2008-02-29": "490.02400", "2007-11-30": "510.08800", "2007-08-31": "423.61400", "2007-05-31": "502.94200", "2007-02-28": "512.02200", "2006-11-30": "436.66000", "2006-08-31": "436.51200", "2006-05-31": "395.09400", "2006-02-28": "344.87000", "2005-11-30": "334.49900", "2005-08-31": "374.30700", "2005-05-31": "434.77600", "2005-02-28": "329.33100"}, "Long Term Debt": {"2020-11-30": "14481.00000", "2020-08-31": "14797.77000", "2020-05-31": "14416.18000", "2020-02-29": "14944.06000", "2019-11-30": "14604.25000", "2019-08-31": "14384.13000", "2019-05-31": "14027.71000", "2019-02-28": "13776.53000", "2018-11-30": "13494.18000", "2018-08-31": "13177.32000", "2018-05-31": "12861.15000", "2018-02-28": "12752.81000", "2017-11-30": "12651.34000", "2017-08-31": "12234.00000", "2017-05-31": "11925.87000", "2017-02-28": "11826.44000", "2016-11-30": "11484.53000", "2016-08-31": "11130.65000", "2016-05-31": "10511.33000", "2016-02-29": "10320.66000", "2015-11-30": "10315.95000", "2015-08-31": "9514.05200", "2015-05-31": "9176.25400", "2015-02-28": "8818.75000", "2014-11-30": "8550.39600", "2014-08-31": "7958.97300", "2014-05-31": "7688.76500", "2014-02-28": "7340.43100", "2013-11-30": "7076.32500", "2013-08-31": "6837.82000", "2013-05-31": "6493.20700", "2013-02-28": "6009.62700", "2012-11-30": "5552.48800", "2012-08-31": "5255.33000", "2012-05-31": "5022.56900", "2012-02-29": "4863.31800", "2011-11-30": "4345.75900", "2011-08-31": "4196.96800", "2011-05-31": "4029.24700", "2011-02-28": "4248.75900", "2010-11-30": "3915.39600", "2010-08-31": "3895.79200", "2010-05-31": "3727.04400", "2010-02-28": "27.37100", "2009-11-30": "27.53300", "2009-08-31": "177.71600", "2009-05-31": "177.88900", "2009-02-28": "178.06200", "2008-11-30": "176.68300", "2008-08-31": "176.86400", "2008-05-31": "227.01700", "2008-02-29": "227.15300", "2007-11-30": "27.28000", "2007-08-31": "27.36100", "2007-05-31": "33.46900", "2007-02-28": "33.74400", "2006-11-30": "34.01200", "2006-08-31": "34.27600", "2006-05-31": "134.53400", "2006-02-28": "134.78700", "2005-11-30": "85.03600", "2005-08-31": "35.27900", "2005-05-31": "28.31500", "2005-02-28": "128.41900"}, "Other Non-Current Liabilities": {"2020-11-30": "454.51700", "2020-08-31": "431.92300", "2020-05-31": "391.71100", "2020-02-29": "393.87300", "2019-11-30": "317.58000", "2019-08-31": "299.22400", "2019-05-31": "289.81700", "2019-02-28": "272.79600", "2018-11-30": "242.64400", "2018-08-31": "233.60500", "2018-05-31": "223.05200", "2018-02-28": "242.55300", "2017-11-30": "239.67200", "2017-08-31": "239.18600", "2017-05-31": "231.02100", "2017-02-28": "238.55100", "2016-11-30": "232.43900", "2016-08-31": "226.97800", "2016-05-31": "222.93600", "2016-02-29": "229.27400", "2015-11-30": "229.91000", "2015-08-31": "225.55200", "2015-05-31": "220.18500", "2015-02-28": "225.49300", "2014-11-30": "182.67500", "2014-08-31": "176.02600", "2014-05-31": "168.66500", "2014-02-28": "174.23200", "2013-11-30": "190.58000", "2013-08-31": "181.25600", "2013-05-31": "171.63100", "2013-02-28": "175.63500", "2012-11-30": "", "2012-08-31": "", "2012-05-31": "", "2012-02-29": "148.80000", "2011-11-30": "", "2011-08-31": "119.49500", "2011-05-31": "123.52900", "2011-02-28": "114.87000", "2010-11-30": "127.25700", "2010-08-31": "126.54600", "2010-05-31": "", "2010-02-28": "", "2009-11-30": "", "2009-08-31": "", "2009-05-31": "", "2009-02-28": "", "2008-11-30": "", "2008-08-31": "", "2008-05-31": "", "2008-02-29": "", "2007-11-30": "", "2007-08-31": "", "2007-05-31": "", "2007-02-28": "", "2006-11-30": "", "2006-08-31": "", "2006-05-31": "", "2006-02-28": "", "2005-11-30": "", "2005-08-31": "", "2005-05-31": "", "2005-02-28": ""}, "Total Long Term Liabilities": {"2020-11-30": "15366.58000", "2020-08-31": "15664.80000", "2020-05-31": "15243.22000", "2020-02-29": "15778.60000", "2019-11-30": "15368.14000", "2019-08-31": "15131.99000", "2019-05-31": "14776.32000", "2019-02-28": "14049.33000", "2018-11-30": "13736.83000", "2018-08-31": "13410.93000", "2018-05-31": "13084.20000", "2018-02-28": "12995.37000", "2017-11-30": "12891.01000", "2017-08-31": "12473.19000", "2017-05-31": "12156.89000", "2017-02-28": "12064.99000", "2016-11-30": "11716.97000", "2016-08-31": "11357.62000", "2016-05-31": "10734.27000", "2016-02-29": "10549.93000", "2015-11-30": "10545.86000", "2015-08-31": "9739.60400", "2015-05-31": "9396.43800", "2015-02-28": "9044.24300", "2014-11-30": "8733.07100", "2014-08-31": "8134.99900", "2014-05-31": "7857.43000", "2014-02-28": "7514.66300", "2013-11-30": "7266.90500", "2013-08-31": "7019.07600", "2013-05-31": "6664.83800", "2013-02-28": "6185.26200", "2012-11-30": "5698.32200", "2012-08-31": "5396.01400", "2012-05-31": "5159.29900", "2012-02-29": "5012.11800", "2011-11-30": "4465.23300", "2011-08-31": "4316.46300", "2011-05-31": "4152.77600", "2011-02-28": "4363.62900", "2010-11-30": "4042.65300", "2010-08-31": "4022.33800", "2010-05-31": "3845.21700", "2010-02-28": "145.25800", "2009-11-30": "136.65300", "2009-08-31": "287.33800", "2009-05-31": "283.99500", "2009-02-28": "295.35000", "2008-11-30": "274.98600", "2008-08-31": "310.91300", "2008-05-31": "361.14100", "2008-02-29": "354.21100", "2007-11-30": "144.97500", "2007-08-31": "143.34300", "2007-05-31": "145.83900", "2007-02-28": "126.17600", "2006-11-30": "69.10200", "2006-08-31": "68.50500", "2006-05-31": "167.47100", "2006-02-28": "184.63900", "2005-11-30": "114.35800", "2005-08-31": "68.16700", "2005-05-31": "62.95500", "2005-02-28": "162.70600"}, "Total Liabilities": {"2020-11-30": "16804.37000", "2020-08-31": "17263.75000", "2020-05-31": "16394.22000", "2020-02-29": "17313.31000", "2019-11-30": "16789.18000", "2019-08-31": "16528.70000", "2019-05-31": "16261.72000", "2019-02-28": "15360.84000", "2018-11-30": "14961.70000", "2018-08-31": "14694.39000", "2018-05-31": "14372.41000", "2018-02-28": "14169.42000", "2017-11-30": "14002.69000", "2017-08-31": "13674.75000", "2017-05-31": "13323.56000", "2017-02-28": "13170.78000", "2016-11-30": "12744.68000", "2016-08-31": "12441.99000", "2016-05-31": "11817.64000", "2016-02-29": "11555.13000", "2015-11-30": "11469.41000", "2015-08-31": "10741.58000", "2015-05-31": "10396.01000", "2015-02-28": "10041.42000", "2014-11-30": "9661.25400", "2014-08-31": "9041.92600", "2014-05-31": "8819.58800", "2014-02-28": "8390.16000", "2013-11-30": "8015.50600", "2013-08-31": "7748.99500", "2013-05-31": "7375.07200", "2013-02-28": "6869.43500", "2012-11-30": "6274.01400", "2012-08-31": "5921.85300", "2012-05-31": "5777.81500", "2012-02-29": "5658.43100", "2011-11-30": "4996.54900", "2011-08-31": "4806.75300", "2011-05-31": "4729.60500", "2011-02-28": "4886.30000", "2010-11-30": "4511.90700", "2010-08-31": "4508.17600", "2010-05-31": "4413.66300", "2010-02-28": "622.60900", "2009-11-30": "564.29300", "2009-08-31": "843.07300", "2009-05-31": "924.21000", "2009-02-28": "786.12000", "2008-11-30": "654.47900", "2008-08-31": "703.20600", "2008-05-31": "839.23200", "2008-02-29": "844.23500", "2007-11-30": "655.06300", "2007-08-31": "566.95700", "2007-05-31": "648.78100", "2007-02-28": "638.19800", "2006-11-30": "505.76200", "2006-08-31": "505.01700", "2006-05-31": "562.56500", "2006-02-28": "529.50900", "2005-11-30": "448.85700", "2005-08-31": "442.47400", "2005-05-31": "497.73100", "2005-02-28": "492.03700"}, "Common Stock Net": {"2020-11-30": "81.51700", "2020-08-31": "82.08100", "2020-05-31": "81.37800", "2020-02-29": "81.54100", "2019-11-30": "81.89700", "2019-08-31": "82.44200", "2019-05-31": "82.69700", "2019-02-28": "83.73900", "2018-11-30": "85.89300", "2018-08-31": "87.64500", "2018-05-31": "88.36000", "2018-02-28": "89.87400", "2017-11-30": "90.74500", "2017-08-31": "90.95200", "2017-05-31": "91.93600", "2017-02-28": "93.27400", "2016-11-30": "93.67600", "2016-08-31": "95.54000", "2016-05-31": "96.24800", "2016-02-29": "97.35600", "2015-11-30": "98.78100", "2015-08-31": "102.46500", "2015-05-31": "104.34100", "2015-02-28": "104.43500", "2014-11-30": "105.45900", "2014-08-31": "108.35200", "2014-05-31": "109.24200", "2014-02-28": "110.84300", "2013-11-30": "111.61400", "2013-08-31": "111.66500", "2013-05-31": "112.07300", "2013-02-28": "112.95300", "2012-11-30": "114.10800", "2012-08-31": "114.22200", "2012-05-31": "114.15300", "2012-02-29": "113.55900", "2011-11-30": "113.23700", "2011-08-31": "113.21300", "2011-05-31": "113.01800", "2011-02-28": "112.94300", "2010-11-30": "112.75200", "2010-08-31": "111.90900", "2010-05-31": "111.85700", "2010-02-28": "111.53300", "2009-11-30": "111.22600", "2009-08-31": "110.43500", "2009-05-31": "110.10400", "2009-02-28": "110.19600", "2008-11-30": "110.20600", "2008-08-31": "110.19000", "2008-05-31": "110.14700", "2008-02-29": "109.30800", "2007-11-30": "109.15300", "2007-08-31": "108.94000", "2007-05-31": "108.65200", "2007-02-28": "108.01400", "2006-11-30": "53.61500", "2006-08-31": "53.30400", "2006-05-31": "52.99800", "2006-02-28": "104.95400", "2005-11-30": "52.42100", "2005-08-31": "52.32300", "2005-05-31": "52.24500", "2005-02-28": "52.15200"}, "Retained Earnings (Accumulated Deficit)": {"2020-11-30": "2737.75300", "2020-08-31": "2600.60500", "2020-05-31": "2303.90900", "2020-02-29": "2488.41700", "2019-11-30": "2376.59600", "2019-08-31": "2307.45500", "2019-05-31": "2189.52200", "2019-02-28": "2104.14600", "2018-11-30": "2147.39100", "2018-08-31": "2182.97800", "2018-05-31": "2115.83400", "2018-02-28": "2047.24000", "2017-11-30": "2028.22400", "2017-08-31": "1975.86200", "2017-05-31": "1933.76000", "2017-02-28": "1883.28300", "2016-11-30": "1821.35900", "2016-08-31": "1858.22100", "2016-05-31": "1806.39300", "2016-02-29": "1746.80400", "2015-11-30": "1743.03100", "2015-08-31": "2012.99000", "2015-05-31": "2066.75300", "2015-02-28": "1994.22100", "2014-11-30": "2042.28400", "2014-08-31": "2204.78500", "2014-05-31": "2229.70900", "2014-02-28": "2214.21600", "2013-11-30": "2219.94300", "2013-08-31": "2126.76500", "2013-05-31": "2030.04100", "2013-02-28": "1993.77200", "2012-11-30": "2019.28900", "2012-08-31": "1976.90100", "2012-05-31": "1865.26500", "2012-02-29": "1744.51900", "2011-11-30": "1704.08200", "2011-08-31": "1621.28800", "2011-05-31": "1509.39300", "2011-02-28": "1330.72400", "2010-11-30": "1293.59500", "2010-08-31": "1211.23100", "2010-05-31": "1103.34600", "2010-02-28": "1095.46100", "2009-11-30": "1020.10100", "2009-08-31": "945.51200", "2009-05-31": "842.54100", "2009-02-28": "813.79300", "2008-11-30": "776.27000", "2008-08-31": "798.14400", "2008-05-31": "784.13800", "2008-02-29": "754.58000", "2007-11-30": "732.75200", "2007-08-31": "703.29400", "2007-05-31": "638.29800", "2007-02-28": "572.14700", "2006-11-30": "530.00900", "2006-08-31": "484.59000", "2006-05-31": "430.32600", "2006-02-28": "373.55000", "2005-11-30": "367.31200", "2005-08-31": "340.90000", "2005-05-31": "299.47800", "2005-02-28": "259.66000"}, "Comprehensive Income": {"2020-11-30": "-152.92400", "2020-08-31": "-160.42600", "2020-05-31": "-165.40500", "2020-02-29": "-150.07100", "2019-11-30": "-82.00700", "2019-08-31": "-91.63000", "2019-05-31": "-81.20600", "2019-02-28": "-68.01000", "2018-11-30": "-54.13700", "2018-08-31": "-54.43500", "2018-05-31": "-55.04500", "2018-02-28": "-54.31200", "2017-11-30": "-51.30400", "2017-08-31": "-59.62700", "2017-05-31": "-58.22900", "2017-02-28": "-56.55500", "2016-11-30": "-60.13500", "2016-08-31": "-66.58200", "2016-05-31": "-66.82500", "2016-02-29": "-70.19600", "2015-11-30": "-66.66400", "2015-08-31": "-66.14900", "2015-05-31": "-66.45800", "2015-02-28": "-65.39100", "2014-11-30": "-45.85800", "2014-08-31": "-44.46700", "2014-05-31": "-45.77600", "2014-02-28": "-46.27100", "2013-11-30": "-57.12700", "2013-08-31": "-53.90900", "2013-05-31": "-57.51000", "2013-02-28": "-59.80800", "2012-11-30": "-51.74500", "2012-08-31": "-53.41100", "2012-05-31": "-60.79500", "2012-02-29": "-62.45900", "2011-11-30": "-39.25700", "2011-08-31": "-33.41600", "2011-05-31": "-28.00700", "2011-02-28": "-25.05700", "2010-11-30": "-29.30800", "2010-08-31": "-25.58900", "2010-05-31": "-20.37600", "2010-02-28": "-19.54600", "2009-11-30": "-16.85400", "2009-08-31": "-16.85400", "2009-05-31": "-16.85400", "2009-02-28": "-16.86000", "2008-11-30": "-0.33700", "2008-08-31": "-16.34700", "2008-05-31": "-16.55900", "2008-02-29": "-16.72800", "2007-11-30": "-18.75500", "2007-08-31": "-19.30300", "2007-05-31": "-19.95000", "2007-02-28": "-20.33200", "2006-11-30": "", "2006-08-31": "", "2006-05-31": "", "2006-02-28": "", "2005-11-30": "", "2005-08-31": "", "2005-05-31": "", "2005-02-28": ""}, "Other Share Holders Equity": {"2020-11-30": "", "2020-08-31": "", "2020-05-31": "", "2020-02-29": "", "2019-11-30": "", "2019-08-31": "", "2019-05-31": "", "2019-02-28": "", "2018-11-30": "", "2018-08-31": "", "2018-05-31": "", "2018-02-28": "", "2017-11-30": "", "2017-08-31": "", "2017-05-31": "", "2017-02-28": "", "2016-11-30": "", "2016-08-31": "", "2016-05-31": "", "2016-02-29": "", "2015-11-30": "", "2015-08-31": "", "2015-05-31": "", "2015-02-28": "", "2014-11-30": "", "2014-08-31": "", "2014-05-31": "", "2014-02-28": "", "2013-11-30": "", "2013-08-31": "", "2013-05-31": "", "2013-02-28": "", "2012-11-30": "", "2012-08-31": "", "2012-05-31": "", "2012-02-29": "", "2011-11-30": "", "2011-08-31": "", "2011-05-31": "", "2011-02-28": "", "2010-11-30": "", "2010-08-31": "", "2010-05-31": "", "2010-02-28": "", "2009-11-30": "", "2009-08-31": "", "2009-05-31": "", "2009-02-28": "", "2008-11-30": "", "2008-08-31": "", "2008-05-31": "", "2008-02-29": "", "2007-11-30": "", "2007-08-31": "", "2007-05-31": "", "2007-02-28": "", "2006-11-30": "", "2006-08-31": "", "2006-05-31": "", "2006-02-28": "", "2005-11-30": "", "2005-08-31": "", "2005-05-31": "", "2005-02-28": ""}, "Share Holder Equity": {"2020-11-30": "4128.47600", "2020-08-31": "3982.56000", "2020-05-31": "3578.31000", "2020-02-29": "3768.87500", "2019-11-30": "3698.05300", "2019-08-31": "3611.55700", "2019-05-31": "3452.75500", "2019-02-28": "3357.02800", "2018-11-30": "3435.11300", "2018-08-31": "3482.11800", "2018-05-31": "3383.76100", "2018-02-28": "3316.84900", "2017-11-30": "3300.72700", "2017-08-31": "3200.98600", "2017-05-31": "3152.12800", "2017-02-28": "3108.58000", "2016-11-30": "3015.38400", "2016-08-31": "3062.34500", "2016-05-31": "2972.28500", "2016-02-29": "2904.78600", "2015-11-30": "2911.75500", "2015-08-31": "3210.98400", "2015-05-31": "3274.66600", "2015-02-28": "3156.78500", "2014-11-30": "3182.15200", "2014-08-31": "3357.98700", "2014-05-31": "3329.37200", "2014-02-28": "3316.99700", "2013-11-30": "3288.36900", "2013-08-31": "3184.77900", "2013-05-31": "3075.38200", "2013-02-28": "3019.16700", "2012-11-30": "3023.66900", "2012-08-31": "2949.58700", "2012-05-31": "2820.34800", "2012-02-29": "2673.11200", "2011-11-30": "2636.85200", "2011-08-31": "2552.22200", "2011-05-31": "2430.42600", "2011-02-28": "2239.24900", "2010-11-30": "2183.48500", "2010-08-31": "2069.00300", "2010-05-31": "1958.28700", "2010-02-28": "1933.58200", "2009-11-30": "1845.97400", "2009-08-31": "1744.22700", "2009-05-31": "1626.46600", "2009-02-28": "1593.06700", "2008-11-30": "1563.70300", "2008-08-31": "1560.94600", "2008-05-31": "1536.84100", "2008-02-29": "1488.92600", "2007-11-30": "1454.32900", "2007-08-31": "1410.83300", "2007-05-31": "1328.36900", "2007-02-28": "1247.37500", "2006-11-30": "1198.90600", "2006-08-31": "1131.70100", "2006-05-31": "1053.56700", "2006-02-28": "980.10300", "2005-11-30": "918.28300", "2005-08-31": "888.79500", "2005-05-31": "844.76600", "2005-02-28": "800.97600"}, "Total Liabilities And Share Holders Equity": {"2020-11-30": "20932.85000", "2020-08-31": "21246.31000", "2020-05-31": "19972.53000", "2020-02-29": "21082.18000", "2019-11-30": "20487.23000", "2019-08-31": "20140.25000", "2019-05-31": "19714.48000", "2019-02-28": "18717.87000", "2018-11-30": "18396.81000", "2018-08-31": "18176.51000", "2018-05-31": "17756.17000", "2018-02-28": "17486.27000", "2017-11-30": "17303.41000", "2017-08-31": "16875.73000", "2017-05-31": "16475.69000", "2017-02-28": "16279.36000", "2016-11-30": "15760.07000", "2016-08-31": "15504.33000", "2016-05-31": "14789.93000", "2016-02-29": "14459.91000", "2015-11-30": "14381.17000", "2015-08-31": "13952.57000", "2015-05-31": "13670.68000", "2015-02-28": "13198.20000", "2014-11-30": "12843.41000", "2014-08-31": "12399.91000", "2014-05-31": "12148.96000", "2014-02-28": "11707.16000", "2013-11-30": "11303.88000", "2013-08-31": "10933.77000", "2013-05-31": "10450.45000", "2013-02-28": "9888.60200", "2012-11-30": "9297.68300", "2012-08-31": "8871.44000", "2012-05-31": "8598.16300", "2012-02-29": "8331.54300", "2011-11-30": "7633.40100", "2011-08-31": "7358.97500", "2011-05-31": "7160.03100", "2011-02-28": "7125.54900", "2010-11-30": "6695.39200", "2010-08-31": "6577.17900", "2010-05-31": "6371.95000", "2010-02-28": "2556.19100", "2009-11-30": "2410.26700", "2009-08-31": "2587.30000", "2009-05-31": "2550.67600", "2009-02-28": "2379.18700", "2008-11-30": "2218.18200", "2008-08-31": "2264.15200", "2008-05-31": "2376.07300", "2008-02-29": "2333.16100", "2007-11-30": "2109.39200", "2007-08-31": "1977.79000", "2007-05-31": "1977.15000", "2007-02-28": "1885.57300", "2006-11-30": "1704.66800", "2006-08-31": "1636.71800", "2006-05-31": "1616.13200", "2006-02-28": "1509.61200", "2005-11-30": "1367.14000", "2005-08-31": "1331.26900", "2005-05-31": "1342.49700", "2005-02-28": "1293.01300"}}, "cash flow statement": {"Net Income/Loss": {"2020-02-29": "888.43300", "2019-02-28": "842.41300", "2018-02-28": "664.11200", "2017-02-28": "626.97000", "2016-02-29": "623.42800", "2015-02-28": "597.35800", "2014-02-28": "492.58600", "2013-02-28": "434.28400", "2012-02-29": "413.79500", "2011-02-28": "377.49500", "2010-02-28": "277.84400", "2009-02-28": "59.21300", "2008-02-29": "182.02500", "2007-02-28": "198.59700", "2006-02-28": "134.22000", "2005-02-28": "101.31500"}, "Total Depreciation And Amortization - Cash Flow": {"2020-02-29": "215.81100", "2019-02-28": "182.24700", "2018-02-28": "179.94200", "2017-02-28": "168.87500", "2016-02-29": "137.36000", "2015-02-28": "115.17300", "2014-02-28": "101.91100", "2013-02-28": "95.28300", "2012-02-29": "82.81200", "2011-02-28": "76.32100", "2010-02-28": "75.22800", "2009-02-28": "54.74100", "2008-02-29": "46.61500", "2007-02-28": "34.55100", "2006-02-28": "26.69200", "2005-02-28": "20.14500"}, "Other Non-Cash Items": {"2020-02-29": "386.23300", "2019-02-28": "297.92100", "2018-02-28": "344.52400", "2017-02-28": "312.80600", "2016-02-29": "259.76700", "2015-02-28": "234.76300", "2014-02-28": "200.96000", "2013-02-28": "155.75000", "2012-02-29": "109.31300", "2011-02-28": "89.99100", "2010-02-28": "67.82600", "2009-02-28": "4.66200", "2008-02-29": "10.46600", "2007-02-28": "22.63600", "2006-02-28": "1.78000", "2005-02-28": "9.32600"}, "Total Non-Cash Items": {"2020-02-29": "602.04400", "2019-02-28": "480.16800", "2018-02-28": "524.46600", "2017-02-28": "481.68100", "2016-02-29": "397.12700", "2015-02-28": "349.93600", "2014-02-28": "302.87100", "2013-02-28": "251.03300", "2012-02-29": "192.12500", "2011-02-28": "166.31200", "2010-02-28": "143.05400", "2009-02-28": "59.40300", "2008-02-29": "57.08100", "2007-02-28": "57.18700", "2006-02-28": "28.47200", "2005-02-28": "29.47100"}, "Change In Accounts Receivable": {"2020-02-29": "-51.24000", "2019-02-28": "-6.52900", "2018-02-28": "19.06700", "2017-02-28": "-20.21700", "2016-02-29": "5.51900", "2015-02-28": "-57.76700", "2014-02-28": "12.03800", "2013-02-28": "-5.52700", "2012-02-29": "33.16300", "2011-02-28": "-40.53800", "2010-02-28": "-23.55800", "2009-02-28": "-2.64800", "2008-02-29": "-1.81500", "2007-02-28": "5.20800", "2006-02-28": "-0.45400", "2005-02-28": "-3.80900"}, "Change In Inventories": {"2020-02-29": "-326.96100", "2019-02-28": "-128.76100", "2018-02-28": "-130.13100", "2017-02-28": "-328.53400", "2016-02-29": "154.84500", "2015-02-28": "-445.45000", "2014-02-28": "-123.61100", "2013-02-28": "-425.22100", "2012-02-29": "-43.11500", "2011-02-28": "-206.34400", "2010-02-28": "-139.97600", "2009-02-28": "272.62000", "2008-02-29": "-139.66100", "2007-02-28": "-166.41600", "2006-02-28": "-93.13300", "2005-02-28": "-110.50600"}, "Change In Accounts Payable": {"2020-02-29": "", "2019-02-28": "", "2018-02-28": "", "2017-02-28": "", "2016-02-29": "", "2015-02-28": "", "2014-02-28": "", "2013-02-28": "", "2012-02-29": "", "2011-02-28": "", "2010-02-28": "", "2009-02-28": "", "2008-02-29": "", "2007-02-28": "", "2006-02-28": "", "2005-02-28": ""}, "Change In Assets/Liabilities": {"2020-02-29": "-1434.32400", "2019-02-28": "-1110.68000", "2018-02-28": "-1196.35000", "2017-02-28": "-1289.79000", "2016-02-29": "-1274.62500", "2015-02-28": "-1464.16700", "2014-02-28": "-1414.45200", "2013-02-28": "-1032.43500", "2012-02-29": "-701.27000", "2011-02-28": "-294.88100", "2010-02-28": "-231.58300", "2009-02-28": "-83.72100", "2008-02-29": "-32.67100", "2007-02-28": "-43.40900", "2006-02-28": "13.27500", "2005-02-28": "-5.00700"}, "Total Change In Assets/Liabilities": {"2020-02-29": "-1727.08300", "2019-02-28": "-1159.61000", "2018-02-28": "-1269.12800", "2017-02-28": "-1563.96200", "2016-02-29": "-1137.31200", "2015-02-28": "-1915.42400", "2014-02-28": "-1408.62000", "2013-02-28": "-1463.75800", "2012-02-29": "-668.08400", "2011-02-28": "-550.56490", "2010-02-28": "-361.37600", "2009-02-28": "145.97500", "2008-02-29": "-159.58600", "2007-02-28": "-118.98400", "2006-02-28": "-45.17900", "2005-02-28": "-88.94000"}, "Cash Flow From Operating Activities": {"2020-02-29": "-236.60600", "2019-02-28": "162.97100", "2018-02-28": "-80.55000", "2017-02-28": "-455.31100", "2016-02-29": "-116.75700", "2015-02-28": "-968.13000", "2014-02-28": "-613.16300", "2013-02-28": "-778.44100", "2012-02-29": "-62.16400", "2011-02-28": "-6.75800", "2010-02-28": "59.52200", "2009-02-28": "264.59100", "2008-02-29": "79.52000", "2007-02-28": "136.80000", "2006-02-28": "117.51300", "2005-02-28": "41.84600"}, "Net Change In Property, Plant, And Equipment": {"2020-02-29": "-331.89300", "2019-02-28": "-303.94400", "2018-02-28": "-296.71900", "2017-02-28": "-416.91500", "2016-02-29": "-314.04200", "2015-02-28": "-303.94800", "2014-02-28": "-305.22200", "2013-02-28": "-235.70700", "2012-02-29": "-172.60800", "2011-02-28": "-76.57200", "2010-02-28": "-21.77200", "2009-02-28": "-151.35900", "2008-02-29": "-252.01700", "2007-02-28": "-187.19100", "2006-02-28": "-116.09300", "2005-02-28": "-141.08100"}, "Net Change In Intangible Assets": {"2020-02-29": "", "2019-02-28": "", "2018-02-28": "", "2017-02-28": "", "2016-02-29": "", "2015-02-28": "", "2014-02-28": "", "2013-02-28": "", "2012-02-29": "", "2011-02-28": "", "2010-02-28": "", "2009-02-28": "", "2008-02-29": "", "2007-02-28": "", "2006-02-28": "", "2005-02-28": ""}, "Net Acquisitions/Divestitures": {"2020-02-29": "", "2019-02-28": "", "2018-02-28": "", "2017-02-28": "", "2016-02-29": "", "2015-02-28": "", "2014-02-28": "", "2013-02-28": "", "2012-02-29": "", "2011-02-28": "", "2010-02-28": "", "2009-02-28": "", "2008-02-29": "", "2007-02-28": "", "2006-02-28": "", "2005-02-28": ""}, "Net Change In Short-term Investments": {"2020-02-29": "", "2019-02-28": "", "2018-02-28": "", "2017-02-28": "", "2016-02-29": "", "2015-02-28": "", "2014-02-28": "", "2013-02-28": "", "2012-02-29": "", "2011-02-28": "", "2010-02-28": "", "2009-02-28": "", "2008-02-29": "", "2007-02-28": "", "2006-02-28": "", "2005-02-28": ""}, "Net Change In Long-Term Investments": {"2020-02-29": "-57.47100", "2019-02-28": "-4.56900", "2018-02-28": "-5.14400", "2017-02-28": "-3.04400", "2016-02-29": "-11.13900", "2015-02-28": "-11.76300", "2014-02-28": "-5.24600", "2013-02-28": "-3.57700", "2012-02-29": "-3.26400", "2011-02-28": "4.00100", "2010-02-28": "0.00400", "2009-02-28": "-3.98700", "2008-02-29": "-5.00000", "2007-02-28": "0.00000", "2006-02-28": "", "2005-02-28": ""}, "Net Change In Investments - Total": {"2020-02-29": "-57.47100", "2019-02-28": "-4.56900", "2018-02-28": "-5.14400", "2017-02-28": "-3.04400", "2016-02-29": "-11.13900", "2015-02-28": "-11.76300", "2014-02-28": "-5.24600", "2013-02-28": "-3.57700", "2012-02-29": "-3.26400", "2011-02-28": "4.00100", "2010-02-28": "0.00400", "2009-02-28": "-3.98700", "2008-02-29": "-5.00000", "2007-02-28": "0.00000", "2006-02-28": "", "2005-02-28": ""}, "Investing Activities - Other": {"2020-02-29": "", "2019-02-28": "", "2018-02-28": "", "2017-02-28": "", "2016-02-29": "-53.61400", "2015-02-28": "-45.03300", "2014-02-28": "-26.21300", "2013-02-28": "-15.99000", "2012-02-29": "-43.53000", "2011-02-28": "0.35900", "2010-02-28": "0.44700", "2009-02-28": "", "2008-02-29": "", "2007-02-28": "", "2006-02-28": "", "2005-02-28": ""}, "Cash Flow From Investing Activities": {"2020-02-29": "-389.36400", "2019-02-28": "-308.51300", "2018-02-28": "-301.86300", "2017-02-28": "-419.95900", "2016-02-29": "-378.79500", "2015-02-28": "-360.74400", "2014-02-28": "-336.68100", "2013-02-28": "-255.27400", "2012-02-29": "-219.40200", "2011-02-28": "-72.21200", "2010-02-28": "-21.32100", "2009-02-28": "-155.34600", "2008-02-29": "-257.01700", "2007-02-28": "-187.19100", "2006-02-28": "-116.09300", "2005-02-28": "-141.08100"}, "Net Long-Term Debt": {"2020-02-29": "1151.52300", "2019-02-28": "1048.67900", "2018-02-28": "935.69140", "2017-02-28": "1443.85700", "2016-02-29": "1445.70400", "2015-02-28": "1513.94200", "2014-02-28": "1373.75800", "2013-02-28": "1156.91800", "2012-02-29": "657.86820", "2011-02-28": "54.50610", "2010-02-28": "-195.71300", "2009-02-28": "27.97300", "2008-02-29": "131.18100", "2007-02-28": "-12.36190", "2006-02-28": "57.93600", "2005-02-28": "-0.50900"}, "Net Current Debt": {"2020-02-29": "-1.08900", "2019-02-28": "1.00200", "2018-02-28": "0.06500", "2017-02-28": "-0.36600", "2016-02-29": "-0.35700", "2015-02-28": "0.20300", "2014-02-28": "0.22700", "2013-02-28": "-0.58800", "2012-02-29": "-0.05900", "2011-02-28": "0.11900", "2010-02-28": "0.00500", "2009-02-28": "-20.13900", "2008-02-29": "17.72700", "2007-02-28": "2.82700", "2006-02-28": "-64.73400", "2005-02-28": "60.75100"}, "Debt Issuance/Retirement Net - Total": {"2020-02-29": "1150.43400", "2019-02-28": "1049.68100", "2018-02-28": "935.75640", "2017-02-28": "1443.49100", "2016-02-29": "1445.34700", "2015-02-28": "1514.14500", "2014-02-28": "1373.98500", "2013-02-28": "1156.33000", "2012-02-29": "657.80910", "2011-02-28": "54.62510", "2010-02-28": "-195.70800", "2009-02-28": "7.83400", "2008-02-29": "148.90800", "2007-02-28": "-9.53490", "2006-02-28": "-6.79800", "2005-02-28": "60.24200"}, "Net Common Equity Issued/Repurchased": {"2020-02-29": "-443.35000", "2019-02-28": "-846.59600", "2018-02-28": "-506.05000", "2017-02-28": "-504.46800", "2016-02-29": "-936.90300", "2015-02-28": "-834.51800", "2014-02-28": "-268.24800", "2013-02-28": "-140.00900", "2012-02-29": "15.57700", "2011-02-28": "38.27700", "2010-02-28": "31.30700", "2009-02-28": "10.16200", "2008-02-29": "14.73000", "2007-02-28": "35.41100", "2006-02-28": "6.03500", "2005-02-28": "4.30600"}, "Net Total Equity Issued/Repurchased": {"2020-02-29": "-443.35000", "2019-02-28": "-846.59600", "2018-02-28": "-506.05000", "2017-02-28": "-504.46800", "2016-02-29": "-936.90300", "2015-02-28": "-834.51800", "2014-02-28": "-268.24800", "2013-02-28": "-140.00900", "2012-02-29": "15.57700", "2011-02-28": "38.27700", "2010-02-28": "31.30700", "2009-02-28": "10.16200", "2008-02-29": "14.73000", "2007-02-28": "35.41100", "2006-02-28": "6.03500", "2005-02-28": "4.30600"}, "Total Common And Preferred Stock Dividends Paid": {"2020-02-29": "", "2019-02-28": "", "2018-02-28": "", "2017-02-28": "", "2016-02-29": "", "2015-02-28": "", "2014-02-28": "", "2013-02-28": "", "2012-02-29": "", "2011-02-28": "", "2010-02-28": "", "2009-02-28": "", "2008-02-29": "", "2007-02-28": "", "2006-02-28": "", "2005-02-28": ""}, "Financial Activities - Other": {"2020-02-29": "-20.10200", "2019-02-28": "-17.06300", "2018-02-28": "-16.26100", "2017-02-28": "-17.11800", "2016-02-29": "-3.10400", "2015-02-28": "48.95200", "2014-02-28": "22.64400", "2013-02-28": "24.10000", "2012-02-29": "9.71700", "2011-02-28": "8.91100", "2010-02-28": "3.88100", "2009-02-28": "0.39100", "2008-02-29": "7.36900", "2007-02-28": "22.21100", "2006-02-28": "3.97800", "2005-02-28": "3.14300"}, "Cash Flow From Financial Activities": {"2020-02-29": "686.98300", "2019-02-28": "186.02100", "2018-02-28": "413.44600", "2017-02-28": "921.90600", "2016-02-29": "505.34000", "2015-02-28": "728.57900", "2014-02-28": "1128.38100", "2013-02-28": "1040.42100", "2012-02-29": "683.10300", "2011-02-28": "101.81300", "2010-02-28": "-160.52000", "2009-02-28": "18.38700", "2008-02-29": "171.00700", "2007-02-28": "48.08700", "2006-02-28": "3.21500", "2005-02-28": "67.69100"}, "Net Cash Flow": {"2020-02-29": "61.01300", "2019-02-28": "40.47900", "2018-02-28": "31.03300", "2017-02-28": "46.63600", "2016-02-29": "9.78800", "2015-02-28": "-600.29500", "2014-02-28": "178.53700", "2013-02-28": "6.70600", "2012-02-29": "401.53700", "2011-02-28": "22.84300", "2010-02-28": "-122.31900", "2009-02-28": "127.63200", "2008-02-29": "-6.49000", "2007-02-28": "-2.30400", "2006-02-28": "4.63500", "2005-02-28": "-31.54400"}, "Stock-Based Compensation": {"2020-02-29": "108.86100", "2019-02-28": "75.01100", "2018-02-28": "61.87900", "2017-02-28": "91.59500", "2016-02-29": "51.07700", "2015-02-28": "81.88000", "2014-02-28": "66.48000", "2013-02-28": "62.11200", "2012-02-29": "48.08900", "2011-02-28": "43.60600", "2010-02-28": "37.85800", "2009-02-28": "35.43600", "2008-02-29": "33.46700", "2007-02-28": "31.82600", "2006-02-28": "21.63200", "2005-02-28": "18.06300"}, "Common Stock Dividends Paid": {"2020-02-29": "", "2019-02-28": "", "2018-02-28": "", "2017-02-28": "", "2016-02-29": "", "2015-02-28": "", "2014-02-28": "", "2013-02-28": "", "2012-02-29": "", "2011-02-28": "", "2010-02-28": "", "2009-02-28": "", "2008-02-29": "", "2007-02-28": "", "2006-02-28": "", "2005-02-28": ""}}, "cash flow statement, quarterly": {"Net Income/Loss": {"2020-11-30": 235.3, "2020-08-31": 296.696, "2020-05-31": "4.97800", "2020-02-29": 214.934, "2019-11-30": 173.156, "2019-08-31": 233.599, "2019-05-31": "266.74400", "2019-02-28": 192.556, "2018-11-30": 190.311, "2018-08-31": 220.89, "2018-05-31": "238.65600", "2018-02-28": 122.146, "2017-11-30": 148.84, "2017-08-31": 181.424, "2017-05-31": "211.70200", "2017-02-28": 152.603, "2016-11-30": 136.645, "2016-08-31": 162.362, "2016-05-31": "175.36000", "2016-02-29": 141.027, "2015-11-30": 128.199, "2015-08-31": 172.228, "2015-05-31": "181.97400", "2015-02-28": 143.138, "2014-11-30": 130.049, "2014-08-31": 154.518, "2014-05-31": "169.65300", "2014-02-28": 99.209, "2013-11-30": 106.452, "2013-08-31": 140.274, "2013-05-31": "146.65100", "2013-02-28": 107.221, "2012-11-30": 94.681, "2012-08-31": 111.636, "2012-05-31": "120.74600", "2012-02-29": 95.031, "2011-11-30": 82.11, "2011-08-31": 111.154, "2011-05-31": "125.50000", "2011-02-28": 86.127, "2010-11-30": 82.364, "2010-08-31": 107.885, "2010-05-31": "101.11900", "2010-02-28": 71.536, "2009-11-30": 74.589, "2009-08-31": 102.971, "2009-05-31": "28.74800", "2009-02-28": 37.523, "2008-11-30": -21.874, "2008-08-31": 14.006, "2008-05-31": "29.55800", "2008-02-29": 21.829, "2007-11-30": 29.846, "2007-08-31": 64.995, "2007-05-31": "65.35500", "2007-02-28": 42.138, "2006-11-30": 45.419, "2006-08-31": 54.264, "2006-05-31": "56.77600", "2006-02-28": 36.673, "2005-11-30": 22.931, "2005-08-31": 37.636, "2005-05-31": "36.98000", "2005-02-28": 101.315}, "Total Depreciation And Amortization - Cash Flow": {"2020-11-30": 61.528, "2020-08-31": 60.627, "2020-05-31": "58.34000", "2020-02-29": 57.585, "2019-11-30": 54.758, "2019-08-31": 51.962, "2019-05-31": "51.50600", "2019-02-28": 46.638, "2018-11-30": 45.298, "2018-08-31": 44.968, "2018-05-31": "45.34300", "2018-02-28": 46.767, "2017-11-30": 45.097, "2017-08-31": 44.184, "2017-05-31": "43.89400", "2017-02-28": 43.221, "2016-11-30": 42.641, "2016-08-31": 42.212, "2016-05-31": "40.80100", "2016-02-29": 36.856, "2015-11-30": 35.316, "2015-08-31": 33.122, "2015-05-31": "32.06600", "2015-02-28": 30.179, "2014-11-30": 29.228, "2014-08-31": 28.423, "2014-05-31": "27.34300", "2014-02-28": 27.928, "2013-11-30": 24.823, "2013-08-31": 24.825, "2013-05-31": "24.33500", "2013-02-28": 24.562, "2012-11-30": 24.279, "2012-08-31": 23.46, "2012-05-31": "22.98200", "2012-02-29": 22.116, "2011-11-30": 21.242, "2011-08-31": 19.825, "2011-05-31": "19.62900", "2011-02-28": 32.664, "2010-11-30": 14.609, "2010-08-31": 14.616, "2010-05-31": "14.43200", "2010-02-28": 31.281, "2009-11-30": 14.368, "2009-08-31": 14.547, "2009-05-31": "15.03200", "2009-02-28": 13.362, "2008-11-30": 13.885, "2008-08-31": 14.246, "2008-05-31": "13.24800", "2008-02-29": 12.447, "2007-11-30": 12.142, "2007-08-31": 11.191, "2007-05-31": "10.83500", "2007-02-28": 9.374, "2006-11-30": 8.45, "2006-08-31": 8.652, "2006-05-31": "8.07500", "2006-02-28": 7.499, "2005-11-30": 6.999, "2005-08-31": 6.268, "2005-05-31": "5.92600", "2005-02-28": 20.145}, "Other Non-Cash Items": {"2020-11-30": 9.896, "2020-08-31": 69.091, "2020-05-31": "191.05400", "2020-02-29": 91.056, "2019-11-30": 89.596, "2019-08-31": 85.811, "2019-05-31": "119.77000", "2019-02-28": 64.85, "2018-11-30": 65.378, "2018-08-31": 82.664, "2018-05-31": "85.02900", "2018-02-28": 126.722, "2017-11-30": 81.98, "2017-08-31": 64.001, "2017-05-31": "71.82100", "2017-02-28": 83.229, "2016-11-30": 63.744, "2016-08-31": 81.471, "2016-05-31": "84.36200", "2016-02-29": 88.585, "2015-11-30": 54.901, "2015-08-31": 48.392, "2015-05-31": "67.88900", "2015-02-28": 74.394, "2014-11-30": 53.533, "2014-08-31": 53.288, "2014-05-31": "53.54800", "2014-02-28": 64.504, "2013-11-30": 53.082, "2013-08-31": 33.494, "2013-05-31": "49.88000", "2013-02-28": 74.014, "2012-11-30": 29.07, "2012-08-31": 20.195, "2012-05-31": "32.47100", "2012-02-29": 50.97, "2011-11-30": 17.454, "2011-08-31": 18.309, "2011-05-31": "22.58000", "2011-02-28": 23.146, "2010-11-30": 24.385, "2010-08-31": 12.672, "2010-05-31": "29.78800", "2010-02-28": 16.458, "2009-11-30": 46.149, "2009-08-31": 15.434, "2009-05-31": "-10.21500", "2009-02-28": 3.965, "2008-11-30": 2.832, "2008-08-31": 1.715, "2008-05-31": "-3.85000", "2008-02-29": -12.093, "2007-11-30": 6.167, "2007-08-31": 13.5, "2007-05-31": "2.89200", "2007-02-28": 11.452, "2006-11-30": 10.399, "2006-08-31": 12.871, "2006-05-31": "-12.08600", "2006-02-28": 9.447, "2005-11-30": -10.308, "2005-08-31": 1.951, "2005-05-31": "0.69000", "2005-02-28": 9.326}, "Total Non-Cash Items": {"2020-11-30": 71.424, "2020-08-31": 129.718, "2020-05-31": "249.39400", "2020-02-29": 148.641, "2019-11-30": 144.354, "2019-08-31": 137.773, "2019-05-31": "171.27600", "2019-02-28": 111.488, "2018-11-30": 110.676, "2018-08-31": 127.632, "2018-05-31": "130.37200", "2018-02-28": 173.489, "2017-11-30": 127.077, "2017-08-31": 108.185, "2017-05-31": "115.71500", "2017-02-28": 126.45, "2016-11-30": 106.385, "2016-08-31": 123.683, "2016-05-31": "125.16300", "2016-02-29": 125.441, "2015-11-30": 90.217, "2015-08-31": 81.514, "2015-05-31": "99.95500", "2015-02-28": 104.573, "2014-11-30": 82.761, "2014-08-31": 81.711, "2014-05-31": "80.89100", "2014-02-28": 92.432, "2013-11-30": 77.905, "2013-08-31": 58.319, "2013-05-31": "74.21500", "2013-02-28": 98.576, "2012-11-30": 53.349, "2012-08-31": 43.655, "2012-05-31": "55.45300", "2012-02-29": 73.086, "2011-11-30": 38.696, "2011-08-31": 38.134, "2011-05-31": "42.20900", "2011-02-28": 55.81, "2010-11-30": 38.994, "2010-08-31": 27.288, "2010-05-31": "44.22000", "2010-02-28": 47.739, "2009-11-30": 60.517, "2009-08-31": 29.981, "2009-05-31": "4.81700", "2009-02-28": 17.327, "2008-11-30": 16.717, "2008-08-31": 15.961, "2008-05-31": "9.39800", "2008-02-29": 0.354, "2007-11-30": 18.309, "2007-08-31": 24.691, "2007-05-31": "13.72700", "2007-02-28": 20.826, "2006-11-30": 18.849, "2006-08-31": 21.523, "2006-05-31": "-4.01100", "2006-02-28": 16.946, "2005-11-30": -3.309, "2005-08-31": 8.219, "2005-05-31": "6.61600", "2005-02-28": 29.471}, "Change In Accounts Receivable": {"2020-11-30": 34.176, "2020-08-31": -58.137, "2020-05-31": "46.07200", "2020-02-29": -48.353, "2019-11-30": -1.646, "2019-08-31": -7.212, "2019-05-31": "5.97100", "2019-02-28": -28.694, "2018-11-30": -6.273, "2018-08-31": -3.532, "2018-05-31": "31.97000", "2018-02-28": -37.48, "2017-11-30": 3.892, "2017-08-31": 5.012, "2017-05-31": "47.64300", "2017-02-28": -60.385, "2016-11-30": 2.574, "2016-08-31": 7.964, "2016-05-31": "29.63000", "2016-02-29": -43.641, "2015-11-30": 12.302, "2015-08-31": 2.831, "2015-05-31": "34.02700", "2015-02-28": -49.51, "2014-11-30": 20.679, "2014-08-31": -11.049, "2014-05-31": "-17.88700", "2014-02-28": -11.896, "2013-11-30": 17.522, "2013-08-31": -15.097, "2013-05-31": "21.50900", "2013-02-28": -29.301, "2012-11-30": 7.766, "2012-08-31": -4.721, "2012-05-31": "20.72900", "2012-02-29": -31.912, "2011-11-30": 10.327, "2011-08-31": 20.209, "2011-05-31": "34.53900", "2011-02-28": -53.552, "2010-11-30": -0.063, "2010-08-31": 18.916, "2010-05-31": "-5.83900", "2010-02-28": -31.12, "2009-11-30": 10.796, "2009-08-31": -4.418, "2009-05-31": "1.18400", "2009-02-28": -30.06, "2008-11-30": 13.333, "2008-08-31": 16.244, "2008-05-31": "-2.16500", "2008-02-29": -20.459, "2007-11-30": 3.396, "2007-08-31": 12.202, "2007-05-31": "3.04600", "2007-02-28": -18.321, "2006-11-30": 13.598, "2006-08-31": 3.71, "2006-05-31": "6.22100", "2006-02-28": -21.005, "2005-11-30": 6.421, "2005-08-31": 17.933, "2005-05-31": "-3.80300", "2005-02-28": -3.809}, "Change In Inventories": {"2020-11-30": 44.754, "2020-08-31": -925.529, "2020-05-31": "946.98600", "2020-02-29": -163.842, "2019-11-30": -77.824, "2019-08-31": -53.607, "2019-05-31": "-31.68800", "2019-02-28": -94.755, "2018-11-30": -67.345, "2018-08-31": -97.326, "2018-05-31": "130.66500", "2018-02-28": 49.857, "2017-11-30": -208.782, "2017-08-31": -83.522, "2017-05-31": "112.31600", "2017-02-28": -90.388, "2016-11-30": -251.372, "2016-08-31": -53.812, "2016-05-31": "67.03800", "2016-02-29": 221.241, "2015-11-30": -241.721, "2015-08-31": -67.472, "2015-05-31": "242.79700", "2015-02-28": -122.201, "2014-11-30": -255.718, "2014-08-31": -27.155, "2014-05-31": "-40.37600", "2014-02-28": -85.147, "2013-11-30": -192.261, "2013-08-31": 34.184, "2013-05-31": "119.61300", "2013-02-28": -178.769, "2012-11-30": -141.031, "2012-08-31": 12.183, "2012-05-31": "-117.60400", "2012-02-29": -79.409, "2011-11-30": 48.126, "2011-08-31": 55.032, "2011-05-31": "-66.86400", "2011-02-28": -46.495, "2010-11-30": -73.812, "2010-08-31": -34.505, "2010-05-31": "-51.53200", "2010-02-28": -91.836, "2009-11-30": 38.784, "2009-08-31": -8.996, "2009-05-31": "-77.92800", "2009-02-28": -101.651, "2008-11-30": 134.625, "2008-08-31": 197.826, "2008-05-31": "41.82000", "2008-02-29": -83.549, "2007-11-30": -72.057, "2007-08-31": 43.34, "2007-05-31": "-27.39500", "2007-02-28": -75.3, "2006-11-30": -26.452, "2006-08-31": 4.341, "2006-05-31": "-69.00500", "2006-02-28": -63.334, "2005-11-30": -21.118, "2005-08-31": -1.959, "2005-05-31": "-6.72200", "2005-02-28": -110.506}, "Change In Accounts Payable": {"2020-11-30": 0, "2020-08-31": 0, "2020-05-31": "", "2020-02-29": 0, "2019-11-30": 0, "2019-08-31": 0, "2019-05-31": "", "2019-02-28": 0, "2018-11-30": 0, "2018-08-31": 0, "2018-05-31": "", "2018-02-28": 0, "2017-11-30": 0, "2017-08-31": 0, "2017-05-31": "", "2017-02-28": 0, "2016-11-30": 0, "2016-08-31": 0, "2016-05-31": "", "2016-02-29": 0, "2015-11-30": 0, "2015-08-31": 0, "2015-05-31": "", "2015-02-28": 0, "2014-11-30": 0, "2014-08-31": 0, "2014-05-31": "", "2014-02-28": 0, "2013-11-30": 0, "2013-08-31": 0, "2013-05-31": "", "2013-02-28": 0, "2012-11-30": 0, "2012-08-31": 0, "2012-05-31": "", "2012-02-29": 0, "2011-11-30": 0, "2011-08-31": 0, "2011-05-31": "", "2011-02-28": 0, "2010-11-30": 0, "2010-08-31": 0, "2010-05-31": "", "2010-02-28": 0, "2009-11-30": 0, "2009-08-31": 0, "2009-05-31": "", "2009-02-28": 0, "2008-11-30": 0, "2008-08-31": 0, "2008-05-31": "", "2008-02-29": 0, "2007-11-30": 0, "2007-08-31": 0, "2007-05-31": "", "2007-02-28": 0, "2006-11-30": 0, "2006-08-31": 0, "2006-05-31": "", "2006-02-28": 0, "2005-11-30": 0, "2005-08-31": 0, "2005-05-31": "", "2005-02-28": 0}, "Change In Assets/Liabilities": {"2020-11-30": -258.04, "2020-08-31": -209.545, "2020-05-31": "384.23100", "2020-02-29": -334.918, "2019-11-30": -277.726, "2019-08-31": -370.692, "2019-05-31": "-450.98800", "2019-02-28": -196.3781, "2018-11-30": -188.2209, "2018-08-31": -343.538, "2018-05-31": "-382.54300", "2018-02-28": -243.099, "2017-11-30": -268.934, "2017-08-31": -335.761, "2017-05-31": "-348.55600", "2017-02-28": -320.284, "2016-11-30": -246.163, "2016-08-31": -344.645, "2016-05-31": "-378.69800", "2016-02-29": -265.438, "2015-11-30": -235.294, "2015-08-31": -363.737, "2015-05-31": "-410.15600", "2015-02-28": -327.796, "2014-11-30": -345.498, "2014-08-31": -349.088, "2014-05-31": "-441.78500", "2014-02-28": -330.319, "2013-11-30": -254.769, "2013-08-31": -389.264, "2013-05-31": "-440.10000", "2013-02-28": -379.031, "2012-11-30": -257.864, "2012-08-31": -208.337, "2012-05-31": "-187.20300", "2012-02-29": -190.104, "2011-11-30": -117.424, "2011-08-31": -242.342, "2011-05-31": "-151.40000", "2011-02-28": -65.96, "2010-11-30": -38.005, "2010-08-31": -134.407, "2010-05-31": "-56.50900", "2010-02-28": -37.984, "2009-11-30": -30.586, "2009-08-31": -55.349, "2009-05-31": "-107.66400", "2009-02-28": -29.395, "2008-11-30": 1.065, "2008-08-31": -55.808, "2008-05-31": "0.41700", "2008-02-29": -24.014, "2007-11-30": -8.416, "2007-08-31": -10.385, "2007-05-31": "10.14400", "2007-02-28": 1.442, "2006-11-30": -20.341, "2006-08-31": -28.57, "2006-05-31": "4.06000", "2006-02-28": 7.374, "2005-11-30": -8.177, "2005-08-31": 15.14, "2005-05-31": "-1.06200", "2005-02-28": -5.007}, "Total Change In Assets/Liabilities": {"2020-11-30": -328.114, "2020-08-31": -786.197, "2020-05-31": "995.18700", "2020-02-29": -482.275, "2019-11-30": -309.96, "2019-08-31": -540.029, "2019-05-31": "-394.81900", "2019-02-28": -255.7031, "2018-11-30": -297.2419, "2018-08-31": -468.486, "2018-05-31": "-138.17900", "2018-02-28": -183.063, "2017-11-30": -550.136, "2017-08-31": -400.005, "2017-05-31": "-135.92400", "2017-02-28": -398.318, "2016-11-30": -546.067, "2016-08-31": -406.661, "2016-05-31": "-212.91600", "2016-02-29": -1.646, "2015-11-30": -515.251, "2015-08-31": -456.04, "2015-05-31": "-164.37500", "2015-02-28": -431.226, "2014-11-30": -560.806, "2014-08-31": -463.768, "2014-05-31": "-459.62400", "2014-02-28": -311.664, "2013-11-30": -413.888, "2013-08-31": -384.623, "2013-05-31": "-298.44500", "2013-02-28": -485.01, "2012-11-30": -361.326, "2012-08-31": -325.703, "2012-05-31": "-291.71900", "2012-02-29": -236.614, "2011-11-30": -38.549, "2011-08-31": -250.116, "2011-05-31": "-142.80500", "2011-02-28": -126.2069, "2010-11-30": -134.38, "2010-08-31": -200.247, "2010-05-31": "-89.73100", "2010-02-28": -116.23, "2009-11-30": -27.34, "2009-08-31": -104.824, "2009-05-31": "-112.98200", "2009-02-28": -96.887, "2008-11-30": 92.884, "2008-08-31": 109.578, "2008-05-31": "40.40000", "2008-02-29": -101.58, "2007-11-30": -62.263, "2007-08-31": 7.94, "2007-05-31": "-3.68300", "2007-02-28": -63.729, "2006-11-30": -13.454, "2006-08-31": -37.121, "2006-05-31": "-4.68000", "2006-02-28": -75.203, "2005-11-30": 2.888, "2005-08-31": 7.256, "2005-05-31": "19.88000", "2005-02-28": -88.94}, "Cash Flow From Operating Activities": {"2020-11-30": -21.39, "2020-08-31": -359.783, "2020-05-31": "1249.55900", "2020-02-29": -118.7, "2019-11-30": 7.55, "2019-08-31": -168.657, "2019-05-31": "43.20100", "2019-02-28": 48.341, "2018-11-30": 3.745, "2018-08-31": -119.964, "2018-05-31": "230.84900", "2018-02-28": 112.572, "2017-11-30": -274.219, "2017-08-31": -110.396, "2017-05-31": "191.49300", "2017-02-28": -119.265, "2016-11-30": -303.037, "2016-08-31": -120.616, "2016-05-31": "87.60700", "2016-02-29": 264.822, "2015-11-30": -296.835, "2015-08-31": -202.298, "2015-05-31": "117.55400", "2015-02-28": -183.515, "2014-11-30": -347.996, "2014-08-31": -227.539, "2014-05-31": "-209.08000", "2014-02-28": -120.023, "2013-11-30": -229.531, "2013-08-31": -186.03, "2013-05-31": "-77.57900", "2013-02-28": -279.213, "2012-11-30": -213.296, "2012-08-31": -170.412, "2012-05-31": "-115.52000", "2012-02-29": -68.497, "2011-11-30": 82.257, "2011-08-31": -100.828, "2011-05-31": "24.90400", "2011-02-28": 15.73, "2010-11-30": -13.022, "2010-08-31": -65.074, "2010-05-31": "55.60800", "2010-02-28": 3.045, "2009-11-30": 107.766, "2009-08-31": 28.128, "2009-05-31": "-79.41700", "2009-02-28": -42.037, "2008-11-30": 87.727, "2008-08-31": 139.545, "2008-05-31": "79.35600", "2008-02-29": -79.397, "2007-11-30": -14.108, "2007-08-31": 97.626, "2007-05-31": "75.39900", "2007-02-28": -0.765, "2006-11-30": 50.814, "2006-08-31": 38.666, "2006-05-31": "48.08500", "2006-02-28": -21.584, "2005-11-30": 22.51, "2005-08-31": 53.111, "2005-05-31": "63.47600", "2005-02-28": 41.846}, "Net Change In Property, Plant, And Equipment": {"2020-11-30": -30.934, "2020-08-31": -28.301, "2020-05-31": "-62.87100", "2020-02-29": -82.719, "2019-11-30": -77.83, "2019-08-31": -92.376, "2019-05-31": "-78.96800", "2019-02-28": -61.313, "2018-11-30": -72.085, "2018-08-31": -91.146, "2018-05-31": "-79.40000", "2018-02-28": -69.256, "2017-11-30": -72.449, "2017-08-31": -75.598, "2017-05-31": "-79.41600", "2017-02-28": -102.1, "2016-11-30": -100.23, "2016-08-31": -117.122, "2016-05-31": "-97.46300", "2016-02-29": -74.727, "2015-11-30": -95.007, "2015-08-31": -86.29, "2015-05-31": "-58.01800", "2015-02-28": -70.921, "2014-11-30": -103.563, "2014-08-31": -75.755, "2014-05-31": "-53.70900", "2014-02-28": -97.465, "2013-11-30": -76.462, "2013-08-31": -93.86, "2013-05-31": "-37.43500", "2013-02-28": -50.765, "2012-11-30": -81.024, "2012-08-31": -56.282, "2012-05-31": "-47.63600", "2012-02-29": -66.618, "2011-11-30": -25.765, "2011-08-31": -49.179, "2011-05-31": "-31.04600", "2011-02-28": -38.044, "2010-11-30": -23.296, "2010-08-31": -6.078, "2010-05-31": "-9.15400", "2010-02-28": -3.479, "2009-11-30": -4.015, "2009-08-31": -8.666, "2009-05-31": "-5.61200", "2009-02-28": -15.75, "2008-11-30": 0.656, "2008-08-31": -60.758, "2008-05-31": "-75.50700", "2008-02-29": -61.034, "2007-11-30": -60.163, "2007-08-31": -69.941, "2007-05-31": "-60.87900", "2007-02-28": -75.944, "2006-11-30": -60.397, "2006-08-31": -25.77, "2006-05-31": "-25.08000", "2006-02-28": -40.82, "2005-11-30": -38.206, "2005-08-31": 1.284, "2005-05-31": "-38.35100", "2005-02-28": -141.081}, "Net Change In Intangible Assets": {"2020-11-30": 0, "2020-08-31": 0, "2020-05-31": "", "2020-02-29": 0, "2019-11-30": 0, "2019-08-31": 0, "2019-05-31": "", "2019-02-28": 0, "2018-11-30": 0, "2018-08-31": 0, "2018-05-31": "", "2018-02-28": 0, "2017-11-30": 0, "2017-08-31": 0, "2017-05-31": "", "2017-02-28": 0, "2016-11-30": 0, "2016-08-31": 0, "2016-05-31": "", "2016-02-29": 0, "2015-11-30": 0, "2015-08-31": 0, "2015-05-31": "", "2015-02-28": 0, "2014-11-30": 0, "2014-08-31": 0, "2014-05-31": "", "2014-02-28": 0, "2013-11-30": 0, "2013-08-31": 0, "2013-05-31": "", "2013-02-28": 0, "2012-11-30": 0, "2012-08-31": 0, "2012-05-31": "", "2012-02-29": 0, "2011-11-30": 0, "2011-08-31": 0, "2011-05-31": "", "2011-02-28": 0, "2010-11-30": 0, "2010-08-31": 0, "2010-05-31": "", "2010-02-28": 0, "2009-11-30": 0, "2009-08-31": 0, "2009-05-31": "", "2009-02-28": 0, "2008-11-30": 0, "2008-08-31": 0, "2008-05-31": "", "2008-02-29": 0, "2007-11-30": 0, "2007-08-31": 0, "2007-05-31": "", "2007-02-28": 0, "2006-11-30": 0, "2006-08-31": 0, "2006-05-31": "", "2006-02-28": 0, "2005-11-30": 0, "2005-08-31": 0, "2005-05-31": "", "2005-02-28": 0}, "Net Acquisitions/Divestitures": {"2020-11-30": 0, "2020-08-31": 0, "2020-05-31": "", "2020-02-29": 0, "2019-11-30": 0, "2019-08-31": 0, "2019-05-31": "", "2019-02-28": 0, "2018-11-30": 0, "2018-08-31": 0, "2018-05-31": "", "2018-02-28": 0, "2017-11-30": 0, "2017-08-31": 0, "2017-05-31": "", "2017-02-28": 0, "2016-11-30": 0, "2016-08-31": 0, "2016-05-31": "", "2016-02-29": 0, "2015-11-30": 0, "2015-08-31": 0, "2015-05-31": "", "2015-02-28": 0, "2014-11-30": 0, "2014-08-31": 0, "2014-05-31": "", "2014-02-28": 0, "2013-11-30": 0, "2013-08-31": 0, "2013-05-31": "", "2013-02-28": 0, "2012-11-30": 0, "2012-08-31": 0, "2012-05-31": "", "2012-02-29": 0, "2011-11-30": 0, "2011-08-31": 0, "2011-05-31": "", "2011-02-28": 0, "2010-11-30": 0, "2010-08-31": 0, "2010-05-31": "", "2010-02-28": 0, "2009-11-30": 0, "2009-08-31": 0, "2009-05-31": "", "2009-02-28": 0, "2008-11-30": 0, "2008-08-31": 0, "2008-05-31": "", "2008-02-29": 0, "2007-11-30": 0, "2007-08-31": 0, "2007-05-31": "", "2007-02-28": 0, "2006-11-30": 0, "2006-08-31": 0, "2006-05-31": "", "2006-02-28": 0, "2005-11-30": 0, "2005-08-31": 0, "2005-05-31": "", "2005-02-28": 0}, "Net Change In Short-term Investments": {"2020-11-30": 0, "2020-08-31": 0, "2020-05-31": "", "2020-02-29": 0, "2019-11-30": 0, "2019-08-31": 0, "2019-05-31": "", "2019-02-28": 0, "2018-11-30": 0, "2018-08-31": 0, "2018-05-31": "", "2018-02-28": 0, "2017-11-30": 0, "2017-08-31": 0, "2017-05-31": "", "2017-02-28": 0, "2016-11-30": 0, "2016-08-31": 0, "2016-05-31": "", "2016-02-29": 0, "2015-11-30": 0, "2015-08-31": 0, "2015-05-31": "", "2015-02-28": 0, "2014-11-30": 0, "2014-08-31": 0, "2014-05-31": "", "2014-02-28": 0, "2013-11-30": 0, "2013-08-31": 0, "2013-05-31": "", "2013-02-28": 0, "2012-11-30": 0, "2012-08-31": 0, "2012-05-31": "", "2012-02-29": 0, "2011-11-30": 0, "2011-08-31": 0, "2011-05-31": "", "2011-02-28": 0, "2010-11-30": 0, "2010-08-31": 0, "2010-05-31": "", "2010-02-28": 0, "2009-11-30": 0, "2009-08-31": 0, "2009-05-31": "", "2009-02-28": 0, "2008-11-30": 0, "2008-08-31": 0, "2008-05-31": "", "2008-02-29": 0, "2007-11-30": 0, "2007-08-31": 0, "2007-05-31": "", "2007-02-28": 0, "2006-11-30": 0, "2006-08-31": 0, "2006-05-31": "", "2006-02-28": 0, "2005-11-30": 0, "2005-08-31": 0, "2005-05-31": "", "2005-02-28": 0}, "Net Change In Long-Term Investments": {"2020-11-30": 1.215, "2020-08-31": 1.016, "2020-05-31": "-2.20100", "2020-02-29": -50.058, "2019-11-30": 0.111, "2019-08-31": -0.381, "2019-05-31": "-7.14300", "2019-02-28": -0.203, "2018-11-30": 0.036, "2018-08-31": 0.615, "2018-05-31": "-5.01700", "2018-02-28": 1.002, "2017-11-30": -5.172, "2017-08-31": -0.157, "2017-05-31": "-0.81700", "2017-02-28": 3.562, "2016-11-30": -0.548, "2016-08-31": -3.658, "2016-05-31": "-2.40000", "2016-02-29": -0.375, "2015-11-30": -0.384, "2015-08-31": -6.592, "2015-05-31": "-3.78800", "2015-02-28": -0.024, "2014-11-30": -0.185, "2014-08-31": -5.753, "2014-05-31": "-5.80100", "2014-02-28": 0.384, "2013-11-30": -5.595, "2013-08-31": -0.187, "2013-05-31": "0.15200", "2013-02-28": -0.282, "2012-11-30": -0.282, "2012-08-31": -2.086, "2012-05-31": "-0.92700", "2012-02-29": -0.544, "2011-11-30": -0.265, "2011-08-31": -2.455, "2011-05-31": "", "2011-02-28": 0, "2010-11-30": 4, "2010-08-31": 0, "2010-05-31": "0.00100", "2010-02-28": 0, "2009-11-30": 0, "2009-08-31": -0.181, "2009-05-31": "0.18500", "2009-02-28": 0.022, "2008-11-30": 0, "2008-08-31": -3.146, "2008-05-31": "-0.86300", "2008-02-29": 0, "2007-11-30": 0, "2007-08-31": -5, "2007-05-31": "", "2007-02-28": 0, "2006-11-30": 0, "2006-08-31": 0, "2006-05-31": "", "2006-02-28": 0, "2005-11-30": 0, "2005-08-31": 0, "2005-05-31": "", "2005-02-28": 0}, "Net Change In Investments - Total": {"2020-11-30": 1.215, "2020-08-31": 1.016, "2020-05-31": "-2.20100", "2020-02-29": -50.058, "2019-11-30": 0.111, "2019-08-31": -0.381, "2019-05-31": "-7.14300", "2019-02-28": -0.203, "2018-11-30": 0.036, "2018-08-31": 0.615, "2018-05-31": "-5.01700", "2018-02-28": 1.002, "2017-11-30": -5.172, "2017-08-31": -0.157, "2017-05-31": "-0.81700", "2017-02-28": 3.562, "2016-11-30": -0.548, "2016-08-31": -3.658, "2016-05-31": "-2.40000", "2016-02-29": -0.375, "2015-11-30": -0.384, "2015-08-31": -6.592, "2015-05-31": "-3.78800", "2015-02-28": -0.024, "2014-11-30": -0.185, "2014-08-31": -5.753, "2014-05-31": "-5.80100", "2014-02-28": 0.384, "2013-11-30": -5.595, "2013-08-31": -0.187, "2013-05-31": "0.15200", "2013-02-28": -0.282, "2012-11-30": -0.282, "2012-08-31": -2.086, "2012-05-31": "-0.92700", "2012-02-29": -0.544, "2011-11-30": -0.265, "2011-08-31": -2.455, "2011-05-31": "", "2011-02-28": 0, "2010-11-30": 4, "2010-08-31": 0, "2010-05-31": "0.00100", "2010-02-28": 0, "2009-11-30": 0, "2009-08-31": -0.181, "2009-05-31": "0.18500", "2009-02-28": 0.022, "2008-11-30": 0, "2008-08-31": -3.146, "2008-05-31": "-0.86300", "2008-02-29": 0, "2007-11-30": 0, "2007-08-31": -5, "2007-05-31": "", "2007-02-28": 0, "2006-11-30": 0, "2006-08-31": 0, "2006-05-31": "", "2006-02-28": 0, "2005-11-30": 0, "2005-08-31": 0, "2005-05-31": "", "2005-02-28": 0}, "Investing Activities - Other": {"2020-11-30": 0, "2020-08-31": 0, "2020-05-31": "", "2020-02-29": 0, "2019-11-30": 0, "2019-08-31": 0, "2019-05-31": "", "2019-02-28": 0, "2018-11-30": 0, "2018-08-31": 0, "2018-05-31": "", "2018-02-28": 0, "2017-11-30": 0, "2017-08-31": 0, "2017-05-31": "", "2017-02-28": 16.791, "2016-11-30": 24.723, "2016-08-31": -18.127, "2016-05-31": "-23.38700", "2016-02-29": -29.074, "2015-11-30": 20.254, "2015-08-31": -9.523, "2015-05-31": "-35.27100", "2015-02-28": -23.631, "2014-11-30": 21.373, "2014-08-31": -8.166, "2014-05-31": "-34.60900", "2014-02-28": -10.901, "2013-11-30": 2.043, "2013-08-31": -8.126, "2013-05-31": "-9.22900", "2013-02-28": -25.012, "2012-11-30": 4.598, "2012-08-31": -23.72, "2012-05-31": "28.14400", "2012-02-29": -33.705, "2011-11-30": -18.368, "2011-08-31": 16.976, "2011-05-31": "-8.43300", "2011-02-28": 3.425, "2010-11-30": 2.552, "2010-08-31": -19.112, "2010-05-31": "13.49400", "2010-02-28": 0, "2009-11-30": 0, "2009-08-31": 0.447, "2009-05-31": "", "2009-02-28": 0, "2008-11-30": 0, "2008-08-31": 0, "2008-05-31": "", "2008-02-29": 0, "2007-11-30": 0, "2007-08-31": 0, "2007-05-31": "", "2007-02-28": 0, "2006-11-30": 0, "2006-08-31": 0, "2006-05-31": "", "2006-02-28": 0, "2005-11-30": 0, "2005-08-31": 0, "2005-05-31": "", "2005-02-28": 0}, "Cash Flow From Investing Activities": {"2020-11-30": -29.719, "2020-08-31": -27.285, "2020-05-31": "-65.07200", "2020-02-29": -132.777, "2019-11-30": -77.719, "2019-08-31": -92.757, "2019-05-31": "-86.11100", "2019-02-28": -61.516, "2018-11-30": -72.049, "2018-08-31": -90.531, "2018-05-31": "-84.41700", "2018-02-28": -68.254, "2017-11-30": -77.621, "2017-08-31": -75.755, "2017-05-31": "-80.23300", "2017-02-28": -81.747, "2016-11-30": -76.055, "2016-08-31": -138.907, "2016-05-31": "-123.25000", "2016-02-29": -104.176, "2015-11-30": -75.137, "2015-08-31": -102.405, "2015-05-31": "-97.07700", "2015-02-28": -94.576, "2014-11-30": -82.375, "2014-08-31": -89.674, "2014-05-31": "-94.11900", "2014-02-28": -107.982, "2013-11-30": -80.014, "2013-08-31": -102.173, "2013-05-31": "-46.51200", "2013-02-28": -76.059, "2012-11-30": -76.708, "2012-08-31": -82.088, "2012-05-31": "-20.41900", "2012-02-29": -100.867, "2011-11-30": -44.398, "2011-08-31": -34.658, "2011-05-31": "-39.47900", "2011-02-28": -34.619, "2010-11-30": -16.744, "2010-08-31": -25.19, "2010-05-31": "4.34100", "2010-02-28": -3.479, "2009-11-30": -4.015, "2009-08-31": -8.4, "2009-05-31": "-5.42700", "2009-02-28": -15.728, "2008-11-30": 0.656, "2008-08-31": -63.904, "2008-05-31": "-76.37000", "2008-02-29": -61.034, "2007-11-30": -60.163, "2007-08-31": -74.941, "2007-05-31": "-60.87900", "2007-02-28": -75.944, "2006-11-30": -60.397, "2006-08-31": -25.77, "2006-05-31": "-25.08000", "2006-02-28": -40.82, "2005-11-30": -38.206, "2005-08-31": 1.284, "2005-05-31": "-38.35100", "2005-02-28": -141.081}, "Net Long-Term Debt": {"2020-11-30": -341.7359, "2020-08-31": 408.3772, "2020-05-31": "-524.73900", "2020-02-29": 364.6011, "2019-11-30": 173.8828, "2019-08-31": 349.5718, "2019-05-31": "263.46730", "2019-02-28": 311.2522, "2018-11-30": 290.2178, "2018-08-31": 321.896, "2018-05-31": "125.31300", "2018-02-28": 107.792, "2017-11-30": 408.2973, "2017-08-31": 316.0052, "2017-05-31": "103.59690", "2017-02-28": 341.367, "2016-11-30": 286.6121, "2016-08-31": 1721.146, "2016-05-31": "-905.26810", "2016-02-29": 39.725, "2015-11-30": 743.2549, "2015-08-31": 285.8823, "2015-05-31": "376.84180", "2015-02-28": 295.348, "2014-11-30": 567.041, "2014-08-31": 277.226, "2014-05-31": "374.32700", "2014-02-28": 273.742, "2013-11-30": 235.6058, "2013-08-31": 355.9412, "2013-05-31": "508.46900", "2013-02-28": 470.909, "2012-11-30": 295.8249, "2012-08-31": 252.3801, "2012-05-31": "137.80400", "2012-02-29": 215.6311, "2011-11-30": 163.3891, "2011-08-31": 153.4439, "2011-05-31": "125.40410", "2011-02-28": -22.6331, "2010-11-30": 18.5511, "2010-08-31": 130.0201, "2010-05-31": "-71.43200", "2010-02-28": -6.278, "2009-11-30": -230.837, "2009-08-31": -38.806, "2009-05-31": "80.20800", "2009-02-28": 71.209, "2008-11-30": 38.485, "2008-08-31": -81.912, "2008-05-31": "0.19100", "2008-02-29": 123.992, "2007-11-30": 69.196, "2007-08-31": -44.553, "2007-05-31": "-17.45400", "2007-02-28": 63.7531, "2006-11-30": -19.244, "2006-08-31": -27.637, "2006-05-31": "-29.23400", "2006-02-28": 69.471, "2005-11-30": -16.353, "2005-08-31": 4.901, "2005-05-31": "-0.08300", "2005-02-28": -0.509}, "Net Current Debt": {"2020-11-30": 0.17, "2020-08-31": 0.752, "2020-05-31": "0.04600", "2020-02-29": -0.381, "2019-11-30": -0.494, "2019-08-31": 0.244, "2019-05-31": "-0.45800", "2019-02-28": 0.693, "2018-11-30": -2.86, "2018-08-31": 2.931, "2018-05-31": "0.23800", "2018-02-28": -0.466, "2017-11-30": 0.322, "2017-08-31": -0.422, "2017-05-31": "0.63100", "2017-02-28": -0.818, "2016-11-30": 0.519, "2016-08-31": -1094.694, "2016-05-31": "1094.62700", "2016-02-29": 0.392, "2015-11-30": -2.086, "2015-08-31": 1.341, "2015-05-31": "-0.00400", "2015-02-28": -1.789, "2014-11-30": 0.345, "2014-08-31": 0.987, "2014-05-31": "0.66000", "2014-02-28": -0.705, "2013-11-30": -0.452, "2013-08-31": 0.767, "2013-05-31": "0.61700", "2013-02-28": -0.351, "2012-11-30": -0.362, "2012-08-31": 0.277, "2012-05-31": "-0.15200", "2012-02-29": 0.184, "2011-11-30": -0.574, "2011-08-31": 0.161, "2011-05-31": "0.17000", "2011-02-28": 0.325, "2010-11-30": 0.112, "2010-08-31": 0.412, "2010-05-31": "-0.73000", "2010-02-28": 0.693, "2009-11-30": -1.747, "2009-08-31": 0.742, "2009-05-31": "0.31700", "2009-02-28": -11.195, "2008-11-30": -0.527, "2008-08-31": 4.197, "2008-05-31": "-12.61400", "2008-02-29": 17.88, "2007-11-30": 0.465, "2007-08-31": -1.008, "2007-05-31": "0.39000", "2007-02-28": 0.306, "2006-11-30": 1.069, "2006-08-31": 0.807, "2006-05-31": "0.64500", "2006-02-28": -4.244, "2005-11-30": 4.707, "2005-08-31": -41.428, "2005-05-31": "-23.76900", "2005-02-28": 60.751}, "Debt Issuance/Retirement Net - Total": {"2020-11-30": -341.5659, "2020-08-31": 409.1292, "2020-05-31": "-524.69300", "2020-02-29": 364.2201, "2019-11-30": 173.3888, "2019-08-31": 349.8158, "2019-05-31": "263.00930", "2019-02-28": 311.9452, "2018-11-30": 287.3578, "2018-08-31": 324.827, "2018-05-31": "125.55100", "2018-02-28": 107.326, "2017-11-30": 408.6193, "2017-08-31": 315.5832, "2017-05-31": "104.22790", "2017-02-28": 340.549, "2016-11-30": 287.1311, "2016-08-31": 626.4519, "2016-05-31": "189.35900", "2016-02-29": 40.117, "2015-11-30": 741.1689, "2015-08-31": 287.2233, "2015-05-31": "376.83780", "2015-02-28": 293.559, "2014-11-30": 567.386, "2014-08-31": 278.213, "2014-05-31": "374.98700", "2014-02-28": 273.037, "2013-11-30": 235.1539, "2013-08-31": 356.7081, "2013-05-31": "509.08600", "2013-02-28": 470.558, "2012-11-30": 295.4629, "2012-08-31": 252.6571, "2012-05-31": "137.65200", "2012-02-29": 215.8151, "2011-11-30": 162.815, "2011-08-31": 153.6049, "2011-05-31": "125.57410", "2011-02-28": -22.3081, "2010-11-30": 18.6631, "2010-08-31": 130.4321, "2010-05-31": "-72.16200", "2010-02-28": -5.585, "2009-11-30": -232.584, "2009-08-31": -38.064, "2009-05-31": "80.52500", "2009-02-28": 60.014, "2008-11-30": 37.958, "2008-08-31": -77.715, "2008-05-31": "-12.42300", "2008-02-29": 141.872, "2007-11-30": 69.661, "2007-08-31": -45.561, "2007-05-31": "-17.06400", "2007-02-28": 64.0591, "2006-11-30": -18.175, "2006-08-31": -26.83, "2006-05-31": "-28.58900", "2006-02-28": 65.227, "2005-11-30": -11.646, "2005-08-31": -36.527, "2005-05-31": "-23.85200", "2005-02-28": 60.242}, "Net Common Equity Issued/Repurchased": {"2020-11-30": -101.903, "2020-08-31": 90.007, "2020-05-31": "-52.43400", "2020-02-29": -81.13, "2019-11-30": -106.812, "2019-08-31": -76.698, "2019-05-31": "-178.71000", "2019-02-28": -268.006, "2018-11-30": -244.745, "2018-08-31": -131.847, "2018-05-31": "-201.99800", "2018-02-28": -117.639, "2017-11-30": -67.531, "2017-08-31": -140.103, "2017-05-31": "-180.77700", "2017-02-28": -74.67, "2016-11-30": -196.799, "2016-08-31": -99.144, "2016-05-31": "-133.85500", "2016-02-29": -165.577, "2015-11-30": -439.273, "2015-08-31": -232.15, "2015-05-31": "-99.90300", "2015-02-28": -193.2291, "2014-11-30": -305.4099, "2014-08-31": -164.075, "2014-05-31": "-171.80400", "2014-02-28": -91.467, "2013-11-30": -12.256, "2013-08-31": -45.514, "2013-05-31": "-119.01100", "2013-02-28": -118.404, "2012-11-30": -25.814, "2012-08-31": 1.68, "2012-05-31": "2.52900", "2012-02-29": 10.538, "2011-11-30": 0.677, "2011-08-31": 6.494, "2011-05-31": "-2.13200", "2011-02-28": 6.332, "2010-11-30": 25.558, "2010-08-31": 1.032, "2010-05-31": "5.35500", "2010-02-28": 7.989, "2009-11-30": 19.499, "2009-08-31": 6.556, "2009-05-31": "-2.73700", "2009-02-28": 0.2, "2008-11-30": 0.862, "2008-08-31": 0.871, "2008-05-31": "8.22900", "2008-02-29": 1.573, "2007-11-30": 3.21, "2007-08-31": 6.222, "2007-05-31": "3.72500", "2007-02-28": 7.962, "2006-11-30": 13.521, "2006-08-31": 7.615, "2006-05-31": "6.31300", "2006-02-28": 0.927, "2005-11-30": 1.414, "2005-08-31": 1.715, "2005-05-31": "1.97900", "2005-02-28": 4.306}, "Net Total Equity Issued/Repurchased": {"2020-11-30": -101.903, "2020-08-31": 90.007, "2020-05-31": "-52.43400", "2020-02-29": -81.13, "2019-11-30": -106.812, "2019-08-31": -76.698, "2019-05-31": "-178.71000", "2019-02-28": -268.006, "2018-11-30": -244.745, "2018-08-31": -131.847, "2018-05-31": "-201.99800", "2018-02-28": -117.639, "2017-11-30": -67.531, "2017-08-31": -140.103, "2017-05-31": "-180.77700", "2017-02-28": -74.67, "2016-11-30": -196.799, "2016-08-31": -99.144, "2016-05-31": "-133.85500", "2016-02-29": -165.577, "2015-11-30": -439.273, "2015-08-31": -232.15, "2015-05-31": "-99.90300", "2015-02-28": -193.2291, "2014-11-30": -305.4099, "2014-08-31": -164.075, "2014-05-31": "-171.80400", "2014-02-28": -91.467, "2013-11-30": -12.256, "2013-08-31": -45.514, "2013-05-31": "-119.01100", "2013-02-28": -118.404, "2012-11-30": -25.814, "2012-08-31": 1.68, "2012-05-31": "2.52900", "2012-02-29": 10.538, "2011-11-30": 0.677, "2011-08-31": 6.494, "2011-05-31": "-2.13200", "2011-02-28": 6.332, "2010-11-30": 25.558, "2010-08-31": 1.032, "2010-05-31": "5.35500", "2010-02-28": 7.989, "2009-11-30": 19.499, "2009-08-31": 6.556, "2009-05-31": "-2.73700", "2009-02-28": 0.2, "2008-11-30": 0.862, "2008-08-31": 0.871, "2008-05-31": "8.22900", "2008-02-29": 1.573, "2007-11-30": 3.21, "2007-08-31": 6.222, "2007-05-31": "3.72500", "2007-02-28": 7.962, "2006-11-30": 13.521, "2006-08-31": 7.615, "2006-05-31": "6.31300", "2006-02-28": 0.927, "2005-11-30": 1.414, "2005-08-31": 1.715, "2005-05-31": "1.97900", "2005-02-28": 4.306}, "Total Common And Preferred Stock Dividends Paid": {"2020-11-30": 0, "2020-08-31": 0, "2020-05-31": "", "2020-02-29": 0, "2019-11-30": 0, "2019-08-31": 0, "2019-05-31": "", "2019-02-28": 0, "2018-11-30": 0, "2018-08-31": 0, "2018-05-31": "", "2018-02-28": 0, "2017-11-30": 0, "2017-08-31": 0, "2017-05-31": "", "2017-02-28": 0, "2016-11-30": 0, "2016-08-31": 0, "2016-05-31": "", "2016-02-29": 0, "2015-11-30": 0, "2015-08-31": 0, "2015-05-31": "", "2015-02-28": 0, "2014-11-30": 0, "2014-08-31": 0, "2014-05-31": "", "2014-02-28": 0, "2013-11-30": 0, "2013-08-31": 0, "2013-05-31": "", "2013-02-28": 0, "2012-11-30": 0, "2012-08-31": 0, "2012-05-31": "", "2012-02-29": 0, "2011-11-30": 0, "2011-08-31": 0, "2011-05-31": "", "2011-02-28": 0, "2010-11-30": 0, "2010-08-31": 0, "2010-05-31": "", "2010-02-28": 0, "2009-11-30": 0, "2009-08-31": 0, "2009-05-31": "", "2009-02-28": 0, "2008-11-30": 0, "2008-08-31": 0, "2008-05-31": "", "2008-02-29": 0, "2007-11-30": 0, "2007-08-31": 0, "2007-05-31": "", "2007-02-28": 0, "2006-11-30": 0, "2006-08-31": 0, "2006-05-31": "", "2006-02-28": 0, "2005-11-30": 0, "2005-08-31": 0, "2005-05-31": "", "2005-02-28": 0}, "Financial Activities - Other": {"2020-11-30": -4.76, "2020-08-31": -5.427, "2020-05-31": "-2.61000", "2020-02-29": -5.253, "2019-11-30": -3.987, "2019-08-31": -7.446, "2019-05-31": "-3.41600", "2019-02-28": -4.734, "2018-11-30": -4.14, "2018-08-31": -4.542, "2018-05-31": "-3.64700", "2018-02-28": -4.737, "2017-11-30": -3.901, "2017-08-31": -4.703, "2017-05-31": "-2.92000", "2017-02-28": -4.55, "2016-11-30": -3.559, "2016-08-31": -4.329, "2016-05-31": "-4.68000", "2016-02-29": -31.138, "2015-11-30": 2.945, "2015-08-31": -1.591, "2015-05-31": "26.68000", "2015-02-28": 15.487, "2014-11-30": 3.675, "2014-08-31": 25.484, "2014-05-31": "4.30600", "2014-02-28": 9.578, "2013-11-30": 1.373, "2013-08-31": 1.774, "2013-05-31": "9.91900", "2013-02-28": 7.372, "2012-11-30": 6.898, "2012-08-31": 0.317, "2012-05-31": "9.51300", "2012-02-29": 2.258, "2011-11-30": 0.147, "2011-08-31": 1.297, "2011-05-31": "6.01500", "2011-02-28": 1.595, "2010-11-30": 4.773, "2010-08-31": 0.255, "2010-05-31": "2.28800", "2010-02-28": 1.096, "2009-11-30": 2.199, "2009-08-31": 0.547, "2009-05-31": "0.03900", "2009-02-28": 0.004, "2008-11-30": 0.024, "2008-08-31": 0.229, "2008-05-31": "0.13400", "2008-02-29": 1.571, "2007-11-30": 2.191, "2007-08-31": 2.214, "2007-05-31": "1.39300", "2007-02-28": 11.791, "2006-11-30": 2.808, "2006-08-31": 4.057, "2006-05-31": "3.55500", "2006-02-28": 0.757, "2005-11-30": 1.355, "2005-08-31": 0.699, "2005-05-31": "1.16700", "2005-02-28": 3.143}, "Cash Flow From Financial Activities": {"2020-11-30": -448.229, "2020-08-31": 493.709, "2020-05-31": "-579.73700", "2020-02-29": 277.838, "2019-11-30": 62.59, "2019-08-31": 265.672, "2019-05-31": "80.88300", "2019-02-28": 39.204, "2018-11-30": 38.473, "2018-08-31": 188.438, "2018-05-31": "-80.09400", "2018-02-28": -15.049, "2017-11-30": 337.187, "2017-08-31": 170.777, "2017-05-31": "-79.46900", "2017-02-28": 261.329, "2016-11-30": 86.774, "2016-08-31": 522.979, "2016-05-31": "50.82400", "2016-02-29": -156.598, "2015-11-30": 304.841, "2015-08-31": 53.482, "2015-05-31": "303.61500", "2015-02-28": 115.817, "2014-11-30": 265.651, "2014-08-31": 139.622, "2014-05-31": "207.48900", "2014-02-28": 191.148, "2013-11-30": 224.271, "2013-08-31": 312.968, "2013-05-31": "399.99400", "2013-02-28": 359.526, "2012-11-30": 276.547, "2012-08-31": 254.654, "2012-05-31": "149.69400", "2012-02-29": 228.611, "2011-11-30": 163.639, "2011-08-31": 161.396, "2011-05-31": "129.45700", "2011-02-28": -14.381, "2010-11-30": 48.994, "2010-08-31": 131.719, "2010-05-31": "-64.51900", "2010-02-28": 3.5, "2009-11-30": -210.886, "2009-08-31": -30.961, "2009-05-31": "77.82700", "2009-02-28": 60.218, "2008-11-30": 38.844, "2008-08-31": -76.615, "2008-05-31": "-4.06000", "2008-02-29": 145.016, "2007-11-30": 75.062, "2007-08-31": -37.125, "2007-05-31": "-11.94600", "2007-02-28": 83.812, "2006-11-30": -1.846, "2006-08-31": -15.158, "2006-05-31": "-18.72100", "2006-02-28": 66.911, "2005-11-30": -8.877, "2005-08-31": -34.113, "2005-05-31": "-20.70600", "2005-02-28": 67.691}, "Net Cash Flow": {"2020-11-30": -499.338, "2020-08-31": 106.641, "2020-05-31": "604.75000", "2020-02-29": 26.361, "2019-11-30": -7.579, "2019-08-31": 4.258, "2019-05-31": "37.97300", "2019-02-28": 26.029, "2018-11-30": -29.831, "2018-08-31": -22.057, "2018-05-31": "66.33800", "2018-02-28": 29.269, "2017-11-30": -14.653, "2017-08-31": -15.374, "2017-05-31": "31.79100", "2017-02-28": 60.317, "2016-11-30": -292.318, "2016-08-31": 263.456, "2016-05-31": "15.18100", "2016-02-29": 4.048, "2015-11-30": -67.131, "2015-08-31": -251.221, "2015-05-31": "324.09200", "2015-02-28": -162.274, "2014-11-30": -164.72, "2014-08-31": -177.591, "2014-05-31": "-95.71000", "2014-02-28": -36.857, "2013-11-30": -85.274, "2013-08-31": 24.765, "2013-05-31": "275.90300", "2013-02-28": 4.254, "2012-11-30": -13.457, "2012-08-31": 2.154, "2012-05-31": "13.75500", "2012-02-29": 59.247, "2011-11-30": 201.498, "2011-08-31": 25.91, "2011-05-31": "114.88200", "2011-02-28": -33.27, "2010-11-30": 19.228, "2010-08-31": 41.455, "2010-05-31": "-4.57000", "2010-02-28": 3.066, "2009-11-30": -107.135, "2009-08-31": -11.233, "2009-05-31": "-7.01700", "2009-02-28": 2.453, "2008-11-30": 127.227, "2008-08-31": -0.974, "2008-05-31": "-1.07400", "2008-02-29": 4.585, "2007-11-30": 0.791, "2007-08-31": -14.44, "2007-05-31": "2.57400", "2007-02-28": 7.103, "2006-11-30": -11.429, "2006-08-31": -2.262, "2006-05-31": "4.28400", "2006-02-28": 4.507, "2005-11-30": -24.573, "2005-08-31": 20.282, "2005-05-31": "4.41900", "2005-02-28": -31.544}, "Stock-Based Compensation": {"2020-11-30": 11.152, "2020-08-31": 37.737, "2020-05-31": "25.05700", "2020-02-29": 10.684, "2019-11-30": 29.29, "2019-08-31": 23.862, "2019-05-31": "45.02500", "2019-02-28": 13.608, "2018-11-30": 7.169, "2018-08-31": 25.236, "2018-05-31": "28.99800", "2018-02-28": 9.516, "2017-11-30": 15.778, "2017-08-31": 17.859, "2017-05-31": "18.72600", "2017-02-28": 19.569, "2016-11-30": 11.465, "2016-08-31": 29.124, "2016-05-31": "31.43700", "2016-02-29": 5.793, "2015-11-30": 11.778, "2015-08-31": 10.097, "2015-05-31": "23.40900", "2015-02-28": 24.688, "2014-11-30": 19.414, "2014-08-31": 22.39, "2014-05-31": "15.38800", "2014-02-28": 11.532, "2013-11-30": 16.946, "2013-08-31": 15.061, "2013-05-31": "22.94100", "2013-02-28": 15.515, "2012-11-30": 16.391, "2012-08-31": 14.614, "2012-05-31": "15.59200", "2012-02-29": 10.941, "2011-11-30": 10.845, "2011-08-31": 11.293, "2011-05-31": "15.01000", "2011-02-28": 10.006, "2010-11-30": 11.643, "2010-08-31": 8.496, "2010-05-31": "13.46100", "2010-02-28": 7.161, "2009-11-30": 8.043, "2009-08-31": 10.161, "2009-05-31": "12.49300", "2009-02-28": 8.398, "2008-11-30": 7.943, "2008-08-31": 9.174, "2008-05-31": "9.92100", "2008-02-29": 7.611, "2007-11-30": 8.112, "2007-08-31": 8.412, "2007-05-31": "9.33200", "2007-02-28": 6.278, "2006-11-30": 5.912, "2006-08-31": 12.95, "2006-05-31": "6.68600", "2006-02-28": 5.919, "2005-11-30": 5.442, "2005-08-31": 5.96, "2005-05-31": "4.31100", "2005-02-28": 18.063}, "Common Stock Dividends Paid": {"2020-11-30": 0, "2020-08-31": 0, "2020-05-31": "", "2020-02-29": 0, "2019-11-30": 0, "2019-08-31": 0, "2019-05-31": "", "2019-02-28": 0, "2018-11-30": 0, "2018-08-31": 0, "2018-05-31": "", "2018-02-28": 0, "2017-11-30": 0, "2017-08-31": 0, "2017-05-31": "", "2017-02-28": 0, "2016-11-30": 0, "2016-08-31": 0, "2016-05-31": "", "2016-02-29": 0, "2015-11-30": 0, "2015-08-31": 0, "2015-05-31": "", "2015-02-28": 0, "2014-11-30": 0, "2014-08-31": 0, "2014-05-31": "", "2014-02-28": 0, "2013-11-30": 0, "2013-08-31": 0, "2013-05-31": "", "2013-02-28": 0, "2012-11-30": 0, "2012-08-31": 0, "2012-05-31": "", "2012-02-29": 0, "2011-11-30": 0, "2011-08-31": 0, "2011-05-31": "", "2011-02-28": 0, "2010-11-30": 0, "2010-08-31": 0, "2010-05-31": "", "2010-02-28": 0, "2009-11-30": 0, "2009-08-31": 0, "2009-05-31": "", "2009-02-28": 0, "2008-11-30": 0, "2008-08-31": 0, "2008-05-31": "", "2008-02-29": 0, "2007-11-30": 0, "2007-08-31": 0, "2007-05-31": "", "2007-02-28": 0, "2006-11-30": 0, "2006-08-31": 0, "2006-05-31": "", "2006-02-28": 0, "2005-11-30": 0, "2005-08-31": 0, "2005-05-31": "", "2005-02-28": 0}}, "financial ratios": {"Current Ratio": {"2020-02-29": "2.38720", "2019-02-28": "2.45060", "2018-02-28": "2.60760", "2017-02-28": "2.59870", "2016-02-29": "2.45900", "2015-02-28": "2.59830", "2014-02-28": "3.01910", "2013-02-28": "3.37650", "2012-02-29": "2.86770", "2011-02-28": "2.69790", "2010-02-28": "3.26050", "2009-02-28": "2.62390", "2008-02-29": "2.76910", "2007-02-28": "2.24700", "2006-02-28": "2.73070", "2005-02-28": "2.59000"}, "Long-term Debt / Capital": {"2020-02-29": "0.79860", "2019-02-28": "0.80410", "2018-02-28": "0.79360", "2017-02-28": "0.79190", "2016-02-29": "0.78040", "2015-02-28": "0.73640", "2014-02-28": "0.68880", "2013-02-28": "0.66560", "2012-02-29": "0.64530", "2011-02-28": "0.65490", "2010-02-28": "0.01400", "2009-02-28": "0.10050", "2008-02-29": "0.13240", "2007-02-28": "0.02630", "2006-02-28": "0.12090", "2005-02-28": "0.13820"}, "Debt/Equity Ratio": {"2020-02-29": "4.08010", "2019-02-28": "4.22190", "2018-02-28": "3.95510", "2017-02-28": "3.91490", "2016-02-29": "3.66160", "2015-02-28": "2.88560", "2014-02-28": "2.28620", "2013-02-28": "2.05650", "2012-02-29": "1.89020", "2011-02-28": "1.96270", "2010-02-28": "0.07790", "2009-02-28": "0.21160", "2008-02-29": "0.22020", "2007-02-28": "0.14870", "2006-02-28": "0.19900", "2005-02-28": "0.24210"}, "Gross Margin": {"2020-02-29": "13.39740", "2019-02-28": "13.64980", "2018-02-28": "13.60300", "2017-02-28": "13.75290", "2016-02-29": "13.32540", "2015-02-28": "13.22840", "2014-02-28": "13.11170", "2013-02-28": "13.35750", "2012-02-29": "13.78270", "2011-02-28": "14.49750", "2010-02-28": "14.71010", "2009-02-28": "13.88260", "2008-02-29": "13.07900", "2007-02-28": "13.00710", "2006-02-28": "12.63130", "2005-02-28": "12.36050"}, "Operating Margin": {"2020-02-29": "6.09400", "2019-02-28": "6.54270", "2018-02-28": "6.61780", "2017-02-28": "6.70090", "2016-02-29": "6.98930", "2015-02-28": "6.98800", "2014-02-28": "6.59800", "2013-02-28": "6.68250", "2012-02-29": "6.99910", "2011-02-28": "7.15730", "2010-02-28": "6.45080", "2009-02-28": "1.44970", "2008-02-29": "3.65770", "2007-02-28": "4.38700", "2006-02-28": "3.52510", "2005-02-28": "3.18560"}, "EBIT Margin": {"2020-02-29": "6.09400", "2019-02-28": "6.54270", "2018-02-28": "6.61780", "2017-02-28": "6.70090", "2016-02-29": "6.98930", "2015-02-28": "6.98800", "2014-02-28": "6.59800", "2013-02-28": "6.68250", "2012-02-29": "6.99910", "2011-02-28": "7.15730", "2010-02-28": "6.45080", "2009-02-28": "1.44970", "2008-02-29": "3.65770", "2007-02-28": "4.38700", "2006-02-28": "3.52510", "2005-02-28": "3.18560"}, "EBITDA Margin": {"2020-02-29": "7.15610", "2019-02-28": "7.54550", "2018-02-28": "7.66890", "2017-02-28": "7.76470", "2016-02-29": "7.89600", "2015-02-28": "7.79520", "2014-02-28": "7.40850", "2013-02-28": "7.55170", "2012-02-29": "7.82690", "2011-02-28": "8.00760", "2010-02-28": "7.45780", "2009-02-28": "2.23460", "2008-02-29": "4.22620", "2007-02-28": "4.84980", "2006-02-28": "3.95150", "2005-02-28": "3.56860"}, "Pre-Tax Profit Margin": {"2020-02-29": "5.71350", "2019-02-28": "6.12340", "2018-02-28": "6.21260", "2017-02-28": "6.33950", "2016-02-29": "6.66640", "2015-02-28": "6.79340", "2014-02-28": "6.34090", "2013-02-28": "6.39750", "2012-02-29": "6.66670", "2011-02-28": "6.77630", "2010-02-28": "5.97640", "2009-02-28": "1.38800", "2008-02-29": "3.62300", "2007-02-28": "4.33120", "2006-02-28": "3.47610", "2005-02-28": "3.15230"}, "Net Profit Margin": {"2020-02-29": "4.37220", "2019-02-28": "4.63550", "2018-02-28": "3.87910", "2017-02-28": "3.94940", "2016-02-29": "4.11510", "2015-02-28": "4.18650", "2014-02-28": "3.91740", "2013-02-28": "3.96140", "2012-02-29": "4.13650", "2011-02-28": "4.18770", "2010-02-28": "3.68800", "2009-02-28": "0.83900", "2008-02-29": "2.20270", "2007-02-28": "2.66010", "2006-02-28": "2.14410", "2005-02-28": "1.92600"}, "Asset Turnover": {"2020-02-29": "0.96380", "2019-02-28": "0.97090", "2018-02-28": "0.97910", "2017-02-28": "0.97520", "2016-02-29": "1.04770", "2015-02-28": "1.08110", "2014-02-28": "1.07410", "2013-02-28": "1.10860", "2012-02-29": "1.20070", "2011-02-28": "1.25960", "2010-02-28": "2.92240", "2009-02-28": "2.93120", "2008-02-29": "3.51440", "2007-02-28": "3.95940", "2006-02-28": "4.14670", "2005-02-28": "4.06820"}, "Inventory Turnover Ratio": {"2020-02-29": "6.18240", "2019-02-28": "6.22850", "2018-02-28": "6.18710", "2017-02-28": "6.05680", "2016-02-29": "6.79640", "2015-02-28": "5.93290", "2014-02-28": "6.65620", "2013-02-28": "6.25800", "2012-02-29": "7.89390", "2011-02-28": "7.31250", "2010-02-28": "7.55670", "2009-02-28": "8.54120", "2008-02-29": "7.30410", "2007-02-28": "7.76760", "2006-02-28": "8.16670", "2005-02-28": "7.99570"}, "Receiveable Turnover": {"2020-02-29": "106.33730", "2019-02-28": "129.94710", "2018-02-28": "128.41350", "2017-02-28": "104.17560", "2016-02-29": "114.62180", "2015-02-28": "103.62930", "2014-02-28": "157.33020", "2013-02-28": "119.21160", "2012-02-29": "115.73680", "2011-02-28": "75.04830", "2010-02-28": "11.46070", "2009-02-28": "16.44270", "2008-02-29": "23.83670", "2007-02-28": "27.27530", "2006-02-28": "26.64620", "2005-02-28": "23.46970"}, "Days Sales In Receivables": {"2020-02-29": "3.43250", "2019-02-28": "2.80880", "2018-02-28": "2.84240", "2017-02-28": "3.50370", "2016-02-29": "3.18440", "2015-02-28": "3.52220", "2014-02-28": "2.32000", "2013-02-28": "3.06180", "2012-02-29": "3.15370", "2011-02-28": "4.86350", "2010-02-28": "31.84800", "2009-02-28": "22.19830", "2008-02-29": "15.31250", "2007-02-28": "13.38210", "2006-02-28": "13.69800", "2005-02-28": "15.55200"}, "ROE - Return On Equity": {"2020-02-29": "23.57290", "2019-02-28": "25.09400", "2018-02-28": "20.02240", "2017-02-28": "20.16900", "2016-02-29": "21.46210", "2015-02-28": "18.92300", "2014-02-28": "14.85040", "2013-02-28": "14.38420", "2012-02-29": "15.47990", "2011-02-28": "16.85810", "2010-02-28": "14.36940", "2009-02-28": "3.71690", "2008-02-29": "12.22530", "2007-02-28": "15.92120", "2006-02-28": "13.69450", "2005-02-28": "12.64890"}, "Return On Tangible Equity": {"2020-02-29": "23.57290", "2019-02-28": "25.09400", "2018-02-28": "20.02240", "2017-02-28": "20.16900", "2016-02-29": "21.46210", "2015-02-28": "18.92300", "2014-02-28": "14.85040", "2013-02-28": "14.38420", "2012-02-29": "15.47990", "2011-02-28": "16.85810", "2010-02-28": "14.36940", "2009-02-28": "3.71690", "2008-02-29": "12.22530", "2007-02-28": "15.92120", "2006-02-28": "13.69450", "2005-02-28": "12.64890"}, "ROA - Return On Assets": {"2020-02-29": "4.21410", "2019-02-28": "4.50060", "2018-02-28": "3.79790", "2017-02-28": "3.85130", "2016-02-29": "4.31140", "2015-02-28": "4.52610", "2014-02-28": "4.20760", "2013-02-28": "4.39180", "2012-02-29": "4.96660", "2011-02-28": "5.29780", "2010-02-28": "10.86950", "2009-02-28": "2.48880", "2008-02-29": "7.80160", "2007-02-28": "10.53250", "2006-02-28": "8.89100", "2005-02-28": "7.83560"}, "ROI - Return On Investment": {"2020-02-29": "4.74770", "2019-02-28": "4.91670", "2018-02-28": "4.13270", "2017-02-28": "4.19800", "2016-02-29": "4.71390", "2015-02-28": "4.98820", "2014-02-28": "4.62200", "2013-02-28": "4.81000", "2012-02-29": "5.49060", "2011-02-28": "5.81830", "2010-02-28": "14.16880", "2009-02-28": "3.34320", "2008-02-29": "10.60700", "2007-02-28": "15.50180", "2006-02-28": "12.03890", "2005-02-28": "10.90120"}, "Book Value Per Share": {"2020-02-29": "23.11050", "2019-02-28": "20.04450", "2018-02-28": "18.45280", "2017-02-28": "16.66360", "2016-02-29": "14.91840", "2015-02-28": "15.11360", "2014-02-28": "14.96260", "2013-02-28": "13.36470", "2012-02-29": "11.76970", "2011-02-28": "9.91320", "2010-02-28": "8.66820", "2009-02-28": "7.22830", "2008-02-29": "6.81070", "2007-02-28": "5.77410", "2006-02-28": "4.66920", "2005-02-28": "3.83970"}, "Operating Cash Flow Per Share": {"2020-02-29": -2.3449, "2019-02-28": 1.3633, "2018-02-28": 1.9321, "2017-02-28": -1.8007, "2016-02-29": 3.8588, "2015-02-28": -1.7327, "2014-02-28": 0.6637, "2013-02-28": -3.0885, "2012-02-29": -0.2397, "2011-02-28": -0.2975, "2010-02-28": -0.9384, "2009-02-28": 0.8447, "2008-02-29": -0.2697, "2007-02-28": 0.0791, "2006-02-28": 0.3541, "2005-02-28": 0.198}, "Free Cash Flow Per Share": {"2020-02-29": -2.6064, "2019-02-28": 1.2437, "2018-02-28": 2.4926, "2017-02-28": -2.4419, "2016-02-29": 3.7209, "2015-02-28": -1.7814, "2014-02-28": 0.3393, "2013-02-28": -3.3571, "2012-02-29": -0.6515, "2011-02-28": -0.536, "2010-02-28": -0.3463, "2009-02-28": 1.3004, "2008-02-29": -0.5517, "2007-02-28": -0.2392, "2006-02-28": 0.4764, "2005-02-28": -0.4697}}, "financial ratios, quarterly": {"Current Ratio": {"2020-11-30": "2.59920", "2020-08-31": "2.70670", "2020-05-31": "2.85290", "2020-02-29": "2.38720", "2019-11-30": "2.42800", "2019-08-31": "2.42350", "2019-05-31": "2.21070", "2019-02-28": "2.45060", "2018-11-30": "2.49610", "2018-08-31": "2.35460", "2018-05-31": "2.29580", "2018-02-28": "2.60760", "2017-11-30": "2.70310", "2017-08-31": "2.33310", "2017-05-31": "2.34390", "2017-02-28": "2.59870", "2016-11-30": "2.61190", "2016-08-31": "2.54100", "2016-05-31": "2.23060", "2016-02-29": "2.45900", "2015-11-30": "2.85300", "2015-08-31": "2.49880", "2015-05-31": "2.66700", "2015-02-28": "2.59830", "2014-11-30": "2.77240", "2014-08-31": "2.77470", "2014-05-31": "2.74040", "2014-02-28": "3.01910", "2013-11-30": "3.41810", "2013-08-31": "3.39960", "2013-05-31": "3.45630", "2013-02-28": "3.37650", "2012-11-30": "3.62240", "2012-08-31": "3.73030", "2012-05-31": "3.12200", "2012-02-29": "2.86770", "2011-11-30": "3.10250", "2011-08-31": "3.05090", "2011-05-31": "2.67140", "2011-02-28": "2.69790", "2010-11-30": "2.85030", "2010-08-31": "2.54110", "2010-05-31": "2.03320", "2010-02-28": "3.26050", "2009-11-30": "3.25590", "2009-08-31": "2.73800", "2009-05-31": "2.27030", "2009-02-28": "2.62390", "2008-11-30": "2.97830", "2008-08-31": "2.96540", "2008-05-31": "2.76760", "2008-02-29": "2.76910", "2007-11-30": "2.37650", "2007-08-31": "2.67390", "2007-05-31": "2.36280", "2007-02-28": "2.24700", "2006-11-30": "2.39540", "2006-08-31": "2.36130", "2006-05-31": "2.59940", "2006-02-28": "2.73070", "2005-11-30": "2.59730", "2005-08-31": "2.32340", "2005-05-31": "2.02790", "2005-02-28": "2.59000"}, "Long-term Debt / Capital": {"2020-11-30": "0.77820", "2020-08-31": "0.78790", "2020-05-31": "0.80110", "2020-02-29": "0.79860", "2019-11-30": "0.79790", "2019-08-31": "0.79930", "2019-05-31": "0.80250", "2019-02-28": "0.80410", "2018-11-30": "0.79710", "2018-08-31": "0.79100", "2018-05-31": "0.79170", "2018-02-28": "0.79360", "2017-11-30": "0.79310", "2017-08-31": "0.79260", "2017-05-31": "0.79090", "2017-02-28": "0.79190", "2016-11-30": "0.79200", "2016-08-31": "0.78420", "2016-05-31": "0.77960", "2016-02-29": "0.78040", "2015-11-30": "0.77990", "2015-08-31": "0.74770", "2015-05-31": "0.73700", "2015-02-28": "0.73640", "2014-11-30": "0.72880", "2014-08-31": "0.70330", "2014-05-31": "0.69780", "2014-02-28": "0.68880", "2013-11-30": "0.68270", "2013-08-31": "0.68220", "2013-05-31": "0.67860", "2013-02-28": "0.66560", "2012-11-30": "0.64740", "2012-08-31": "0.64050", "2012-05-31": "0.64040", "2012-02-29": "0.64530", "2011-11-30": "0.62240", "2011-08-31": "0.62180", "2011-05-31": "0.62380", "2011-02-28": "0.65490", "2010-11-30": "0.64200", "2010-08-31": "0.65310", "2010-05-31": "0.65560", "2010-02-28": "0.01400", "2009-11-30": "0.01470", "2009-08-31": "0.09250", "2009-05-31": "0.09860", "2009-02-28": "0.10050", "2008-11-30": "0.10150", "2008-08-31": "0.10180", "2008-05-31": "0.12870", "2008-02-29": "0.13240", "2007-11-30": "0.01840", "2007-08-31": "0.01900", "2007-05-31": "0.02460", "2007-02-28": "0.02630", "2006-11-30": "0.02760", "2006-08-31": "0.02940", "2006-05-31": "0.11320", "2006-02-28": "0.12090", "2005-11-30": "0.08480", "2005-08-31": "0.03820", "2005-05-31": "0.03240", "2005-02-28": "0.13820"}, "Debt/Equity Ratio": {"2020-11-30": "3.61570", "2020-08-31": "3.83330", "2020-05-31": "4.15170", "2020-02-29": "4.08010", "2019-11-30": "4.05920", "2019-08-31": "4.10330", "2019-05-31": "4.18800", "2019-02-28": "4.22190", "2018-11-30": "4.04030", "2018-08-31": "3.90250", "2018-05-31": "3.91710", "2018-02-28": "3.95510", "2017-11-30": "3.94140", "2017-08-31": "3.93650", "2017-05-31": "3.89420", "2017-02-28": "3.91490", "2016-11-30": "3.91620", "2016-08-31": "3.74940", "2016-05-31": "3.64860", "2016-02-29": "3.66160", "2015-11-30": "3.64260", "2015-08-31": "3.06280", "2015-05-31": "2.89680", "2015-02-28": "2.88560", "2014-11-30": "2.77040", "2014-08-31": "2.45440", "2014-05-31": "2.39200", "2014-02-28": "2.28620", "2013-11-30": "2.22300", "2013-08-31": "2.22150", "2013-05-31": "2.18450", "2013-02-28": "2.05650", "2012-11-30": "1.89790", "2012-08-31": "1.84530", "2012-05-31": "1.84030", "2012-02-29": "1.89020", "2011-11-30": "1.70450", "2011-08-31": "1.69600", "2011-05-31": "1.71660", "2011-02-28": "1.96270", "2010-11-30": "1.85740", "2010-08-31": "1.95120", "2010-05-31": "1.99400", "2010-02-28": "0.07790", "2009-11-30": "0.07960", "2009-08-31": "0.21760", "2009-05-31": "0.25670", "2009-02-28": "0.21160", "2008-11-30": "0.17630", "2008-08-31": "0.15230", "2008-05-31": "0.20520", "2008-02-29": "0.22020", "2007-11-30": "0.12790", "2007-08-31": "0.08240", "2007-05-31": "0.12680", "2007-02-28": "0.14870", "2006-11-30": "0.10130", "2006-08-31": "0.12330", "2006-05-31": "0.15800", "2006-02-28": "0.19900", "2005-11-30": "0.14130", "2005-08-31": "0.15910", "2005-05-31": "0.20140", "2005-02-28": "0.24210"}, "Gross Margin": {"2020-11-30": "12.17820", "2020-08-31": "14.00070", "2020-05-31": "10.96960", "2020-02-29": "13.55890", "2019-11-30": "12.81090", "2019-08-31": "13.33270", "2019-05-31": "13.83410", "2019-02-28": "13.87900", "2018-11-30": "13.25080", "2018-08-31": "13.65150", "2018-05-31": "13.79920", "2018-02-28": "13.14150", "2017-11-30": "13.12850", "2017-08-31": "13.76920", "2017-05-31": "14.28640", "2017-02-28": "13.88060", "2016-11-30": "13.59270", "2016-08-31": "13.64340", "2016-05-31": "13.87750", "2016-02-29": "13.20270", "2015-11-30": "13.10160", "2015-08-31": "13.42040", "2015-05-31": "13.54440", "2015-02-28": "13.54080", "2014-11-30": "13.11570", "2014-08-31": "12.87340", "2014-05-31": "13.37880", "2014-02-28": "12.48720", "2013-11-30": "12.97750", "2013-08-31": "13.39500", "2013-05-31": "13.53330", "2013-02-28": "13.05660", "2012-11-30": "13.26520", "2012-08-31": "13.34270", "2012-05-31": "13.76560", "2012-02-29": "13.65880", "2011-11-30": "13.41370", "2011-08-31": "13.69010", "2011-05-31": "14.29770", "2011-02-28": "14.23450", "2010-11-30": "14.05810", "2010-08-31": "14.90760", "2010-05-31": "14.74630", "2010-02-28": "14.46730", "2009-11-30": "14.07100", "2009-08-31": "15.14680", "2009-05-31": "15.05950", "2009-02-28": "15.66160", "2008-11-30": "13.68730", "2008-08-31": "13.91550", "2008-05-31": "12.79970", "2008-02-29": "12.57590", "2007-11-30": "12.88300", "2007-08-31": "13.57790", "2007-05-31": "13.23720", "2007-02-28": "12.79100", "2006-11-30": "12.92930", "2006-08-31": "13.13080", "2006-05-31": "13.16910", "2006-02-28": "12.76030", "2005-11-30": "12.44210", "2005-08-31": "12.76640", "2005-05-31": "12.52940", "2005-02-28": "12.48660"}, "Operating Margin": {"2020-11-30": "6.34680", "2020-08-31": "7.61570", "2020-05-31": "0.97300", "2020-02-29": "6.04610", "2019-11-30": "5.06950", "2019-08-31": "6.28230", "2019-05-31": "6.87030", "2019-02-28": "6.34730", "2018-11-30": "6.27210", "2018-08-31": "6.43610", "2018-05-31": "7.06710", "2018-02-28": "5.60660", "2017-11-30": "5.90030", "2017-08-31": "6.99580", "2017-05-31": "7.81090", "2017-02-28": "6.41110", "2016-11-30": "6.36920", "2016-08-31": "6.88490", "2016-05-31": "7.10470", "2016-02-29": "6.68510", "2015-11-30": "6.18310", "2015-08-31": "7.43560", "2015-05-31": "7.55000", "2015-02-28": "6.72180", "2014-11-30": "6.45210", "2014-08-31": "7.17590", "2014-05-31": "7.54360", "2014-02-28": "5.44520", "2013-11-30": "6.16240", "2013-08-31": "7.27020", "2013-05-31": "7.39720", "2013-02-28": "6.35500", "2012-11-30": "6.16310", "2012-08-31": "6.85260", "2012-05-31": "7.33450", "2012-02-29": "6.49330", "2011-11-30": "6.19680", "2011-08-31": "7.27310", "2011-05-31": "7.87860", "2011-02-28": "7.44110", "2010-11-30": "6.32090", "2010-08-31": "7.53610", "2010-05-31": "7.26600", "2010-02-28": "8.09620", "2009-11-30": "6.75150", "2009-08-31": "8.11670", "2009-05-31": "2.63730", "2009-02-28": "4.18430", "2008-11-30": "-2.30870", "2008-08-31": "1.28460", "2008-05-31": "2.24330", "2008-02-29": "1.77600", "2007-11-30": "2.58430", "2007-08-31": "5.06050", "2007-05-31": "5.00550", "2007-02-28": "3.75720", "2006-11-30": "4.14360", "2006-08-31": "4.65540", "2006-05-31": "4.96960", "2006-02-28": "3.74470", "2005-11-30": "2.65400", "2005-08-31": "3.73390", "2005-05-31": "3.86890", "2005-02-28": "2.24080"}, "EBIT Margin": {"2020-11-30": "6.34680", "2020-08-31": "7.61570", "2020-05-31": "0.97300", "2020-02-29": "6.04610", "2019-11-30": "5.06950", "2019-08-31": "6.28230", "2019-05-31": "6.87030", "2019-02-28": "6.34730", "2018-11-30": "6.27210", "2018-08-31": "6.43610", "2018-05-31": "7.06710", "2018-02-28": "5.60660", "2017-11-30": "5.90030", "2017-08-31": "6.99580", "2017-05-31": "7.81090", "2017-02-28": "6.41110", "2016-11-30": "6.36920", "2016-08-31": "6.88490", "2016-05-31": "7.10470", "2016-02-29": "6.68510", "2015-11-30": "6.18310", "2015-08-31": "7.43560", "2015-05-31": "7.55000", "2015-02-28": "6.72180", "2014-11-30": "6.45210", "2014-08-31": "7.17590", "2014-05-31": "7.54360", "2014-02-28": "5.44520", "2013-11-30": "6.16240", "2013-08-31": "7.27020", "2013-05-31": "7.39720", "2013-02-28": "6.35510", "2012-11-30": "6.16310", "2012-08-31": "6.85260", "2012-05-31": "7.33450", "2012-02-29": "6.49330", "2011-11-30": "6.19680", "2011-08-31": "7.27310", "2011-05-31": "7.87860", "2011-02-28": "7.44110", "2010-11-30": "6.32090", "2010-08-31": "7.53610", "2010-05-31": "7.26600", "2010-02-28": "8.09620", "2009-11-30": "6.75150", "2009-08-31": "8.11670", "2009-05-31": "2.63730", "2009-02-28": "4.18430", "2008-11-30": "-2.30870", "2008-08-31": "1.28460", "2008-05-31": "2.24330", "2008-02-29": "1.77600", "2007-11-30": "2.58430", "2007-08-31": "5.06050", "2007-05-31": "5.00550", "2007-02-28": "3.75730", "2006-11-30": "4.14360", "2006-08-31": "4.65540", "2006-05-31": "4.96960", "2006-02-28": "3.74470", "2005-11-30": "2.65400", "2005-08-31": "3.73390", "2005-05-31": "3.86890", "2005-02-28": "2.24080"}, "EBITDA Margin": {"2020-11-30": "", "2020-08-31": "", "2020-05-31": "", "2020-02-29": "", "2019-11-30": "", "2019-08-31": "", "2019-05-31": "", "2019-02-28": "", "2018-11-30": "", "2018-08-31": "", "2018-05-31": "", "2018-02-28": "", "2017-11-30": "", "2017-08-31": "", "2017-05-31": "", "2017-02-28": "", "2016-11-30": "", "2016-08-31": "", "2016-05-31": "", "2016-02-29": "", "2015-11-30": "", "2015-08-31": "", "2015-05-31": "", "2015-02-28": "", "2014-11-30": "", "2014-08-31": "", "2014-05-31": "", "2014-02-28": "", "2013-11-30": "", "2013-08-31": "", "2013-05-31": "", "2013-02-28": "", "2012-11-30": "", "2012-08-31": "", "2012-05-31": "", "2012-02-29": "", "2011-11-30": "", "2011-08-31": "", "2011-05-31": "", "2011-02-28": "", "2010-11-30": "", "2010-08-31": "", "2010-05-31": "", "2010-02-28": "", "2009-11-30": "", "2009-08-31": "", "2009-05-31": "", "2009-02-28": "", "2008-11-30": "", "2008-08-31": "", "2008-05-31": "", "2008-02-29": "", "2007-11-30": "", "2007-08-31": "", "2007-05-31": "", "2007-02-28": "", "2006-11-30": "", "2006-08-31": "", "2006-05-31": "", "2006-02-28": "", "2005-11-30": "", "2005-08-31": "", "2005-05-31": "", "2005-02-28": ""}, "Pre-Tax Profit Margin": {"2020-11-30": "5.98860", "2020-08-31": "7.22880", "2020-05-31": "0.12900", "2020-02-29": "5.57450", "2019-11-30": "4.75070", "2019-08-31": "5.87440", "2019-05-31": "6.54560", "2019-02-28": "5.92390", "2018-11-30": "5.76850", "2018-08-31": "6.07390", "2018-05-31": "6.67040", "2018-02-28": "5.14480", "2017-11-30": "5.48330", "2017-08-31": "6.61630", "2017-05-31": "7.44230", "2017-02-28": "5.98310", "2016-11-30": "5.93430", "2016-08-31": "6.54790", "2016-05-31": "6.85090", "2016-02-29": "6.10360", "2015-11-30": "5.86770", "2015-08-31": "7.20280", "2015-05-31": "7.37200", "2015-02-28": "6.62570", "2014-11-30": "6.19150", "2014-08-31": "6.96380", "2014-05-31": "7.33350", "2014-02-28": "5.19160", "2013-11-30": "5.88830", "2013-08-31": "6.99800", "2013-05-31": "7.16660", "2013-02-28": "6.08750", "2012-11-30": "5.85850", "2012-08-31": "6.56640", "2012-05-31": "7.05130", "2012-02-29": "6.17000", "2011-11-30": "5.82280", "2011-08-31": "6.95030", "2011-05-31": "7.56370", "2011-02-28": "6.00750", "2010-11-30": "6.29240", "2010-08-31": "7.48010", "2010-05-31": "7.26640", "2010-02-28": "6.30900", "2009-11-30": "6.71500", "2009-08-31": "8.06090", "2009-05-31": "2.58920", "2009-02-28": "4.14400", "2008-11-30": "-2.36300", "2008-08-31": "1.22350", "2008-05-31": "2.16210", "2008-02-29": "1.70320", "2007-11-30": "2.59710", "2007-08-31": "5.06210", "2007-05-31": "4.92920", "2007-02-28": "3.72040", "2006-11-30": "4.15710", "2006-08-31": "4.54990", "2006-05-31": "4.88040", "2006-02-28": "3.64260", "2005-11-30": "2.64220", "2005-08-31": "3.72270", "2005-05-31": "3.80180", "2005-02-28": "2.10390"}, "Net Profit Margin": {"2020-11-30": "4.53810", "2020-08-31": "5.52280", "2020-05-31": "0.15420", "2020-02-29": "4.33120", "2019-11-30": "3.61490", "2019-08-31": "4.49130", "2019-05-31": "4.97070", "2019-02-28": "4.45880", "2018-11-30": "4.43010", "2018-08-31": "4.63470", "2018-05-31": "4.97970", "2018-02-28": "2.99070", "2017-11-30": "3.62400", "2017-08-31": "4.13580", "2017-05-31": "4.66060", "2017-02-28": "3.76800", "2016-11-30": "3.69160", "2016-08-31": "4.06180", "2016-05-31": "4.24970", "2016-02-29": "3.80560", "2015-11-30": "3.61730", "2015-08-31": "4.43330", "2015-05-31": "4.53250", "2015-02-28": "4.07330", "2014-11-30": "3.81910", "2014-08-31": "4.29310", "2014-05-31": "4.52380", "2014-02-28": "3.22500", "2013-11-30": "3.61910", "2013-08-31": "4.32200", "2013-05-31": "4.42910", "2013-02-28": "3.79150", "2012-11-30": "3.63820", "2012-08-31": "4.04770", "2012-05-31": "4.35210", "2012-02-29": "3.84590", "2011-11-30": "3.63240", "2011-08-31": "4.29530", "2011-05-31": "4.67680", "2011-02-28": "3.80940", "2010-11-30": "3.87110", "2010-08-31": "4.58790", "2010-05-31": "4.44680", "2010-02-28": "3.86660", "2009-11-30": "4.28830", "2009-08-31": "4.91920", "2009-05-31": "1.55070", "2009-02-28": "2.50390", "2008-11-30": "-1.50270", "2008-08-31": "0.76160", "2008-05-31": "1.33820", "2008-02-29": "0.99870", "2007-11-30": "1.58310", "2007-08-31": "3.06210", "2007-05-31": "3.04380", "2007-02-28": "2.23800", "2006-11-30": "2.56870", "2006-08-31": "2.81230", "2006-05-31": "3.01180", "2006-02-28": "2.25850", "2005-11-30": "1.61030", "2005-08-31": "2.30350", "2005-05-31": "2.34290", "2005-02-28": "1.29520"}, "Asset Turnover": {"2020-11-30": "0.24770", "2020-08-31": "0.25290", "2020-05-31": "0.16170", "2020-02-29": "0.23540", "2019-11-30": "0.23380", "2019-08-31": "0.25820", "2019-05-31": "0.27220", "2019-02-28": "0.23070", "2018-11-30": "0.23350", "2018-08-31": "0.26220", "2018-05-31": "0.26990", "2018-02-28": "0.23360", "2017-11-30": "0.23740", "2017-08-31": "0.25990", "2017-05-31": "0.27570", "2017-02-28": "0.24880", "2016-11-30": "0.23490", "2016-08-31": "0.25780", "2016-05-31": "0.27900", "2016-02-29": "0.25630", "2015-11-30": "0.24640", "2015-08-31": "0.27840", "2015-05-31": "0.29370", "2015-02-28": "0.26630", "2014-11-30": "0.26510", "2014-08-31": "0.29030", "2014-05-31": "0.30870", "2014-02-28": "0.26280", "2013-11-30": "0.26020", "2013-08-31": "0.29680", "2013-05-31": "0.31680", "2013-02-28": "0.28600", "2012-11-30": "0.27990", "2012-08-31": "0.31090", "2012-05-31": "0.32270", "2012-02-29": "0.29720", "2011-11-30": "0.29610", "2011-08-31": "0.35170", "2011-05-31": "0.37420", "2011-02-28": "0.31610", "2010-11-30": "0.31650", "2010-08-31": "0.35610", "2010-05-31": "0.35500", "2010-02-28": "0.71720", "2009-11-30": "0.71610", "2009-08-31": "0.80260", "2009-05-31": "0.71910", "2009-02-28": "0.61810", "2008-11-30": "0.65620", "2008-08-31": "0.81220", "2008-05-31": "0.92960", "2008-02-29": "0.87630", "2007-11-30": "0.89380", "2007-08-31": "1.07320", "2007-05-31": "1.08600", "2007-02-28": "0.99850", "2006-11-30": "1.03720", "2006-08-31": "1.17890", "2006-05-31": "1.16650", "2006-02-28": "1.07560", "2005-11-30": "1.04160", "2005-08-31": "1.22730", "2005-05-31": "1.17570", "2005-02-28": "1.07970"}, "Inventory Turnover Ratio": {"2020-11-30": "1.63780", "2020-08-31": "1.63540", "2020-05-31": "1.51340", "2020-02-29": "1.50700", "2019-11-30": "1.55690", "2019-08-31": "1.73060", "2019-05-31": "1.81250", "2019-02-28": "1.47620", "2018-11-30": "1.53690", "2018-08-31": "1.74580", "2018-05-31": "1.82800", "2018-02-28": "1.48390", "2017-11-30": "1.46190", "2017-08-31": "1.69490", "2017-05-31": "1.81240", "2017-02-28": "1.54290", "2016-11-30": "1.47380", "2016-08-31": "1.79900", "2016-05-31": "1.90550", "2016-02-29": "1.66490", "2015-11-30": "1.43030", "2015-08-31": "1.75960", "2015-05-31": "1.88230", "2015-02-28": "1.45590", "2014-11-30": "1.50590", "2014-08-31": "1.83500", "2014-05-31": "1.93150", "2014-02-28": "1.64010", "2013-11-30": "1.64480", "2013-08-31": "2.06070", "2013-05-31": "2.04760", "2013-02-28": "1.61990", "2012-11-30": "1.68570", "2012-08-31": "1.99500", "2012-05-31": "1.97700", "2012-02-29": "1.95650", "2011-11-30": "1.93180", "2011-08-31": "2.10450", "2011-05-31": "2.05700", "2011-02-28": "1.84090", "2010-11-30": "1.81580", "2010-08-31": "2.14470", "2010-05-31": "2.15540", "2010-02-28": "1.85980", "2009-11-30": "1.97410", "2009-08-31": "2.23030", "2009-05-31": "1.99470", "2009-02-28": "1.76380", "2008-11-30": "2.08880", "2008-08-31": "2.15060", "2008-05-31": "2.06220", "2008-02-29": "1.83190", "2007-11-30": "1.84080", "2007-08-31": "2.23650", "2007-05-31": "2.15740", "2007-02-28": "1.96380", "2006-11-30": "2.02350", "2006-08-31": "2.28250", "2006-05-31": "2.21590", "2006-02-28": "2.11520", "2005-11-30": "2.05620", "2005-08-31": "2.43530", "2005-05-31": "2.36690", "2005-02-28": "2.11900"}, "Receiveable Turnover": {"2020-11-30": "30.68400", "2020-08-31": "26.44370", "2020-05-31": "22.26470", "2020-02-29": "25.96940", "2019-11-30": "33.55840", "2019-08-31": "36.86380", "2019-05-31": "40.08330", "2019-02-28": "30.88020", "2018-11-30": "38.64720", "2018-08-31": "45.44140", "2018-05-31": "47.28710", "2018-02-28": "30.63450", "2017-11-30": "42.85240", "2017-08-31": "43.98380", "2017-05-31": "43.36560", "2017-02-28": "26.57660", "2016-11-30": "40.23260", "2016-08-31": "42.26450", "2016-05-31": "40.24130", "2016-02-29": "28.03800", "2015-11-30": "40.03240", "2015-08-31": "38.52860", "2015-05-31": "38.73020", "2015-02-28": "25.52180", "2014-11-30": "38.61690", "2014-08-31": "33.06290", "2014-05-31": "38.34160", "2014-02-28": "38.49060", "2013-11-30": "43.23880", "2013-08-31": "37.93790", "2013-05-31": "46.99730", "2013-02-28": "30.75160", "2012-11-30": "41.53280", "2012-08-31": "39.16170", "2012-05-31": "42.22540", "2012-02-29": "28.64440", "2011-11-30": "41.46060", "2011-08-31": "39.90530", "2011-05-31": "31.50110", "2011-02-28": "18.83520", "2010-11-30": "32.08610", "2010-08-31": "35.49270", "2010-05-31": "26.64270", "2010-02-28": "2.81250", "2009-11-30": "2.92740", "2009-08-31": "3.67400", "2009-05-31": "3.61090", "2009-02-28": "3.46710", "2008-11-30": "4.03430", "2008-08-31": "4.96810", "2008-05-31": "6.42070", "2008-02-29": "5.94380", "2007-11-30": "6.58200", "2007-08-31": "7.56700", "2007-05-31": "7.39730", "2007-02-28": "6.87880", "2006-11-30": "6.91530", "2006-08-31": "7.52230", "2006-05-31": "7.91080", "2006-02-28": "6.91180", "2005-11-30": "6.63720", "2005-08-31": "7.43270", "2005-05-31": "7.03580", "2005-02-28": "6.22880"}, "Days Sales In Receivables": {"2020-11-30": "2.93310", "2020-08-31": "3.40350", "2020-05-31": "4.04230", "2020-02-29": "3.46560", "2019-11-30": "2.68190", "2019-08-31": "2.44140", "2019-05-31": "2.24530", "2019-02-28": "2.91450", "2018-11-30": "2.32880", "2018-08-31": "1.98060", "2018-05-31": "1.90330", "2018-02-28": "2.93790", "2017-11-30": "2.10020", "2017-08-31": "2.04620", "2017-05-31": "2.07540", "2017-02-28": "3.38640", "2016-11-30": "2.23700", "2016-08-31": "2.12940", "2016-05-31": "2.23650", "2016-02-29": "3.20990", "2015-11-30": "2.24820", "2015-08-31": "2.33590", "2015-05-31": "2.32380", "2015-02-28": "3.52640", "2014-11-30": "2.33060", "2014-08-31": "2.72210", "2014-05-31": "2.34730", "2014-02-28": "2.33820", "2013-11-30": "2.08150", "2013-08-31": "2.37230", "2013-05-31": "1.91500", "2013-02-28": "2.92670", "2012-11-30": "2.16700", "2012-08-31": "2.29820", "2012-05-31": "2.13140", "2012-02-29": "3.14200", "2011-11-30": "2.17070", "2011-08-31": "2.25530", "2011-05-31": "2.85700", "2011-02-28": "4.77830", "2010-11-30": "2.80500", "2010-08-31": "2.53570", "2010-05-31": "3.37800", "2010-02-28": "31.99950", "2009-11-30": "30.74420", "2009-08-31": "24.49630", "2009-05-31": "24.92470", "2009-02-28": "25.95850", "2008-11-30": "22.30850", "2008-08-31": "18.11580", "2008-05-31": "14.01710", "2008-02-29": "15.14180", "2007-11-30": "13.67360", "2007-08-31": "11.89380", "2007-05-31": "12.16670", "2007-02-28": "13.08370", "2006-11-30": "13.01460", "2006-08-31": "11.96450", "2006-05-31": "11.37680", "2006-02-28": "13.02130", "2005-11-30": "13.56000", "2005-08-31": "12.10870", "2005-05-31": "12.79170", "2005-02-28": "14.44910"}, "ROE - Return On Equity": {"2020-11-30": "5.69940", "2020-08-31": "7.44990", "2020-05-31": "0.13910", "2020-02-29": "5.70290", "2019-11-30": "4.68240", "2019-08-31": "6.46810", "2019-05-31": "7.72550", "2019-02-28": "5.73590", "2018-11-30": "5.54020", "2018-08-31": "6.34360", "2018-05-31": "7.05300", "2018-02-28": "3.68260", "2017-11-30": "4.50930", "2017-08-31": "5.66780", "2017-05-31": "6.71620", "2017-02-28": "4.90910", "2016-11-30": "4.53160", "2016-08-31": "5.30190", "2016-05-31": "5.89980", "2016-02-29": "4.85500", "2015-11-30": "4.40280", "2015-08-31": "5.36370", "2015-05-31": "5.55700", "2015-02-28": "4.53430", "2014-11-30": "4.08680", "2014-08-31": "4.60150", "2014-05-31": "5.09560", "2014-02-28": "2.99090", "2013-11-30": "3.23720", "2013-08-31": "4.40450", "2013-05-31": "4.76850", "2013-02-28": "3.55130", "2012-11-30": "3.13130", "2012-08-31": "3.78480", "2012-05-31": "4.28120", "2012-02-29": "3.55510", "2011-11-30": "3.11390", "2011-08-31": "4.35520", "2011-05-31": "5.16370", "2011-02-28": "3.84620", "2010-11-30": "3.77210", "2010-08-31": "5.21430", "2010-05-31": "5.16360", "2010-02-28": "3.69970", "2009-11-30": "4.04060", "2009-08-31": "5.90350", "2009-05-31": "1.76750", "2009-02-28": "2.35540", "2008-11-30": "-1.39890", "2008-08-31": "0.89730", "2008-05-31": "1.92330", "2008-02-29": "1.46610", "2007-11-30": "2.05220", "2007-08-31": "4.60690", "2007-05-31": "4.91990", "2007-02-28": "3.37810", "2006-11-30": "3.78840", "2006-08-31": "4.79490", "2006-05-31": "5.38890", "2006-02-28": "3.74170", "2005-11-30": "2.49720", "2005-08-31": "4.23450", "2005-05-31": "4.37750", "2005-02-28": "2.25740"}, "Return On Tangible Equity": {"2020-11-30": "5.69940", "2020-08-31": "7.44990", "2020-05-31": "0.13910", "2020-02-29": "5.70290", "2019-11-30": "4.68240", "2019-08-31": "6.46810", "2019-05-31": "7.72550", "2019-02-28": "5.73590", "2018-11-30": "5.54020", "2018-08-31": "6.34360", "2018-05-31": "7.05300", "2018-02-28": "3.68260", "2017-11-30": "4.50930", "2017-08-31": "5.66780", "2017-05-31": "6.71620", "2017-02-28": "4.90910", "2016-11-30": "4.53160", "2016-08-31": "5.30190", "2016-05-31": "5.89980", "2016-02-29": "4.85500", "2015-11-30": "4.40280", "2015-08-31": "5.36370", "2015-05-31": "5.55700", "2015-02-28": "4.53430", "2014-11-30": "4.08680", "2014-08-31": "4.60150", "2014-05-31": "5.09560", "2014-02-28": "2.99090", "2013-11-30": "3.23720", "2013-08-31": "4.40450", "2013-05-31": "4.76850", "2013-02-28": "3.55130", "2012-11-30": "3.13130", "2012-08-31": "3.78480", "2012-05-31": "4.28120", "2012-02-29": "3.55510", "2011-11-30": "3.11390", "2011-08-31": "4.35520", "2011-05-31": "5.16370", "2011-02-28": "3.84620", "2010-11-30": "3.77210", "2010-08-31": "5.21430", "2010-05-31": "5.16360", "2010-02-28": "3.69970", "2009-11-30": "4.04060", "2009-08-31": "5.90350", "2009-05-31": "1.76750", "2009-02-28": "2.35540", "2008-11-30": "-1.39890", "2008-08-31": "0.89730", "2008-05-31": "1.92330", "2008-02-29": "1.46610", "2007-11-30": "2.05220", "2007-08-31": "4.60690", "2007-05-31": "4.91990", "2007-02-28": "3.37810", "2006-11-30": "3.78840", "2006-08-31": "4.79490", "2006-05-31": "5.38890", "2006-02-28": "3.74170", "2005-11-30": "2.49720", "2005-08-31": "4.23450", "2005-05-31": "4.37750", "2005-02-28": "2.25740"}, "ROA - Return On Assets": {"2020-11-30": "1.12410", "2020-08-31": "1.39650", "2020-05-31": "0.02490", "2020-02-29": "1.01950", "2019-11-30": "0.84520", "2019-08-31": "1.15990", "2019-05-31": "1.35300", "2019-02-28": "1.02870", "2018-11-30": "1.03450", "2018-08-31": "1.21530", "2018-05-31": "1.34410", "2018-02-28": "0.69850", "2017-11-30": "0.86020", "2017-08-31": "1.07510", "2017-05-31": "1.28490", "2017-02-28": "0.93740", "2016-11-30": "0.86700", "2016-08-31": "1.04720", "2016-05-31": "1.18570", "2016-02-29": "0.97530", "2015-11-30": "0.89140", "2015-08-31": "1.23440", "2015-05-31": "1.33110", "2015-02-28": "1.08450", "2014-11-30": "1.01260", "2014-08-31": "1.24610", "2014-05-31": "1.39640", "2014-02-28": "0.84740", "2013-11-30": "0.94170", "2013-08-31": "1.28290", "2013-05-31": "1.40330", "2013-02-28": "1.08430", "2012-11-30": "1.01830", "2012-08-31": "1.25840", "2012-05-31": "1.40430", "2012-02-29": "1.14060", "2011-11-30": "1.07570", "2011-08-31": "1.51050", "2011-05-31": "1.75280", "2011-02-28": "1.20870", "2010-11-30": "1.23020", "2010-08-31": "1.64030", "2010-05-31": "1.58690", "2010-02-28": "2.79850", "2009-11-30": "3.09460", "2009-08-31": "3.97990", "2009-05-31": "1.12710", "2009-02-28": "1.57710", "2008-11-30": "-0.98610", "2008-08-31": "0.61860", "2008-05-31": "1.24400", "2008-02-29": "0.93560", "2007-11-30": "1.41490", "2007-08-31": "3.28620", "2007-05-31": "3.30550", "2007-02-28": "2.23480", "2006-11-30": "2.66440", "2006-08-31": "3.31540", "2006-05-31": "3.51310", "2006-02-28": "2.42930", "2005-11-30": "1.67730", "2005-08-31": "2.82710", "2005-05-31": "2.75460", "2005-02-28": "1.39840"}, "ROI - Return On Investment": {"2020-11-30": "1.26440", "2020-08-31": "1.57980", "2020-05-31": "0.02770", "2020-02-29": "1.14860", "2019-11-30": "0.94610", "2019-08-31": "1.29810", "2019-05-31": "1.52600", "2019-02-28": "1.12390", "2018-11-30": "1.12420", "2018-08-31": "1.32590", "2018-05-31": "1.46910", "2018-02-28": "0.76010", "2017-11-30": "0.93300", "2017-08-31": "1.17540", "2017-05-31": "1.40400", "2017-02-28": "1.02180", "2016-11-30": "0.94240", "2016-08-31": "1.14400", "2016-05-31": "1.30050", "2016-02-29": "1.06630", "2015-11-30": "0.96920", "2015-08-31": "1.35350", "2015-05-31": "1.46150", "2015-02-28": "1.19530", "2014-11-30": "1.10840", "2014-08-31": "1.36540", "2014-05-31": "1.53980", "2014-02-28": "0.93090", "2013-11-30": "1.02710", "2013-08-31": "1.39960", "2013-05-31": "1.53260", "2013-02-28": "1.18750", "2012-11-30": "1.10400", "2012-08-31": "1.36060", "2012-05-31": "1.53960", "2012-02-29": "1.26100", "2011-11-30": "1.17590", "2011-08-31": "1.64690", "2011-05-31": "1.94280", "2011-02-28": "1.32750", "2010-11-30": "1.35050", "2010-08-31": "1.80870", "2010-05-31": "1.77860", "2010-02-28": "3.64800", "2009-11-30": "3.98130", "2009-08-31": "5.35770", "2009-05-31": "1.59330", "2009-02-28": "2.11860", "2008-11-30": "-1.25680", "2008-08-31": "0.80600", "2008-05-31": "1.67580", "2008-02-29": "1.27200", "2007-11-30": "2.01440", "2007-08-31": "4.51920", "2007-05-31": "4.79900", "2007-02-28": "3.28920", "2006-11-30": "3.68390", "2006-08-31": "4.65400", "2006-05-31": "4.77870", "2006-02-28": "3.28940", "2005-11-30": "2.28550", "2005-08-31": "4.07280", "2005-05-31": "4.23560", "2005-02-28": "1.94550"}, "Book Value Per Share": {"2020-11-30": "25.32280", "2020-08-31": "24.25990", "2020-05-31": "21.98590", "2020-02-29": "23.11050", "2019-11-30": "22.57730", "2019-08-31": "21.90340", "2019-05-31": "20.87580", "2019-02-28": "20.04450", "2018-11-30": "19.99660", "2018-08-31": "19.86490", "2018-05-31": "19.14760", "2018-02-28": "18.45280", "2017-11-30": "18.18690", "2017-08-31": "17.59710", "2017-05-31": "17.14300", "2017-02-28": "16.66360", "2016-11-30": "16.09480", "2016-08-31": "16.02660", "2016-05-31": "15.44080", "2016-02-29": "14.91840", "2015-11-30": "14.73840", "2015-08-31": "15.66860", "2015-05-31": "15.69210", "2015-02-28": "15.11360", "2014-11-30": "15.08720", "2014-08-31": "15.49570", "2014-05-31": "15.23860", "2014-02-28": "14.96260", "2013-11-30": "14.73100", "2013-08-31": "14.26050", "2013-05-31": "13.72050", "2013-02-28": "13.36470", "2012-11-30": "13.24910", "2012-08-31": "12.91160", "2012-05-31": "12.35340", "2012-02-29": "11.76970", "2011-11-30": "11.64310", "2011-08-31": "11.27180", "2011-05-31": "10.75230", "2011-02-28": "9.91320", "2010-11-30": "9.68270", "2010-08-31": "9.24410", "2010-05-31": "8.75350", "2010-02-28": "8.66820", "2009-11-30": "8.29830", "2009-08-31": "7.89700", "2009-05-31": "7.38600", "2009-02-28": "7.22830", "2008-11-30": "7.09450", "2008-08-31": "7.08300", "2008-05-31": "6.97630", "2008-02-29": "6.81070", "2007-11-30": "6.66190", "2007-08-31": "6.47530", "2007-05-31": "6.11300", "2007-02-28": "5.77410", "2006-11-30": "5.59030", "2006-08-31": "5.30780", "2006-05-31": "4.96990", "2006-02-28": "4.66920", "2005-11-30": "4.37940", "2005-08-31": "4.24670", "2005-05-31": "4.04230", "2005-02-28": "3.83970"}, "Operating Cash Flow Per Share": {"2020-11-30": -0.1339, "2020-08-31": -2.2685, "2020-05-31": "7.64080", "2020-02-29": -0.7103, "2019-11-30": 0.042, "2019-08-31": -1.0077, "2019-05-31": "0.25770", "2019-02-28": 0.2728, "2018-11-30": 0.0315, "2018-08-31": -0.6643, "2018-05-31": "1.28660", "2018-02-28": 0.6127, "2017-11-30": -1.4885, "2017-08-31": -0.5857, "2017-05-31": "1.02480", "2017-02-28": -0.6077, "2016-11-30": -1.5906, "2016-08-31": -0.6192, "2016-05-31": "0.44870", "2016-02-29": 1.3081, "2015-11-30": -1.472, "2015-08-31": -0.9596, "2015-05-31": "0.55540", "2015-02-28": -0.8116, "2014-11-30": -1.6403, "2014-08-31": -1.0401, "2014-05-31": "-0.93490", "2014-02-28": -0.5258, "2013-11-30": -1.0104, "2013-08-31": -0.8186, "2013-05-31": "-0.33940", "2013-02-28": -1.2121, "2012-11-30": -0.9117, "2012-08-31": -0.7357, "2012-05-31": "-0.49840", "2012-02-29": -0.2969, "2011-11-30": 0.3566, "2011-08-31": -0.4372, "2011-05-31": "0.10810", "2011-02-28": 0.0687, "2010-11-30": -0.0565, "2010-08-31": -0.2878, "2010-05-31": "0.24590", "2010-02-28": 0.0155, "2009-11-30": 0.484, "2009-08-31": 0.1312, "2009-05-31": "-0.36290", "2009-02-28": -0.2022, "2008-11-30": 0.4132, "2008-08-31": 0.6353, "2008-05-31": "0.35990", "2008-02-29": -0.359, "2007-11-30": -0.0639, "2007-08-31": 0.4419, "2007-05-31": "0.34250", "2007-02-28": -0.0005, "2006-11-30": 0.2288, "2006-08-31": 0.1783, "2006-05-31": "0.22460", "2006-02-28": -0.1009, "2005-11-30": 0.1046, "2005-08-31": 0.2489, "2005-05-31": "0.29950", "2005-02-28": 0.198}, "Free Cash Flow Per Share": {"2020-11-30": -0.32, "2020-08-31": -2.4346, "2020-05-31": "7.25640", "2020-02-29": -1.2037, "2019-11-30": -0.4298, "2019-08-31": -1.561, "2019-05-31": "-0.21340", "2019-02-28": -0.0714, "2018-11-30": -0.3953, "2018-08-31": -1.1789, "2018-05-31": "0.84410", "2018-02-28": 0.2402, "2017-11-30": -1.8852, "2017-08-31": -1, "2017-05-31": "0.59980", "2017-02-28": -1.1269, "2016-11-30": -2.1322, "2016-08-31": -1.2282, "2016-05-31": "-0.05050", "2016-02-29": 0.9569, "2015-11-30": -1.9602, "2015-08-31": -1.3739, "2015-05-31": "0.28130", "2015-02-28": -1.1277, "2014-11-30": -2.1284, "2014-08-31": -1.3856, "2014-05-31": "-1.17510", "2014-02-28": -0.9534, "2013-11-30": -1.3472, "2013-08-31": -1.2316, "2013-05-31": "-0.50320", "2013-02-28": -1.434, "2012-11-30": -1.2581, "2012-08-31": -0.9787, "2012-05-31": "-0.70390", "2012-02-29": -0.5855, "2011-11-30": 0.2448, "2011-08-31": -0.6502, "2011-05-31": "-0.02670", "2011-02-28": -0.099, "2010-11-30": -0.1579, "2010-08-31": -0.3146, "2010-05-31": "0.20540", "2010-02-28": -0.0007, "2009-11-30": 0.4668, "2009-08-31": 0.0923, "2009-05-31": "-0.38850", "2009-02-28": -0.2693, "2008-11-30": 0.4098, "2008-08-31": 0.3582, "2008-05-31": "0.01750", "2008-02-29": -0.6388, "2007-11-30": -0.3367, "2007-08-31": 0.1253, "2007-05-31": "0.06600", "2007-02-28": -0.3534, "2006-11-30": -0.0458, "2006-08-31": 0.0593, "2006-05-31": "0.10740", "2006-02-28": -0.2929, "2005-11-30": -0.0744, "2005-08-31": 0.2555, "2005-05-31": "0.11850", "2005-02-28": -0.4697}}, "revenue": {"CarMax Annual Revenue (Millions of US $)": {"2020": "$20,320", "2019": "$18,173", "2018": "$17,120", "2017": "$15,875", "2016": "$15,150", "2015": "$14,269", "2014": "$12,574", "2013": "$10,963", "2012": "$10,004", "2011": "$8,976", "2010": "$7,470", "2009": "$6,974", "2008": "$8,200", "2007": "$7,466", "2006": "$6,260", "2005": "$5,260"}, "CarMax Quarterly Revenue (Millions of US $)": {"2020-11-30": "$5,185", "2020-08-31": "$5,372", "2020-05-31": "$3,229", "2020-02-29": "$4,962", "2019-11-30": "$4,790", "2019-08-31": "$5,201", "2019-05-31": "$5,366", "2019-02-28": "$4,319", "2018-11-30": "$4,296", "2018-08-31": "$4,766", "2018-05-31": "$4,793", "2018-02-28": "$4,084", "2017-11-30": "$4,107", "2017-08-31": "$4,387", "2017-05-31": "$4,542", "2017-02-28": "$4,050", "2016-11-30": "$3,702", "2016-08-31": "$3,997", "2016-05-31": "$4,126", "2016-02-29": "$3,706", "2015-11-30": "$3,544", "2015-08-31": "$3,885", "2015-05-31": "$4,015", "2015-02-28": "$3,514", "2014-11-30": "$3,405", "2014-08-31": "$3,599", "2014-05-31": "$3,750", "2014-02-28": "$3,076", "2013-11-30": "$2,941", "2013-08-31": "$3,246", "2013-05-31": "$3,311", "2013-02-28": "$2,828", "2012-11-30": "$2,602", "2012-08-31": "$2,758", "2012-05-31": "$2,774", "2012-02-29": "$2,476", "2011-11-30": "$2,261", "2011-08-31": "$2,588", "2011-05-31": "$2,679", "2011-02-28": "$2,253", "2010-11-30": "$2,119", "2010-08-31": "$2,342", "2010-05-31": "$2,262", "2010-02-28": "$1,833", "2009-11-30": "$1,726", "2009-08-31": "$2,077", "2009-05-31": "$1,834", "2009-02-28": "$1,471", "2008-11-30": "$1,456", "2008-08-31": "$1,839", "2008-05-31": "$2,209", "2008-02-29": "$2,045", "2007-11-30": "$1,885", "2007-08-31": "$2,123", "2007-05-31": "$2,147", "2007-02-28": "$1,883", "2006-11-30": "$1,768", "2006-08-31": "$1,930", "2006-05-31": "$1,885", "2006-02-28": "$1,624", "2005-11-30": "$1,424", "2005-08-31": "$1,634", "2005-05-31": "$1,578", "2005-02-28": "$1,396"}}, "gross-profit": {"CarMax Annual Gross Profit (Millions of US $)": {"2020": "$2,722", "2019": "$2,481", "2018": "$2,329", "2017": "$2,183", "2016": "$2,019", "2015": "$1,888", "2014": "$1,649", "2013": "$1,464", "2012": "$1,379", "2011": "$1,301", "2010": "$1,099", "2009": "$968", "2008": "$1,072", "2007": "$971", "2006": "$791", "2005": "$650"}, "CarMax Quarterly Gross Profit (Millions of US $)": {"2020-11-30": "$631", "2020-08-31": "$752", "2020-05-31": "$354", "2020-02-29": "$673", "2019-11-30": "$614", "2019-08-31": "$693", "2019-05-31": "$742", "2019-02-28": "$599", "2018-11-30": "$569", "2018-08-31": "$651", "2018-05-31": "$661", "2018-02-28": "$537", "2017-11-30": "$539", "2017-08-31": "$604", "2017-05-31": "$649", "2017-02-28": "$562", "2016-11-30": "$503", "2016-08-31": "$545", "2016-05-31": "$573", "2016-02-29": "$489", "2015-11-30": "$464", "2015-08-31": "$521", "2015-05-31": "$544", "2015-02-28": "$476", "2014-11-30": "$447", "2014-08-31": "$463", "2014-05-31": "$502", "2014-02-28": "$384", "2013-11-30": "$382", "2013-08-31": "$435", "2013-05-31": "$448", "2013-02-28": "$369", "2012-11-30": "$345", "2012-08-31": "$368", "2012-05-31": "$382", "2012-02-29": "$338", "2011-11-30": "$303", "2011-08-31": "$354", "2011-05-31": "$383", "2011-02-28": "$321", "2010-11-30": "$298", "2010-08-31": "$349", "2010-05-31": "$334", "2010-02-28": "$265", "2009-11-30": "$243", "2009-08-31": "$315", "2009-05-31": "$276", "2009-02-28": "$230", "2008-11-30": "$199", "2008-08-31": "$256", "2008-05-31": "$283", "2008-02-29": "$257", "2007-11-30": "$243", "2007-08-31": "$288", "2007-05-31": "$284", "2007-02-28": "$241", "2006-11-30": "$229", "2006-08-31": "$253", "2006-05-31": "$248", "2006-02-28": "$207", "2005-11-30": "$177", "2005-08-31": "$209", "2005-05-31": "$198", "2005-02-28": "$174"}}, "operating-income": {"CarMax Annual Operating Income (Millions of US $)": {"2020": "$1,238", "2019": "$1,189", "2018": "$1,133", "2017": "$1,064", "2016": "$1,059", "2015": "$997", "2014": "$830", "2013": "$733", "2012": "$700", "2011": "$642", "2010": "$482", "2009": "$101", "2008": "$300", "2007": "$328", "2006": "$221", "2005": "$168"}, "CarMax Quarterly Operating Income (Millions of US $)": {"2020-11-30": "$329", "2020-08-31": "$409", "2020-05-31": "$31", "2020-02-29": "$300", "2019-11-30": "$243", "2019-08-31": "$327", "2019-05-31": "$369", "2019-02-28": "$274", "2018-11-30": "$269", "2018-08-31": "$307", "2018-05-31": "$339", "2018-02-28": "$229", "2017-11-30": "$242", "2017-08-31": "$307", "2017-05-31": "$355", "2017-02-28": "$260", "2016-11-30": "$236", "2016-08-31": "$275", "2016-05-31": "$293", "2016-02-29": "$248", "2015-11-30": "$219", "2015-08-31": "$289", "2015-05-31": "$303", "2015-02-28": "$236", "2014-11-30": "$220", "2014-08-31": "$258", "2014-05-31": "$283", "2014-02-28": "$168", "2013-11-30": "$181", "2013-08-31": "$236", "2013-05-31": "$245", "2013-02-28": "$180", "2012-11-30": "$160", "2012-08-31": "$189", "2012-05-31": "$203", "2012-02-29": "$161", "2011-11-30": "$140", "2011-08-31": "$188", "2011-05-31": "$211", "2011-02-28": "$168", "2010-11-30": "$134", "2010-08-31": "$176", "2010-05-31": "$164", "2010-02-28": "$148", "2009-11-30": "$117", "2009-08-31": "$169", "2009-05-31": "$48", "2009-02-28": "$62", "2008-11-30": "$-34", "2008-08-31": "$24", "2008-05-31": "$50", "2008-02-29": "$36", "2007-11-30": "$49", "2007-08-31": "$107", "2007-05-31": "$107", "2007-02-28": "$71", "2006-11-30": "$73", "2006-08-31": "$90", "2006-05-31": "$94", "2006-02-28": "$61", "2005-11-30": "$38", "2005-08-31": "$61", "2005-05-31": "$61", "2005-02-28": "$31"}}, "ebitda": {"CarMax Annual EBITDA (Millions of US $)": {"2020": "$1,454", "2019": "$1,371", "2018": "$1,313", "2017": "$1,233", "2016": "$1,196", "2015": "$1,112", "2014": "$932", "2013": "$828", "2012": "$783", "2011": "$719", "2010": "$557", "2009": "$156", "2008": "$347", "2007": "$362", "2006": "$247", "2005": "$188"}, "CarMax Quarterly EBITDA (Millions of US $)": {"2020-11-30": "$391", "2020-08-31": "$470", "2020-05-31": "$90", "2020-02-29": "$358", "2019-11-30": "$298", "2019-08-31": "$379", "2019-05-31": "$420", "2019-02-28": "$321", "2018-11-30": "$315", "2018-08-31": "$352", "2018-05-31": "$384", "2018-02-28": "$276", "2017-11-30": "$287", "2017-08-31": "$351", "2017-05-31": "$399", "2017-02-28": "$303", "2016-11-30": "$278", "2016-08-31": "$317", "2016-05-31": "$334", "2016-02-29": "$285", "2015-11-30": "$254", "2015-08-31": "$322", "2015-05-31": "$335", "2015-02-28": "$266", "2014-11-30": "$249", "2014-08-31": "$287", "2014-05-31": "$310", "2014-02-28": "$195", "2013-11-30": "$206", "2013-08-31": "$261", "2013-05-31": "$269", "2013-02-28": "$204", "2012-11-30": "$185", "2012-08-31": "$212", "2012-05-31": "$226", "2012-02-29": "$183", "2011-11-30": "$161", "2011-08-31": "$208", "2011-05-31": "$231", "2011-02-28": "$200", "2010-11-30": "$149", "2010-08-31": "$191", "2010-05-31": "$179", "2010-02-28": "$180", "2009-11-30": "$131", "2009-08-31": "$183", "2009-05-31": "$63", "2009-02-28": "$75", "2008-11-30": "$-20", "2008-08-31": "$38", "2008-05-31": "$63", "2008-02-29": "$49", "2007-11-30": "$61", "2007-08-31": "$119", "2007-05-31": "$118", "2007-02-28": "$80", "2006-11-30": "$82", "2006-08-31": "$98", "2006-05-31": "$102", "2006-02-28": "$68", "2005-11-30": "$45", "2005-08-31": "$67", "2005-05-31": "$67", "2005-02-28": "$38"}}, "net-income": {"CarMax Annual Net Income (Millions of US $)": {"2020": "$888", "2019": "$842", "2018": "$664", "2017": "$627", "2016": "$623", "2015": "$597", "2014": "$493", "2013": "$434", "2012": "$414", "2011": "$376", "2010": "$276", "2009": "$59", "2008": "$181", "2007": "$199", "2006": "$134", "2005": "$101"}, "CarMax Quarterly Net Income (Millions of US $)": {"2020-11-30": "$235", "2020-08-31": "$297", "2020-05-31": "$5", "2020-02-29": "$215", "2019-11-30": "$173", "2019-08-31": "$234", "2019-05-31": "$267", "2019-02-28": "$193", "2018-11-30": "$190", "2018-08-31": "$221", "2018-05-31": "$239", "2018-02-28": "$122", "2017-11-30": "$149", "2017-08-31": "$181", "2017-05-31": "$212", "2017-02-28": "$153", "2016-11-30": "$137", "2016-08-31": "$162", "2016-05-31": "$175", "2016-02-29": "$141", "2015-11-30": "$128", "2015-08-31": "$172", "2015-05-31": "$182", "2015-02-28": "$143", "2014-11-30": "$130", "2014-08-31": "$155", "2014-05-31": "$170", "2014-02-28": "$99", "2013-11-30": "$106", "2013-08-31": "$140", "2013-05-31": "$147", "2013-02-28": "$107", "2012-11-30": "$95", "2012-08-31": "$112", "2012-05-31": "$121", "2012-02-29": "$95", "2011-11-30": "$82", "2011-08-31": "$111", "2011-05-31": "$125", "2011-02-28": "$86", "2010-11-30": "$82", "2010-08-31": "$107", "2010-05-31": "$101", "2010-02-28": "$71", "2009-11-30": "$74", "2009-08-31": "$102", "2009-05-31": "$28", "2009-02-28": "$37", "2008-11-30": "$-22", "2008-08-31": "$14", "2008-05-31": "$30", "2008-02-29": "$20", "2007-11-30": "$30", "2007-08-31": "$65", "2007-05-31": "$65", "2007-02-28": "$42", "2006-11-30": "$45", "2006-08-31": "$54", "2006-05-31": "$57", "2006-02-28": "$37", "2005-11-30": "$23", "2005-08-31": "$38", "2005-05-31": "$37", "2005-02-28": "$18"}}, "eps-earnings-per-share-diluted": {"CarMax Annual EPS": {"2020": "$5.33", "2019": "$4.79", "2018": "$3.60", "2017": "$3.26", "2016": "$3.03", "2015": "$2.73", "2014": "$2.16", "2013": "$1.87", "2012": "$1.79", "2011": "$1.65", "2010": "$1.24", "2009": "$0.27", "2008": "$0.82", "2007": "$0.92", "2006": "$0.63", "2005": "$0.48"}, "CarMax Quarterly EPS": {"2020-11-30": "$1.42", "2020-08-31": "$1.79", "2020-05-31": "$0.03", "2020-02-29": "$1.30", "2019-11-30": "$1.04", "2019-08-31": "$1.40", "2019-05-31": "$1.59", "2019-02-28": "$1.13", "2018-11-30": "$1.09", "2018-08-31": "$1.24", "2018-05-31": "$1.33", "2018-02-28": "$0.68", "2017-11-30": "$0.81", "2017-08-31": "$0.98", "2017-05-31": "$1.13", "2017-02-28": "$0.80", "2016-11-30": "$0.72", "2016-08-31": "$0.84", "2016-05-31": "$0.90", "2016-02-29": "$0.72", "2015-11-30": "$0.63", "2015-08-31": "$0.82", "2015-05-31": "$0.86", "2015-02-28": "$0.67", "2014-11-30": "$0.60", "2014-08-31": "$0.70", "2014-05-31": "$0.76", "2014-02-28": "$0.43", "2013-11-30": "$0.47", "2013-08-31": "$0.62", "2013-05-31": "$0.64", "2013-02-28": "$0.46", "2012-11-30": "$0.41", "2012-08-31": "$0.48", "2012-05-31": "$0.52", "2012-02-29": "$0.41", "2011-11-30": "$0.36", "2011-08-31": "$0.48", "2011-05-31": "$0.54", "2011-02-28": "$0.37", "2010-11-30": "$0.36", "2010-08-31": "$0.48", "2010-05-31": "$0.44", "2010-02-28": "$0.32", "2009-11-30": "$0.33", "2009-08-31": "$0.46", "2009-05-31": "$0.13", "2009-02-28": "$0.18", "2008-11-30": "$-0.10", "2008-08-31": "$0.06", "2008-05-31": "$0.13", "2008-02-29": "$0.09", "2007-11-30": "$0.14", "2007-08-31": "$0.29", "2007-05-31": "$0.30", "2007-02-28": "$0.19", "2006-11-30": "$0.21", "2006-08-31": "$0.25", "2006-05-31": "$0.27", "2006-02-28": "$0.17", "2005-11-30": "$0.11", "2005-08-31": "$0.18", "2005-05-31": "$0.18", "2005-02-28": "$0.09"}}, "shares-outstanding": {"CarMax Annual Shares Outstanding (Millions of Shares)": {"2020": "167", "2019": "176", "2018": "184", "2017": "192", "2016": "206", "2015": "219", "2014": "228", "2013": "232", "2012": "231", "2011": "228", "2010": "222", "2009": "219", "2008": "220", "2007": "217", "2006": "213", "2005": "211"}, "CarMax Quarterly Shares Outstanding (Millions of Shares)": {"2020-11-30": "166", "2020-08-31": "166", "2020-05-31": "164", "2020-02-29": "167", "2019-11-30": "167", "2019-08-31": "167", "2019-05-31": "168", "2019-02-28": "176", "2018-11-30": "175", "2018-08-31": "178", "2018-05-31": "179", "2018-02-28": "184", "2017-11-30": "184", "2017-08-31": "185", "2017-05-31": "187", "2017-02-28": "192", "2016-11-30": "191", "2016-08-31": "194", "2016-05-31": "195", "2016-02-29": "206", "2015-11-30": "203", "2015-08-31": "210", "2015-05-31": "212", "2015-02-28": "219", "2014-11-30": "217", "2014-08-31": "221", "2014-05-31": "224", "2014-02-28": "228", "2013-11-30": "227", "2013-08-31": "228", "2013-05-31": "229", "2013-02-28": "232", "2012-11-30": "233", "2012-08-31": "232", "2012-05-31": "232", "2012-02-29": "231", "2011-11-30": "231", "2011-08-31": "231", "2011-05-31": "230", "2011-02-28": "228", "2010-11-30": "228", "2010-08-31": "226", "2010-05-31": "226", "2010-02-28": "222", "2009-11-30": "224", "2009-08-31": "221", "2009-05-31": "219", "2009-02-28": "219", "2008-11-30": "218", "2008-08-31": "220", "2008-05-31": "220", "2008-02-29": "220", "2007-11-30": "221", "2007-08-31": "221", "2007-05-31": "220", "2007-02-28": "217", "2006-11-30": "218", "2006-08-31": "215", "2006-05-31": "214", "2006-02-28": "213", "2005-11-30": "213", "2005-08-31": "213", "2005-05-31": "212", "2005-02-28": "211"}}, "total-assets": {"CarMax Annual Total Assets (Millions of US $)": {"2020": "$21,082", "2019": "$18,718", "2018": "$17,486", "2017": "$16,279", "2016": "$14,460", "2015": "$13,198", "2014": "$11,707", "2013": "$9,889", "2012": "$8,332", "2011": "$7,126", "2010": "$2,556", "2009": "$2,379", "2008": "$2,333", "2007": "$1,886", "2006": "$1,510", "2005": "$1,293"}, "CarMax Quarterly Total Assets (Millions of US $)": {"2020-11-30": "$20,933", "2020-08-31": "$21,246", "2020-05-31": "$19,973", "2020-02-29": "$21,082", "2019-11-30": "$20,487", "2019-08-31": "$20,140", "2019-05-31": "$19,714", "2019-02-28": "$18,718", "2018-11-30": "$18,397", "2018-08-31": "$18,177", "2018-05-31": "$17,756", "2018-02-28": "$17,486", "2017-11-30": "$17,303", "2017-08-31": "$16,876", "2017-05-31": "$16,476", "2017-02-28": "$16,279", "2016-11-30": "$15,760", "2016-08-31": "$15,504", "2016-05-31": "$14,790", "2016-02-29": "$14,460", "2015-11-30": "$14,381", "2015-08-31": "$13,953", "2015-05-31": "$13,671", "2015-02-28": "$13,198", "2014-11-30": "$12,843", "2014-08-31": "$12,400", "2014-05-31": "$12,149", "2014-02-28": "$11,707", "2013-11-30": "$11,304", "2013-08-31": "$10,934", "2013-05-31": "$10,450", "2013-02-28": "$9,889", "2012-11-30": "$9,298", "2012-08-31": "$8,871", "2012-05-31": "$8,598", "2012-02-29": "$8,332", "2011-11-30": "$7,633", "2011-08-31": "$7,359", "2011-05-31": "$7,160", "2011-02-28": "$7,126", "2010-11-30": "$6,695", "2010-08-31": "$6,577", "2010-05-31": "$6,372", "2010-02-28": "$2,556", "2009-11-30": "$2,410", "2009-08-31": "$2,587", "2009-05-31": "$2,551", "2009-02-28": "$2,379", "2008-11-30": "$2,218", "2008-08-31": "$2,264", "2008-05-31": "$2,376", "2008-02-29": "$2,333", "2007-11-30": "$2,109", "2007-08-31": "$1,978", "2007-05-31": "$1,977", "2007-02-28": "$1,886", "2006-11-30": "$1,705", "2006-08-31": "$1,637", "2006-05-31": "$1,616", "2006-02-28": "$1,510", "2005-11-30": "$1,367", "2005-08-31": "$1,331", "2005-05-31": "$1,342", "2005-02-28": "$1,293"}}, "cash-on-hand": {"CarMax Annual Cash on Hand (Millions of US $)": {"2020": "$539", "2019": "$488", "2018": "$444", "2017": "$419", "2016": "$381", "2015": "$322", "2014": "$887", "2013": "$674", "2012": "$647", "2011": "$202", "2010": "$18", "2009": "$141", "2008": "$13", "2007": "$19", "2006": "$22", "2005": "$17"}, "CarMax Quarterly Cash on Hand (Millions of US $)": {"2020-11-30": "$729", "2020-08-31": "$1,232", "2020-05-31": "$1,139", "2020-02-29": "$539", "2019-11-30": "$515", "2019-08-31": "$524", "2019-05-31": "$522", "2019-02-28": "$488", "2018-11-30": "$462", "2018-08-31": "$485", "2018-05-31": "$508", "2018-02-28": "$444", "2017-11-30": "$415", "2017-08-31": "$430", "2017-05-31": "$446", "2017-02-28": "$419", "2016-11-30": "$381", "2016-08-31": "$697", "2016-05-31": "$417", "2016-02-29": "$381", "2015-11-30": "$350", "2015-08-31": "$436", "2015-05-31": "$680", "2015-02-28": "$322", "2014-11-30": "$466", "2014-08-31": "$652", "2014-05-31": "$823", "2014-02-28": "$887", "2013-11-30": "$912", "2013-08-31": "$1,001", "2013-05-31": "$966", "2013-02-28": "$674", "2012-11-30": "$649", "2012-08-31": "$663", "2012-05-31": "$639", "2012-02-29": "$647", "2011-11-30": "$558", "2011-08-31": "$337", "2011-05-31": "$326", "2011-02-28": "$202", "2010-11-30": "$240", "2010-08-31": "$222", "2010-05-31": "$161", "2010-02-28": "$18", "2009-11-30": "$15", "2009-08-31": "$122", "2009-05-31": "$134", "2009-02-28": "$141", "2008-11-30": "$138", "2008-08-31": "$11", "2008-05-31": "$12", "2008-02-29": "$13", "2007-11-30": "$8", "2007-08-31": "$8", "2007-05-31": "$22", "2007-02-28": "$19", "2006-11-30": "$12", "2006-08-31": "$24", "2006-05-31": "$26", "2006-02-28": "$22", "2005-11-30": "$35", "2005-08-31": "$54", "2005-05-31": "$34", "2005-02-28": "$17"}}, "long-term-debt": {"CarMax Annual Long Term Debt (Millions of US $)": {"2020": "$14,944", "2019": "$13,777", "2018": "$12,753", "2017": "$11,826", "2016": "$10,321", "2015": "$8,819", "2014": "$7,340", "2013": "$6,010", "2012": "$4,863", "2011": "$4,249", "2010": "$27", "2009": "$178", "2008": "$227", "2007": "$34", "2006": "$135", "2005": "$128"}, "CarMax Quarterly Long Term Debt (Millions of US $)": {"2020-11-30": "$14,481", "2020-08-31": "$14,798", "2020-05-31": "$14,416", "2020-02-29": "$14,944", "2019-11-30": "$14,604", "2019-08-31": "$14,384", "2019-05-31": "$14,028", "2019-02-28": "$13,777", "2018-11-30": "$13,494", "2018-08-31": "$13,177", "2018-05-31": "$12,861", "2018-02-28": "$12,753", "2017-11-30": "$12,651", "2017-08-31": "$12,234", "2017-05-31": "$11,926", "2017-02-28": "$11,826", "2016-11-30": "$11,485", "2016-08-31": "$11,131", "2016-05-31": "$10,511", "2016-02-29": "$10,321", "2015-11-30": "$10,316", "2015-08-31": "$9,514", "2015-05-31": "$9,176", "2015-02-28": "$8,819", "2014-11-30": "$8,550", "2014-08-31": "$7,959", "2014-05-31": "$7,689", "2014-02-28": "$7,340", "2013-11-30": "$7,076", "2013-08-31": "$6,838", "2013-05-31": "$6,493", "2013-02-28": "$6,010", "2012-11-30": "$5,552", "2012-08-31": "$5,255", "2012-05-31": "$5,023", "2012-02-29": "$4,863", "2011-11-30": "$4,346", "2011-08-31": "$4,197", "2011-05-31": "$4,029", "2011-02-28": "$4,249", "2010-11-30": "$3,915", "2010-08-31": "$3,896", "2010-05-31": "$3,727", "2010-02-28": "$27", "2009-11-30": "$28", "2009-08-31": "$178", "2009-05-31": "$178", "2009-02-28": "$178", "2008-11-30": "$177", "2008-08-31": "$177", "2008-05-31": "$227", "2008-02-29": "$227", "2007-11-30": "$27", "2007-08-31": "$27", "2007-05-31": "$33", "2007-02-28": "$34", "2006-11-30": "$34", "2006-08-31": "$34", "2006-05-31": "$135", "2006-02-28": "$135", "2005-11-30": "$85", "2005-08-31": "$35", "2005-05-31": "$28", "2005-02-28": "$128"}}, "total-liabilities": {"CarMax Annual Total Liabilities (Millions of US $)": {"2020": "$17,313", "2019": "$15,361", "2018": "$14,169", "2017": "$13,171", "2016": "$11,555", "2015": "$10,041", "2014": "$8,390", "2013": "$6,869", "2012": "$5,658", "2011": "$4,886", "2010": "$623", "2009": "$786", "2008": "$844", "2007": "$638", "2006": "$530", "2005": "$492"}, "CarMax Quarterly Total Liabilities (Millions of US $)": {"2020-11-30": "$16,804", "2020-08-31": "$17,264", "2020-05-31": "$16,394", "2020-02-29": "$17,313", "2019-11-30": "$16,789", "2019-08-31": "$16,529", "2019-05-31": "$16,262", "2019-02-28": "$15,361", "2018-11-30": "$14,962", "2018-08-31": "$14,694", "2018-05-31": "$14,372", "2018-02-28": "$14,169", "2017-11-30": "$14,003", "2017-08-31": "$13,675", "2017-05-31": "$13,324", "2017-02-28": "$13,171", "2016-11-30": "$12,745", "2016-08-31": "$12,442", "2016-05-31": "$11,818", "2016-02-29": "$11,555", "2015-11-30": "$11,469", "2015-08-31": "$10,742", "2015-05-31": "$10,396", "2015-02-28": "$10,041", "2014-11-30": "$9,661", "2014-08-31": "$9,042", "2014-05-31": "$8,820", "2014-02-28": "$8,390", "2013-11-30": "$8,016", "2013-08-31": "$7,749", "2013-05-31": "$7,375", "2013-02-28": "$6,869", "2012-11-30": "$6,274", "2012-08-31": "$5,922", "2012-05-31": "$5,778", "2012-02-29": "$5,658", "2011-11-30": "$4,997", "2011-08-31": "$4,807", "2011-05-31": "$4,730", "2011-02-28": "$4,886", "2010-11-30": "$4,512", "2010-08-31": "$4,508", "2010-05-31": "$4,414", "2010-02-28": "$623", "2009-11-30": "$564", "2009-08-31": "$843", "2009-05-31": "$924", "2009-02-28": "$786", "2008-11-30": "$654", "2008-08-31": "$703", "2008-05-31": "$839", "2008-02-29": "$844", "2007-11-30": "$655", "2007-08-31": "$567", "2007-05-31": "$649", "2007-02-28": "$638", "2006-11-30": "$506", "2006-08-31": "$505", "2006-05-31": "$563", "2006-02-28": "$530", "2005-11-30": "$449", "2005-08-31": "$442", "2005-05-31": "$498", "2005-02-28": "$492"}}, "total-share-holder-equity": {"CarMax Annual Share Holder Equity (Millions of US $)": {"2020": "$3,769", "2019": "$3,357", "2018": "$3,317", "2017": "$3,109", "2016": "$2,905", "2015": "$3,157", "2014": "$3,317", "2013": "$3,019", "2012": "$2,673", "2011": "$2,239", "2010": "$1,934", "2009": "$1,593", "2008": "$1,489", "2007": "$1,247", "2006": "$980", "2005": "$801"}, "CarMax Quarterly Share Holder Equity (Millions of US $)": {"2020-11-30": "$4,128", "2020-08-31": "$3,983", "2020-05-31": "$3,578", "2020-02-29": "$3,769", "2019-11-30": "$3,698", "2019-08-31": "$3,612", "2019-05-31": "$3,453", "2019-02-28": "$3,357", "2018-11-30": "$3,435", "2018-08-31": "$3,482", "2018-05-31": "$3,384", "2018-02-28": "$3,317", "2017-11-30": "$3,301", "2017-08-31": "$3,201", "2017-05-31": "$3,152", "2017-02-28": "$3,109", "2016-11-30": "$3,015", "2016-08-31": "$3,062", "2016-05-31": "$2,972", "2016-02-29": "$2,905", "2015-11-30": "$2,912", "2015-08-31": "$3,211", "2015-05-31": "$3,275", "2015-02-28": "$3,157", "2014-11-30": "$3,182", "2014-08-31": "$3,358", "2014-05-31": "$3,329", "2014-02-28": "$3,317", "2013-11-30": "$3,288", "2013-08-31": "$3,185", "2013-05-31": "$3,075", "2013-02-28": "$3,019", "2012-11-30": "$3,024", "2012-08-31": "$2,950", "2012-05-31": "$2,820", "2012-02-29": "$2,673", "2011-11-30": "$2,637", "2011-08-31": "$2,552", "2011-05-31": "$2,430", "2011-02-28": "$2,239", "2010-11-30": "$2,183", "2010-08-31": "$2,069", "2010-05-31": "$1,958", "2010-02-28": "$1,934", "2009-11-30": "$1,846", "2009-08-31": "$1,744", "2009-05-31": "$1,626", "2009-02-28": "$1,593", "2008-11-30": "$1,564", "2008-08-31": "$1,561", "2008-05-31": "$1,537", "2008-02-29": "$1,489", "2007-11-30": "$1,454", "2007-08-31": "$1,411", "2007-05-31": "$1,328", "2007-02-28": "$1,247", "2006-11-30": "$1,199", "2006-08-31": "$1,132", "2006-05-31": "$1,054", "2006-02-28": "$980", "2005-11-30": "$918", "2005-08-31": "$889", "2005-05-31": "$845", "2005-02-28": "$801"}}, "profit-margins": {"current": "4.01%"}, "gross margin": {"2020-11-30": "12.85%", "2020-08-31": "13.04%", "2020-05-31": "12.84%", "2020-02-29": "13.40%", "2019-11-30": "13.46%", "2019-08-31": "13.57%", "2019-05-31": "13.66%", "2019-02-28": "13.65%", "2018-11-30": "13.48%", "2018-08-31": "13.45%", "2018-05-31": "13.48%", "2018-02-28": "13.60%", "2017-11-30": "13.78%", "2017-08-31": "13.90%", "2017-05-31": "13.87%", "2017-02-28": "13.75%", "2016-11-30": "13.59%", "2016-08-31": "13.47%", "2016-05-31": "13.41%", "2016-02-29": "13.32%", "2015-11-30": "13.40%", "2015-08-31": "13.42%", "2015-05-31": "13.28%", "2015-02-28": "13.23%", "2014-11-30": "12.99%", "2014-08-31": "12.95%", "2014-05-31": "13.09%", "2014-02-28": "13.11%", "2013-11-30": "13.26%", "2013-08-31": "13.32%", "2013-05-31": "13.31%", "2013-02-28": "13.36%", "2012-11-30": "13.51%", "2012-08-31": "13.55%", "2012-05-31": "13.64%", "2012-02-29": "13.77%", "2011-11-30": "13.91%", "2011-08-31": "14.07%", "2011-05-31": "14.38%", "2011-02-28": "14.51%", "2010-11-30": "14.56%", "2010-08-31": "14.59%", "2010-05-31": "14.65%", "2010-02-28": "14.71%", "2009-11-30": "14.97%", "2009-08-31": "14.92%", "2009-05-31": "14.56%", "2009-02-28": "13.88%", "2008-11-30": "13.18%", "2008-08-31": "13.02%", "2008-05-31": "12.96%", "2008-02-29": "13.07%", "2007-11-30": "13.14%", "2007-08-31": "13.15%", "2007-05-31": "13.03%", "2007-02-28": "13.01%", "2006-11-30": "13.00%", "2006-08-31": "12.90%", "2006-05-31": "12.81%", "2006-02-28": "12.64%", "2005-11-30": "12.57%"}, "operating margin": {"2020-11-30": "5.70%", "2020-08-31": "5.36%", "2020-05-31": "4.96%", "2020-02-29": "6.10%", "2019-11-30": "6.16%", "2019-08-31": "6.46%", "2019-05-31": "6.50%", "2019-02-28": "6.54%", "2018-11-30": "6.38%", "2018-08-31": "6.29%", "2018-05-31": "6.43%", "2018-02-28": "6.62%", "2017-11-30": "6.81%", "2017-08-31": "6.94%", "2017-05-31": "6.91%", "2017-02-28": "6.70%", "2016-11-30": "6.77%", "2016-08-31": "6.73%", "2016-05-31": "6.87%", "2016-02-29": "6.99%", "2015-11-30": "7.00%", "2015-08-31": "7.07%", "2015-05-31": "7.00%", "2015-02-28": "6.99%", "2014-11-30": "6.72%", "2014-08-31": "6.66%", "2014-05-31": "6.67%", "2014-02-28": "6.60%", "2013-11-30": "6.83%", "2013-08-31": "6.85%", "2013-05-31": "6.73%", "2013-02-28": "6.68%", "2012-11-30": "6.72%", "2012-08-31": "6.75%", "2012-05-31": "6.85%", "2012-02-29": "7.00%", "2011-11-30": "7.23%", "2011-08-31": "7.27%", "2011-05-31": "7.34%", "2011-02-28": "7.15%", "2010-11-30": "7.27%", "2010-08-31": "7.41%", "2010-05-31": "7.57%", "2010-02-28": "6.45%", "2009-11-30": "5.57%", "2009-08-31": "3.58%", "2009-05-31": "1.52%", "2009-02-28": "1.46%", "2008-11-30": "1.01%", "2008-08-31": "1.99%", "2008-05-31": "2.93%", "2008-02-29": "3.65%", "2007-11-30": "4.16%", "2007-08-31": "4.52%", "2007-05-31": "4.41%", "2007-02-28": "4.39%", "2006-11-30": "4.41%", "2006-08-31": "4.12%", "2006-05-31": "3.87%", "2006-02-28": "3.53%", "2005-11-30": "3.17%"}, "ebitda margin": {"2020-11-30": "6.98%", "2020-08-31": "6.63%", "2020-05-31": "6.19%", "2020-02-29": "7.16%", "2019-11-30": "7.21%", "2019-08-31": "7.48%", "2019-05-31": "7.51%", "2019-02-28": "7.55%", "2018-11-30": "7.40%", "2018-08-31": "7.32%", "2018-05-31": "7.47%", "2018-02-28": "7.67%", "2017-11-30": "7.84%", "2017-08-31": "7.98%", "2017-05-31": "7.96%", "2017-02-28": "7.76%", "2016-11-30": "7.82%", "2016-08-31": "7.74%", "2016-05-31": "7.83%", "2016-02-29": "7.89%", "2015-11-30": "7.87%", "2015-08-31": "7.91%", "2015-05-31": "7.82%", "2015-02-28": "7.79%", "2014-11-30": "7.53%", "2014-08-31": "7.47%", "2014-05-31": "7.47%", "2014-02-28": "7.40%", "2013-11-30": "7.63%", "2013-08-31": "7.67%", "2013-05-31": "7.57%", "2013-02-28": "7.54%", "2012-11-30": "7.60%", "2012-08-31": "7.62%", "2012-05-31": "7.70%", "2012-02-29": "7.83%", "2011-11-30": "8.18%", "2011-08-31": "8.18%", "2011-05-31": "8.21%", "2011-02-28": "8.01%", "2010-11-30": "8.17%", "2010-08-31": "8.34%", "2010-05-31": "8.52%", "2010-02-28": "7.46%", "2009-11-30": "6.36%", "2009-08-31": "4.40%", "2009-05-31": "2.36%", "2009-02-28": "2.24%", "2008-11-30": "1.72%", "2008-08-31": "2.64%", "2008-05-31": "3.53%", "2008-02-29": "4.23%", "2007-11-30": "4.70%", "2007-08-31": "5.04%", "2007-05-31": "4.89%", "2007-02-28": "4.85%", "2006-11-30": "4.86%", "2006-08-31": "4.56%", "2006-05-31": "4.29%", "2006-02-28": "3.95%", "2005-11-30": "3.60%"}, "pre tax profit margin": {"2020-11-30": "5.23%", "2020-08-31": "4.89%", "2020-05-31": "4.48%", "2020-02-29": "5.72%", "2019-11-30": "5.80%", "2019-08-31": "6.05%", "2019-05-31": "6.10%", "2019-02-28": "6.12%", "2018-11-30": "5.95%", "2018-08-31": "5.88%", "2018-05-31": "6.02%", "2018-02-28": "6.21%", "2017-11-30": "6.41%", "2017-08-31": "6.53%", "2017-05-31": "6.52%", "2017-02-28": "6.34%", "2016-11-30": "6.38%", "2016-08-31": "6.37%", "2016-05-31": "6.53%", "2016-02-29": "6.67%", "2015-11-30": "6.80%", "2015-08-31": "6.88%", "2015-05-31": "6.82%", "2015-02-28": "6.80%", "2014-11-30": "6.49%", "2014-08-31": "6.43%", "2014-05-31": "6.42%", "2014-02-28": "6.34%", "2013-11-30": "6.56%", "2013-08-31": "6.57%", "2013-05-31": "6.45%", "2013-02-28": "6.39%", "2012-11-30": "6.43%", "2012-08-31": "6.45%", "2012-05-31": "6.55%", "2012-02-29": "6.68%", "2011-11-30": "6.65%", "2011-08-31": "6.75%", "2011-05-31": "6.88%", "2011-02-28": "6.76%", "2010-11-30": "6.87%", "2010-08-31": "6.99%", "2010-05-31": "7.13%", "2010-02-28": "5.97%", "2009-11-30": "5.50%", "2009-08-31": "3.52%", "2009-05-31": "1.47%", "2009-02-28": "1.41%", "2008-11-30": "0.95%", "2008-08-31": "1.94%", "2008-05-31": "2.89%", "2008-02-29": "3.62%", "2007-11-30": "4.13%", "2007-08-31": "4.51%", "2007-05-31": "4.37%", "2007-02-28": "4.34%", "2006-11-30": "4.34%", "2006-08-31": "4.04%", "2006-05-31": "3.81%", "2006-02-28": "3.48%", "2005-11-30": "3.12%"}, "net profit margin": {"2020-11-30": "4.01%", "2020-08-31": "3.76%", "2020-05-31": "3.45%", "2020-02-29": "4.38%", "2019-11-30": "4.41%", "2019-08-31": "4.61%", "2019-05-31": "4.65%", "2019-02-28": "4.64%", "2018-11-30": "4.30%", "2018-08-31": "4.12%", "2018-05-31": "3.98%", "2018-02-28": "3.88%", "2017-11-30": "4.07%", "2017-08-31": "4.09%", "2017-05-31": "4.08%", "2017-02-28": "3.95%", "2016-11-30": "3.96%", "2016-08-31": "3.94%", "2016-05-31": "4.04%", "2016-02-29": "4.11%", "2015-11-30": "4.18%", "2015-08-31": "4.23%", "2015-05-31": "4.20%", "2015-02-28": "4.19%", "2014-11-30": "4.01%", "2014-08-31": "3.97%", "2014-05-31": "3.96%", "2014-02-28": "3.91%", "2013-11-30": "4.06%", "2013-08-31": "4.08%", "2013-05-31": "4.01%", "2013-02-28": "3.97%", "2012-11-30": "3.99%", "2012-08-31": "3.99%", "2012-05-31": "4.05%", "2012-02-29": "4.13%", "2011-11-30": "4.13%", "2011-08-31": "4.19%", "2011-05-31": "4.26%", "2011-02-28": "4.19%", "2010-11-30": "4.22%", "2010-08-31": "4.32%", "2010-05-31": "4.41%", "2010-02-28": "3.68%", "2009-11-30": "3.39%", "2009-08-31": "2.12%", "2009-05-31": "0.86%", "2009-02-28": "0.85%", "2008-11-30": "0.56%", "2008-08-31": "1.18%", "2008-05-31": "1.76%", "2008-02-29": "2.20%", "2007-11-30": "2.51%", "2007-08-31": "2.74%", "2007-05-31": "2.67%", "2007-02-28": "2.65%", "2006-11-30": "2.68%", "2006-08-31": "2.49%", "2006-05-31": "2.36%", "2006-02-28": "2.16%", "2005-11-30": "1.92%"}, "pe ratio": {"current": "26.62", "2021-02-05": "27.79", "2020-11-30": "20.59", "2020-08-31": "25.70", "2020-05-31": "23.36", "2020-02-29": "16.38", "2019-11-30": "18.85", "2019-08-31": "15.98", "2019-05-31": "15.50", "2019-02-28": "12.96", "2018-11-30": "15.26", "2018-08-31": "19.27", "2018-05-31": "18.18", "2018-02-28": "17.25", "2017-11-30": "18.47", "2017-08-31": "18.45", "2017-05-31": "17.95", "2017-02-28": "19.74", "2016-11-30": "18.23", "2016-08-31": "19.14", "2016-05-31": "17.54", "2016-02-29": "15.32", "2015-11-30": "19.23", "2015-08-31": "20.68", "2015-05-31": "25.10", "2015-02-28": "24.58", "2014-11-30": "22.79", "2014-08-31": "22.11", "2014-05-31": "19.35", "2014-02-28": "22.32", "2013-11-30": "22.99", "2013-08-31": "22.33", "2013-05-31": "23.50", "2013-02-28": "20.54", "2012-11-30": "19.92", "2012-08-31": "17.28", "2012-05-31": "15.85", "2012-02-29": "16.96", "2011-11-30": "16.07", "2011-08-31": "15.70", "2011-05-31": "16.66", "2011-02-28": "21.18", "2010-11-30": "20.43", "2010-08-31": "12.61", "2010-05-31": "13.84", "2010-02-28": "16.02", "2009-11-30": "18.07", "2009-08-31": "25.84", "2009-05-31": "43.12", "2009-02-28": "36.27", "2008-11-30": "40.05", "2008-08-31": "34.42", "2008-05-31": "29.79", "2008-02-29": "22.12", "2007-11-30": "24.86", "2007-08-31": "22.89", "2007-05-31": "25.26", "2007-02-28": "28.80", "2006-11-30": "25.21"}, "price sales": {"2021-02-05": "1.11", "2020-11-30": "0.83", "2020-08-31": "0.97", "2020-05-31": "0.81", "2020-02-29": "0.72", "2019-11-30": "0.84", "2019-08-31": "0.74", "2019-05-31": "0.73", "2019-02-28": "0.61", "2018-11-30": "0.66", "2018-08-31": "0.80", "2018-05-31": "0.73", "2018-02-28": "0.67", "2017-11-30": "0.75", "2017-08-31": "0.76", "2017-05-31": "0.74", "2017-02-28": "0.78", "2016-11-30": "0.73", "2016-08-31": "0.76", "2016-05-31": "0.71", "2016-02-29": "0.63", "2015-11-30": "0.81", "2015-08-31": "0.88", "2015-05-31": "1.06", "2015-02-28": "1.04", "2014-11-30": "0.92", "2014-08-31": "0.88", "2014-05-31": "0.77", "2014-02-28": "0.88", "2013-11-30": "0.93", "2013-08-31": "0.91", "2013-05-31": "0.94", "2013-02-28": "0.81", "2012-11-30": "0.79", "2012-08-31": "0.69", "2012-05-31": "0.65", "2012-02-29": "0.71", "2011-11-30": "0.68", "2011-08-31": "0.67", "2011-05-31": "0.72", "2011-02-28": "0.89", "2010-11-30": "0.87", "2010-08-31": "0.55", "2010-05-31": "0.61", "2010-02-28": "0.60", "2009-11-30": "0.62", "2009-08-31": "0.56", "2009-05-31": "0.37", "2009-02-28": "0.30", "2008-11-30": "0.22", "2008-08-31": "0.41", "2008-05-31": "0.52", "2008-02-29": "0.49", "2007-11-30": "0.62", "2007-08-31": "0.63", "2007-05-31": "0.68", "2007-02-28": "0.76", "2006-11-30": "0.69"}, "price book": {"current": "5.01", "2021-02-05": "4.98", "2020-11-30": "3.69", "2020-08-31": "4.41", "2020-05-31": "4.00", "2020-02-29": "3.78", "2019-11-30": "4.31", "2019-08-31": "3.80", "2019-05-31": "3.75", "2019-02-28": "3.10", "2018-11-30": "3.30", "2018-08-31": "3.93", "2018-05-31": "3.60", "2018-02-28": "3.36", "2017-11-30": "3.79", "2017-08-31": "3.82", "2017-05-31": "3.67", "2017-02-28": "3.87", "2016-11-30": "3.59", "2016-08-31": "3.68", "2016-05-31": "3.48", "2016-02-29": "3.10", "2015-11-30": "3.89", "2015-08-31": "3.89", "2015-05-31": "4.53", "2015-02-28": "4.44", "2014-11-30": "3.78", "2014-08-31": "3.38", "2014-05-31": "2.91", "2014-02-28": "3.24", "2013-11-30": "3.42", "2013-08-31": "3.34", "2013-05-31": "3.41", "2013-02-28": "2.87", "2012-11-30": "2.74", "2012-08-31": "2.37", "2012-05-31": "2.28", "2012-02-29": "2.61", "2011-11-30": "2.47", "2011-08-31": "2.49", "2011-05-31": "2.76", "2011-02-28": "3.57", "2010-11-30": "3.40", "2010-08-31": "2.16", "2010-05-31": "2.48", "2010-02-28": "2.33", "2009-11-30": "2.40", "2009-08-31": "2.19", "2009-05-31": "1.52", "2009-02-28": "1.30", "2008-11-30": "1.07", "2008-08-31": "2.09", "2008-05-31": "2.82", "2008-02-29": "2.70", "2007-11-30": "3.43", "2007-08-31": "3.50", "2007-05-31": "3.93", "2007-02-28": "4.56", "2006-11-30": "4.13", "2006-08-31": "3.55", "2006-05-31": "3.20", "2006-02-28": "3.36"}, "price fcf": {"2021-02-05": "", "2020-11-30": "$3.30", "2020-08-31": "$3.19", "2020-05-31": "$4.06", "2020-02-29": "$-3.41", "2019-11-30": "$-2.28", "2019-08-31": "$-2.24", "2019-05-31": "$-1.86", "2019-02-28": "$-0.80", "2018-11-30": "$-0.49", "2018-08-31": "$-1.98", "2018-05-31": "$-1.80", "2018-02-28": "$-2.05", "2017-11-30": "$-3.41", "2017-08-31": "$-3.66", "2017-05-31": "$-3.89", "2017-02-28": "$-4.54", "2016-11-30": "$-2.45", "2016-08-31": "$-2.28", "2016-05-31": "$-2.43", "2016-02-29": "$-2.10", "2015-11-30": "$-4.18", "2015-08-31": "$-4.35", "2015-05-31": "$-4.36", "2015-02-28": "$-5.82", "2014-11-30": "$-5.64", "2014-08-31": "$-4.86", "2014-05-31": "$-4.71", "2014-02-28": "$-4.04", "2013-11-30": "$-4.52", "2013-08-31": "$-4.43", "2013-05-31": "$-4.17", "2013-02-28": "$-4.37", "2012-11-30": "$-3.53", "2012-08-31": "$-2.02", "2012-05-31": "$-1.69", "2012-02-29": "$-1.02", "2011-11-30": "$-0.53", "2011-08-31": "$-0.93", "2011-05-31": "$-0.60", "2011-02-28": "$-0.37", "2010-11-30": "$-0.27", "2010-08-31": "$0.36", "2010-05-31": "$0.76", "2010-02-28": "$0.17", "2009-11-30": "$-0.10", "2009-08-31": "$-0.16", "2009-05-31": "$0.11", "2009-02-28": "$0.52", "2008-11-30": "$0.15", "2008-08-31": "$-0.60", "2008-05-31": "$-0.83", "2008-02-29": "$-0.78", "2007-11-30": "$-0.50", "2007-08-31": "$-0.21", "2007-05-31": "$-0.27", "2007-02-28": "$-0.23", "2006-11-30": "$0.13"}, "net worth": {"value": "$20.51B"}, "current ratio": {"current": "2.60", "2020-11-30": "2.60", "2020-08-31": "2.71", "2020-05-31": "2.85", "2020-02-29": "2.39", "2019-11-30": "2.43", "2019-08-31": "2.42", "2019-05-31": "2.21", "2019-02-28": "2.45", "2018-11-30": "2.50", "2018-08-31": "2.36", "2018-05-31": "2.30", "2018-02-28": "2.61", "2017-11-30": "2.70", "2017-08-31": "2.33", "2017-05-31": "2.34", "2017-02-28": "2.60", "2016-11-30": "2.61", "2016-08-31": "2.54", "2016-05-31": "2.23", "2016-02-29": "2.46", "2015-11-30": "2.85", "2015-08-31": "2.50", "2015-05-31": "2.67", "2015-02-28": "2.60", "2014-11-30": "2.77", "2014-08-31": "2.78", "2014-05-31": "2.74", "2014-02-28": "3.02", "2013-11-30": "3.42", "2013-08-31": "3.40", "2013-05-31": "3.46", "2013-02-28": "3.38", "2012-11-30": "3.62", "2012-08-31": "3.73", "2012-05-31": "3.12", "2012-02-29": "2.87", "2011-11-30": "3.10", "2011-08-31": "3.05", "2011-05-31": "2.67", "2011-02-28": "2.70", "2010-11-30": "2.85", "2010-08-31": "2.54", "2010-05-31": "2.03", "2010-02-28": "3.26", "2009-11-30": "3.26", "2009-08-31": "2.74", "2009-05-31": "2.27", "2009-02-28": "2.62", "2008-11-30": "2.98", "2008-08-31": "2.97", "2008-05-31": "2.77", "2008-02-29": "2.77", "2007-11-30": "2.38", "2007-08-31": "2.67", "2007-05-31": "2.36", "2007-02-28": "2.25", "2006-11-30": "2.40", "2006-08-31": "2.36", "2006-05-31": "2.60", "2006-02-28": "2.73", "2005-11-30": "2.60", "2005-08-31": "2.32", "2005-05-31": "2.03", "2005-02-28": "2.59"}, "quick ratio": {"2020-11-30": "0.67", "2020-08-31": "0.94", "2020-05-31": "1.20", "2020-02-29": "0.53", "2019-11-30": "0.54", "2019-08-31": "0.56", "2019-05-31": "0.49", "2019-02-28": "0.53", "2018-11-30": "0.52", "2018-08-31": "0.52", "2018-05-31": "0.54", "2018-02-28": "0.57", "2017-11-30": "0.51", "2017-08-31": "0.48", "2017-05-31": "0.50", "2017-02-28": "0.55", "2016-11-30": "0.50", "2016-08-31": "0.77", "2016-05-31": "0.51", "2016-02-29": "0.54", "2015-11-30": "0.52", "2015-08-31": "0.59", "2015-05-31": "0.82", "2015-02-28": "0.51", "2014-11-30": "0.66", "2014-08-31": "0.89", "2014-05-31": "0.99", "2014-02-28": "1.14", "2013-11-30": "1.34", "2013-08-31": "1.53", "2013-05-31": "1.49", "2013-02-28": "1.16", "2012-11-30": "1.30", "2012-08-31": "1.45", "2012-05-31": "1.17", "2012-02-29": "1.18", "2011-11-30": "1.20", "2011-08-31": "0.89", "2011-05-31": "0.74", "2011-02-28": "0.69", "2010-11-30": "0.71", "2010-08-31": "0.63", "2010-05-31": "0.46", "2010-02-28": "1.49", "2009-11-30": "1.50", "2009-08-31": "1.32", "2009-05-31": "1.05", "2009-02-28": "1.19", "2008-11-30": "1.39", "2008-08-31": "1.09", "2008-05-31": "0.81", "2008-02-29": "0.78", "2007-11-30": "0.63", "2007-08-31": "0.74", "2007-05-31": "0.65", "2007-02-28": "0.61", "2006-11-30": "0.65", "2006-08-31": "0.68", "2006-05-31": "0.73", "2006-02-28": "0.79", "2005-11-30": "0.79", "2005-08-31": "0.76", "2005-05-31": "0.69", "2005-02-28": "0.84"}, "debt equity ratio": {"current": "3.51", "2020-11-30": "4.07", "2020-08-31": "4.34", "2020-05-31": "4.58", "2020-02-29": "4.59", "2019-11-30": "4.54", "2019-08-31": "4.58", "2019-05-31": "4.71", "2019-02-28": "4.58", "2018-11-30": "4.36", "2018-08-31": "4.22", "2018-05-31": "4.25", "2018-02-28": "4.27", "2017-11-30": "4.24", "2017-08-31": "4.27", "2017-05-31": "4.23", "2017-02-28": "4.24", "2016-11-30": "4.23", "2016-08-31": "4.06", "2016-05-31": "3.98", "2016-02-29": "3.98", "2015-11-30": "3.94", "2015-08-31": "3.35", "2015-05-31": "3.18", "2015-02-28": "3.18", "2014-11-30": "3.04", "2014-08-31": "2.69", "2014-05-31": "2.65", "2014-02-28": "2.53", "2013-11-30": "2.44", "2013-08-31": "2.43", "2013-05-31": "2.40", "2013-02-28": "2.28", "2012-11-30": "2.08", "2012-08-31": "2.01", "2012-05-31": "2.05", "2012-02-29": "2.12", "2011-11-30": "1.90", "2011-08-31": "1.88", "2011-05-31": "1.95", "2011-02-28": "2.18", "2010-11-30": "2.07", "2010-08-31": "2.18", "2010-05-31": "2.25", "2010-02-28": "0.32", "2009-11-30": "0.31", "2009-08-31": "0.48", "2009-05-31": "0.57", "2009-02-28": "0.49", "2008-11-30": "0.42", "2008-08-31": "0.45", "2008-05-31": "0.55", "2008-02-29": "0.57", "2007-11-30": "0.45", "2007-08-31": "0.40", "2007-05-31": "0.49", "2007-02-28": "0.51", "2006-11-30": "0.42", "2006-08-31": "0.45", "2006-05-31": "0.53", "2006-02-28": "0.54", "2005-11-30": "0.49", "2005-08-31": "0.50", "2005-05-31": "0.59", "2005-02-28": "0.61"}, "return on equity": {"2020-11-30": "19.46%", "2020-08-31": "18.37%", "2020-05-31": "17.11%", "2020-02-29": "24.47%", "2019-11-30": "24.56%", "2019-08-31": "25.52%", "2019-05-31": "25.38%", "2019-02-28": "24.69%", "2018-11-30": "22.68%", "2018-08-31": "21.68%", "2018-05-31": "20.93%", "2018-02-28": "20.48%", "2017-11-30": "21.78%", "2017-08-31": "21.90%", "2017-05-31": "21.53%", "2017-02-28": "20.63%", "2016-11-30": "20.58%", "2016-08-31": "20.45%", "2016-05-31": "20.53%", "2016-02-29": "20.26%", "2015-11-30": "19.91%", "2015-08-31": "19.56%", "2015-05-31": "18.81%", "2015-02-28": "18.36%", "2014-11-30": "16.81%", "2014-08-31": "15.95%", "2014-05-31": "15.70%", "2014-02-28": "15.30%", "2013-11-30": "15.91%", "2013-08-31": "15.90%", "2013-05-31": "15.28%", "2013-02-28": "14.73%", "2012-11-30": "14.76%", "2012-08-31": "14.80%", "2012-05-31": "15.32%", "2012-02-29": "16.05%", "2011-11-30": "16.39%", "2011-08-31": "17.18%", "2011-05-31": "17.94%", "2011-02-28": "17.80%", "2010-11-30": "17.73%", "2010-08-31": "18.09%", "2010-05-31": "18.60%", "2010-02-28": "15.38%", "2009-11-30": "14.16%", "2009-08-31": "8.89%", "2009-05-31": "3.59%", "2009-02-28": "3.77%", "2008-11-30": "2.73%", "2008-08-31": "6.22%", "2008-05-31": "9.85%", "2008-02-29": "12.67%", "2007-11-30": "14.85%", "2007-08-31": "16.74%", "2007-05-31": "16.80%", "2007-02-28": "17.10%", "2006-11-30": "17.69%", "2006-08-31": "16.75%", "2006-05-31": "16.14%", "2006-02-28": "14.87%", "2005-11-30": "13.44%"}, "return on assets": {"2020-11-30": "3.61%", "2020-08-31": "3.33%", "2020-05-31": "3.07%", "2020-02-29": "4.37%", "2019-11-30": "4.39%", "2019-08-31": "4.59%", "2019-05-31": "4.64%", "2019-02-28": "4.62%", "2018-11-30": "4.30%", "2018-08-31": "4.13%", "2018-05-31": "3.98%", "2018-02-28": "3.90%", "2017-11-30": "4.15%", "2017-08-31": "4.18%", "2017-05-31": "4.15%", "2017-02-28": "4.02%", "2016-11-30": "4.07%", "2016-08-31": "4.10%", "2016-05-31": "4.28%", "2016-02-29": "4.41%", "2015-11-30": "4.53%", "2015-08-31": "4.67%", "2015-05-31": "4.68%", "2015-02-28": "4.73%", "2014-11-30": "4.51%", "2014-08-31": "4.46%", "2014-05-31": "4.47%", "2014-02-28": "4.43%", "2013-11-30": "4.70%", "2013-08-31": "4.82%", "2013-05-31": "4.79%", "2013-02-28": "4.75%", "2012-11-30": "4.82%", "2012-08-31": "4.91%", "2012-05-31": "5.12%", "2012-02-29": "5.42%", "2011-11-30": "5.52%", "2011-08-31": "5.70%", "2011-05-31": "5.81%", "2011-02-28": "5.62%", "2010-11-30": "6.50%", "2010-08-31": "7.88%", "2010-05-31": "10.00%", "2010-02-28": "10.89%", "2009-11-30": "9.71%", "2009-08-31": "5.96%", "2009-05-31": "2.42%", "2009-02-28": "2.55%", "2008-11-30": "1.83%", "2008-08-31": "4.14%", "2008-05-31": "6.59%", "2008-02-29": "8.57%", "2007-11-30": "10.16%", "2007-08-31": "11.50%", "2007-05-31": "11.44%", "2007-02-28": "11.57%", "2006-11-30": "11.94%", "2006-08-31": "11.16%", "2006-05-31": "10.65%", "2006-02-28": "9.73%", "2005-11-30": "8.70%"}, "return on investments": {"2020-11-30": "5.77%", "2020-08-31": "5.33%", "2020-05-31": "4.94%", "2020-02-29": "6.84%", "2019-11-30": "6.84%", "2019-08-31": "7.13%", "2019-05-31": "7.15%", "2019-02-28": "7.10%", "2018-11-30": "6.94%", "2018-08-31": "6.88%", "2018-05-31": "7.01%", "2018-02-28": "7.25%", "2017-11-30": "7.58%", "2017-08-31": "7.73%", "2017-05-31": "7.67%", "2017-02-28": "7.45%", "2016-11-30": "7.60%", "2016-08-31": "7.65%", "2016-05-31": "7.97%", "2016-02-29": "8.20%", "2015-11-30": "8.31%", "2015-08-31": "8.58%", "2015-05-31": "8.57%", "2015-02-28": "8.66%", "2014-11-30": "8.31%", "2014-08-31": "8.21%", "2014-05-31": "8.25%", "2014-02-28": "8.17%", "2013-11-30": "8.64%", "2013-08-31": "8.83%", "2013-05-31": "8.75%", "2013-02-28": "8.70%", "2012-11-30": "8.87%", "2012-08-31": "9.07%", "2012-05-31": "9.51%", "2012-02-29": "10.10%", "2011-11-30": "10.60%", "2011-08-31": "10.87%", "2011-05-31": "11.02%", "2011-02-28": "10.60%", "2010-11-30": "12.62%", "2010-08-31": "15.63%", "2010-05-31": "20.91%", "2010-02-28": "25.50%", "2009-11-30": "21.49%", "2009-08-31": "13.54%", "2009-05-31": "5.67%", "2009-02-28": "5.82%", "2008-11-30": "4.37%", "2008-08-31": "9.49%", "2008-05-31": "15.13%", "2008-02-29": "19.94%", "2007-11-30": "24.02%", "2007-08-31": "26.95%", "2007-05-31": "27.05%", "2007-02-28": "26.95%", "2006-11-30": "27.05%", "2006-08-31": "25.31%", "2006-05-31": "24.02%", "2006-02-28": "22.58%", "2005-11-30": "20.49%"}, "return on tangible equity": {"2020-11-30": "19.46%", "2020-08-31": "18.37%", "2020-05-31": "17.11%", "2020-02-29": "24.47%", "2019-11-30": "24.56%", "2019-08-31": "25.52%", "2019-05-31": "25.38%", "2019-02-28": "24.69%", "2018-11-30": "22.68%", "2018-08-31": "21.68%", "2018-05-31": "20.93%", "2018-02-28": "20.48%", "2017-11-30": "21.78%", "2017-08-31": "21.90%", "2017-05-31": "21.53%", "2017-02-28": "20.63%", "2016-11-30": "20.58%", "2016-08-31": "20.45%", "2016-05-31": "20.53%", "2016-02-29": "20.26%", "2015-11-30": "19.91%", "2015-08-31": "19.56%", "2015-05-31": "18.81%", "2015-02-28": "18.36%", "2014-11-30": "16.81%", "2014-08-31": "15.95%", "2014-05-31": "15.70%", "2014-02-28": "15.30%", "2013-11-30": "15.91%", "2013-08-31": "15.90%", "2013-05-31": "15.28%", "2013-02-28": "14.73%", "2012-11-30": "14.76%", "2012-08-31": "14.80%", "2012-05-31": "15.32%", "2012-02-29": "16.05%", "2011-11-30": "16.39%", "2011-08-31": "17.18%", "2011-05-31": "17.94%", "2011-02-28": "17.80%", "2010-11-30": "17.73%", "2010-08-31": "18.09%", "2010-05-31": "18.60%", "2010-02-28": "15.38%", "2009-11-30": "14.16%", "2009-08-31": "8.89%", "2009-05-31": "3.59%", "2009-02-28": "3.77%", "2008-11-30": "2.73%", "2008-08-31": "6.22%", "2008-05-31": "9.85%", "2008-02-29": "12.67%", "2007-11-30": "14.85%", "2007-08-31": "16.74%", "2007-05-31": "16.80%", "2007-02-28": "17.10%", "2006-11-30": "17.69%", "2006-08-31": "16.75%", "2006-05-31": "16.14%", "2006-02-28": "14.87%", "2005-11-30": "13.44%"}, "dividend yield history": {"last payout": "$0.00", "last yield": "0.00%"}}