{"ticker": "CARR", "price": {"title": "Carrier Global Historical Annual Stock Price Data", "value": 37.2, "historical": {"2020": {"Average Stock Price": "27.8355", "Year Open": "16.9200", "Year High": "40.5000", "Year Low": "12.8900", "Year Close": "37.7200", "Annual % Change": "0.00%"}}}, "market cap": {"value": "$32.28B"}, "income statement": {"Revenue": {"2019-12-31": "18608.00000", "2018-12-31": "18914.00000", "2017-12-31": "17814.00000"}, "Cost Of Goods Sold": {"2019-12-31": "13189.00000", "2018-12-31": "13345.00000", "2017-12-31": "12629.00000"}, "Gross Profit": {"2019-12-31": "5419.00000", "2018-12-31": "5569.00000", "2017-12-31": "5185.00000"}, "Research And Development Expenses": {"2019-12-31": "401.00000", "2018-12-31": "400.00000", "2017-12-31": "364.00000"}, "SG&A Expenses": {"2019-12-31": "2761.00000", "2018-12-31": "2689.00000", "2017-12-31": "2584.00000"}, "Other Operating Income Or Expenses": {"2019-12-31": "234.00000", "2018-12-31": "1157.00000", "2017-12-31": "793.00000"}, "Operating Expenses": {"2019-12-31": "16117.00000", "2018-12-31": "15277.00000", "2017-12-31": "14784.00000"}, "Operating Income": {"2019-12-31": "2491.00000", "2018-12-31": "3637.00000", "2017-12-31": "3030.00000"}, "Total Non-Operating Income/Expense": {"2019-12-31": "181.00000", "2018-12-31": "205.00000", "2017-12-31": "24.00000"}, "Pre-Tax Income": {"2019-12-31": "2672.00000", "2018-12-31": "3842.00000", "2017-12-31": "3054.00000"}, "Income Taxes": {"2019-12-31": "517.00000", "2018-12-31": "1073.00000", "2017-12-31": "1787.00000"}, "Income After Taxes": {"2019-12-31": "2155.00000", "2018-12-31": "2769.00000", "2017-12-31": "1267.00000"}, "Other Income": {"2019-12-31": "", "2018-12-31": "", "2017-12-31": ""}, "Income From Continuous Operations": {"2019-12-31": "2155.00000", "2018-12-31": "2769.00000", "2017-12-31": "1267.00000"}, "Income From Discontinued Operations": {"2019-12-31": "", "2018-12-31": "", "2017-12-31": ""}, "Net Income": {"2019-12-31": "2116.00000", "2018-12-31": "2734.00000", "2017-12-31": "1227.00000"}, "EBITDA": {"2019-12-31": "2826.00000", "2018-12-31": "3994.00000", "2017-12-31": "3402.00000"}, "EBIT": {"2019-12-31": "2491.00000", "2018-12-31": "3637.00000", "2017-12-31": "3030.00000"}, "Basic Shares Outstanding": {"2019-12-31": "", "2018-12-31": "", "2017-12-31": ""}, "Shares Outstanding": {"2019-12-31": "", "2018-12-31": "", "2017-12-31": ""}, "Basic EPS": {"2019-12-31": "", "2018-12-31": "", "2017-12-31": ""}, "EPS - Earnings Per Share": {"2019-12-31": "0.00000", "2018-12-31": "0.00000", "2017-12-31": "0.00000"}}, "income statement, quarterly": {"Revenue": {"2020-09-30": "5002.00000", "2020-06-30": "3972.00000", "2020-03-31": "3888.00000", "2019-12-31": "4501.00000", "2019-09-30": "4822.00000", "2019-06-30": "4962.00000", "2019-03-31": "4323.00000", "2018-12-31": "", "2017-12-31": ""}, "Cost Of Goods Sold": {"2020-09-30": "3441.00000", "2020-06-30": "2831.00000", "2020-03-31": "2766.00000", "2019-12-31": "3228.00000", "2019-09-30": "3376.00000", "2019-06-30": "3488.00000", "2019-03-31": "3097.00000", "2018-12-31": "", "2017-12-31": ""}, "Gross Profit": {"2020-09-30": "1561.00000", "2020-06-30": "1141.00000", "2020-03-31": "1122.00000", "2019-12-31": "1273.00000", "2019-09-30": "1446.00000", "2019-06-30": "1474.00000", "2019-03-31": "1226.00000", "2018-12-31": "", "2017-12-31": ""}, "Research And Development Expenses": {"2020-09-30": "100.00000", "2020-06-30": "94.00000", "2020-03-31": "98.00000", "2019-12-31": "99.00000", "2019-09-30": "102.00000", "2019-06-30": "103.00000", "2019-03-31": "97.00000", "2018-12-31": "", "2017-12-31": ""}, "SG&A Expenses": {"2020-09-30": "681.00000", "2020-06-30": "637.00000", "2020-03-31": "692.00000", "2019-12-31": "617.00000", "2019-09-30": "702.00000", "2019-06-30": "680.00000", "2019-03-31": "684.00000", "2018-12-31": "", "2017-12-31": ""}, "Other Operating Income Or Expenses": {"2020-09-30": "301.00000", "2020-06-30": "32.00000", "2020-03-31": "-17.00000", "2019-12-31": "", "2019-09-30": "-13.00000", "2019-06-30": "114.00000", "2019-03-31": "55.00000", "2018-12-31": "", "2017-12-31": ""}, "Operating Expenses": {"2020-09-30": "3921.00000", "2020-06-30": "3530.00000", "2020-03-31": "3573.00000", "2019-12-31": "3944.00000", "2019-09-30": "4193.00000", "2019-06-30": "4157.00000", "2019-03-31": "3823.00000", "2018-12-31": "", "2017-12-31": ""}, "Operating Income": {"2020-09-30": "1081.00000", "2020-06-30": "442.00000", "2020-03-31": "315.00000", "2019-12-31": "557.00000", "2019-09-30": "629.00000", "2019-06-30": "805.00000", "2019-03-31": "500.00000", "2018-12-31": "", "2017-12-31": ""}, "Total Non-Operating Income/Expense": {"2020-09-30": "-72.00000", "2020-06-30": "-67.00000", "2020-03-31": "-20.00000", "2019-12-31": "34.00000", "2019-09-30": "50.00000", "2019-06-30": "54.00000", "2019-03-31": "43.00000", "2018-12-31": "", "2017-12-31": ""}, "Pre-Tax Income": {"2020-09-30": "1009.00000", "2020-06-30": "375.00000", "2020-03-31": "295.00000", "2019-12-31": "591.00000", "2019-09-30": "679.00000", "2019-06-30": "859.00000", "2019-03-31": "543.00000", "2018-12-31": "", "2017-12-31": ""}, "Income Taxes": {"2020-09-30": "261.00000", "2020-06-30": "106.00000", "2020-03-31": "193.00000", "2019-12-31": "137.00000", "2019-09-30": "175.00000", "2019-06-30": "65.00000", "2019-03-31": "140.00000", "2018-12-31": "", "2017-12-31": ""}, "Income After Taxes": {"2020-09-30": "748.00000", "2020-06-30": "269.00000", "2020-03-31": "102.00000", "2019-12-31": "454.00000", "2019-09-30": "504.00000", "2019-06-30": "794.00000", "2019-03-31": "403.00000", "2018-12-31": "", "2017-12-31": ""}, "Other Income": {"2020-09-30": "", "2020-06-30": "", "2020-03-31": "", "2019-12-31": "0.00000", "2019-09-30": "", "2019-06-30": "", "2019-03-31": "", "2018-12-31": "", "2017-12-31": ""}, "Income From Continuous Operations": {"2020-09-30": "748.00000", "2020-06-30": "269.00000", "2020-03-31": "102.00000", "2019-12-31": "454.00000", "2019-09-30": "504.00000", "2019-06-30": "794.00000", "2019-03-31": "403.00000", "2018-12-31": "", "2017-12-31": ""}, "Income From Discontinued Operations": {"2020-09-30": "", "2020-06-30": "", "2020-03-31": "", "2019-12-31": "0.00000", "2019-09-30": "", "2019-06-30": "", "2019-03-31": "", "2018-12-31": "", "2017-12-31": ""}, "Net Income": {"2020-09-30": "741.00000", "2020-06-30": "261.00000", "2020-03-31": "96.00000", "2019-12-31": "440.00000", "2019-09-30": "492.00000", "2019-06-30": "784.00000", "2019-03-31": "400.00000", "2018-12-31": "", "2017-12-31": ""}, "EBITDA": {"2020-09-30": "1163.00000", "2020-06-30": "520.00000", "2020-03-31": "396.00000", "2019-12-31": "641.00000", "2019-09-30": "713.00000", "2019-06-30": "887.00000", "2019-03-31": "585.00000", "2018-12-31": "", "2017-12-31": ""}, "EBIT": {"2020-09-30": "1081.00000", "2020-06-30": "442.00000", "2020-03-31": "315.00000", "2019-12-31": "557.00000", "2019-09-30": "629.00000", "2019-06-30": "805.00000", "2019-03-31": "500.00000", "2018-12-31": "", "2017-12-31": ""}, "Basic Shares Outstanding": {"2020-09-30": "866.40000", "2020-06-30": "866.20000", "2020-03-31": "866.00000", "2019-12-31": "", "2019-09-30": "866.20000", "2019-06-30": "866.20000", "2019-03-31": "866.00000", "2018-12-31": "", "2017-12-31": ""}, "Shares Outstanding": {"2020-09-30": "881.50000", "2020-06-30": "870.90000", "2020-03-31": "866.00000", "2019-12-31": "", "2019-09-30": "866.20000", "2019-06-30": "866.20000", "2019-03-31": "866.00000", "2018-12-31": "", "2017-12-31": ""}, "Basic EPS": {"2020-09-30": "0.86000", "2020-06-30": "0.30000", "2020-03-31": "0.11000", "2019-12-31": "", "2019-09-30": "0.57000", "2019-06-30": "0.91000", "2019-03-31": "0.46000", "2018-12-31": "", "2017-12-31": ""}, "EPS - Earnings Per Share": {"2020-09-30": "0.84000", "2020-06-30": "0.30000", "2020-03-31": "0.11000", "2019-12-31": "0.00000", "2019-09-30": "0.57000", "2019-06-30": "0.91000", "2019-03-31": "0.46000", "2018-12-31": "0.00000", "2017-12-31": "0.00000"}}, "balance sheet": {"Cash On Hand": {"2019-12-31": "952.00000", "2018-12-31": "1129.00000", "2017-12-31": ""}, "Receivables": {"2019-12-31": "2726.00000", "2018-12-31": "2673.00000", "2017-12-31": ""}, "Inventory": {"2019-12-31": "1332.00000", "2018-12-31": "1363.00000", "2017-12-31": ""}, "Pre-Paid Expenses": {"2019-12-31": "", "2018-12-31": "", "2017-12-31": ""}, "Other Current Assets": {"2019-12-31": "949.00000", "2018-12-31": "944.00000", "2017-12-31": ""}, "Total Current Assets": {"2019-12-31": "5959.00000", "2018-12-31": "6109.00000", "2017-12-31": ""}, "Property, Plant, And Equipment": {"2019-12-31": "1663.00000", "2018-12-31": "1653.00000", "2017-12-31": ""}, "Long-Term Investments": {"2019-12-31": "1739.00000", "2018-12-31": "1770.00000", "2017-12-31": ""}, "Goodwill And Intangible Assets": {"2019-12-31": "10967.00000", "2018-12-31": "11063.00000", "2017-12-31": "0.00000"}, "Other Long-Term Assets": {"2019-12-31": "256.00000", "2018-12-31": "303.00000", "2017-12-31": ""}, "Total Long-Term Assets": {"2019-12-31": "16447.00000", "2018-12-31": "15628.00000", "2017-12-31": ""}, "Total Assets": {"2019-12-31": "22406.00000", "2018-12-31": "21737.00000", "2017-12-31": "0.00000"}, "Total Current Liabilities": {"2019-12-31": "4469.00000", "2018-12-31": "4466.00000", "2017-12-31": ""}, "Long Term Debt": {"2019-12-31": "", "2018-12-31": "", "2017-12-31": ""}, "Other Non-Current Liabilities": {"2019-12-31": "1265.00000", "2018-12-31": "1303.00000", "2017-12-31": ""}, "Total Long Term Liabilities": {"2019-12-31": "3502.00000", "2018-12-31": "3002.00000", "2017-12-31": ""}, "Total Liabilities": {"2019-12-31": "7971.00000", "2018-12-31": "7468.00000", "2017-12-31": "0.00000"}, "Common Stock Net": {"2019-12-31": "", "2018-12-31": "", "2017-12-31": "0.00000"}, "Retained Earnings (Accumulated Deficit)": {"2019-12-31": "", "2018-12-31": "", "2017-12-31": ""}, "Comprehensive Income": {"2019-12-31": "-1253.00000", "2018-12-31": "-1215.00000", "2017-12-31": ""}, "Other Share Holders Equity": {"2019-12-31": "15355.00000", "2018-12-31": "15132.00000", "2017-12-31": "0.00000"}, "Share Holder Equity": {"2019-12-31": "14435.00000", "2018-12-31": "14269.00000", "2017-12-31": "0.00000"}, "Total Liabilities And Share Holders Equity": {"2019-12-31": "22406.00000", "2018-12-31": "21737.00000", "2017-12-31": "0.00000"}}, "balance sheet, quarterly": {"Cash On Hand": {"2020-09-30": "3848.00000", "2020-06-30": "2704.00000", "2020-03-31": "768.00000", "2019-12-31": "952.00000", "2019-09-30": "", "2019-06-30": "", "2019-03-31": "", "2018-12-31": "1129.00000", "2017-12-31": ""}, "Receivables": {"2020-09-30": "2872.00000", "2020-06-30": "2665.00000", "2020-03-31": "2674.00000", "2019-12-31": "2726.00000", "2019-09-30": "", "2019-06-30": "", "2019-03-31": "", "2018-12-31": "2673.00000", "2017-12-31": ""}, "Inventory": {"2020-09-30": "1581.00000", "2020-06-30": "1639.00000", "2020-03-31": "1556.00000", "2019-12-31": "1332.00000", "2019-09-30": "", "2019-06-30": "", "2019-03-31": "", "2018-12-31": "1363.00000", "2017-12-31": ""}, "Pre-Paid Expenses": {"2020-09-30": "", "2020-06-30": "", "2020-03-31": "", "2019-12-31": "", "2019-09-30": "", "2019-06-30": "", "2019-03-31": "", "2018-12-31": "", "2017-12-31": ""}, "Other Current Assets": {"2020-09-30": "1033.00000", "2020-06-30": "1045.00000", "2020-03-31": "970.00000", "2019-12-31": "949.00000", "2019-09-30": "", "2019-06-30": "", "2019-03-31": "", "2018-12-31": "944.00000", "2017-12-31": ""}, "Total Current Assets": {"2020-09-30": "9334.00000", "2020-06-30": "8053.00000", "2020-03-31": "5968.00000", "2019-12-31": "5959.00000", "2019-09-30": "", "2019-06-30": "", "2019-03-31": "", "2018-12-31": "6109.00000", "2017-12-31": ""}, "Property, Plant, And Equipment": {"2020-09-30": "1676.00000", "2020-06-30": "1651.00000", "2020-03-31": "1638.00000", "2019-12-31": "1663.00000", "2019-09-30": "", "2019-06-30": "", "2019-03-31": "", "2018-12-31": "", "2017-12-31": ""}, "Long-Term Investments": {"2020-09-30": "1696.00000", "2020-06-30": "1697.00000", "2020-03-31": "1664.00000", "2019-12-31": "1739.00000", "2019-09-30": "", "2019-06-30": "", "2019-03-31": "", "2018-12-31": "1770.00000", "2017-12-31": ""}, "Goodwill And Intangible Assets": {"2020-09-30": "10930.00000", "2020-06-30": "10759.00000", "2020-03-31": "10662.00000", "2019-12-31": "10967.00000", "2019-09-30": "0.00000", "2019-06-30": "0.00000", "2019-03-31": "0.00000", "2018-12-31": "11063.00000", "2017-12-31": "0.00000"}, "Other Long-Term Assets": {"2020-09-30": "256.00000", "2020-06-30": "233.00000", "2020-03-31": "277.00000", "2019-12-31": "256.00000", "2019-09-30": "", "2019-06-30": "", "2019-03-31": "", "2018-12-31": "744.00000", "2017-12-31": ""}, "Total Long-Term Assets": {"2020-09-30": "16394.00000", "2020-06-30": "16123.00000", "2020-03-31": "16033.00000", "2019-12-31": "16447.00000", "2019-09-30": "", "2019-06-30": "", "2019-03-31": "", "2018-12-31": "13975.00000", "2017-12-31": ""}, "Total Assets": {"2020-09-30": "25728.00000", "2020-06-30": "24176.00000", "2020-03-31": "22001.00000", "2019-12-31": "22406.00000", "2019-09-30": "0.00000", "2019-06-30": "0.00000", "2019-03-31": "0.00000", "2018-12-31": "21737.00000", "2017-12-31": "0.00000"}, "Total Current Liabilities": {"2020-09-30": "5182.00000", "2020-06-30": "4789.00000", "2020-03-31": "4451.00000", "2019-12-31": "4469.00000", "2019-09-30": "", "2019-06-30": "", "2019-03-31": "", "2018-12-31": "4466.00000", "2017-12-31": ""}, "Long Term Debt": {"2020-09-30": "11751.00000", "2020-06-30": "11728.00000", "2020-03-31": "11029.00000", "2019-12-31": "82.00000", "2019-09-30": "", "2019-06-30": "", "2019-03-31": "", "2018-12-31": "", "2017-12-31": ""}, "Other Non-Current Liabilities": {"2020-09-30": "1738.00000", "2020-06-30": "1698.00000", "2020-03-31": "1170.00000", "2019-12-31": "1183.00000", "2019-09-30": "", "2019-06-30": "", "2019-03-31": "", "2018-12-31": "1722.00000", "2017-12-31": ""}, "Total Long Term Liabilities": {"2020-09-30": "15109.00000", "2020-06-30": "15021.00000", "2020-03-31": "14524.00000", "2019-12-31": "3502.00000", "2019-09-30": "", "2019-06-30": "", "2019-03-31": "", "2018-12-31": "3002.00000", "2017-12-31": ""}, "Total Liabilities": {"2020-09-30": "20291.00000", "2020-06-30": "19810.00000", "2020-03-31": "18975.00000", "2019-12-31": "7971.00000", "2019-09-30": "0.00000", "2019-06-30": "0.00000", "2019-03-31": "0.00000", "2018-12-31": "7468.00000", "2017-12-31": "0.00000"}, "Common Stock Net": {"2020-09-30": "9.00000", "2020-06-30": "9.00000", "2020-03-31": "", "2019-12-31": "", "2019-09-30": "0.00000", "2019-06-30": "0.00000", "2019-03-31": "0.00000", "2018-12-31": "0.00000", "2017-12-31": "0.00000"}, "Retained Earnings (Accumulated Deficit)": {"2020-09-30": "932.00000", "2020-06-30": "191.00000", "2020-03-31": "", "2019-12-31": "", "2019-09-30": "", "2019-06-30": "", "2019-03-31": "", "2018-12-31": "", "2017-12-31": ""}, "Comprehensive Income": {"2020-09-30": "-1172.00000", "2020-06-30": "-1479.00000", "2020-03-31": "-1736.00000", "2019-12-31": "-1253.00000", "2019-09-30": "", "2019-06-30": "", "2019-03-31": "", "2018-12-31": "", "2017-12-31": ""}, "Other Share Holders Equity": {"2020-09-30": "", "2020-06-30": "", "2020-03-31": "4433.00000", "2019-12-31": "15355.00000", "2019-09-30": "0.00000", "2019-06-30": "0.00000", "2019-03-31": "0.00000", "2018-12-31": "14269.00000", "2017-12-31": "0.00000"}, "Share Holder Equity": {"2020-09-30": "5437.00000", "2020-06-30": "4366.00000", "2020-03-31": "3026.00000", "2019-12-31": "14435.00000", "2019-09-30": "0.00000", "2019-06-30": "0.00000", "2019-03-31": "0.00000", "2018-12-31": "14269.00000", "2017-12-31": "0.00000"}, "Total Liabilities And Share Holders Equity": {"2020-09-30": "25728.00000", "2020-06-30": "24176.00000", "2020-03-31": "22001.00000", "2019-12-31": "22406.00000", "2019-09-30": "0.00000", "2019-06-30": "0.00000", "2019-03-31": "0.00000", "2018-12-31": "21737.00000", "2017-12-31": "0.00000"}}, "cash flow statement": {"Net Income/Loss": {"2019-12-31": "2155.00000", "2018-12-31": "2769.00000", "2017-12-31": "1267.00000"}, "Total Depreciation And Amortization - Cash Flow": {"2019-12-31": "335.00000", "2018-12-31": "357.00000", "2017-12-31": "372.00000"}, "Other Non-Cash Items": {"2019-12-31": "-40.00000", "2018-12-31": "-699.00000", "2017-12-31": "412.00000"}, "Total Non-Cash Items": {"2019-12-31": "295.00000", "2018-12-31": "-342.00000", "2017-12-31": "784.00000"}, "Change In Accounts Receivable": {"2019-12-31": "-129.00000", "2018-12-31": "-211.00000", "2017-12-31": "159.00000"}, "Change In Inventories": {"2019-12-31": "-2.00000", "2018-12-31": "-151.00000", "2017-12-31": "-102.00000"}, "Change In Accounts Payable": {"2019-12-31": "", "2018-12-31": "", "2017-12-31": ""}, "Change In Assets/Liabilities": {"2019-12-31": "-14.00000", "2018-12-31": "-95.00000", "2017-12-31": "-65.00000"}, "Total Change In Assets/Liabilities": {"2019-12-31": "-456.00000", "2018-12-31": "-369.00000", "2017-12-31": "184.00000"}, "Cash Flow From Operating Activities": {"2019-12-31": "2002.00000", "2018-12-31": "2055.00000", "2017-12-31": "2098.00000"}, "Net Change In Property, Plant, And Equipment": {"2019-12-31": "-243.00000", "2018-12-31": "-263.00000", "2017-12-31": "-326.00000"}, "Net Change In Intangible Assets": {"2019-12-31": "", "2018-12-31": "", "2017-12-31": ""}, "Net Acquisitions/Divestitures": {"2019-12-31": "6.00000", "2018-12-31": "722.00000", "2017-12-31": "-124.00000"}, "Net Change In Short-term Investments": {"2019-12-31": "", "2018-12-31": "", "2017-12-31": ""}, "Net Change In Long-Term Investments": {"2019-12-31": "", "2018-12-31": "", "2017-12-31": "596.00000"}, "Net Change In Investments - Total": {"2019-12-31": "", "2018-12-31": "", "2017-12-31": "596.00000"}, "Investing Activities - Other": {"2019-12-31": "24.00000", "2018-12-31": "-44.00000", "2017-12-31": "125.00000"}, "Cash Flow From Investing Activities": {"2019-12-31": "-213.00000", "2018-12-31": "415.00000", "2017-12-31": "271.00000"}, "Net Long-Term Debt": {"2019-12-31": "-31.00000", "2018-12-31": "117.00000", "2017-12-31": "-4.00000"}, "Net Current Debt": {"2019-12-31": "25.00000", "2018-12-31": "3.00000", "2017-12-31": "-8.00000"}, "Debt Issuance/Retirement Net - Total": {"2019-12-31": "-6.00000", "2018-12-31": "120.00000", "2017-12-31": "-12.00000"}, "Net Common Equity Issued/Repurchased": {"2019-12-31": "", "2018-12-31": "", "2017-12-31": "-286.00000"}, "Net Total Equity Issued/Repurchased": {"2019-12-31": "", "2018-12-31": "", "2017-12-31": "-286.00000"}, "Total Common And Preferred Stock Dividends Paid": {"2019-12-31": "-28.00000", "2018-12-31": "-46.00000", "2017-12-31": "-31.00000"}, "Financial Activities - Other": {"2019-12-31": "-1933.00000", "2018-12-31": "-2701.00000", "2017-12-31": "-1864.00000"}, "Cash Flow From Financial Activities": {"2019-12-31": "-1967.00000", "2018-12-31": "-2627.00000", "2017-12-31": "-2193.00000"}, "Net Cash Flow": {"2019-12-31": "-177.00000", "2018-12-31": "-196.00000", "2017-12-31": "240.00000"}, "Stock-Based Compensation": {"2019-12-31": "52.00000", "2018-12-31": "44.00000", "2017-12-31": "34.00000"}, "Common Stock Dividends Paid": {"2019-12-31": "-28.00000", "2018-12-31": "-46.00000", "2017-12-31": "-31.00000"}}, "cash flow statement, quarterly": {"Net Income/Loss": {"2020-09-30": 748, "2020-06-30": 269, "2020-03-31": "102.00000", "2019-12-31": 454, "2019-09-30": 504, "2019-06-30": 794, "2019-03-31": "403.00000", "2018-12-31": 1502, "2017-12-31": 1267}, "Total Depreciation And Amortization - Cash Flow": {"2020-09-30": 82, "2020-06-30": 78, "2020-03-31": "81.00000", "2019-12-31": 84, "2019-09-30": 84, "2019-06-30": 82, "2019-03-31": "85.00000", "2018-12-31": -15, "2017-12-31": 372}, "Other Non-Cash Items": {"2020-09-30": -268, "2020-06-30": 5, "2020-03-31": "200.00000", "2019-12-31": 79, "2019-09-30": 30, "2019-06-30": -97, "2019-03-31": "-12.00000", "2018-12-31": 0, "2017-12-31": 0}, "Total Non-Cash Items": {"2020-09-30": -186, "2020-06-30": 83, "2020-03-31": "281.00000", "2019-12-31": 163, "2019-09-30": 114, "2019-06-30": -15, "2019-03-31": "73.00000", "2018-12-31": -15, "2017-12-31": 372}, "Change In Accounts Receivable": {"2020-09-30": -144, "2020-06-30": 46, "2020-03-31": "-19.00000", "2019-12-31": 205, "2019-09-30": 1, "2019-06-30": -58, "2019-03-31": "-148.00000", "2018-12-31": 0, "2017-12-31": 0}, "Change In Inventories": {"2020-09-30": 88, "2020-06-30": -61, "2020-03-31": "-264.00000", "2019-12-31": 269, "2019-09-30": 71, "2019-06-30": -110, "2019-03-31": "-230.00000", "2018-12-31": 0, "2017-12-31": 0}, "Change In Accounts Payable": {"2020-09-30": 0, "2020-06-30": 0, "2020-03-31": "", "2019-12-31": 0, "2019-09-30": 0, "2019-06-30": 0, "2019-03-31": "", "2018-12-31": 0, "2017-12-31": 0}, "Change In Assets/Liabilities": {"2020-09-30": 45, "2020-06-30": -75, "2020-03-31": "-23.00000", "2019-12-31": 39, "2019-09-30": 31, "2019-06-30": -32, "2019-03-31": "-38.00000", "2018-12-31": 0, "2017-12-31": 0}, "Total Change In Assets/Liabilities": {"2020-09-30": 366, "2020-06-30": 86, "2020-03-31": "-330.00000", "2019-12-31": 255, "2019-09-30": 78, "2019-06-30": -146, "2019-03-31": "-643.00000", "2018-12-31": -553, "2017-12-31": 184}, "Cash Flow From Operating Activities": {"2020-09-30": 937, "2020-06-30": 509, "2020-03-31": "47.00000", "2019-12-31": 1013, "2019-09-30": 618, "2019-06-30": 554, "2019-03-31": "-183.00000", "2018-12-31": -43, "2017-12-31": 2098}, "Net Change In Property, Plant, And Equipment": {"2020-09-30": -57, "2020-06-30": -46, "2020-03-31": "-48.00000", "2019-12-31": -104, "2019-09-30": -50, "2019-06-30": -48, "2019-03-31": "-41.00000", "2018-12-31": 63, "2017-12-31": -326}, "Net Change In Intangible Assets": {"2020-09-30": 0, "2020-06-30": 0, "2020-03-31": "", "2019-12-31": 0, "2019-09-30": 0, "2019-06-30": 0, "2019-03-31": "", "2018-12-31": 0, "2017-12-31": 0}, "Net Acquisitions/Divestitures": {"2020-09-30": 23, "2020-06-30": -23, "2020-03-31": "", "2019-12-31": 6, "2019-09-30": -1, "2019-06-30": 0, "2019-03-31": "1.00000", "2018-12-31": 846, "2017-12-31": -124}, "Net Change In Short-term Investments": {"2020-09-30": 0, "2020-06-30": 0, "2020-03-31": "", "2019-12-31": 0, "2019-09-30": 0, "2019-06-30": 0, "2019-03-31": "", "2018-12-31": 0, "2017-12-31": 0}, "Net Change In Long-Term Investments": {"2020-09-30": 300, "2020-06-30": 0, "2020-03-31": "", "2019-12-31": 0, "2019-09-30": 0, "2019-06-30": 0, "2019-03-31": "", "2018-12-31": 0, "2017-12-31": 0}, "Net Change In Investments - Total": {"2020-09-30": 300, "2020-06-30": 0, "2020-03-31": "", "2019-12-31": 0, "2019-09-30": 0, "2019-06-30": 0, "2019-03-31": "", "2018-12-31": -596, "2017-12-31": 596}, "Investing Activities - Other": {"2020-09-30": 67, "2020-06-30": 94, "2020-03-31": "-80.00000", "2019-12-31": 35, "2019-09-30": -19, "2019-06-30": 11, "2019-03-31": "-3.00000", "2018-12-31": -169, "2017-12-31": 125}, "Cash Flow From Investing Activities": {"2020-09-30": 333, "2020-06-30": 25, "2020-03-31": "-128.00000", "2019-12-31": -63, "2019-09-30": -70, "2019-06-30": -37, "2019-03-31": "-43.00000", "2018-12-31": 144, "2017-12-31": 271}, "Net Long-Term Debt": {"2020-09-30": -60, "2020-06-30": 771, "2020-03-31": "10927.00000", "2019-12-31": -8, "2019-09-30": -32, "2019-06-30": -11, "2019-03-31": "51.00000", "2018-12-31": 0, "2017-12-31": 0}, "Net Current Debt": {"2020-09-30": -5, "2020-06-30": 27, "2020-03-31": "-44.00000", "2019-12-31": -18, "2019-09-30": -2, "2019-06-30": 39, "2019-03-31": "6.00000", "2018-12-31": 11, "2017-12-31": -8}, "Debt Issuance/Retirement Net - Total": {"2020-09-30": -65, "2020-06-30": 798, "2020-03-31": "10883.00000", "2019-12-31": -82, "2019-09-30": -34, "2019-06-30": 28, "2019-03-31": "57.00000", "2018-12-31": 121, "2017-12-31": -4}, "Net Common Equity Issued/Repurchased": {"2020-09-30": 0, "2020-06-30": 0, "2020-03-31": "", "2019-12-31": 0, "2019-09-30": 0, "2019-06-30": 0, "2019-03-31": "", "2018-12-31": 0, "2017-12-31": 0}, "Net Total Equity Issued/Repurchased": {"2020-09-30": 0, "2020-06-30": 0, "2020-03-31": "", "2019-12-31": 0, "2019-09-30": 0, "2019-06-30": 0, "2019-03-31": "", "2018-12-31": 286, "2017-12-31": -286}, "Total Common And Preferred Stock Dividends Paid": {"2020-09-30": -79, "2020-06-30": 0, "2020-03-31": "-8.00000", "2019-12-31": -24, "2019-09-30": -1, "2019-06-30": -1, "2019-03-31": "-2.00000", "2018-12-31": -15, "2017-12-31": -31}, "Financial Activities - Other": {"2020-09-30": 2, "2020-06-30": 593, "2020-03-31": "-10951.00000", "2019-12-31": -791, "2019-09-30": -568, "2019-06-30": -462, "2019-03-31": "-112.00000", "2018-12-31": -837, "2017-12-31": -1864}, "Cash Flow From Financial Activities": {"2020-09-30": -142, "2020-06-30": 1391, "2020-03-31": "-76.00000", "2019-12-31": -872, "2019-09-30": -603, "2019-06-30": -435, "2019-03-31": "-57.00000", "2018-12-31": -434, "2017-12-31": -2193}, "Net Cash Flow": {"2020-09-30": 1145, "2020-06-30": 1936, "2020-03-31": "-185.00000", "2019-12-31": 91, "2019-09-30": -74, "2019-06-30": 73, "2019-03-31": "-267.00000", "2018-12-31": -436, "2017-12-31": 240}, "Stock-Based Compensation": {"2020-09-30": 21, "2020-06-30": 22, "2020-03-31": "13.00000", "2019-12-31": -40, "2019-09-30": 18, "2019-06-30": 14, "2019-03-31": "8.00000", "2018-12-31": 0, "2017-12-31": 0}, "Common Stock Dividends Paid": {"2020-09-30": -79, "2020-06-30": 0, "2020-03-31": "-8.00000", "2019-12-31": 4, "2019-09-30": -1, "2019-06-30": -1, "2019-03-31": "-2.00000", "2018-12-31": 0, "2017-12-31": 0}}, "financial ratios": {"Current Ratio": {"2019-12-31": "1.33340", "2018-12-31": "1.36790", "2017-12-31": ""}, "Long-term Debt / Capital": {"2019-12-31": "", "2018-12-31": "", "2017-12-31": ""}, "Debt/Equity Ratio": {"2019-12-31": "", "2018-12-31": "", "2017-12-31": ""}, "Gross Margin": {"2019-12-31": "29.12190", "2018-12-31": "29.44380", "2017-12-31": "29.10630"}, "Operating Margin": {"2019-12-31": "13.38670", "2018-12-31": "19.22910", "2017-12-31": "17.00910"}, "EBIT Margin": {"2019-12-31": "13.38670", "2018-12-31": "19.22910", "2017-12-31": "17.00910"}, "EBITDA Margin": {"2019-12-31": "15.18700", "2018-12-31": "21.11660", "2017-12-31": "19.09730"}, "Pre-Tax Profit Margin": {"2019-12-31": "14.35940", "2018-12-31": "20.31300", "2017-12-31": "17.14380"}, "Net Profit Margin": {"2019-12-31": "11.37150", "2018-12-31": "14.45490", "2017-12-31": "6.88780"}, "Asset Turnover": {"2019-12-31": "0.83050", "2018-12-31": "0.87010", "2017-12-31": ""}, "Inventory Turnover Ratio": {"2019-12-31": "9.90170", "2018-12-31": "9.79090", "2017-12-31": ""}, "Receiveable Turnover": {"2019-12-31": "6.82610", "2018-12-31": "7.07590", "2017-12-31": ""}, "Days Sales In Receivables": {"2019-12-31": "53.47110", "2018-12-31": "51.58320", "2017-12-31": ""}, "ROE - Return On Equity": {"2019-12-31": "14.92900", "2018-12-31": "19.40570", "2017-12-31": ""}, "Return On Tangible Equity": {"2019-12-31": "62.13960", "2018-12-31": "86.36930", "2017-12-31": ""}, "ROA - Return On Assets": {"2019-12-31": "9.61800", "2018-12-31": "12.73870", "2017-12-31": ""}, "ROI - Return On Investment": {"2019-12-31": "14.92900", "2018-12-31": "19.40570", "2017-12-31": ""}, "Book Value Per Share": {"2019-12-31": "", "2018-12-31": "", "2017-12-31": ""}, "Operating Cash Flow Per Share": {"2019-12-31": 0, "2018-12-31": 0, "2017-12-31": 0}, "Free Cash Flow Per Share": {"2019-12-31": 0, "2018-12-31": 0, "2017-12-31": 0}}, "financial ratios, quarterly": {"Current Ratio": {"2020-09-30": "1.80120", "2020-06-30": "1.68160", "2020-03-31": "1.34080", "2019-12-31": "1.33340", "2019-09-30": "", "2019-06-30": "", "2019-03-31": "", "2018-12-31": "", "2017-12-31": ""}, "Long-term Debt / Capital": {"2020-09-30": "0.68370", "2020-06-30": "0.72870", "2020-03-31": "0.78470", "2019-12-31": "0.00560", "2019-09-30": "", "2019-06-30": "", "2019-03-31": "", "2018-12-31": "", "2017-12-31": ""}, "Debt/Equity Ratio": {"2020-09-30": "2.20230", "2020-06-30": "2.75520", "2020-03-31": "3.71680", "2019-12-31": "0.02210", "2019-09-30": "", "2019-06-30": "", "2019-03-31": "", "2018-12-31": "", "2017-12-31": ""}, "Gross Margin": {"2020-09-30": "31.20750", "2020-06-30": "28.72610", "2020-03-31": "28.85800", "2019-12-31": "28.28260", "2019-09-30": "29.98760", "2019-06-30": "29.70580", "2019-03-31": "28.35990", "2018-12-31": "", "2017-12-31": ""}, "Operating Margin": {"2020-09-30": "21.61140", "2020-06-30": "11.12790", "2020-03-31": "8.10190", "2019-12-31": "12.37500", "2019-09-30": "13.04440", "2019-06-30": "16.22330", "2019-03-31": "11.56600", "2018-12-31": "", "2017-12-31": ""}, "EBIT Margin": {"2020-09-30": "21.61140", "2020-06-30": "11.12790", "2020-03-31": "8.10190", "2019-12-31": "12.37500", "2019-09-30": "13.04440", "2019-06-30": "16.22330", "2019-03-31": "11.56600", "2018-12-31": "", "2017-12-31": ""}, "EBITDA Margin": {"2020-09-30": "", "2020-06-30": "", "2020-03-31": "", "2019-12-31": "", "2019-09-30": "", "2019-06-30": "", "2019-03-31": "", "2018-12-31": "", "2017-12-31": ""}, "Pre-Tax Profit Margin": {"2020-09-30": "20.17190", "2020-06-30": "9.44110", "2020-03-31": "7.58740", "2019-12-31": "13.13040", "2019-09-30": "14.08130", "2019-06-30": "17.31160", "2019-03-31": "12.56070", "2018-12-31": "", "2017-12-31": ""}, "Net Profit Margin": {"2020-09-30": "14.81410", "2020-06-30": "6.57100", "2020-03-31": "2.46910", "2019-12-31": "9.77560", "2019-09-30": "10.20320", "2019-06-30": "15.80010", "2019-03-31": "9.25280", "2018-12-31": "", "2017-12-31": ""}, "Asset Turnover": {"2020-09-30": "0.19440", "2020-06-30": "0.16430", "2020-03-31": "0.17670", "2019-12-31": "0.20090", "2019-09-30": "", "2019-06-30": "", "2019-03-31": "", "2018-12-31": "", "2017-12-31": ""}, "Inventory Turnover Ratio": {"2020-09-30": "2.17650", "2020-06-30": "1.72730", "2020-03-31": "1.77760", "2019-12-31": "2.42340", "2019-09-30": "", "2019-06-30": "", "2019-03-31": "", "2018-12-31": "", "2017-12-31": ""}, "Receiveable Turnover": {"2020-09-30": "1.74160", "2020-06-30": "1.49040", "2020-03-31": "1.45400", "2019-12-31": "1.65110", "2019-09-30": "", "2019-06-30": "", "2019-03-31": "", "2018-12-31": "", "2017-12-31": ""}, "Days Sales In Receivables": {"2020-09-30": "51.67530", "2020-06-30": "60.38520", "2020-03-31": "61.89820", "2019-12-31": "54.50790", "2019-09-30": "", "2019-06-30": "", "2019-03-31": "", "2018-12-31": "", "2017-12-31": ""}, "ROE - Return On Equity": {"2020-09-30": "13.75760", "2020-06-30": "6.16120", "2020-03-31": "3.37080", "2019-12-31": "3.14510", "2019-09-30": "", "2019-06-30": "", "2019-03-31": "", "2018-12-31": "", "2017-12-31": ""}, "Return On Tangible Equity": {"2020-09-30": "-13.61730", "2020-06-30": "-4.20770", "2020-03-31": "-1.33580", "2019-12-31": "13.09110", "2019-09-30": "", "2019-06-30": "", "2019-03-31": "", "2018-12-31": "", "2017-12-31": ""}, "ROA - Return On Assets": {"2020-09-30": "2.90730", "2020-06-30": "1.11270", "2020-03-31": "0.46360", "2019-12-31": "2.02620", "2019-09-30": "", "2019-06-30": "", "2019-03-31": "", "2018-12-31": "", "2017-12-31": ""}, "ROI - Return On Investment": {"2020-09-30": "4.35190", "2020-06-30": "1.67140", "2020-03-31": "0.72570", "2019-12-31": "3.12740", "2019-09-30": "", "2019-06-30": "", "2019-03-31": "", "2018-12-31": "", "2017-12-31": ""}, "Book Value Per Share": {"2020-09-30": "6.27330", "2020-06-30": "5.04040", "2020-03-31": "3.49360", "2019-12-31": "16.65540", "2019-09-30": "", "2019-06-30": "", "2019-03-31": "", "2018-12-31": "", "2017-12-31": ""}, "Operating Cash Flow Per Share": {"2020-09-30": 1.0553, "2020-06-30": 0.5841, "2020-03-31": "0.05430", "2019-12-31": -1.1418, "2019-09-30": 0.7135, "2019-06-30": 0.6396, "2019-03-31": "-0.21130", "2018-12-31": 0, "2017-12-31": 0}, "Free Cash Flow Per Share": {"2020-09-30": 0.9919, "2020-06-30": 0.5317, "2020-03-31": "-0.00120", "2019-12-31": -0.9813, "2019-09-30": 0.6557, "2019-06-30": 0.5843, "2019-03-31": "-0.25870", "2018-12-31": 0, "2017-12-31": 0}}, "revenue": {"Carrier Global Annual Revenue (Millions of US $)": {"2019": "$18,608", "2018": "$18,914", "2017": "$17,814"}, "Carrier Global Quarterly Revenue (Millions of US $)": {"2020-09-30": "$5,002", "2020-06-30": "$3,972", "2020-03-31": "$3,888", "2019-12-31": "$4,501", "2019-09-30": "$4,822", "2019-06-30": "$4,962", "2019-03-31": "$4,323", "2018-12-31": "", "2017-12-31": ""}}, "gross-profit": {"Carrier Global Annual Gross Profit (Millions of US $)": {"2019": "$5,419", "2018": "$5,569", "2017": "$5,185"}, "Carrier Global Quarterly Gross Profit (Millions of US $)": {"2020-09-30": "$1,561", "2020-06-30": "$1,141", "2020-03-31": "$1,122", "2019-12-31": "$1,273", "2019-09-30": "$1,446", "2019-06-30": "$1,474", "2019-03-31": "$1,226", "2018-12-31": "", "2017-12-31": ""}}, "operating-income": {"Carrier Global Annual Operating Income (Millions of US $)": {"2019": "$2,491", "2018": "$3,637", "2017": "$3,030"}, "Carrier Global Quarterly Operating Income (Millions of US $)": {"2020-09-30": "$1,081", "2020-06-30": "$442", "2020-03-31": "$315", "2019-12-31": "$557", "2019-09-30": "$629", "2019-06-30": "$805", "2019-03-31": "$500", "2018-12-31": "", "2017-12-31": ""}}, "ebitda": {"Carrier Global Annual EBITDA (Millions of US $)": {"2019": "$2,826", "2018": "$3,994", "2017": "$3,402"}, "Carrier Global Quarterly EBITDA (Millions of US $)": {"2020-09-30": "$1,163", "2020-06-30": "$520", "2020-03-31": "$396", "2019-12-31": "$641", "2019-09-30": "$713", "2019-06-30": "$887", "2019-03-31": "$585", "2018-12-31": "", "2017-12-31": ""}}, "net-income": {"Carrier Global Annual Net Income (Millions of US $)": {"2019": "$2,116", "2018": "$2,734", "2017": "$1,227"}, "Carrier Global Quarterly Net Income (Millions of US $)": {"2020-09-30": "$741", "2020-06-30": "$261", "2020-03-31": "$96", "2019-12-31": "$440", "2019-09-30": "$492", "2019-06-30": "$784", "2019-03-31": "$400", "2018-12-31": "", "2017-12-31": ""}}, "eps-earnings-per-share-diluted": {"Carrier Global Annual EPS": {"2019": "$0.00", "2018": "$0.00", "2017": "$0.00"}, "Carrier Global Quarterly EPS": {"2020-09-30": "$0.84", "2020-06-30": "$0.30", "2020-03-31": "$0.11", "2019-12-31": "$0.00", "2019-09-30": "$0.57", "2019-06-30": "$0.91", "2019-03-31": "$0.46", "2018-12-31": "$0.00", "2017-12-31": "$0.00"}}, "shares-outstanding": {"Carrier Global Annual Shares Outstanding (Millions of Shares)": {"2019": "", "2018": "", "2017": ""}, "Carrier Global Quarterly Shares Outstanding (Millions of Shares)": {"2020-09-30": "882", "2020-06-30": "871", "2020-03-31": "866", "2019-12-31": "", "2019-09-30": "866", "2019-06-30": "866", "2019-03-31": "866", "2018-12-31": "", "2017-12-31": ""}}, "total-assets": {"Carrier Global Annual Total Assets (Millions of US $)": {"2019": "$22,406", "2018": "$21,737", "2017": "$0"}, "Carrier Global Quarterly Total Assets (Millions of US $)": {"2020-09-30": "$25,728", "2020-06-30": "$24,176", "2020-03-31": "$22,001", "2019-12-31": "$22,406", "2019-09-30": "$0", "2019-06-30": "$0", "2019-03-31": "$0", "2018-12-31": "$21,737", "2017-12-31": "$0"}}, "cash-on-hand": {"Carrier Global Annual Cash on Hand (Millions of US $)": {"2019": "$952", "2018": "$1,129", "2017": "$"}, "Carrier Global Quarterly Cash on Hand (Millions of US $)": {"2020-09-30": "$3,848", "2020-06-30": "$2,704", "2020-03-31": "$768", "2019-12-31": "$952", "2019-09-30": "", "2019-06-30": "", "2019-03-31": "", "2018-12-31": "$1,129", "2017-12-31": ""}}, "long-term-debt": {"Carrier Global Annual Long Term Debt (Millions of US $)": {"2019": "$", "2018": "$", "2017": "$"}, "Carrier Global Quarterly Long Term Debt (Millions of US $)": {"2020-09-30": "$11,751", "2020-06-30": "$11,728", "2020-03-31": "$11,029", "2019-12-31": "$82", "2019-09-30": "", "2019-06-30": "", "2019-03-31": "", "2018-12-31": "", "2017-12-31": ""}}, "total-liabilities": {"Carrier Global Annual Total Liabilities (Millions of US $)": {"2019": "$7,971", "2018": "$7,468", "2017": "$0"}, "Carrier Global Quarterly Total Liabilities (Millions of US $)": {"2020-09-30": "$20,291", "2020-06-30": "$19,810", "2020-03-31": "$18,975", "2019-12-31": "$7,971", "2019-09-30": "$0", "2019-06-30": "$0", "2019-03-31": "$0", "2018-12-31": "$7,468", "2017-12-31": "$0"}}, "total-share-holder-equity": {"Carrier Global Annual Share Holder Equity (Millions of US $)": {"2019": "$14,435", "2018": "$14,269", "2017": "$0"}, "Carrier Global Quarterly Share Holder Equity (Millions of US $)": {"2020-09-30": "$5,437", "2020-06-30": "$4,366", "2020-03-31": "$3,026", "2019-12-31": "$14,435", "2019-09-30": "$0", "2019-06-30": "$0", "2019-03-31": "$0", "2018-12-31": "$14,269", "2017-12-31": "$0"}}, "profit-margins": {"current": "11.35%"}, "gross margin": {"2020-09-30": "29.36%", "2020-06-30": "28.99%", "2020-03-31": "29.25%", "2019-12-31": "29.12%"}, "operating margin": {"2020-09-30": "13.79%", "2020-06-30": "11.31%", "2020-03-31": "12.69%", "2019-12-31": "13.39%"}, "ebitda margin": {"2020-09-30": "15.67%", "2020-06-30": "13.21%", "2020-03-31": "14.51%", "2019-12-31": "15.19%"}, "pre tax profit margin": {"2020-09-30": "13.07%", "2020-06-30": "11.29%", "2020-03-31": "13.34%", "2019-12-31": "14.36%"}, "net profit margin": {"2020-09-30": "8.86%", "2020-06-30": "7.50%", "2020-03-31": "9.97%", "2019-12-31": "11.37%"}, "pe ratio": {"current": "22.44", "2021-02-11": "inf"}, "price sales": {"2021-02-11": "inf"}, "price book": {"current": "5.94", "2021-02-11": "5.93", "2020-09-30": "4.84", "2020-06-30": "4.38"}, "price fcf": {"2021-02-11": ""}, "net worth": {"value": "$32.28B"}, "current ratio": {"current": "1.80", "2020-09-30": "1.80", "2020-06-30": "1.68", "2020-03-31": "1.34", "2019-12-31": "1.33", "2019-09-30": "0.00", "2019-06-30": "0.00", "2019-03-31": "0.00", "2018-12-31": "1.37", "2017-12-31": "0.00"}, "quick ratio": {"2020-09-30": "1.50", "2020-06-30": "1.34", "2020-03-31": "0.99", "2019-12-31": "1.04", "2019-09-30": "0.00", "2019-06-30": "0.00", "2019-03-31": "0.00", "2018-12-31": "1.06", "2017-12-31": "0.00"}, "debt equity ratio": {"current": "2.16", "2020-09-30": "3.73", "2020-06-30": "4.54", "2020-03-31": "6.27", "2019-12-31": "0.55", "2019-09-30": "0.00", "2019-06-30": "0.00", "2019-03-31": "0.00", "2018-12-31": "0.52", "2017-12-31": "0.00"}, "return on equity": {"2020-09-30": "22.56%", "2020-06-30": "23.62%", "2020-03-31": "41.51%", "2019-12-31": "58.64%"}, "return on assets": {"2020-09-30": "6.52%", "2020-06-30": "7.52%", "2020-03-31": "16.32%", "2019-12-31": "37.78%"}, "return on investments": {"2020-09-30": "15.49%", "2020-06-30": "17.40%", "2020-03-31": "32.28%", "2019-12-31": "68.64%"}, "return on tangible equity": {"2020-09-30": "-38.32%", "2020-06-30": "-48.82%", "2020-03-31": "-173.90%", "2019-12-31": "244.06%"}, "dividend yield history": {"last payout": "$0.48", "last yield": "1.29%"}}