{"ticker": "CRI", "price": {"title": "Carter's Historical Annual Stock Price Data", "value": 95.37, "historical": {"2020": {"Average Stock Price": "86.7228", "Year Open": "110.1900", "Year High": "111.5300", "Year Low": "62.8000", "Year Close": "94.0700", "Annual % Change": "-13.97%"}, "2019": {"Average Stock Price": "94.8141", "Year Open": "81.3500", "Year High": "111.1400", "Year Low": "78.2300", "Year Close": "109.3400", "Annual % Change": "33.96%"}, "2018": {"Average Stock Price": "105.0112", "Year Open": "117.8500", "Year High": "122.7700", "Year Low": "75.7600", "Year Close": "81.6200", "Annual % Change": "-30.53%"}, "2017": {"Average Stock Price": "91.7223", "Year Open": "86.9400", "Year High": "117.5900", "Year Low": "78.3200", "Year Close": "117.4900", "Annual % Change": "36.00%"}, "2016": {"Average Stock Price": "97.2292", "Year Open": "93.1900", "Year High": "111.4700", "Year Low": "84.1600", "Year Close": "86.3900", "Annual % Change": "-2.97%"}, "2015": {"Average Stock Price": "94.0887", "Year Open": "86.0000", "Year High": "108.9800", "Year Low": "80.9800", "Year Close": "89.0300", "Annual % Change": "1.97%"}, "2014": {"Average Stock Price": "75.6951", "Year Open": "72.3400", "Year High": "87.3100", "Year Low": "64.8400", "Year Close": "87.3100", "Annual % Change": "21.62%"}, "2013": {"Average Stock Price": "67.5581", "Year Open": "56.6600", "Year High": "77.3300", "Year Low": "55.5500", "Year Close": "71.7900", "Annual % Change": "29.00%"}, "2012": {"Average Stock Price": "50.7452", "Year Open": "39.4900", "Year High": "57.4400", "Year Low": "39.4900", "Year Close": "55.6500", "Annual % Change": "39.79%"}, "2011": {"Average Stock Price": "31.7385", "Year Open": "29.2400", "Year High": "40.6500", "Year Low": "27.0400", "Year Close": "39.8100", "Annual % Change": "34.90%"}, "2010": {"Average Stock Price": "28.2116", "Year Open": "26.4300", "Year High": "33.6300", "Year Low": "22.3400", "Year Close": "29.5100", "Annual % Change": "12.42%"}, "2009": {"Average Stock Price": "22.5155", "Year Open": "19.2400", "Year High": "29.1300", "Year Low": "14.1300", "Year Close": "26.2500", "Annual % Change": "36.29%"}, "2008": {"Average Stock Price": "17.0576", "Year Open": "19.1500", "Year High": "22.2100", "Year Low": "12.6500", "Year Close": "19.2600", "Annual % Change": "-0.47%"}, "2007": {"Average Stock Price": "23.3659", "Year Open": "25.3500", "Year High": "27.7300", "Year Low": "18.5300", "Year Close": "19.3500", "Annual % Change": "-24.12%"}, "2006": {"Average Stock Price": "28.6238", "Year Open": "30.0200", "Year High": "35.1100", "Year Low": "21.3300", "Year Close": "25.5000", "Annual % Change": "-13.34%"}, "2005": {"Average Stock Price": "25.1753", "Year Open": "16.5500", "Year High": "32.2950", "Year Low": "16.3550", "Year Close": "29.4250", "Annual % Change": "73.14%"}, "2004": {"Average Stock Price": "14.6110", "Year Open": "12.5700", "Year High": "17.5500", "Year Low": "12.5000", "Year Close": "16.9950", "Annual % Change": "33.56%"}, "2003": {"Average Stock Price": "13.3269", "Year Open": "14.1500", "Year High": "14.4500", "Year Low": "12.2000", "Year Close": "12.7250", "Annual % Change": "0.00%"}}}, "market cap": {"value": "$4.16B"}, "income statement": {"Revenue": {"2019-12-31": "3519.28600", "2018-12-31": "3462.26900", "2017-12-31": "3400.50400", "2016-12-31": "3198.54300", "2015-12-31": "3013.87900", "2014-12-31": "2893.86800", "2013-12-31": "2638.71100", "2012-12-31": "2381.73400", "2011-12-31": "2109.73400", "2010-12-31": "1749.25600", "2009-12-31": "1589.67700", "2008-12-31": "1494.52000", "2007-12-31": "1404.02600", "2006-12-31": "1343.46700", "2005-12-31": "1121.35800"}, "Cost Of Goods Sold": {"2019-12-31": "2010.73600", "2018-12-31": "1964.78600", "2017-12-31": "1917.15000", "2016-12-31": "1820.02400", "2015-12-31": "1755.85500", "2014-12-31": "1709.42800", "2013-12-31": "1543.33200", "2012-12-31": "1443.78600", "2011-12-31": "1417.45600", "2010-12-31": "1074.53900", "2009-12-31": "985.32300", "2008-12-31": "975.99900", "2007-12-31": "928.99600", "2006-12-31": "854.97000", "2005-12-31": "725.08600"}, "Gross Profit": {"2019-12-31": "1508.55000", "2018-12-31": "1497.48300", "2017-12-31": "1483.35400", "2016-12-31": "1378.51900", "2015-12-31": "1258.02400", "2014-12-31": "1184.44000", "2013-12-31": "1095.37900", "2012-12-31": "937.94790", "2011-12-31": "692.27780", "2010-12-31": "674.71700", "2009-12-31": "604.35400", "2008-12-31": "518.52100", "2007-12-31": "475.03000", "2006-12-31": "488.49710", "2005-12-31": "396.27200"}, "Research And Development Expenses": {"2019-12-31": "", "2018-12-31": "", "2017-12-31": "", "2016-12-31": "", "2015-12-31": "", "2014-12-31": "", "2013-12-31": "", "2012-12-31": "", "2011-12-31": "", "2010-12-31": "", "2009-12-31": "", "2008-12-31": "", "2007-12-31": "", "2006-12-31": "", "2005-12-31": ""}, "SG&A Expenses": {"2019-12-31": "1140.51500", "2018-12-31": "1144.98000", "2017-12-31": "1106.92800", "2016-12-31": "995.40600", "2015-12-31": "909.23300", "2014-12-31": "890.25100", "2013-12-31": "868.48000", "2012-12-31": "713.21100", "2011-12-31": "542.08600", "2010-12-31": "469.03700", "2009-12-31": "428.67400", "2008-12-31": "404.27400", "2007-12-31": "359.82600", "2006-12-31": "352.45900", "2005-12-31": "288.62400"}, "Other Operating Income Or Expenses": {"2019-12-31": "3.83700", "2018-12-31": "38.93000", "2017-12-31": "43.18100", "2016-12-31": "42.81500", "2015-12-31": "44.06600", "2014-12-31": "39.15600", "2013-12-31": "37.25200", "2012-12-31": "37.24900", "2011-12-31": "37.27400", "2010-12-31": "37.57600", "2009-12-31": "19.93300", "2008-12-31": "25.75100", "2007-12-31": "-129.43300", "2006-12-31": "29.07300", "2005-12-31": "13.59800"}, "Operating Expenses": {"2019-12-31": "3147.41400", "2018-12-31": "3070.83600", "2017-12-31": "2980.89700", "2016-12-31": "2772.61500", "2015-12-31": "2621.02200", "2014-12-31": "2560.52300", "2013-12-31": "2374.56000", "2012-12-31": "2119.74800", "2011-12-31": "1922.26800", "2010-12-31": "1506.00000", "2009-12-31": "1394.06400", "2008-12-31": "1354.52200", "2007-12-31": "1418.25500", "2006-12-31": "1178.35600", "2005-12-31": "1000.11200"}, "Operating Income": {"2019-12-31": "371.87180", "2018-12-31": "391.43290", "2017-12-31": "419.60670", "2016-12-31": "425.92770", "2015-12-31": "392.85690", "2014-12-31": "333.34500", "2013-12-31": "264.15090", "2012-12-31": "261.98580", "2011-12-31": "187.46590", "2010-12-31": "243.25610", "2009-12-31": "195.61290", "2008-12-31": "139.99800", "2007-12-31": "-14.22900", "2006-12-31": "165.11110", "2005-12-31": "121.24610"}, "Total Non-Operating Income/Expense": {"2019-12-31": "-43.92000", "2018-12-31": "-35.45800", "2017-12-31": "-28.53500", "2016-12-31": "-30.48800", "2015-12-31": "-24.66900", "2014-12-31": "-30.43900", "2013-12-31": "-14.68600", "2012-12-31": "-6.59500", "2011-12-31": "-6.57800", "2010-12-31": "-9.87000", "2009-12-31": "-11.78500", "2008-12-31": "-18.08700", "2007-12-31": "-23.07900", "2006-12-31": "-26.92300", "2005-12-31": "-43.37900"}, "Pre-Tax Income": {"2019-12-31": "327.95200", "2018-12-31": "355.97500", "2017-12-31": "391.07200", "2016-12-31": "395.44000", "2015-12-31": "368.18800", "2014-12-31": "302.90600", "2013-12-31": "249.46500", "2012-12-31": "255.39100", "2011-12-31": "180.88800", "2010-12-31": "233.38600", "2009-12-31": "183.82800", "2008-12-31": "121.91100", "2007-12-31": "-37.30800", "2006-12-31": "138.18800", "2005-12-31": "77.86700"}, "Income Taxes": {"2019-12-31": "64.15000", "2018-12-31": "73.90700", "2017-12-31": "88.22400", "2016-12-31": "137.73100", "2015-12-31": "130.36600", "2014-12-31": "108.23600", "2013-12-31": "89.05800", "2012-12-31": "94.24100", "2011-12-31": "66.87200", "2010-12-31": "86.91400", "2009-12-31": "68.18800", "2008-12-31": "44.00700", "2007-12-31": "38.48800", "2006-12-31": "50.96800", "2005-12-31": "30.66500"}, "Income After Taxes": {"2019-12-31": "263.80200", "2018-12-31": "282.06800", "2017-12-31": "302.84800", "2016-12-31": "257.70900", "2015-12-31": "237.82200", "2014-12-31": "194.67000", "2013-12-31": "160.40700", "2012-12-31": "161.15000", "2011-12-31": "114.01600", "2010-12-31": "146.47200", "2009-12-31": "115.64000", "2008-12-31": "77.90400", "2007-12-31": "-75.79600", "2006-12-31": "87.22000", "2005-12-31": "47.20200"}, "Other Income": {"2019-12-31": "", "2018-12-31": "", "2017-12-31": "", "2016-12-31": "", "2015-12-31": "", "2014-12-31": "", "2013-12-31": "", "2012-12-31": "", "2011-12-31": "", "2010-12-31": "", "2009-12-31": "", "2008-12-31": "", "2007-12-31": "", "2006-12-31": "", "2005-12-31": ""}, "Income From Continuous Operations": {"2019-12-31": "263.80200", "2018-12-31": "282.06800", "2017-12-31": "302.84800", "2016-12-31": "257.70900", "2015-12-31": "237.82200", "2014-12-31": "194.67000", "2013-12-31": "160.40700", "2012-12-31": "161.15000", "2011-12-31": "114.01600", "2010-12-31": "146.47200", "2009-12-31": "115.64000", "2008-12-31": "77.90400", "2007-12-31": "-75.79600", "2006-12-31": "87.22000", "2005-12-31": "47.20200"}, "Income From Discontinued Operations": {"2019-12-31": "", "2018-12-31": "", "2017-12-31": "", "2016-12-31": "", "2015-12-31": "", "2014-12-31": "", "2013-12-31": "", "2012-12-31": "", "2011-12-31": "", "2010-12-31": "", "2009-12-31": "", "2008-12-31": "", "2007-12-31": "", "2006-12-31": "", "2005-12-31": ""}, "Net Income": {"2019-12-31": "263.80200", "2018-12-31": "282.06800", "2017-12-31": "302.84800", "2016-12-31": "255.66300", "2015-12-31": "235.63800", "2014-12-31": "194.67000", "2013-12-31": "158.26300", "2012-12-31": "159.05500", "2011-12-31": "112.80500", "2010-12-31": "145.26900", "2009-12-31": "115.64000", "2008-12-31": "77.90400", "2007-12-31": "-75.79600", "2006-12-31": "87.22000", "2005-12-31": "47.20200"}, "EBITDA": {"2019-12-31": "469.26280", "2018-12-31": "482.83180", "2017-12-31": "505.59070", "2016-12-31": "500.82970", "2015-12-31": "462.85890", "2014-12-31": "409.80200", "2013-12-31": "333.70290", "2012-12-31": "302.71080", "2011-12-31": "230.06490", "2010-12-31": "277.59910", "2009-12-31": "229.01590", "2008-12-31": "171.30110", "2007-12-31": "16.85000", "2006-12-31": "193.95410", "2005-12-31": "159.90010"}, "EBIT": {"2019-12-31": "371.87180", "2018-12-31": "391.43290", "2017-12-31": "419.60670", "2016-12-31": "425.92770", "2015-12-31": "392.85690", "2014-12-31": "333.34500", "2013-12-31": "264.15090", "2012-12-31": "261.98580", "2011-12-31": "187.46590", "2010-12-31": "243.25610", "2009-12-31": "195.61290", "2008-12-31": "139.99800", "2007-12-31": "-14.22900", "2006-12-31": "165.11110", "2005-12-31": "121.24610"}, "Basic Shares Outstanding": {"2019-12-31": "44.40240", "2018-12-31": "46.16090", "2017-12-31": "47.59320", "2016-12-31": "49.91790", "2015-12-31": "51.83510", "2014-12-31": "52.61440", "2013-12-31": "56.93120", "2012-12-31": "58.21750", "2011-12-31": "57.51380", "2010-12-31": "58.13600", "2009-12-31": "56.65300", "2008-12-31": "56.30950", "2007-12-31": "57.87120", "2006-12-31": "57.99600", "2005-12-31": "57.28100"}, "Shares Outstanding": {"2019-12-31": "44.70800", "2018-12-31": "46.64840", "2017-12-31": "48.14610", "2016-12-31": "50.37570", "2015-12-31": "52.33460", "2014-12-31": "53.09350", "2013-12-31": "57.52220", "2012-12-31": "59.06920", "2011-12-31": "58.21490", "2010-12-31": "59.01600", "2009-12-31": "58.34800", "2008-12-31": "58.27600", "2007-12-31": "57.87120", "2006-12-31": "61.24700", "2005-12-31": "60.75300"}, "Basic EPS": {"2019-12-31": "5.89000", "2018-12-31": "6.06000", "2017-12-31": "6.31000", "2016-12-31": "5.12000", "2015-12-31": "4.55000", "2014-12-31": "3.65000", "2013-12-31": "2.78000", "2012-12-31": "2.73000", "2011-12-31": "1.96000", "2010-12-31": "2.50000", "2009-12-31": "2.03000", "2008-12-31": "1.37000", "2007-12-31": "-1.30000", "2006-12-31": "1.50000", "2005-12-31": "0.82000"}, "EPS - Earnings Per Share": {"2019-12-31": "5.85000", "2018-12-31": "6.00000", "2017-12-31": "6.24000", "2016-12-31": "5.08000", "2015-12-31": "4.50000", "2014-12-31": "3.62000", "2013-12-31": "2.75000", "2012-12-31": "2.69000", "2011-12-31": "1.94000", "2010-12-31": "2.46000", "2009-12-31": "1.97000", "2008-12-31": "1.33000", "2007-12-31": "-1.30000", "2006-12-31": "1.42000", "2005-12-31": "0.78000"}}, "income statement, quarterly": {"Revenue": {"2020-09-30": "865.08000", "2020-06-30": "514.88500", "2020-03-31": "654.47300", "2019-12-31": "1100.52300", "2019-09-30": "943.32200", "2019-06-30": "734.38400", "2019-03-31": "741.05700", "2018-12-31": "1086.37900", "2018-09-30": "923.90700", "2018-06-30": "696.19700", "2018-03-31": "755.78600", "2017-12-31": "1027.88000", "2017-09-30": "948.04600", "2017-06-30": "691.75100", "2017-03-31": "732.82700", "2016-12-31": "933.56200", "2016-09-30": "901.42500", "2016-06-30": "639.47100", "2016-03-31": "724.08500", "2015-12-31": "866.54380", "2015-09-30": "849.80600", "2015-06-30": "612.76500", "2015-03-31": "684.76400", "2014-12-31": "869.22390", "2014-09-30": "798.93600", "2014-06-30": "574.06500", "2014-03-31": "651.64300", "2013-12-31": "769.65500", "2013-09-30": "760.17300", "2013-06-30": "517.87400", "2013-03-31": "591.00900", "2012-12-31": "689.25290", "2012-09-30": "668.65700", "2012-06-30": "472.16200", "2012-03-31": "551.66200", "2011-12-31": "606.62890", "2011-09-30": "639.61700", "2011-06-30": "394.48800", "2011-03-31": "469.00000", "2010-12-31": "495.27000", "2010-09-30": "517.92800", "2010-06-30": "327.00900", "2010-03-31": "409.04900", "2009-12-31": "424.68010", "2009-09-30": "481.50600", "2009-06-30": "326.32900", "2009-03-31": "357.16200", "2008-12-31": "427.99110", "2008-09-30": "434.88200", "2008-06-30": "301.67500", "2008-03-31": "329.97200", "2007-12-31": "385.17400", "2007-09-30": "410.94900", "2007-06-30": "287.77500", "2007-03-31": "320.12800", "2006-12-31": "377.46610", "2006-09-30": "391.97700", "2006-06-30": "277.57700", "2006-03-31": "296.44700", "2005-12-31": "350.49310", "2005-09-30": "372.15800", "2005-06-30": "192.50000", "2005-03-31": "206.20700"}, "Cost Of Goods Sold": {"2020-09-30": "481.36500", "2020-06-30": "279.37000", "2020-03-31": "426.21000", "2019-12-31": "633.04710", "2019-09-30": "541.11100", "2019-06-30": "411.38800", "2019-03-31": "425.19000", "2018-12-31": "618.78110", "2018-09-30": "536.45700", "2018-06-30": "386.23900", "2018-03-31": "423.30900", "2017-12-31": "567.04300", "2017-09-30": "544.46800", "2017-06-30": "388.50400", "2017-03-31": "417.13500", "2016-12-31": "523.70000", "2016-09-30": "525.87900", "2016-06-30": "357.28900", "2016-03-31": "413.15600", "2015-12-31": "503.00600", "2015-09-30": "502.26700", "2015-06-30": "349.87000", "2015-03-31": "400.71200", "2014-12-31": "513.19200", "2014-09-30": "477.73000", "2014-06-30": "328.58800", "2014-03-31": "389.91800", "2013-12-31": "447.23210", "2013-09-30": "450.52400", "2013-06-30": "297.62900", "2013-03-31": "347.94700", "2012-12-31": "399.36400", "2012-09-30": "398.58000", "2012-06-30": "288.91900", "2012-03-31": "356.92300", "2011-12-31": "399.59200", "2011-09-30": "447.50400", "2011-06-30": "259.44500", "2011-03-31": "310.91500", "2010-12-31": "310.41690", "2010-09-30": "325.12500", "2010-06-30": "196.75800", "2010-03-31": "242.23900", "2009-12-31": "258.32200", "2009-09-30": "295.94200", "2009-06-30": "201.61900", "2009-03-31": "229.44000", "2008-12-31": "267.09600", "2008-09-30": "281.75200", "2008-06-30": "202.09400", "2008-03-31": "225.05700", "2007-12-31": "257.79800", "2007-09-30": "265.09300", "2007-06-30": "192.35700", "2007-03-31": "213.74800", "2006-12-31": "241.58800", "2006-09-30": "244.75700", "2006-06-30": "180.34200", "2006-03-31": "188.28300", "2005-12-31": "224.71200", "2005-09-30": "243.49700", "2005-06-30": "126.43500", "2005-03-31": "130.44200"}, "Gross Profit": {"2020-09-30": "383.71500", "2020-06-30": "235.51500", "2020-03-31": "228.26300", "2019-12-31": "467.47580", "2019-09-30": "402.21110", "2019-06-30": "322.99600", "2019-03-31": "315.86700", "2018-12-31": "467.59790", "2018-09-30": "387.45000", "2018-06-30": "309.95800", "2018-03-31": "332.47700", "2017-12-31": "460.83700", "2017-09-30": "403.57800", "2017-06-30": "303.24700", "2017-03-31": "315.69200", "2016-12-31": "409.86190", "2016-09-30": "375.54600", "2016-06-30": "282.18200", "2016-03-31": "310.92900", "2015-12-31": "363.53780", "2015-09-30": "347.53900", "2015-06-30": "262.89500", "2015-03-31": "284.05200", "2014-12-31": "356.03190", "2014-09-30": "321.20600", "2014-06-30": "245.47700", "2014-03-31": "261.72500", "2013-12-31": "322.42290", "2013-09-30": "309.64900", "2013-06-30": "220.24500", "2013-03-31": "243.06200", "2012-12-31": "289.88890", "2012-09-30": "270.07700", "2012-06-30": "183.24300", "2012-03-31": "194.73900", "2011-12-31": "207.03690", "2011-09-30": "192.11300", "2011-06-30": "135.04300", "2011-03-31": "158.08500", "2010-12-31": "184.85300", "2010-09-30": "192.80300", "2010-06-30": "130.25100", "2010-03-31": "166.81000", "2009-12-31": "166.35810", "2009-09-30": "185.56400", "2009-06-30": "124.71000", "2009-03-31": "127.72200", "2008-12-31": "160.89510", "2008-09-30": "153.13000", "2008-06-30": "99.58100", "2008-03-31": "104.91500", "2007-12-31": "127.37600", "2007-09-30": "145.85600", "2007-06-30": "95.41800", "2007-03-31": "106.38000", "2006-12-31": "135.87810", "2006-09-30": "147.22000", "2006-06-30": "97.23500", "2006-03-31": "108.16400", "2005-12-31": "125.78110", "2005-09-30": "128.66100", "2005-06-30": "66.06500", "2005-03-31": "75.76500"}, "Research And Development Expenses": {"2020-09-30": "", "2020-06-30": "", "2020-03-31": "", "2019-12-31": "", "2019-09-30": "", "2019-06-30": "", "2019-03-31": "", "2018-12-31": "", "2018-09-30": "", "2018-06-30": "", "2018-03-31": "", "2017-12-31": "", "2017-09-30": "", "2017-06-30": "", "2017-03-31": "", "2016-12-31": "", "2016-09-30": "", "2016-06-30": "", "2016-03-31": "", "2015-12-31": "", "2015-09-30": "", "2015-06-30": "", "2015-03-31": "", "2014-12-31": "", "2014-09-30": "", "2014-06-30": "", "2014-03-31": "", "2013-12-31": "", "2013-09-30": "", "2013-06-30": "", "2013-03-31": "", "2012-12-31": "", "2012-09-30": "", "2012-06-30": "", "2012-03-31": "", "2011-12-31": "", "2011-09-30": "", "2011-06-30": "", "2011-03-31": "", "2010-12-31": "", "2010-09-30": "", "2010-06-30": "", "2010-03-31": "", "2009-12-31": "", "2009-09-30": "", "2009-06-30": "", "2009-03-31": "", "2008-12-31": "", "2008-09-30": "", "2008-06-30": "", "2008-03-31": "", "2007-12-31": "", "2007-09-30": "", "2007-06-30": "", "2007-03-31": "", "2006-12-31": "", "2006-09-30": "", "2006-06-30": "", "2006-03-31": "", "2005-12-31": "", "2005-09-30": "", "2005-06-30": "", "2005-03-31": ""}, "SG&A Expenses": {"2020-09-30": "279.25100", "2020-06-30": "218.14900", "2020-03-31": "269.83700", "2019-12-31": "311.97490", "2019-09-30": "296.73300", "2019-06-30": "268.15500", "2019-03-31": "263.65200", "2018-12-31": "307.35800", "2018-09-30": "294.11700", "2018-06-30": "263.34300", "2018-03-31": "280.16200", "2017-12-31": "325.50800", "2017-09-30": "283.48000", "2017-06-30": "250.14600", "2017-03-31": "247.79400", "2016-12-31": "282.62400", "2016-09-30": "255.32200", "2016-06-30": "228.46400", "2016-03-31": "228.99600", "2015-12-31": "258.73690", "2015-09-30": "230.01700", "2015-06-30": "209.29600", "2015-03-31": "211.18300", "2014-12-31": "251.90200", "2014-09-30": "221.93900", "2014-06-30": "206.31500", "2014-03-31": "210.09500", "2013-12-31": "258.84090", "2013-09-30": "229.26400", "2013-06-30": "195.01400", "2013-03-31": "185.36100", "2012-12-31": "222.04900", "2012-09-30": "185.16700", "2012-06-30": "156.29000", "2012-03-31": "149.70500", "2011-12-31": "161.17400", "2011-09-30": "145.84200", "2011-06-30": "121.29000", "2011-03-31": "113.78000", "2010-12-31": "135.95300", "2010-09-30": "123.32100", "2010-06-30": "104.46800", "2010-03-31": "105.29500", "2009-12-31": "114.47600", "2009-09-30": "115.22500", "2009-06-30": "99.84300", "2009-03-31": "99.13000", "2008-12-31": "115.25500", "2008-09-30": "104.53600", "2008-06-30": "92.20700", "2008-03-31": "92.27600", "2007-12-31": "92.70400", "2007-09-30": "94.24100", "2007-06-30": "84.63500", "2007-03-31": "88.24600", "2006-12-31": "93.51500", "2006-09-30": "93.49600", "2006-06-30": "82.46600", "2006-03-31": "82.98200", "2005-12-31": "96.08200", "2005-09-30": "89.30300", "2005-06-30": "51.24300", "2005-03-31": "51.99600"}, "Other Operating Income Or Expenses": {"2020-09-30": "9.06300", "2020-06-30": "3.58800", "2020-03-31": "-19.16200", "2019-12-31": "7.26600", "2019-09-30": "-21.60800", "2019-06-30": "9.63500", "2019-03-31": "8.54400", "2018-12-31": "10.35700", "2018-09-30": "10.22400", "2018-06-30": "10.35500", "2018-03-31": "7.99400", "2017-12-31": "11.06300", "2017-09-30": "10.35000", "2017-06-30": "11.21000", "2017-03-31": "10.55800", "2016-12-31": "11.54500", "2016-09-30": "10.67000", "2016-06-30": "9.52500", "2016-03-31": "11.07500", "2015-12-31": "11.37800", "2015-09-30": "12.69900", "2015-06-30": "8.35300", "2015-03-31": "11.63600", "2014-12-31": "9.88000", "2014-09-30": "11.19000", "2014-06-30": "8.18500", "2014-03-31": "9.90100", "2013-12-31": "9.81200", "2013-09-30": "10.69100", "2013-06-30": "7.50700", "2013-03-31": "9.24200", "2012-12-31": "10.52700", "2012-09-30": "10.48200", "2012-06-30": "7.47400", "2012-03-31": "8.76600", "2011-12-31": "9.18200", "2011-09-30": "10.49400", "2011-06-30": "8.26900", "2011-03-31": "9.32900", "2010-12-31": "9.88600", "2010-09-30": "10.39600", "2010-06-30": "7.64000", "2010-03-31": "9.65400", "2009-12-31": "4.46200", "2009-09-30": "10.63700", "2009-06-30": "4.49200", "2009-03-31": "0.34200", "2008-12-31": "8.99200", "2008-09-30": "6.96700", "2008-06-30": "1.87800", "2008-03-31": "7.91400", "2007-12-31": "7.79200", "2007-09-30": "8.39300", "2007-06-30": "-148.65600", "2007-03-31": "3.03800", "2006-12-31": "7.55400", "2006-09-30": "7.78200", "2006-06-30": "6.64400", "2006-03-31": "7.09300", "2005-12-31": "6.13200", "2005-09-30": "5.69900", "2005-06-30": "-1.75600", "2005-03-31": "3.52300"}, "Operating Expenses": {"2020-09-30": "751.55300", "2020-06-30": "493.93100", "2020-03-31": "732.95100", "2019-12-31": "937.75620", "2019-09-30": "859.45200", "2019-06-30": "669.90800", "2019-03-31": "680.29800", "2018-12-31": "915.78230", "2018-09-30": "820.35000", "2018-06-30": "639.22710", "2018-03-31": "695.47690", "2017-12-31": "881.48830", "2017-09-30": "817.59800", "2017-06-30": "627.44000", "2017-03-31": "654.37100", "2016-12-31": "794.77920", "2016-09-30": "770.53110", "2016-06-30": "576.22800", "2016-03-31": "631.07700", "2015-12-31": "750.36500", "2015-09-30": "719.58500", "2015-06-30": "550.81300", "2015-03-31": "600.25900", "2014-12-31": "755.21390", "2014-09-30": "688.47900", "2014-06-30": "526.71800", "2014-03-31": "590.11200", "2013-12-31": "696.26120", "2013-09-30": "669.09700", "2013-06-30": "485.13600", "2013-03-31": "524.06600", "2012-12-31": "610.88600", "2012-09-30": "573.26500", "2012-06-30": "437.73500", "2012-03-31": "497.86200", "2011-12-31": "551.58400", "2011-09-30": "582.85200", "2011-06-30": "372.46600", "2011-03-31": "415.36600", "2010-12-31": "436.48390", "2010-09-30": "438.05000", "2010-06-30": "293.58600", "2010-03-31": "337.88000", "2009-12-31": "368.33610", "2009-09-30": "400.53000", "2009-06-30": "296.97000", "2009-03-31": "328.22800", "2008-12-31": "373.35890", "2008-09-30": "379.32100", "2008-06-30": "292.42300", "2008-03-31": "309.41900", "2007-12-31": "342.70990", "2007-09-30": "350.94100", "2007-06-30": "425.64800", "2007-03-31": "298.95600", "2006-12-31": "327.54900", "2006-09-30": "330.47100", "2006-06-30": "256.16400", "2006-03-31": "264.17200", "2005-12-31": "314.66200", "2005-09-30": "327.10100", "2005-06-30": "179.43400", "2005-03-31": "178.91500"}, "Operating Income": {"2020-09-30": "113.52700", "2020-06-30": "20.95400", "2020-03-31": "-78.47800", "2019-12-31": "162.76670", "2019-09-30": "83.87010", "2019-06-30": "64.47600", "2019-03-31": "60.75900", "2018-12-31": "170.59670", "2018-09-30": "103.55700", "2018-06-30": "56.97000", "2018-03-31": "60.30910", "2017-12-31": "146.39170", "2017-09-30": "130.44800", "2017-06-30": "64.31100", "2017-03-31": "78.45600", "2016-12-31": "138.78270", "2016-09-30": "130.89390", "2016-06-30": "63.24300", "2016-03-31": "93.00810", "2015-12-31": "116.17880", "2015-09-30": "130.22100", "2015-06-30": "61.95200", "2015-03-31": "84.50490", "2014-12-31": "114.01000", "2014-09-30": "110.45700", "2014-06-30": "47.34700", "2014-03-31": "61.53100", "2013-12-31": "73.39380", "2013-09-30": "91.07600", "2013-06-30": "32.73800", "2013-03-31": "66.94300", "2012-12-31": "78.36690", "2012-09-30": "95.39200", "2012-06-30": "34.42700", "2012-03-31": "53.80000", "2011-12-31": "55.04490", "2011-09-30": "56.76500", "2011-06-30": "22.02200", "2011-03-31": "53.63400", "2010-12-31": "58.78600", "2010-09-30": "79.87800", "2010-06-30": "33.42300", "2010-03-31": "71.16900", "2009-12-31": "56.34400", "2009-09-30": "80.97600", "2009-06-30": "29.35900", "2009-03-31": "28.93400", "2008-12-31": "54.63210", "2008-09-30": "55.56100", "2008-06-30": "9.25200", "2008-03-31": "20.55300", "2007-12-31": "42.46410", "2007-09-30": "60.00800", "2007-06-30": "-137.87300", "2007-03-31": "21.17200", "2006-12-31": "49.91710", "2006-09-30": "61.50600", "2006-06-30": "21.41300", "2006-03-31": "32.27500", "2005-12-31": "35.83110", "2005-09-30": "45.05700", "2005-06-30": "13.06600", "2005-03-31": "27.29200"}, "Total Non-Operating Income/Expense": {"2020-09-30": "-13.25900", "2020-06-30": "-15.47600", "2020-03-31": "-13.21800", "2019-12-31": "-7.89300", "2019-09-30": "-10.24900", "2019-06-30": "-8.76500", "2019-03-31": "-17.01300", "2018-12-31": "-9.61600", "2018-09-30": "-9.71800", "2018-06-30": "-8.68700", "2018-03-31": "-7.43700", "2017-12-31": "-8.01500", "2017-09-30": "-7.20500", "2017-06-30": "-6.57100", "2017-03-31": "-6.74400", "2016-12-31": "-6.94700", "2016-09-30": "-6.67500", "2016-06-30": "-7.14100", "2016-03-31": "-9.72500", "2015-12-31": "-5.08000", "2015-09-30": "-6.19400", "2015-06-30": "-4.87800", "2015-03-31": "-8.51700", "2014-12-31": "-8.41600", "2014-09-30": "-8.10900", "2014-06-30": "-6.55300", "2014-03-31": "-7.36100", "2013-12-31": "-7.47900", "2013-09-30": "-3.94000", "2013-06-30": "-1.59100", "2013-03-31": "-1.67600", "2012-12-31": "-1.33400", "2012-09-30": "-1.46700", "2012-06-30": "-1.53100", "2012-03-31": "-2.26300", "2011-12-31": "-1.59200", "2011-09-30": "-1.61100", "2011-06-30": "-1.52500", "2011-03-31": "-1.85000", "2010-12-31": "-3.19600", "2010-09-30": "-1.56800", "2010-06-30": "-2.66200", "2010-03-31": "-2.44400", "2009-12-31": "-3.21400", "2009-09-30": "-2.68800", "2009-06-30": "-2.70800", "2009-03-31": "-3.17500", "2008-12-31": "-4.73000", "2008-09-30": "-4.04800", "2008-06-30": "-4.78900", "2008-03-31": "-4.52000", "2007-12-31": "-5.62600", "2007-09-30": "-6.02100", "2007-06-30": "-5.70400", "2007-03-31": "-5.72800", "2006-12-31": "-6.55600", "2006-09-30": "-6.55400", "2006-06-30": "-6.92900", "2006-03-31": "-6.88400", "2005-12-31": "-7.34100", "2005-09-30": "-27.58100", "2005-06-30": "-4.05500", "2005-03-31": "-4.40200"}, "Pre-Tax Income": {"2020-09-30": "100.26800", "2020-06-30": "5.47800", "2020-03-31": "-91.69600", "2019-12-31": "154.87400", "2019-09-30": "73.62100", "2019-06-30": "55.71100", "2019-03-31": "43.74600", "2018-12-31": "160.98100", "2018-09-30": "93.83900", "2018-06-30": "48.28300", "2018-03-31": "52.87200", "2017-12-31": "138.37700", "2017-09-30": "123.24300", "2017-06-30": "57.74000", "2017-03-31": "71.71200", "2016-12-31": "131.83600", "2016-09-30": "124.21900", "2016-06-30": "56.10200", "2016-03-31": "83.28300", "2015-12-31": "111.09900", "2015-09-30": "124.02700", "2015-06-30": "57.07400", "2015-03-31": "75.98800", "2014-12-31": "105.59400", "2014-09-30": "102.34800", "2014-06-30": "40.79400", "2014-03-31": "54.17000", "2013-12-31": "65.91500", "2013-09-30": "87.13600", "2013-06-30": "31.14700", "2013-03-31": "65.26700", "2012-12-31": "77.03300", "2012-09-30": "93.92500", "2012-06-30": "32.89600", "2012-03-31": "51.53700", "2011-12-31": "53.45300", "2011-09-30": "55.15400", "2011-06-30": "20.49700", "2011-03-31": "51.78400", "2010-12-31": "55.59000", "2010-09-30": "78.31000", "2010-06-30": "30.76100", "2010-03-31": "68.72500", "2009-12-31": "53.13000", "2009-09-30": "78.28800", "2009-06-30": "26.65100", "2009-03-31": "25.75900", "2008-12-31": "49.90200", "2008-09-30": "51.51300", "2008-06-30": "4.46300", "2008-03-31": "16.03300", "2007-12-31": "36.83800", "2007-09-30": "53.98700", "2007-06-30": "-143.57700", "2007-03-31": "15.44400", "2006-12-31": "43.36100", "2006-09-30": "54.95200", "2006-06-30": "14.48400", "2006-03-31": "25.39100", "2005-12-31": "28.49000", "2005-09-30": "17.47600", "2005-06-30": "9.01100", "2005-03-31": "22.89000"}, "Income Taxes": {"2020-09-30": "19.02700", "2020-06-30": "-2.67800", "2020-03-31": "-13.00200", "2019-12-31": "29.72700", "2019-09-30": "13.36900", "2019-06-30": "11.77400", "2019-03-31": "9.28000", "2018-12-31": "30.42000", "2018-09-30": "22.06900", "2018-06-30": "11.01500", "2018-03-31": "10.40300", "2017-12-31": "2.23300", "2017-09-30": "40.92700", "2017-06-30": "19.94700", "2017-03-31": "25.11700", "2016-12-31": "45.11600", "2016-09-30": "43.40800", "2016-06-30": "19.90400", "2016-03-31": "29.30300", "2015-12-31": "38.50000", "2015-09-30": "44.70100", "2015-06-30": "20.96900", "2015-03-31": "26.19600", "2014-12-31": "37.00400", "2014-09-30": "36.46200", "2014-06-30": "14.89700", "2014-03-31": "19.87300", "2013-12-31": "23.16700", "2013-09-30": "30.56500", "2013-06-30": "11.47400", "2013-03-31": "23.85200", "2012-12-31": "28.34100", "2012-09-30": "34.54700", "2012-06-30": "12.09100", "2012-03-31": "19.26200", "2011-12-31": "18.66800", "2011-09-30": "20.70500", "2011-06-30": "7.83800", "2011-03-31": "19.66100", "2010-12-31": "20.69600", "2010-09-30": "28.65300", "2010-06-30": "11.66500", "2010-03-31": "25.90000", "2009-12-31": "20.13400", "2009-09-30": "28.88200", "2009-06-30": "10.01700", "2009-03-31": "9.15500", "2008-12-31": "18.73800", "2008-09-30": "19.11100", "2008-06-30": "1.68400", "2008-03-31": "4.47400", "2007-12-31": "13.41400", "2007-09-30": "19.36900", "2007-06-30": "-0.12800", "2007-03-31": "5.83300", "2006-12-31": "15.92100", "2006-09-30": "19.97500", "2006-06-30": "5.46600", "2006-03-31": "9.60600", "2005-12-31": "11.16500", "2005-09-30": "6.89800", "2005-06-30": "3.56100", "2005-03-31": "9.04100"}, "Income After Taxes": {"2020-09-30": "81.24100", "2020-06-30": "8.15600", "2020-03-31": "-78.69400", "2019-12-31": "125.14700", "2019-09-30": "60.25200", "2019-06-30": "43.93700", "2019-03-31": "34.46600", "2018-12-31": "130.56100", "2018-09-30": "71.77000", "2018-06-30": "37.26800", "2018-03-31": "42.46900", "2017-12-31": "136.14400", "2017-09-30": "82.31600", "2017-06-30": "37.79300", "2017-03-31": "46.59500", "2016-12-31": "86.72000", "2016-09-30": "80.81100", "2016-06-30": "36.19800", "2016-03-31": "53.98000", "2015-12-31": "72.59900", "2015-09-30": "79.32600", "2015-06-30": "36.10500", "2015-03-31": "49.79200", "2014-12-31": "68.59000", "2014-09-30": "65.88600", "2014-06-30": "25.89700", "2014-03-31": "34.29700", "2013-12-31": "42.74800", "2013-09-30": "56.57100", "2013-06-30": "19.67300", "2013-03-31": "41.41500", "2012-12-31": "48.69200", "2012-09-30": "59.37800", "2012-06-30": "20.80500", "2012-03-31": "32.27500", "2011-12-31": "34.78500", "2011-09-30": "34.44900", "2011-06-30": "12.65900", "2011-03-31": "32.12300", "2010-12-31": "34.89400", "2010-09-30": "49.65700", "2010-06-30": "19.09600", "2010-03-31": "42.82500", "2009-12-31": "32.99600", "2009-09-30": "49.40600", "2009-06-30": "16.63400", "2009-03-31": "16.60400", "2008-12-31": "31.16400", "2008-09-30": "32.40200", "2008-06-30": "2.77900", "2008-03-31": "11.55900", "2007-12-31": "23.42400", "2007-09-30": "34.61800", "2007-06-30": "-143.44900", "2007-03-31": "9.61100", "2006-12-31": "27.44000", "2006-09-30": "34.97700", "2006-06-30": "9.01800", "2006-03-31": "15.78500", "2005-12-31": "17.32500", "2005-09-30": "10.57800", "2005-06-30": "5.45000", "2005-03-31": "13.84900"}, "Other Income": {"2020-09-30": "", "2020-06-30": "", "2020-03-31": "", "2019-12-31": "", "2019-09-30": "", "2019-06-30": "", "2019-03-31": "", "2018-12-31": "", "2018-09-30": "", "2018-06-30": "", "2018-03-31": "", "2017-12-31": "", "2017-09-30": "", "2017-06-30": "", "2017-03-31": "", "2016-12-31": "", "2016-09-30": "", "2016-06-30": "", "2016-03-31": "", "2015-12-31": "", "2015-09-30": "", "2015-06-30": "", "2015-03-31": "", "2014-12-31": "", "2014-09-30": "", "2014-06-30": "", "2014-03-31": "", "2013-12-31": "", "2013-09-30": "", "2013-06-30": "", "2013-03-31": "", "2012-12-31": "", "2012-09-30": "", "2012-06-30": "", "2012-03-31": "", "2011-12-31": "", "2011-09-30": "", "2011-06-30": "", "2011-03-31": "", "2010-12-31": "", "2010-09-30": "", "2010-06-30": "", "2010-03-31": "", "2009-12-31": "", "2009-09-30": "", "2009-06-30": "", "2009-03-31": "", "2008-12-31": "", "2008-09-30": "", "2008-06-30": "", "2008-03-31": "", "2007-12-31": "", "2007-09-30": "", "2007-06-30": "", "2007-03-31": "", "2006-12-31": "", "2006-09-30": "", "2006-06-30": "", "2006-03-31": "", "2005-12-31": "", "2005-09-30": "", "2005-06-30": "", "2005-03-31": ""}, "Income From Continuous Operations": {"2020-09-30": "81.24100", "2020-06-30": "8.15600", "2020-03-31": "-78.69400", "2019-12-31": "125.14700", "2019-09-30": "60.25200", "2019-06-30": "43.93700", "2019-03-31": "34.46600", "2018-12-31": "130.56100", "2018-09-30": "71.77000", "2018-06-30": "37.26800", "2018-03-31": "42.46900", "2017-12-31": "136.14400", "2017-09-30": "82.31600", "2017-06-30": "37.79300", "2017-03-31": "46.59500", "2016-12-31": "86.72000", "2016-09-30": "80.81100", "2016-06-30": "36.19800", "2016-03-31": "53.98000", "2015-12-31": "72.59900", "2015-09-30": "79.32600", "2015-06-30": "36.10500", "2015-03-31": "49.79200", "2014-12-31": "68.59000", "2014-09-30": "65.88600", "2014-06-30": "25.89700", "2014-03-31": "34.29700", "2013-12-31": "42.74800", "2013-09-30": "56.57100", "2013-06-30": "19.67300", "2013-03-31": "41.41500", "2012-12-31": "48.69200", "2012-09-30": "59.37800", "2012-06-30": "20.80500", "2012-03-31": "32.27500", "2011-12-31": "34.78500", "2011-09-30": "34.44900", "2011-06-30": "12.65900", "2011-03-31": "32.12300", "2010-12-31": "34.89400", "2010-09-30": "49.65700", "2010-06-30": "19.09600", "2010-03-31": "42.82500", "2009-12-31": "32.99600", "2009-09-30": "49.40600", "2009-06-30": "16.63400", "2009-03-31": "16.60400", "2008-12-31": "31.16400", "2008-09-30": "32.40200", "2008-06-30": "2.77900", "2008-03-31": "11.55900", "2007-12-31": "23.42400", "2007-09-30": "34.61800", "2007-06-30": "-143.44900", "2007-03-31": "9.61100", "2006-12-31": "27.44000", "2006-09-30": "34.97700", "2006-06-30": "9.01800", "2006-03-31": "15.78500", "2005-12-31": "17.32500", "2005-09-30": "10.57800", "2005-06-30": "5.45000", "2005-03-31": "13.84900"}, "Income From Discontinued Operations": {"2020-09-30": "", "2020-06-30": "", "2020-03-31": "", "2019-12-31": "", "2019-09-30": "", "2019-06-30": "", "2019-03-31": "", "2018-12-31": "", "2018-09-30": "", "2018-06-30": "", "2018-03-31": "", "2017-12-31": "", "2017-09-30": "", "2017-06-30": "", "2017-03-31": "", "2016-12-31": "", "2016-09-30": "", "2016-06-30": "", "2016-03-31": "", "2015-12-31": "", "2015-09-30": "", "2015-06-30": "", "2015-03-31": "", "2014-12-31": "", "2014-09-30": "", "2014-06-30": "", "2014-03-31": "", "2013-12-31": "", "2013-09-30": "", "2013-06-30": "", "2013-03-31": "", "2012-12-31": "", "2012-09-30": "", "2012-06-30": "", "2012-03-31": "", "2011-12-31": "", "2011-09-30": "", "2011-06-30": "", "2011-03-31": "", "2010-12-31": "", "2010-09-30": "", "2010-06-30": "", "2010-03-31": "", "2009-12-31": "", "2009-09-30": "", "2009-06-30": "", "2009-03-31": "", "2008-12-31": "", "2008-09-30": "", "2008-06-30": "", "2008-03-31": "", "2007-12-31": "", "2007-09-30": "", "2007-06-30": "", "2007-03-31": "", "2006-12-31": "", "2006-09-30": "", "2006-06-30": "", "2006-03-31": "", "2005-12-31": "", "2005-09-30": "", "2005-06-30": "", "2005-03-31": ""}, "Net Income": {"2020-09-30": "81.24100", "2020-06-30": "8.15600", "2020-03-31": "-78.94800", "2019-12-31": "125.43800", "2019-09-30": "60.25200", "2019-06-30": "43.93700", "2019-03-31": "34.17500", "2018-12-31": "131.70200", "2018-09-30": "71.23000", "2018-06-30": "36.99200", "2018-03-31": "42.14400", "2017-12-31": "136.79500", "2017-09-30": "81.66500", "2017-06-30": "37.79300", "2017-03-31": "46.59500", "2016-12-31": "84.67400", "2016-09-30": "80.81100", "2016-06-30": "36.19800", "2016-03-31": "53.98000", "2015-12-31": "71.95500", "2015-09-30": "78.65100", "2015-06-30": "35.80000", "2015-03-31": "49.23200", "2014-12-31": "70.29200", "2014-09-30": "64.99900", "2014-06-30": "25.55200", "2014-03-31": "33.82700", "2013-12-31": "42.23000", "2013-09-30": "55.81200", "2013-06-30": "19.40800", "2013-03-31": "40.81300", "2012-12-31": "48.08570", "2012-09-30": "58.60290", "2012-06-30": "20.53400", "2012-03-31": "31.83250", "2011-12-31": "34.09900", "2011-09-30": "34.06400", "2011-06-30": "12.51900", "2011-03-31": "32.12300", "2010-12-31": "33.69100", "2010-09-30": "49.65700", "2010-06-30": "19.09600", "2010-03-31": "42.82500", "2009-12-31": "32.99600", "2009-09-30": "49.40600", "2009-06-30": "16.63400", "2009-03-31": "16.60400", "2008-12-31": "31.16400", "2008-09-30": "32.40200", "2008-06-30": "2.77900", "2008-03-31": "11.55900", "2007-12-31": "23.42400", "2007-09-30": "34.61800", "2007-06-30": "-143.44900", "2007-03-31": "9.61100", "2006-12-31": "27.44000", "2006-09-30": "34.97700", "2006-06-30": "9.01800", "2006-03-31": "15.78500", "2005-12-31": "17.32500", "2005-09-30": "10.57800", "2005-06-30": "5.45000", "2005-03-31": "13.84900"}, "EBITDA": {"2020-09-30": "138.38900", "2020-06-30": "43.78100", "2020-03-31": "-10.51500", "2019-12-31": "157.46570", "2019-09-30": "138.96010", "2019-06-30": "88.14500", "2019-03-31": "84.69200", "2018-12-31": "194.46870", "2018-09-30": "126.38500", "2018-06-30": "79.18000", "2018-03-31": "82.79810", "2017-12-31": "169.09070", "2017-09-30": "152.38700", "2017-06-30": "85.52100", "2017-03-31": "98.59200", "2016-12-31": "158.33370", "2016-09-30": "148.77290", "2016-06-30": "82.18200", "2016-03-31": "111.54110", "2015-12-31": "135.32580", "2015-09-30": "144.82200", "2015-06-30": "80.24300", "2015-03-31": "102.46790", "2014-12-31": "132.33500", "2014-09-30": "126.27000", "2014-06-30": "67.66600", "2014-03-31": "83.53100", "2013-12-31": "98.93280", "2013-09-30": "108.76100", "2013-06-30": "46.48100", "2013-03-31": "79.52800", "2012-12-31": "88.90890", "2012-09-30": "107.42800", "2012-06-30": "43.80800", "2012-03-31": "62.56600", "2011-12-31": "67.55090", "2011-09-30": "70.13700", "2011-06-30": "30.43600", "2011-03-31": "61.94100", "2010-12-31": "69.16700", "2010-09-30": "86.74800", "2010-06-30": "42.35300", "2010-03-31": "79.33100", "2009-12-31": "64.50300", "2009-09-30": "88.66300", "2009-06-30": "38.23700", "2009-03-31": "37.61300", "2008-12-31": "64.50810", "2008-09-30": "62.27100", "2008-06-30": "16.68200", "2008-03-31": "27.84000", "2007-12-31": "50.14510", "2007-09-30": "66.54100", "2007-06-30": "-129.96100", "2007-03-31": "30.12500", "2006-12-31": "59.02810", "2006-09-30": "67.36400", "2006-06-30": "28.65000", "2006-03-31": "38.91200", "2005-12-31": "45.97610", "2005-09-30": "63.08400", "2005-06-30": "18.86100", "2005-03-31": "31.97900"}, "EBIT": {"2020-09-30": "113.52700", "2020-06-30": "20.95400", "2020-03-31": "-78.47800", "2019-12-31": "162.76680", "2019-09-30": "83.87010", "2019-06-30": "64.47600", "2019-03-31": "60.75900", "2018-12-31": "170.59680", "2018-09-30": "103.55700", "2018-06-30": "56.97000", "2018-03-31": "60.30910", "2017-12-31": "146.39170", "2017-09-30": "130.44800", "2017-06-30": "64.31100", "2017-03-31": "78.45600", "2016-12-31": "138.78270", "2016-09-30": "130.89390", "2016-06-30": "63.24300", "2016-03-31": "93.00810", "2015-12-31": "116.17900", "2015-09-30": "130.22100", "2015-06-30": "61.95200", "2015-03-31": "84.50490", "2014-12-31": "114.01000", "2014-09-30": "110.45700", "2014-06-30": "47.34700", "2014-03-31": "61.53100", "2013-12-31": "73.39390", "2013-09-30": "91.07600", "2013-06-30": "32.73800", "2013-03-31": "66.94300", "2012-12-31": "78.36690", "2012-09-30": "95.39200", "2012-06-30": "34.42700", "2012-03-31": "53.80000", "2011-12-31": "55.04490", "2011-09-30": "56.76500", "2011-06-30": "22.02200", "2011-03-31": "53.63400", "2010-12-31": "58.78610", "2010-09-30": "79.87800", "2010-06-30": "33.42300", "2010-03-31": "71.16900", "2009-12-31": "56.34390", "2009-09-30": "80.97600", "2009-06-30": "29.35900", "2009-03-31": "28.93400", "2008-12-31": "54.63210", "2008-09-30": "55.56100", "2008-06-30": "9.25200", "2008-03-31": "20.55300", "2007-12-31": "42.46400", "2007-09-30": "60.00800", "2007-06-30": "-137.87300", "2007-03-31": "21.17200", "2006-12-31": "49.91710", "2006-09-30": "61.50600", "2006-06-30": "21.41300", "2006-03-31": "32.27500", "2005-12-31": "35.83110", "2005-09-30": "45.05700", "2005-06-30": "13.06600", "2005-03-31": "27.29200"}, "Basic Shares Outstanding": {"2020-09-30": "43.19400", "2020-06-30": "43.16260", "2020-03-31": "43.35560", "2019-12-31": "44.40240", "2019-09-30": "44.14400", "2019-06-30": "44.70630", "2019-03-31": "45.07080", "2018-12-31": "46.16090", "2018-09-30": "45.99000", "2018-06-30": "46.43710", "2018-03-31": "46.77270", "2017-12-31": "47.59320", "2017-09-30": "47.30310", "2017-06-30": "47.86400", "2017-03-31": "48.32270", "2016-12-31": "49.91790", "2016-09-30": "49.52650", "2016-06-30": "50.14360", "2016-03-31": "51.17700", "2015-12-31": "51.83510", "2015-09-30": "51.74050", "2015-06-30": "52.02040", "2015-03-31": "52.11920", "2014-12-31": "52.61440", "2014-09-30": "52.35610", "2014-06-30": "52.83610", "2014-03-31": "53.17250", "2013-12-31": "56.93120", "2013-09-30": "56.90860", "2013-06-30": "58.56760", "2013-03-31": "58.46800", "2012-12-31": "58.21750", "2012-09-30": "58.26740", "2012-06-30": "58.20100", "2012-03-31": "58.05700", "2011-12-31": "57.51380", "2011-09-30": "57.73000", "2011-06-30": "57.32100", "2011-03-31": "57.04900", "2010-12-31": "58.13600", "2010-09-30": "58.32500", "2010-06-30": "58.90700", "2010-03-31": "58.30700", "2009-12-31": "56.65300", "2009-09-30": "56.82520", "2009-06-30": "56.22100", "2009-03-31": "55.95900", "2008-12-31": "56.30950", "2008-09-30": "56.01570", "2008-06-30": "56.15700", "2008-03-31": "57.21500", "2007-12-31": "57.87120", "2007-09-30": "57.74600", "2007-06-30": "57.83800", "2007-03-31": "58.44700", "2006-12-31": "57.99600", "2006-09-30": "57.95000", "2006-06-30": "57.87800", "2006-03-31": "57.70900", "2005-12-31": "57.28100", "2005-09-30": "57.44000", "2005-06-30": "57.16000", "2005-03-31": "56.93400"}, "Shares Outstanding": {"2020-09-30": "43.35100", "2020-06-30": "43.31010", "2020-03-31": "43.35560", "2019-12-31": "44.70800", "2019-09-30": "44.43200", "2019-06-30": "45.03840", "2019-03-31": "45.37100", "2018-12-31": "46.64840", "2018-09-30": "46.48030", "2018-06-30": "46.94660", "2018-03-31": "47.39140", "2017-12-31": "48.14610", "2017-09-30": "47.84440", "2017-06-30": "48.41400", "2017-03-31": "48.87770", "2016-12-31": "50.37570", "2016-09-30": "49.98680", "2016-06-30": "50.61270", "2016-03-31": "51.64410", "2015-12-31": "52.33460", "2015-09-30": "52.24830", "2015-06-30": "52.54640", "2015-03-31": "52.61460", "2014-12-31": "53.09350", "2014-09-30": "52.82700", "2014-06-30": "53.29120", "2014-03-31": "53.67380", "2013-12-31": "57.52220", "2013-09-30": "57.44010", "2013-06-30": "59.15620", "2013-03-31": "59.34500", "2012-12-31": "59.06920", "2012-09-30": "59.15010", "2012-06-30": "58.87700", "2012-03-31": "58.84100", "2011-12-31": "58.21490", "2011-09-30": "58.31600", "2011-06-30": "58.05300", "2011-03-31": "57.88600", "2010-12-31": "59.01600", "2010-09-30": "59.01500", "2010-06-30": "59.78600", "2010-03-31": "59.38300", "2009-12-31": "58.34800", "2009-09-30": "58.56010", "2009-06-30": "58.13100", "2009-03-31": "57.75000", "2008-12-31": "58.27600", "2008-09-30": "57.96390", "2008-06-30": "58.16400", "2008-03-31": "59.30600", "2007-12-31": "57.87120", "2007-09-30": "59.97500", "2007-06-30": "57.83800", "2007-03-31": "61.21100", "2006-12-31": "61.24700", "2006-09-30": "61.09400", "2006-06-30": "61.18300", "2006-03-31": "61.13500", "2005-12-31": "60.75300", "2005-09-30": "60.93200", "2005-06-30": "60.64300", "2005-03-31": "60.36200"}, "Basic EPS": {"2020-09-30": "1.86000", "2020-06-30": "0.19000", "2020-03-31": "-1.82000", "2019-12-31": "2.81000", "2019-09-30": "1.35000", "2019-06-30": "0.97000", "2019-03-31": "0.76000", "2018-12-31": "2.81000", "2018-09-30": "1.55000", "2018-06-30": "0.80000", "2018-03-31": "0.90000", "2017-12-31": "2.84000", "2017-09-30": "1.73000", "2017-06-30": "0.78000", "2017-03-31": "0.96000", "2016-12-31": "1.73000", "2016-09-30": "1.62000", "2016-06-30": "0.72000", "2016-03-31": "1.05000", "2015-12-31": "1.40000", "2015-09-30": "1.52000", "2015-06-30": "0.69000", "2015-03-31": "0.94000", "2014-12-31": "1.29000", "2014-09-30": "1.24000", "2014-06-30": "0.48000", "2014-03-31": "0.64000", "2013-12-31": "0.77000", "2013-09-30": "0.98000", "2013-06-30": "0.33000", "2013-03-31": "0.70000", "2012-12-31": "0.82000", "2012-09-30": "1.01000", "2012-06-30": "0.35000", "2012-03-31": "0.55000", "2011-12-31": "0.59000", "2011-09-30": "0.59000", "2011-06-30": "0.22000", "2011-03-31": "0.56000", "2010-12-31": "0.61000", "2010-09-30": "0.84000", "2010-06-30": "0.32000", "2010-03-31": "0.73000", "2009-12-31": "0.59000", "2009-09-30": "0.86000", "2009-06-30": "0.29000", "2009-03-31": "0.29000", "2008-12-31": "0.55000", "2008-09-30": "0.57000", "2008-06-30": "0.05000", "2008-03-31": "0.20000", "2007-12-31": "0.42000", "2007-09-30": "0.60000", "2007-06-30": "-2.48000", "2007-03-31": "0.16000", "2006-12-31": "0.47000", "2006-09-30": "0.60000", "2006-06-30": "0.16000", "2006-03-31": "0.27000", "2005-12-31": "0.29500", "2005-09-30": "0.18000", "2005-06-30": "0.10000", "2005-03-31": "0.24500"}, "EPS - Earnings Per Share": {"2020-09-30": "1.85000", "2020-06-30": "0.19000", "2020-03-31": "-1.82000", "2019-12-31": "2.79000", "2019-09-30": "1.34000", "2019-06-30": "0.97000", "2019-03-31": "0.75000", "2018-12-31": "2.79000", "2018-09-30": "1.53000", "2018-06-30": "0.79000", "2018-03-31": "0.89000", "2017-12-31": "2.81000", "2017-09-30": "1.71000", "2017-06-30": "0.77000", "2017-03-31": "0.95000", "2016-12-31": "1.73000", "2016-09-30": "1.60000", "2016-06-30": "0.71000", "2016-03-31": "1.04000", "2015-12-31": "1.37000", "2015-09-30": "1.51000", "2015-06-30": "0.68000", "2015-03-31": "0.94000", "2014-12-31": "1.28000", "2014-09-30": "1.23000", "2014-06-30": "0.48000", "2014-03-31": "0.63000", "2013-12-31": "0.76000", "2013-09-30": "0.97000", "2013-06-30": "0.33000", "2013-03-31": "0.69000", "2012-12-31": "0.81000", "2012-09-30": "0.99000", "2012-06-30": "0.35000", "2012-03-31": "0.54000", "2011-12-31": "0.59000", "2011-09-30": "0.58000", "2011-06-30": "0.22000", "2011-03-31": "0.55000", "2010-12-31": "0.60000", "2010-09-30": "0.83000", "2010-06-30": "0.32000", "2010-03-31": "0.71000", "2009-12-31": "0.57000", "2009-09-30": "0.84000", "2009-06-30": "0.28000", "2009-03-31": "0.28000", "2008-12-31": "0.54000", "2008-09-30": "0.55000", "2008-06-30": "0.05000", "2008-03-31": "0.19000", "2007-12-31": "0.44000", "2007-09-30": "0.58000", "2007-06-30": "-2.48000", "2007-03-31": "0.16000", "2006-12-31": "0.44000", "2006-09-30": "0.57000", "2006-06-30": "0.15000", "2006-03-31": "0.26000", "2005-12-31": "0.29000", "2005-09-30": "0.17000", "2005-06-30": "0.09000", "2005-03-31": "0.23000"}}, "balance sheet": {"Cash On Hand": {"2019-12-31": "214.31100", "2018-12-31": "170.07700", "2017-12-31": "178.49400", "2016-12-31": "299.35800", "2015-12-31": "381.20900", "2014-12-31": "340.63800", "2013-12-31": "286.54600", "2012-12-31": "382.23600", "2011-12-31": "233.49400", "2010-12-31": "247.38200", "2009-12-31": "335.04100", "2008-12-31": "162.34900", "2007-12-31": "49.01200", "2006-12-31": "68.54500", "2005-12-31": "84.27600"}, "Receivables": {"2019-12-31": "251.00500", "2018-12-31": "258.25900", "2017-12-31": "240.56100", "2016-12-31": "202.47100", "2015-12-31": "207.57000", "2014-12-31": "184.56300", "2013-12-31": "193.61100", "2012-12-31": "168.04600", "2011-12-31": "157.75400", "2010-12-31": "121.45300", "2009-12-31": "82.09400", "2008-12-31": "85.45200", "2007-12-31": "119.70700", "2006-12-31": "110.61500", "2005-12-31": "96.14400"}, "Inventory": {"2019-12-31": "593.98700", "2018-12-31": "574.22600", "2017-12-31": "548.72200", "2016-12-31": "487.59100", "2015-12-31": "469.93400", "2014-12-31": "444.84400", "2013-12-31": "417.75400", "2012-12-31": "349.53000", "2011-12-31": "347.21500", "2010-12-31": "298.50900", "2009-12-31": "214.00000", "2008-12-31": "203.48600", "2007-12-31": "225.49400", "2006-12-31": "193.58800", "2005-12-31": "188.45400"}, "Pre-Paid Expenses": {"2019-12-31": "48.45400", "2018-12-31": "40.39600", "2017-12-31": "52.93500", "2016-12-31": "32.18000", "2015-12-31": "37.81500", "2014-12-31": "34.78800", "2013-12-31": "35.15700", "2012-12-31": "22.21600", "2011-12-31": "18.51900", "2010-12-31": "17.37200", "2009-12-31": "11.11400", "2008-12-31": "13.21400", "2007-12-31": "15.20200", "2006-12-31": "7.29600", "2005-12-31": "6.26200"}, "Other Current Assets": {"2019-12-31": "", "2018-12-31": "", "2017-12-31": "", "2016-12-31": "", "2015-12-31": "", "2014-12-31": "", "2013-12-31": "", "2012-12-31": "", "2011-12-31": "", "2010-12-31": "", "2009-12-31": "", "2008-12-31": "", "2007-12-31": "", "2006-12-31": "", "2005-12-31": ""}, "Total Current Assets": {"2019-12-31": "1107.75700", "2018-12-31": "1042.95800", "2017-12-31": "1020.71200", "2016-12-31": "1057.08600", "2015-12-31": "1130.60800", "2014-12-31": "1041.45800", "2013-12-31": "970.38100", "2012-12-31": "957.70300", "2011-12-31": "782.14700", "2010-12-31": "716.26300", "2009-12-31": "675.66800", "2008-12-31": "500.04600", "2007-12-31": "433.64900", "2006-12-31": "402.42100", "2005-12-31": "399.04500"}, "Property, Plant, And Equipment": {"2019-12-31": "320.16800", "2018-12-31": "350.43700", "2017-12-31": "377.92400", "2016-12-31": "385.87400", "2015-12-31": "371.70400", "2014-12-31": "333.09700", "2013-12-31": "307.88500", "2012-12-31": "170.11000", "2011-12-31": "122.34600", "2010-12-31": "94.96800", "2009-12-31": "86.07700", "2008-12-31": "86.22900", "2007-12-31": "75.05300", "2006-12-31": "87.94000", "2005-12-31": "79.45800"}, "Long-Term Investments": {"2019-12-31": "", "2018-12-31": "", "2017-12-31": "", "2016-12-31": "", "2015-12-31": "", "2014-12-31": "", "2013-12-31": "", "2012-12-31": "", "2011-12-31": "", "2010-12-31": "", "2009-12-31": "", "2008-12-31": "", "2007-12-31": "", "2006-12-31": "", "2005-12-31": ""}, "Goodwill And Intangible Assets": {"2019-12-31": "604.79400", "2018-12-31": "637.30400", "2017-12-31": "643.97100", "2016-12-31": "484.93700", "2015-12-31": "485.72200", "2014-12-31": "499.27200", "2013-12-31": "516.33500", "2012-12-31": "495.82100", "2011-12-31": "495.11300", "2010-12-31": "442.30300", "2009-12-31": "444.08000", "2008-12-31": "447.56300", "2007-12-31": "453.71800", "2006-12-31": "614.88400", "2005-12-31": "623.55500"}, "Other Long-Term Assets": {"2019-12-31": "33.37400", "2018-12-31": "28.15900", "2017-12-31": "28.43500", "2016-12-31": "18.70000", "2015-12-31": "15.62000", "2014-12-31": "12.59200", "2013-12-31": "9.79500", "2012-12-31": "3.59700", "2011-12-31": "0.47900", "2010-12-31": "0.31600", "2009-12-31": "0.30500", "2008-12-31": "0.57600", "2007-12-31": "7.50500", "2006-12-31": "12.04300", "2005-12-31": "6.41200"}, "Total Long-Term Assets": {"2019-12-31": "1645.36000", "2018-12-31": "1015.90000", "2017-12-31": "1050.33000", "2016-12-31": "889.51100", "2015-12-31": "873.04600", "2014-12-31": "851.63800", "2013-12-31": "842.10300", "2012-12-31": "672.40590", "2011-12-31": "620.56200", "2010-12-31": "540.91890", "2009-12-31": "532.93100", "2008-12-31": "537.96600", "2007-12-31": "541.01900", "2006-12-31": "720.77010", "2005-12-31": "717.68200"}, "Total Assets": {"2019-12-31": "2753.11700", "2018-12-31": "2058.85800", "2017-12-31": "2071.04200", "2016-12-31": "1946.59700", "2015-12-31": "2003.65400", "2014-12-31": "1893.09600", "2013-12-31": "1812.48400", "2012-12-31": "1630.10900", "2011-12-31": "1402.70900", "2010-12-31": "1257.18200", "2009-12-31": "1208.59900", "2008-12-31": "1038.01200", "2007-12-31": "974.66800", "2006-12-31": "1123.19100", "2005-12-31": "1116.72700"}, "Total Current Liabilities": {"2019-12-31": "475.50000", "2018-12-31": "327.42100", "2017-12-31": "331.24800", "2016-12-31": "277.60900", "2015-12-31": "262.71800", "2014-12-31": "247.97100", "2013-12-31": "269.13900", "2012-12-31": "244.23500", "2011-12-31": "152.75300", "2010-12-31": "183.37200", "2009-12-31": "170.61700", "2008-12-31": "140.12700", "2007-12-31": "106.75800", "2006-12-31": "136.51700", "2005-12-31": "156.60300"}, "Long Term Debt": {"2019-12-31": "594.67190", "2018-12-31": "593.26400", "2017-12-31": "617.30600", "2016-12-31": "580.37600", "2015-12-31": "578.97200", "2014-12-31": "586.00000", "2013-12-31": "586.00000", "2012-12-31": "186.00000", "2011-12-31": "236.00000", "2010-12-31": "236.00000", "2009-12-31": "331.02000", "2008-12-31": "334.52300", "2007-12-31": "338.02600", "2006-12-31": "342.40500", "2005-12-31": "426.79100"}, "Other Non-Current Liabilities": {"2019-12-31": "64.07300", "2018-12-31": "181.39300", "2017-12-31": "180.12800", "2016-12-31": "169.83200", "2015-12-31": "158.07500", "2014-12-31": "150.90500", "2013-12-31": "135.18000", "2012-12-31": "100.05400", "2011-12-31": "93.82600", "2010-12-31": "44.05700", "2009-12-31": "40.26200", "2008-12-31": "40.82200", "2007-12-31": "34.04900", "2006-12-31": "22.99400", "2005-12-31": "22.25000"}, "Total Long Term Liabilities": {"2019-12-31": "1397.48700", "2018-12-31": "862.00400", "2017-12-31": "882.37800", "2016-12-31": "880.86400", "2015-12-31": "865.88500", "2014-12-31": "858.44100", "2013-12-31": "842.61400", "2012-12-31": "400.39500", "2011-12-31": "444.24700", "2010-12-31": "393.87400", "2009-12-31": "481.95800", "2008-12-31": "484.33400", "2007-12-31": "485.78100", "2006-12-31": "491.18300", "2005-12-31": "573.48000"}, "Total Liabilities": {"2019-12-31": "1872.98700", "2018-12-31": "1189.42500", "2017-12-31": "1213.62600", "2016-12-31": "1158.47300", "2015-12-31": "1128.60300", "2014-12-31": "1106.41200", "2013-12-31": "1111.75300", "2012-12-31": "644.63000", "2011-12-31": "597.00000", "2010-12-31": "577.24600", "2009-12-31": "652.57500", "2008-12-31": "624.46100", "2007-12-31": "592.53900", "2006-12-31": "627.70000", "2005-12-31": "730.08300"}, "Common Stock Net": {"2019-12-31": "0.44000", "2018-12-31": "0.45600", "2017-12-31": "0.47200", "2016-12-31": "0.48900", "2015-12-31": "0.51800", "2014-12-31": "0.52700", "2013-12-31": "0.54500", "2012-12-31": "0.59100", "2011-12-31": "0.58600", "2010-12-31": "0.57500", "2009-12-31": "0.58100", "2008-12-31": "0.56300", "2007-12-31": "0.57600", "2006-12-31": "0.58900", "2005-12-31": "0.28900"}, "Retained Earnings (Accumulated Deficit)": {"2019-12-31": "915.32400", "2018-12-31": "909.81600", "2017-12-31": "886.03700", "2016-12-31": "822.37500", "2015-12-31": "910.90000", "2014-12-31": "809.19400", "2013-12-31": "705.93600", "2012-12-31": "745.81700", "2011-12-31": "584.66700", "2010-12-31": "470.65100", "2009-12-31": "324.17900", "2008-12-31": "208.53900", "2007-12-31": "146.52600", "2006-12-31": "214.55600", "2005-12-31": "127.33600"}, "Comprehensive Income": {"2019-12-31": "-35.63400", "2018-12-31": "-40.83900", "2017-12-31": "-29.09300", "2016-12-31": "-34.74000", "2015-12-31": "-36.36700", "2014-12-31": "-23.03700", "2013-12-31": "-10.08200", "2012-12-31": "-11.20500", "2011-12-31": "-11.28200", "2010-12-31": "-1.89000", "2009-12-31": "-4.06600", "2008-12-31": "-7.31800", "2007-12-31": "2.67100", "2006-12-31": "5.30100", "2005-12-31": "1.35400"}, "Other Share Holders Equity": {"2019-12-31": "", "2018-12-31": "", "2017-12-31": "", "2016-12-31": "", "2015-12-31": "", "2014-12-31": "", "2013-12-31": "", "2012-12-31": "", "2011-12-31": "", "2010-12-31": "", "2009-12-31": "", "2008-12-31": "", "2007-12-31": "", "2006-12-31": "", "2005-12-31": ""}, "Share Holder Equity": {"2019-12-31": "880.13000", "2018-12-31": "869.43300", "2017-12-31": "857.41600", "2016-12-31": "788.12400", "2015-12-31": "875.05100", "2014-12-31": "786.68400", "2013-12-31": "700.73100", "2012-12-31": "985.47900", "2011-12-31": "805.70900", "2010-12-31": "679.93600", "2009-12-31": "556.02400", "2008-12-31": "413.55100", "2007-12-31": "382.12900", "2006-12-31": "495.49100", "2005-12-31": "386.64400"}, "Total Liabilities And Share Holders Equity": {"2019-12-31": "2753.11700", "2018-12-31": "2058.85800", "2017-12-31": "2071.04200", "2016-12-31": "1946.59700", "2015-12-31": "2003.65400", "2014-12-31": "1893.09600", "2013-12-31": "1812.48400", "2012-12-31": "1630.10900", "2011-12-31": "1402.70900", "2010-12-31": "1257.18200", "2009-12-31": "1208.59900", "2008-12-31": "1038.01200", "2007-12-31": "974.66800", "2006-12-31": "1123.19100", "2005-12-31": "1116.72700"}}, "balance sheet, quarterly": {"Cash On Hand": {"2020-09-30": "831.17500", "2020-06-30": "1000.58100", "2020-03-31": "759.10000", "2019-12-31": "214.31100", "2019-09-30": "153.93600", "2019-06-30": "118.45800", "2019-03-31": "160.14900", "2018-12-31": "170.07700", "2018-09-30": "123.89800", "2018-06-30": "183.20200", "2018-03-31": "180.25600", "2017-12-31": "178.49400", "2017-09-30": "105.37000", "2017-06-30": "173.56400", "2017-03-31": "154.27800", "2016-12-31": "299.35800", "2016-09-30": "140.62600", "2016-06-30": "205.08000", "2016-03-31": "395.14100", "2015-12-31": "381.20900", "2015-09-30": "288.26000", "2015-06-30": "244.30100", "2015-03-31": "377.40000", "2014-12-31": "340.63800", "2014-09-30": "133.64600", "2014-06-30": "207.92000", "2014-03-31": "277.23600", "2013-12-31": "286.54600", "2013-09-30": "201.81900", "2013-06-30": "312.13200", "2013-03-31": "397.56300", "2012-12-31": "382.23600", "2012-09-30": "254.32100", "2012-06-30": "237.62900", "2012-03-31": "300.53500", "2011-12-31": "233.49400", "2011-09-30": "81.63400", "2011-06-30": "86.72500", "2011-03-31": "248.87100", "2010-12-31": "247.38200", "2010-09-30": "182.32900", "2010-06-30": "245.01300", "2010-03-31": "365.86500", "2009-12-31": "335.04100", "2009-09-30": "214.33900", "2009-06-30": "173.81200", "2009-03-31": "186.83400", "2008-12-31": "162.34900", "2008-09-30": "59.66000", "2008-06-30": "45.22300", "2008-03-31": "65.54600", "2007-12-31": "49.01200", "2007-09-30": "9.25400", "2007-06-30": "19.84800", "2007-03-31": "41.75000", "2006-12-31": "68.54500", "2006-09-30": "29.95600", "2006-06-30": "41.62400", "2006-03-31": "59.66200", "2005-12-31": "84.27600", "2005-09-30": "29.17300", "2005-06-30": "15.37600", "2005-03-31": "36.54800"}, "Receivables": {"2020-09-30": "263.23100", "2020-06-30": "165.57800", "2020-03-31": "221.88400", "2019-12-31": "251.00500", "2019-09-30": "293.20300", "2019-06-30": "168.17600", "2019-03-31": "239.23900", "2018-12-31": "258.25900", "2018-09-30": "293.48900", "2018-06-30": "152.51700", "2018-03-31": "221.18600", "2017-12-31": "240.56100", "2017-09-30": "285.65100", "2017-06-30": "165.18300", "2017-03-31": "206.70700", "2016-12-31": "202.47100", "2016-09-30": "271.20700", "2016-06-30": "150.63300", "2016-03-31": "192.56900", "2015-12-31": "207.57000", "2015-09-30": "246.56500", "2015-06-30": "157.14500", "2015-03-31": "195.59300", "2014-12-31": "184.56300", "2014-09-30": "232.47800", "2014-06-30": "133.88500", "2014-03-31": "205.16600", "2013-12-31": "193.61100", "2013-09-30": "245.61000", "2013-06-30": "133.27700", "2013-03-31": "178.36000", "2012-12-31": "168.04600", "2012-09-30": "200.15600", "2012-06-30": "131.88800", "2012-03-31": "178.66800", "2011-12-31": "157.75400", "2011-09-30": "214.55800", "2011-06-30": "124.66700", "2011-03-31": "160.05700", "2010-12-31": "121.45300", "2010-09-30": "171.50100", "2010-06-30": "99.52600", "2010-03-31": "118.88800", "2009-12-31": "82.09400", "2009-09-30": "127.87900", "2009-06-30": "96.86400", "2009-03-31": "112.93100", "2008-12-31": "85.45200", "2008-09-30": "160.09400", "2008-06-30": "102.59300", "2008-03-31": "128.50100", "2007-12-31": "119.70700", "2007-09-30": "160.06900", "2007-06-30": "104.53400", "2007-03-31": "116.86400", "2006-12-31": "110.61500", "2006-09-30": "150.83500", "2006-06-30": "103.15100", "2006-03-31": "108.01400", "2005-12-31": "96.14400", "2005-09-30": "132.70800", "2005-06-30": "82.00500", "2005-03-31": "75.80600"}, "Inventory": {"2020-09-30": "646.60800", "2020-06-30": "672.20500", "2020-03-31": "565.93200", "2019-12-31": "593.98700", "2019-09-30": "723.24200", "2019-06-30": "697.55900", "2019-03-31": "519.75200", "2018-12-31": "574.22600", "2018-09-30": "692.98500", "2018-06-30": "663.26300", "2018-03-31": "479.34400", "2017-12-31": "548.72200", "2017-09-30": "609.99600", "2017-06-30": "610.42300", "2017-03-31": "434.71200", "2016-12-31": "487.59100", "2016-09-30": "552.72600", "2016-06-30": "587.43400", "2016-03-31": "376.49900", "2015-12-31": "469.93400", "2015-09-30": "511.52000", "2015-06-30": "544.25600", "2015-03-31": "358.01400", "2014-12-31": "444.84400", "2014-09-30": "519.41600", "2014-06-30": "538.23300", "2014-03-31": "363.01800", "2013-12-31": "417.75400", "2013-09-30": "440.44600", "2013-06-30": "429.22300", "2013-03-31": "284.52500", "2012-12-31": "349.53000", "2012-09-30": "375.10200", "2012-06-30": "377.85700", "2012-03-31": "265.69100", "2011-12-31": "347.21500", "2011-09-30": "385.96000", "2011-06-30": "458.11400", "2011-03-31": "217.45800", "2010-12-31": "298.50900", "2010-09-30": "263.78200", "2010-06-30": "260.66000", "2010-03-31": "143.12500", "2009-12-31": "214.00000", "2009-09-30": "223.51000", "2009-06-30": "256.15100", "2009-03-31": "153.94100", "2008-12-31": "203.48600", "2008-09-30": "214.35900", "2008-06-30": "250.81700", "2008-03-31": "174.23200", "2007-12-31": "225.49400", "2007-09-30": "246.52900", "2007-06-30": "231.58800", "2007-03-31": "159.57400", "2006-12-31": "193.58800", "2006-09-30": "199.84900", "2006-06-30": "190.52400", "2006-03-31": "154.34100", "2005-12-31": "188.45400", "2005-09-30": "209.89500", "2005-06-30": "139.64400", "2005-03-31": "106.84200"}, "Pre-Paid Expenses": {"2020-09-30": "56.49300", "2020-06-30": "51.18000", "2020-03-31": "43.34900", "2019-12-31": "48.45400", "2019-09-30": "53.26400", "2019-06-30": "56.81300", "2019-03-31": "51.88700", "2018-12-31": "40.39600", "2018-09-30": "57.00000", "2018-06-30": "51.95500", "2018-03-31": "54.29700", "2017-12-31": "52.93500", "2017-09-30": "50.95600", "2017-06-30": "46.40200", "2017-03-31": "48.39600", "2016-12-31": "32.18000", "2016-09-30": "43.15500", "2016-06-30": "46.18900", "2016-03-31": "36.79100", "2015-12-31": "37.81500", "2015-09-30": "36.41400", "2015-06-30": "47.63900", "2015-03-31": "33.89400", "2014-12-31": "34.78800", "2014-09-30": "31.25800", "2014-06-30": "43.68400", "2014-03-31": "26.36200", "2013-12-31": "35.15700", "2013-09-30": "22.87200", "2013-06-30": "48.62100", "2013-03-31": "21.61200", "2012-12-31": "22.21600", "2012-09-30": "16.91300", "2012-06-30": "27.48500", "2012-03-31": "16.42500", "2011-12-31": "18.51900", "2011-09-30": "16.41200", "2011-06-30": "16.68900", "2011-03-31": "19.65000", "2010-12-31": "17.37200", "2010-09-30": "12.36900", "2010-06-30": "11.58300", "2010-03-31": "10.43900", "2009-12-31": "11.11400", "2009-09-30": "11.84500", "2009-06-30": "13.53800", "2009-03-31": "13.97400", "2008-12-31": "13.21400", "2008-09-30": "12.66700", "2008-06-30": "15.46400", "2008-03-31": "10.28500", "2007-12-31": "15.20200", "2007-09-30": "13.38500", "2007-06-30": "15.00000", "2007-03-31": "11.91900", "2006-12-31": "7.29600", "2006-09-30": "9.69600", "2006-06-30": "8.41300", "2006-03-31": "8.74100", "2005-12-31": "6.26200", "2005-09-30": "8.42600", "2005-06-30": "5.36400", "2005-03-31": "5.64700"}, "Other Current Assets": {"2020-09-30": "", "2020-06-30": "", "2020-03-31": "", "2019-12-31": "", "2019-09-30": "", "2019-06-30": "", "2019-03-31": "", "2018-12-31": "", "2018-09-30": "", "2018-06-30": "", "2018-03-31": "", "2017-12-31": "", "2017-09-30": "", "2017-06-30": "", "2017-03-31": "", "2016-12-31": "", "2016-09-30": "", "2016-06-30": "", "2016-03-31": "", "2015-12-31": "", "2015-09-30": "", "2015-06-30": "", "2015-03-31": "", "2014-12-31": "", "2014-09-30": "", "2014-06-30": "", "2014-03-31": "", "2013-12-31": "", "2013-09-30": "", "2013-06-30": "", "2013-03-31": "", "2012-12-31": "", "2012-09-30": "", "2012-06-30": "", "2012-03-31": "", "2011-12-31": "", "2011-09-30": "", "2011-06-30": "", "2011-03-31": "", "2010-12-31": "", "2010-09-30": "", "2010-06-30": "", "2010-03-31": "", "2009-12-31": "", "2009-09-30": "", "2009-06-30": "", "2009-03-31": "", "2008-12-31": "", "2008-09-30": "3.50000", "2008-06-30": "6.10900", "2008-03-31": "6.10900", "2007-12-31": "", "2007-09-30": "6.10900", "2007-06-30": "6.10900", "2007-03-31": "", "2006-12-31": "", "2006-09-30": "", "2006-06-30": "", "2006-03-31": "", "2005-12-31": "", "2005-09-30": "", "2005-06-30": "", "2005-03-31": ""}, "Total Current Assets": {"2020-09-30": "1797.50700", "2020-06-30": "1889.54400", "2020-03-31": "1590.26500", "2019-12-31": "1107.75700", "2019-09-30": "1223.64500", "2019-06-30": "1041.00600", "2019-03-31": "971.02700", "2018-12-31": "1042.95800", "2018-09-30": "1167.37200", "2018-06-30": "1050.93700", "2018-03-31": "935.08300", "2017-12-31": "1020.71200", "2017-09-30": "1051.97300", "2017-06-30": "995.57200", "2017-03-31": "844.09300", "2016-12-31": "1057.08600", "2016-09-30": "1045.31400", "2016-06-30": "1022.15200", "2016-03-31": "1032.84100", "2015-12-31": "1130.60800", "2015-09-30": "1117.65400", "2015-06-30": "1025.21200", "2015-03-31": "997.74300", "2014-12-31": "1041.45800", "2014-09-30": "955.36700", "2014-06-30": "960.25600", "2014-03-31": "909.12500", "2013-12-31": "970.38100", "2013-09-30": "944.20300", "2013-06-30": "956.20100", "2013-03-31": "913.76800", "2012-12-31": "957.70300", "2012-09-30": "876.47600", "2012-06-30": "798.69700", "2012-03-31": "785.43300", "2011-12-31": "782.14700", "2011-09-30": "722.94800", "2011-06-30": "709.88200", "2011-03-31": "672.70300", "2010-12-31": "716.26300", "2010-09-30": "655.68200", "2010-06-30": "642.50800", "2010-03-31": "664.66900", "2009-12-31": "675.66800", "2009-09-30": "609.57800", "2009-06-30": "566.07700", "2009-03-31": "496.27700", "2008-12-31": "500.04600", "2008-09-30": "475.20100", "2008-06-30": "443.93300", "2008-03-31": "409.96600", "2007-12-31": "433.64900", "2007-09-30": "456.07500", "2007-06-30": "396.16600", "2007-03-31": "349.01200", "2006-12-31": "402.42100", "2006-09-30": "410.07500", "2006-06-30": "362.50700", "2006-03-31": "352.57600", "2005-12-31": "399.04500", "2005-09-30": "404.56300", "2005-06-30": "255.25500", "2005-03-31": "235.79300"}, "Property, Plant, And Equipment": {"2020-09-30": "274.57400", "2020-06-30": "287.94100", "2020-03-31": "303.91900", "2019-12-31": "320.16800", "2019-09-30": "330.37100", "2019-06-30": "333.60000", "2019-03-31": "337.47500", "2018-12-31": "350.43700", "2018-09-30": "360.71800", "2018-06-30": "364.22300", "2018-03-31": "369.06400", "2017-12-31": "377.92400", "2017-09-30": "382.01400", "2017-06-30": "382.47200", "2017-03-31": "386.27500", "2016-12-31": "385.87400", "2016-09-30": "388.44000", "2016-06-30": "386.03400", "2016-03-31": "377.27300", "2015-12-31": "371.70400", "2015-09-30": "361.30500", "2015-06-30": "353.13800", "2015-03-31": "341.65800", "2014-12-31": "333.09700", "2014-09-30": "332.87500", "2014-06-30": "325.67500", "2014-03-31": "316.78600", "2013-12-31": "307.88500", "2013-09-30": "256.22500", "2013-06-30": "208.09400", "2013-03-31": "182.19300", "2012-12-31": "170.11000", "2012-09-30": "153.33000", "2012-06-30": "139.59200", "2012-03-31": "127.73600", "2011-12-31": "122.34600", "2011-09-30": "111.83000", "2011-06-30": "101.79600", "2011-03-31": "92.55300", "2010-12-31": "94.96800", "2010-09-30": "92.55800", "2010-06-30": "90.37400", "2010-03-31": "85.78300", "2009-12-31": "86.07700", "2009-09-30": "84.43000", "2009-06-30": "83.67700", "2009-03-31": "84.80900", "2008-12-31": "86.22900", "2008-09-30": "76.37700", "2008-06-30": "70.01400", "2008-03-31": "71.55700", "2007-12-31": "75.05300", "2007-09-30": "72.82900", "2007-06-30": "72.69300", "2007-03-31": "80.97200", "2006-12-31": "87.94000", "2006-09-30": "79.86300", "2006-06-30": "76.19200", "2006-03-31": "76.16600", "2005-12-31": "79.45800", "2005-09-30": "74.95200", "2005-06-30": "49.61200", "2005-03-31": "51.15500"}, "Long-Term Investments": {"2020-09-30": "", "2020-06-30": "", "2020-03-31": "", "2019-12-31": "", "2019-09-30": "", "2019-06-30": "", "2019-03-31": "", "2018-12-31": "", "2018-09-30": "", "2018-06-30": "", "2018-03-31": "", "2017-12-31": "", "2017-09-30": "", "2017-06-30": "", "2017-03-31": "", "2016-12-31": "", "2016-09-30": "", "2016-06-30": "", "2016-03-31": "", "2015-12-31": "", "2015-09-30": "", "2015-06-30": "", "2015-03-31": "", "2014-12-31": "", "2014-09-30": "", "2014-06-30": "", "2014-03-31": "", "2013-12-31": "", "2013-09-30": "", "2013-06-30": "", "2013-03-31": "", "2012-12-31": "", "2012-09-30": "", "2012-06-30": "", "2012-03-31": "", "2011-12-31": "", "2011-09-30": "", "2011-06-30": "", "2011-03-31": "", "2010-12-31": "", "2010-09-30": "", "2010-06-30": "", "2010-03-31": "", "2009-12-31": "", "2009-09-30": "", "2009-06-30": "", "2009-03-31": "", "2008-12-31": "", "2008-09-30": "", "2008-06-30": "", "2008-03-31": "", "2007-12-31": "", "2007-09-30": "", "2007-06-30": "", "2007-03-31": "", "2006-12-31": "", "2006-09-30": "", "2006-06-30": "", "2006-03-31": "", "2005-12-31": "", "2005-09-30": "", "2005-06-30": "", "2005-03-31": ""}, "Goodwill And Intangible Assets": {"2020-09-30": "555.60900", "2020-06-30": "555.54000", "2020-03-31": "555.58500", "2019-12-31": "604.79400", "2019-09-30": "604.83000", "2019-06-30": "637.25200", "2019-03-31": "637.31800", "2018-12-31": "637.30400", "2018-09-30": "640.89000", "2018-06-30": "640.59400", "2018-03-31": "642.88300", "2017-12-31": "643.97100", "2017-09-30": "646.41000", "2017-06-30": "632.44400", "2017-03-31": "634.30400", "2016-12-31": "484.93700", "2016-09-30": "485.92900", "2016-06-30": "486.55700", "2016-03-31": "487.09100", "2015-12-31": "485.72200", "2015-09-30": "488.47500", "2015-06-30": "491.58900", "2015-03-31": "493.81400", "2014-12-31": "499.27200", "2014-09-30": "500.24200", "2014-06-30": "504.51900", "2014-03-31": "508.57100", "2013-12-31": "516.33500", "2013-09-30": "524.60200", "2013-06-30": "529.84000", "2013-03-31": "494.70500", "2012-12-31": "495.82100", "2012-09-30": "496.64200", "2012-06-30": "494.87000", "2012-03-31": "496.04900", "2011-12-31": "495.11300", "2011-09-30": "493.03800", "2011-06-30": "497.71700", "2011-03-31": "442.30300", "2010-12-31": "442.30300", "2010-09-30": "442.30300", "2010-06-30": "442.44000", "2010-03-31": "443.26000", "2009-12-31": "444.08000", "2009-09-30": "444.90000", "2009-06-30": "445.73500", "2009-03-31": "446.64900", "2008-12-31": "447.56300", "2008-09-30": "448.47700", "2008-06-30": "450.39000", "2008-03-31": "451.30400", "2007-12-31": "453.71800", "2007-09-30": "454.63200", "2007-06-30": "457.57000", "2007-03-31": "613.82000", "2006-12-31": "614.88400", "2006-09-30": "615.94800", "2006-06-30": "620.37700", "2006-03-31": "621.71300", "2005-12-31": "623.55500", "2005-09-30": "627.87800", "2005-06-30": "359.51500", "2005-03-31": "359.51500"}, "Other Long-Term Assets": {"2020-09-30": "34.87400", "2020-06-30": "31.10400", "2020-03-31": "30.43500", "2019-12-31": "33.37400", "2019-09-30": "31.21100", "2019-06-30": "29.67100", "2019-03-31": "29.57000", "2018-12-31": "28.15900", "2018-09-30": "28.96600", "2018-06-30": "27.77500", "2018-03-31": "28.17600", "2017-12-31": "28.43500", "2017-09-30": "26.53900", "2017-06-30": "23.24600", "2017-03-31": "23.03400", "2016-12-31": "18.70000", "2016-09-30": "18.02200", "2016-06-30": "17.74900", "2016-03-31": "15.25800", "2015-12-31": "15.62000", "2015-09-30": "14.94000", "2015-06-30": "13.75900", "2015-03-31": "13.89800", "2014-12-31": "12.59200", "2014-09-30": "11.21400", "2014-06-30": "11.30500", "2014-03-31": "10.10900", "2013-12-31": "9.79500", "2013-09-30": "4.56600", "2013-06-30": "5.13000", "2013-03-31": "4.33300", "2012-12-31": "3.59700", "2012-09-30": "3.26800", "2012-06-30": "0.43600", "2012-03-31": "0.39900", "2011-12-31": "0.47900", "2011-09-30": "0.49900", "2011-06-30": "0.44500", "2011-03-31": "0.32200", "2010-12-31": "0.31600", "2010-09-30": "0.30500", "2010-06-30": "0.29200", "2010-03-31": "0.30700", "2009-12-31": "0.30500", "2009-09-30": "0.40500", "2009-06-30": "0.29300", "2009-03-31": "0.46900", "2008-12-31": "0.57600", "2008-09-30": "8.31000", "2008-06-30": "8.02100", "2008-03-31": "7.76100", "2007-12-31": "7.50500", "2007-09-30": "9.03500", "2007-06-30": "10.48600", "2007-03-31": "11.57500", "2006-12-31": "12.04300", "2006-09-30": "6.41200", "2006-06-30": "9.16400", "2006-03-31": "7.65600", "2005-12-31": "6.41200", "2005-09-30": "5.81800", "2005-06-30": "3.07000", "2005-03-31": "2.26000"}, "Total Long-Term Assets": {"2020-09-30": "1484.11400", "2020-06-30": "1523.09000", "2020-03-31": "1563.24000", "2019-12-31": "1645.36000", "2019-09-30": "1675.93500", "2019-06-30": "1706.15400", "2019-03-31": "1708.91700", "2018-12-31": "1015.90000", "2018-09-30": "1030.57400", "2018-06-30": "1032.59200", "2018-03-31": "1040.12300", "2017-12-31": "1050.33000", "2017-09-30": "1054.96300", "2017-06-30": "1038.16200", "2017-03-31": "1043.61300", "2016-12-31": "889.51100", "2016-09-30": "892.39100", "2016-06-30": "890.34000", "2016-03-31": "879.62200", "2015-12-31": "873.04600", "2015-09-30": "864.72000", "2015-06-30": "858.48600", "2015-03-31": "849.36990", "2014-12-31": "851.63800", "2014-09-30": "851.37400", "2014-06-30": "848.90590", "2014-03-31": "843.22410", "2013-12-31": "842.10300", "2013-09-30": "793.35400", "2013-06-30": "745.55000", "2013-03-31": "683.91300", "2012-12-31": "672.40590", "2012-09-30": "656.31400", "2012-06-30": "637.16800", "2012-03-31": "626.63100", "2011-12-31": "620.56200", "2011-09-30": "608.16810", "2011-06-30": "602.93600", "2011-03-31": "538.33310", "2010-12-31": "540.91890", "2010-09-30": "536.40300", "2010-06-30": "534.56500", "2010-03-31": "531.53910", "2009-12-31": "532.93100", "2009-09-30": "532.48500", "2009-06-30": "532.73600", "2009-03-31": "535.24100", "2008-12-31": "537.96600", "2008-09-30": "537.05600", "2008-06-30": "532.60100", "2008-03-31": "535.08500", "2007-12-31": "541.01900", "2007-09-30": "541.52700", "2007-06-30": "546.06900", "2007-03-31": "711.97800", "2006-12-31": "720.77010", "2006-09-30": "709.02000", "2006-06-30": "712.85100", "2006-03-31": "713.32310", "2005-12-31": "717.68200", "2005-09-30": "717.81400", "2005-06-30": "416.99800", "2005-03-31": "418.21700"}, "Total Assets": {"2020-09-30": "3281.62100", "2020-06-30": "3412.63400", "2020-03-31": "3153.50500", "2019-12-31": "2753.11700", "2019-09-30": "2899.58000", "2019-06-30": "2747.16000", "2019-03-31": "2679.94400", "2018-12-31": "2058.85800", "2018-09-30": "2197.94600", "2018-06-30": "2083.52900", "2018-03-31": "1975.20600", "2017-12-31": "2071.04200", "2017-09-30": "2106.93600", "2017-06-30": "2033.73400", "2017-03-31": "1887.70600", "2016-12-31": "1946.59700", "2016-09-30": "1937.70500", "2016-06-30": "1912.49200", "2016-03-31": "1912.46300", "2015-12-31": "2003.65400", "2015-09-30": "1982.37400", "2015-06-30": "1883.69800", "2015-03-31": "1847.11300", "2014-12-31": "1893.09600", "2014-09-30": "1806.74100", "2014-06-30": "1809.16200", "2014-03-31": "1752.34900", "2013-12-31": "1812.48400", "2013-09-30": "1737.55700", "2013-06-30": "1701.75100", "2013-03-31": "1597.68100", "2012-12-31": "1630.10900", "2012-09-30": "1532.79000", "2012-06-30": "1435.86500", "2012-03-31": "1412.06400", "2011-12-31": "1402.70900", "2011-09-30": "1331.11600", "2011-06-30": "1312.81800", "2011-03-31": "1211.03600", "2010-12-31": "1257.18200", "2010-09-30": "1192.08500", "2010-06-30": "1177.07300", "2010-03-31": "1196.20800", "2009-12-31": "1208.59900", "2009-09-30": "1142.06300", "2009-06-30": "1098.81300", "2009-03-31": "1031.51800", "2008-12-31": "1038.01200", "2008-09-30": "1012.25700", "2008-06-30": "976.53400", "2008-03-31": "945.05100", "2007-12-31": "974.66800", "2007-09-30": "997.60200", "2007-06-30": "942.23500", "2007-03-31": "1060.99000", "2006-12-31": "1123.19100", "2006-09-30": "1119.09500", "2006-06-30": "1075.35800", "2006-03-31": "1065.89900", "2005-12-31": "1116.72700", "2005-09-30": "1122.37700", "2005-06-30": "672.25300", "2005-03-31": "654.01000"}, "Total Current Liabilities": {"2020-09-30": "760.90600", "2020-06-30": "702.37400", "2020-03-31": "427.67500", "2019-12-31": "475.50000", "2019-09-30": "484.16800", "2019-06-30": "473.07100", "2019-03-31": "361.75400", "2018-12-31": "327.42100", "2018-09-30": "318.30600", "2018-06-30": "312.61600", "2018-03-31": "225.93600", "2017-12-31": "331.24800", "2017-09-30": "330.99200", "2017-06-30": "313.80000", "2017-03-31": "227.02000", "2016-12-31": "277.60900", "2016-09-30": "282.14500", "2016-06-30": "270.96100", "2016-03-31": "192.88100", "2015-12-31": "262.71800", "2015-09-30": "278.79300", "2015-06-30": "222.26000", "2015-03-31": "187.53600", "2014-12-31": "247.97100", "2014-09-30": "217.80200", "2014-06-30": "239.76000", "2014-03-31": "178.67400", "2013-12-31": "269.13900", "2013-09-30": "243.70700", "2013-06-30": "273.65000", "2013-03-31": "170.47400", "2012-12-31": "244.23500", "2012-09-30": "204.16300", "2012-06-30": "165.56100", "2012-03-31": "119.09400", "2011-12-31": "152.75300", "2011-09-30": "125.91700", "2011-06-30": "156.65400", "2011-03-31": "102.71700", "2010-12-31": "183.37200", "2010-09-30": "159.39200", "2010-06-30": "156.39800", "2010-03-31": "98.42200", "2009-12-31": "170.61700", "2009-09-30": "141.32000", "2009-06-30": "155.95600", "2009-03-31": "102.62900", "2008-12-31": "140.12700", "2008-09-30": "121.17700", "2008-06-30": "115.00400", "2008-03-31": "79.90100", "2007-12-31": "106.75800", "2007-09-30": "124.05200", "2007-06-30": "117.06200", "2007-03-31": "87.23900", "2006-12-31": "136.51700", "2006-09-30": "126.53000", "2006-06-30": "116.54300", "2006-03-31": "94.76400", "2005-12-31": "156.60300", "2005-09-30": "135.13100", "2005-06-30": "78.14600", "2005-03-31": "53.72100"}, "Long Term Debt": {"2020-09-30": "989.08600", "2020-06-30": "1232.64900", "2020-03-31": "1238.82200", "2019-12-31": "594.67200", "2019-09-30": "769.52500", "2019-06-30": "604.37700", "2019-03-31": "625.27800", "2018-12-31": "593.26400", "2018-09-30": "798.02000", "2018-06-30": "682.77800", "2018-03-31": "617.54100", "2017-12-31": "617.30600", "2017-09-30": "687.07400", "2017-06-30": "661.84600", "2017-03-31": "581.62100", "2016-12-31": "580.37600", "2016-09-30": "580.61300", "2016-06-30": "580.67800", "2016-03-31": "580.31900", "2015-12-31": "578.97200", "2015-09-30": "579.61200", "2015-06-30": "580.42700", "2015-03-31": "580.27300", "2014-12-31": "586.00000", "2014-09-30": "586.00000", "2014-06-30": "586.00000", "2014-03-31": "586.00000", "2013-12-31": "586.00000", "2013-09-30": "586.00000", "2013-06-30": "186.00000", "2013-03-31": "186.00000", "2012-12-31": "186.00000", "2012-09-30": "186.00000", "2012-06-30": "186.00000", "2012-03-31": "236.00000", "2011-12-31": "236.00000", "2011-09-30": "236.00000", "2011-06-30": "236.00000", "2011-03-31": "236.00000", "2010-12-31": "236.00000", "2010-09-30": "229.70900", "2010-06-30": "229.26900", "2010-03-31": "330.14500", "2009-12-31": "331.02000", "2009-09-30": "331.89600", "2009-06-30": "332.77200", "2009-03-31": "333.64800", "2008-12-31": "334.52300", "2008-09-30": "335.39900", "2008-06-30": "336.27500", "2008-03-31": "337.15000", "2007-12-31": "338.02600", "2007-09-30": "361.37800", "2007-06-30": "340.65300", "2007-03-31": "341.52900", "2006-12-31": "342.40500", "2006-09-30": "389.91500", "2006-06-30": "389.91500", "2006-03-31": "415.72000", "2005-12-31": "426.79100", "2005-09-30": "464.05100", "2005-06-30": "148.91100", "2005-03-31": "163.87000"}, "Other Non-Current Liabilities": {"2020-09-30": "62.48900", "2020-06-30": "60.42000", "2020-03-31": "58.41200", "2019-12-31": "64.07300", "2019-09-30": "62.52000", "2019-06-30": "61.97500", "2019-03-31": "61.22200", "2018-12-31": "181.39300", "2018-09-30": "182.54700", "2018-06-30": "192.05100", "2018-03-31": "189.49300", "2017-12-31": "180.12800", "2017-09-30": "178.87800", "2017-06-30": "174.86700", "2017-03-31": "173.28000", "2016-12-31": "169.83200", "2016-09-30": "169.53500", "2016-06-30": "165.46900", "2016-03-31": "161.73100", "2015-12-31": "158.07500", "2015-09-30": "161.52700", "2015-06-30": "158.84200", "2015-03-31": "153.31700", "2014-12-31": "150.90500", "2014-09-30": "138.18500", "2014-06-30": "148.15200", "2014-03-31": "140.49300", "2013-12-31": "135.18000", "2013-09-30": "138.21900", "2013-06-30": "108.99300", "2013-03-31": "106.00400", "2012-12-31": "100.05400", "2012-09-30": "95.90500", "2012-06-30": "103.61200", "2012-03-31": "100.55500", "2011-12-31": "93.82600", "2011-09-30": "81.60000", "2011-06-30": "75.02100", "2011-03-31": "46.87300", "2010-12-31": "44.05700", "2010-09-30": "45.62600", "2010-06-30": "44.10500", "2010-03-31": "41.93500", "2009-12-31": "40.26200", "2009-09-30": "43.62800", "2009-06-30": "43.08200", "2009-03-31": "41.41100", "2008-12-31": "40.82200", "2008-09-30": "32.13400", "2008-06-30": "30.97900", "2008-03-31": "30.99800", "2007-12-31": "34.04900", "2007-09-30": "32.44300", "2007-06-30": "32.70800", "2007-03-31": "32.34700", "2006-12-31": "22.99400", "2006-09-30": "22.11100", "2006-06-30": "21.52800", "2006-03-31": "20.91700", "2005-12-31": "22.25000", "2005-09-30": "29.69700", "2005-06-30": "9.80200", "2005-03-31": "9.80200"}, "Total Long Term Liabilities": {"2020-09-30": "1698.83400", "2020-06-30": "1976.98200", "2020-03-31": "2009.82800", "2019-12-31": "1397.48700", "2019-09-30": "1602.67800", "2019-06-30": "1446.19200", "2019-03-31": "1468.78600", "2018-12-31": "862.00400", "2018-09-30": "1068.45500", "2018-06-30": "960.58400", "2018-03-31": "894.45600", "2017-12-31": "882.37800", "2017-09-30": "1004.11300", "2017-06-30": "969.98600", "2017-03-31": "888.55300", "2016-12-31": "880.86400", "2016-09-30": "879.42600", "2016-06-30": "874.82900", "2016-03-31": "870.86500", "2015-12-31": "865.88500", "2015-09-30": "860.63800", "2015-06-30": "858.49900", "2015-03-31": "853.86400", "2014-12-31": "858.44100", "2014-09-30": "837.35800", "2014-06-30": "849.03000", "2014-03-31": "844.52500", "2013-12-31": "842.61400", "2013-09-30": "834.92700", "2013-06-30": "407.16400", "2013-03-31": "404.01900", "2012-12-31": "400.39500", "2012-09-30": "395.18500", "2012-06-30": "402.96700", "2012-03-31": "450.32800", "2011-12-31": "444.24700", "2011-09-30": "433.58200", "2011-06-30": "423.28200", "2011-03-31": "395.32600", "2010-12-31": "393.87400", "2010-09-30": "385.19000", "2010-06-30": "381.53600", "2010-03-31": "481.09800", "2009-12-31": "481.95800", "2009-09-30": "482.17000", "2009-06-30": "482.21500", "2009-03-31": "482.98700", "2008-12-31": "484.33400", "2008-09-30": "480.40600", "2008-06-30": "480.57000", "2008-03-31": "482.32500", "2007-12-31": "485.78100", "2007-09-30": "508.30200", "2007-06-30": "488.51100", "2007-03-31": "494.51600", "2006-12-31": "491.18300", "2006-09-30": "538.17100", "2006-06-30": "539.05600", "2006-03-31": "565.27600", "2005-12-31": "573.48000", "2005-09-30": "620.75200", "2005-06-30": "242.32300", "2005-03-31": "257.26900"}, "Total Liabilities": {"2020-09-30": "2459.74000", "2020-06-30": "2679.35600", "2020-03-31": "2437.50300", "2019-12-31": "1872.98700", "2019-09-30": "2086.84600", "2019-06-30": "1919.26300", "2019-03-31": "1830.54000", "2018-12-31": "1189.42500", "2018-09-30": "1386.76100", "2018-06-30": "1273.20000", "2018-03-31": "1120.39200", "2017-12-31": "1213.62600", "2017-09-30": "1335.10500", "2017-06-30": "1283.78600", "2017-03-31": "1115.57300", "2016-12-31": "1158.47300", "2016-09-30": "1161.57100", "2016-06-30": "1145.79000", "2016-03-31": "1063.74600", "2015-12-31": "1128.60300", "2015-09-30": "1139.43100", "2015-06-30": "1080.75900", "2015-03-31": "1041.40000", "2014-12-31": "1106.41200", "2014-09-30": "1055.16000", "2014-06-30": "1088.79000", "2014-03-31": "1023.19900", "2013-12-31": "1111.75300", "2013-09-30": "1078.63400", "2013-06-30": "680.81400", "2013-03-31": "574.49300", "2012-12-31": "644.63000", "2012-09-30": "599.34800", "2012-06-30": "568.52800", "2012-03-31": "569.42200", "2011-12-31": "597.00000", "2011-09-30": "559.49900", "2011-06-30": "579.93600", "2011-03-31": "498.04300", "2010-12-31": "577.24600", "2010-09-30": "544.58200", "2010-06-30": "537.93400", "2010-03-31": "579.52000", "2009-12-31": "652.57500", "2009-09-30": "623.49000", "2009-06-30": "638.17100", "2009-03-31": "585.61600", "2008-12-31": "624.46100", "2008-09-30": "601.58300", "2008-06-30": "595.57400", "2008-03-31": "562.22600", "2007-12-31": "592.53900", "2007-09-30": "632.35400", "2007-06-30": "605.57300", "2007-03-31": "581.75500", "2006-12-31": "627.70000", "2006-09-30": "664.70100", "2006-06-30": "655.59900", "2006-03-31": "660.04000", "2005-12-31": "730.08300", "2005-09-30": "755.88300", "2005-06-30": "320.46900", "2005-03-31": "310.99000"}, "Common Stock Net": {"2020-09-30": "0.43600", "2020-06-30": "0.43600", "2020-03-31": "0.43600", "2019-12-31": "0.44000", "2019-09-30": "0.44300", "2019-06-30": "0.44900", "2019-03-31": "0.45400", "2018-12-31": "0.45600", "2018-09-30": "0.46000", "2018-06-30": "0.46600", "2018-03-31": "0.47100", "2017-12-31": "0.47200", "2017-09-30": "0.47400", "2017-06-30": "0.48000", "2017-03-31": "0.48500", "2016-12-31": "0.48900", "2016-09-30": "0.49600", "2016-06-30": "0.50200", "2016-03-31": "0.51200", "2015-12-31": "0.51800", "2015-09-30": "0.52100", "2015-06-30": "0.52300", "2015-03-31": "0.52600", "2014-12-31": "0.52700", "2014-09-30": "0.53000", "2014-06-30": "0.53300", "2014-03-31": "0.53700", "2013-12-31": "0.54500", "2013-09-30": "0.54500", "2013-06-30": "0.59400", "2013-03-31": "0.59400", "2012-12-31": "0.59100", "2012-09-30": "0.59000", "2012-06-30": "0.59000", "2012-03-31": "0.58900", "2011-12-31": "0.58600", "2011-09-30": "0.58500", "2011-06-30": "0.58100", "2011-03-31": "0.57800", "2010-12-31": "0.57500", "2010-09-30": "0.57700", "2010-06-30": "0.59400", "2010-03-31": "0.59400", "2009-12-31": "0.58100", "2009-09-30": "0.58000", "2009-06-30": "0.56800", "2009-03-31": "0.56700", "2008-12-31": "0.56300", "2008-09-30": "0.56500", "2008-06-30": "0.56400", "2008-03-31": "0.57000", "2007-12-31": "0.57600", "2007-09-30": "0.57900", "2007-06-30": "0.58200", "2007-03-31": "0.57800", "2006-12-31": "0.58900", "2006-09-30": "0.58200", "2006-06-30": "0.58200", "2006-03-31": "0.29000", "2005-12-31": "0.28900", "2005-09-30": "0.28800", "2005-06-30": "0.28700", "2005-03-31": "0.28500"}, "Retained Earnings (Accumulated Deficit)": {"2020-09-30": "853.58900", "2020-06-30": "772.34800", "2020-03-31": "764.19200", "2019-12-31": "915.32400", "2019-09-30": "851.19900", "2019-06-30": "864.00900", "2019-03-31": "888.37800", "2018-12-31": "909.81600", "2018-09-30": "843.04300", "2018-06-30": "845.39500", "2018-03-31": "885.19800", "2017-12-31": "886.03700", "2017-09-30": "797.85300", "2017-06-30": "780.12100", "2017-03-31": "805.44100", "2016-12-31": "822.37500", "2016-09-30": "807.52700", "2016-06-30": "796.73300", "2016-03-31": "879.28600", "2015-12-31": "910.90000", "2015-09-30": "875.90200", "2015-06-30": "831.69100", "2015-03-31": "834.21800", "2014-12-31": "809.19400", "2014-09-30": "764.67800", "2014-06-30": "729.88900", "2014-03-31": "730.03500", "2013-12-31": "705.93600", "2013-09-30": "671.90900", "2013-06-30": "797.38300", "2013-03-31": "787.23200", "2012-12-31": "745.81700", "2012-09-30": "697.12500", "2012-06-30": "637.74700", "2012-03-31": "616.94200", "2011-12-31": "584.66700", "2011-09-30": "549.88200", "2011-06-30": "515.43300", "2011-03-31": "502.77400", "2010-12-31": "470.65100", "2010-09-30": "435.75700", "2010-06-30": "386.10000", "2010-03-31": "367.00400", "2009-12-31": "324.17900", "2009-09-30": "291.18300", "2009-06-30": "249.28100", "2009-03-31": "237.95200", "2008-12-31": "208.53900", "2008-09-30": "194.23900", "2008-06-30": "160.86400", "2008-03-31": "158.08500", "2007-12-31": "146.52600", "2007-09-30": "117.92400", "2007-06-30": "83.30600", "2007-03-31": "226.75500", "2006-12-31": "214.55600", "2006-09-30": "187.11700", "2006-06-30": "152.14000", "2006-03-31": "143.12100", "2005-12-31": "127.33600", "2005-09-30": "110.01100", "2005-06-30": "99.43300", "2005-03-31": "93.98300"}, "Comprehensive Income": {"2020-09-30": "-41.40200", "2020-06-30": "-45.04500", "2020-03-31": "-48.62600", "2019-12-31": "-35.63400", "2019-09-30": "-38.90800", "2019-06-30": "-36.56100", "2019-03-31": "-39.42800", "2018-12-31": "-40.83900", "2018-09-30": "-32.31800", "2018-06-30": "-35.53200", "2018-03-31": "-30.85500", "2017-12-31": "-29.09300", "2017-09-30": "-26.49600", "2017-06-30": "-30.65300", "2017-03-31": "-33.79300", "2016-12-31": "-34.74000", "2016-09-30": "-31.88900", "2016-06-30": "-30.53300", "2016-03-31": "-31.08100", "2015-12-31": "-36.36700", "2015-09-30": "-33.48000", "2015-06-30": "-29.27500", "2015-03-31": "-29.03100", "2014-12-31": "-23.03700", "2014-09-30": "-13.62700", "2014-06-30": "-10.05000", "2014-03-31": "-12.84200", "2013-12-31": "-10.08200", "2013-09-30": "-13.53100", "2013-06-30": "-15.20700", "2013-03-31": "-12.67000", "2012-12-31": "-11.20500", "2012-09-30": "-9.13400", "2012-06-30": "-11.42700", "2012-03-31": "-10.08700", "2011-12-31": "-11.28200", "2011-09-30": "-6.91100", "2011-06-30": "-1.98900", "2011-03-31": "-1.89000", "2010-12-31": "-1.89000", "2010-09-30": "-3.37800", "2010-06-30": "-3.60300", "2010-03-31": "-3.90000", "2009-12-31": "-4.06600", "2009-09-30": "-6.75500", "2009-06-30": "-6.91400", "2009-03-31": "-7.05800", "2008-12-31": "-7.31800", "2008-09-30": "2.32400", "2008-06-30": "1.79100", "2008-03-31": "0.39200", "2007-12-31": "2.67100", "2007-09-30": "3.96500", "2007-06-30": "5.18700", "2007-03-31": "4.82700", "2006-12-31": "5.30100", "2006-09-30": "1.35000", "2006-06-30": "3.21500", "2006-03-31": "2.39500", "2005-12-31": "1.35400", "2005-09-30": "0.79900", "2005-06-30": "", "2005-03-31": ""}, "Other Share Holders Equity": {"2020-09-30": "", "2020-06-30": "", "2020-03-31": "", "2019-12-31": "", "2019-09-30": "", "2019-06-30": "", "2019-03-31": "", "2018-12-31": "", "2018-09-30": "", "2018-06-30": "", "2018-03-31": "", "2017-12-31": "", "2017-09-30": "", "2017-06-30": "", "2017-03-31": "", "2016-12-31": "", "2016-09-30": "", "2016-06-30": "", "2016-03-31": "", "2015-12-31": "", "2015-09-30": "", "2015-06-30": "", "2015-03-31": "", "2014-12-31": "", "2014-09-30": "", "2014-06-30": "", "2014-03-31": "", "2013-12-31": "", "2013-09-30": "", "2013-06-30": "", "2013-03-31": "", "2012-12-31": "", "2012-09-30": "", "2012-06-30": "", "2012-03-31": "", "2011-12-31": "", "2011-09-30": "", "2011-06-30": "", "2011-03-31": "", "2010-12-31": "", "2010-09-30": "", "2010-06-30": "", "2010-03-31": "", "2009-12-31": "", "2009-09-30": "", "2009-06-30": "", "2009-03-31": "", "2008-12-31": "", "2008-09-30": "", "2008-06-30": "", "2008-03-31": "", "2007-12-31": "", "2007-09-30": "", "2007-06-30": "", "2007-03-31": "", "2006-12-31": "", "2006-09-30": "", "2006-06-30": "", "2006-03-31": "", "2005-12-31": "", "2005-09-30": "", "2005-06-30": "", "2005-03-31": ""}, "Share Holder Equity": {"2020-09-30": "821.88100", "2020-06-30": "733.27800", "2020-03-31": "716.00200", "2019-12-31": "880.13000", "2019-09-30": "812.73400", "2019-06-30": "827.89700", "2019-03-31": "849.40400", "2018-12-31": "869.43300", "2018-09-30": "811.18500", "2018-06-30": "810.32900", "2018-03-31": "854.81400", "2017-12-31": "857.41600", "2017-09-30": "771.83100", "2017-06-30": "749.94800", "2017-03-31": "772.13300", "2016-12-31": "788.12400", "2016-09-30": "776.13400", "2016-06-30": "766.70200", "2016-03-31": "848.71700", "2015-12-31": "875.05100", "2015-09-30": "842.94300", "2015-06-30": "802.93900", "2015-03-31": "805.71300", "2014-12-31": "786.68400", "2014-09-30": "751.58100", "2014-06-30": "720.37200", "2014-03-31": "729.15000", "2013-12-31": "700.73100", "2013-09-30": "658.92300", "2013-06-30": "1020.93700", "2013-03-31": "1023.18800", "2012-12-31": "985.47900", "2012-09-30": "933.44200", "2012-06-30": "867.33700", "2012-03-31": "842.64200", "2011-12-31": "805.70900", "2011-09-30": "771.61700", "2011-06-30": "732.88200", "2011-03-31": "712.99300", "2010-12-31": "679.93600", "2010-09-30": "647.50300", "2010-06-30": "639.13900", "2010-03-31": "616.68800", "2009-12-31": "556.02400", "2009-09-30": "518.57300", "2009-06-30": "460.64200", "2009-03-31": "445.90200", "2008-12-31": "413.55100", "2008-09-30": "410.67400", "2008-06-30": "380.96000", "2008-03-31": "382.82500", "2007-12-31": "382.12900", "2007-09-30": "365.24800", "2007-06-30": "336.66200", "2007-03-31": "479.23500", "2006-12-31": "495.49100", "2006-09-30": "454.39400", "2006-06-30": "419.75900", "2006-03-31": "405.85900", "2005-12-31": "386.64400", "2005-09-30": "366.49400", "2005-06-30": "351.78400", "2005-03-31": "343.02000"}, "Total Liabilities And Share Holders Equity": {"2020-09-30": "3281.62100", "2020-06-30": "3412.63400", "2020-03-31": "3153.50500", "2019-12-31": "2753.11700", "2019-09-30": "2899.58000", "2019-06-30": "2747.16000", "2019-03-31": "2679.94400", "2018-12-31": "2058.85800", "2018-09-30": "2197.94600", "2018-06-30": "2083.52900", "2018-03-31": "1975.20600", "2017-12-31": "2071.04200", "2017-09-30": "2106.93600", "2017-06-30": "2033.73400", "2017-03-31": "1887.70600", "2016-12-31": "1946.59700", "2016-09-30": "1937.70500", "2016-06-30": "1912.49200", "2016-03-31": "1912.46300", "2015-12-31": "2003.65400", "2015-09-30": "1982.37400", "2015-06-30": "1883.69800", "2015-03-31": "1847.11300", "2014-12-31": "1893.09600", "2014-09-30": "1806.74100", "2014-06-30": "1809.16200", "2014-03-31": "1752.34900", "2013-12-31": "1812.48400", "2013-09-30": "1737.55700", "2013-06-30": "1701.75100", "2013-03-31": "1597.68100", "2012-12-31": "1630.10900", "2012-09-30": "1532.79000", "2012-06-30": "1435.86500", "2012-03-31": "1412.06400", "2011-12-31": "1402.70900", "2011-09-30": "1331.11600", "2011-06-30": "1312.81800", "2011-03-31": "1211.03600", "2010-12-31": "1257.18200", "2010-09-30": "1192.08500", "2010-06-30": "1177.07300", "2010-03-31": "1196.20800", "2009-12-31": "1208.59900", "2009-09-30": "1142.06300", "2009-06-30": "1098.81300", "2009-03-31": "1031.51800", "2008-12-31": "1038.01200", "2008-09-30": "1012.25700", "2008-06-30": "976.53400", "2008-03-31": "945.05100", "2007-12-31": "974.66800", "2007-09-30": "997.60200", "2007-06-30": "942.23500", "2007-03-31": "1060.99000", "2006-12-31": "1123.19100", "2006-09-30": "1119.09500", "2006-06-30": "1075.35800", "2006-03-31": "1065.89900", "2005-12-31": "1116.72700", "2005-09-30": "1122.37700", "2005-06-30": "672.25300", "2005-03-31": "654.01000"}}, "cash flow statement": {"Net Income/Loss": {"2019-12-31": "263.80200", "2018-12-31": "282.06800", "2017-12-31": "302.84800", "2016-12-31": "257.70900", "2015-12-31": "237.82200", "2014-12-31": "194.67000", "2013-12-31": "160.40700", "2012-12-31": "161.15000", "2011-12-31": "114.01600", "2010-12-31": "146.47200", "2009-12-31": "115.64000", "2008-12-31": "77.90400", "2007-12-31": "-75.79600", "2006-12-31": "87.22000", "2005-12-31": "47.20200"}, "Total Depreciation And Amortization - Cash Flow": {"2019-12-31": "97.39100", "2018-12-31": "91.39900", "2017-12-31": "85.98400", "2016-12-31": "74.90200", "2015-12-31": "70.00200", "2014-12-31": "76.45700", "2013-12-31": "69.55200", "2012-12-31": "40.72500", "2011-12-31": "42.59900", "2010-12-31": "34.34300", "2009-12-31": "33.40300", "2008-12-31": "31.30300", "2007-12-31": "31.07900", "2006-12-31": "28.84300", "2005-12-31": "38.65400"}, "Other Non-Cash Items": {"2019-12-31": "41.52000", "2018-12-31": "30.72200", "2017-12-31": "-35.37600", "2016-12-31": "14.87000", "2015-12-31": "18.53000", "2014-12-31": "21.69200", "2013-12-31": "8.69300", "2012-12-31": "5.02900", "2011-12-31": "12.01100", "2010-12-31": "2.30600", "2009-12-31": "1.00200", "2008-12-31": "7.73200", "2007-12-31": "140.72500", "2006-12-31": "-2.59300", "2005-12-31": "28.98000"}, "Total Non-Cash Items": {"2019-12-31": "138.91100", "2018-12-31": "122.12100", "2017-12-31": "50.60800", "2016-12-31": "89.77200", "2015-12-31": "88.53200", "2014-12-31": "98.14900", "2013-12-31": "78.24500", "2012-12-31": "45.75400", "2011-12-31": "54.61000", "2010-12-31": "36.64900", "2009-12-31": "34.40500", "2008-12-31": "39.03500", "2007-12-31": "171.80400", "2006-12-31": "26.25000", "2005-12-31": "67.63400"}, "Change In Accounts Receivable": {"2019-12-31": "8.12100", "2018-12-31": "-34.44800", "2017-12-31": "-22.70900", "2016-12-31": "4.47900", "2015-12-31": "-23.83700", "2014-12-31": "8.40500", "2013-12-31": "-26.06400", "2012-12-31": "-10.20000", "2011-12-31": "-33.22200", "2010-12-31": "-39.35900", "2009-12-31": "3.35800", "2008-12-31": "9.14300", "2007-12-31": "-0.87200", "2006-12-31": "-14.47100", "2005-12-31": "0.27500"}, "Change In Inventories": {"2019-12-31": "-16.68300", "2018-12-31": "-30.64600", "2017-12-31": "-20.92200", "2016-12-31": "-17.48200", "2015-12-31": "-34.35200", "2014-12-31": "-32.15100", "2013-12-31": "-70.69100", "2012-12-31": "-1.79000", "2011-12-31": "-20.57100", "2010-12-31": "-84.50900", "2009-12-31": "-10.51400", "2008-12-31": "22.00800", "2007-12-31": "-31.90600", "2006-12-31": "-5.13400", "2005-12-31": "4.63900"}, "Change In Accounts Payable": {"2019-12-31": "692.10000", "2018-12-31": "4.98200", "2017-12-31": "41.58700", "2016-12-31": "33.61000", "2015-12-31": "43.31800", "2014-12-31": "16.04300", "2013-12-31": "86.51500", "2012-12-31": "89.70900", "2011-12-31": "-32.81100", "2010-12-31": "32.83700", "2009-12-31": "19.15500", "2008-12-31": "19.84000", "2007-12-31": "-13.72100", "2006-12-31": "7.18100", "2005-12-31": "18.56100"}, "Change In Assets/Liabilities": {"2019-12-31": "-699.03600", "2018-12-31": "12.12100", "2017-12-31": "-21.79100", "2016-12-31": "1.14100", "2015-12-31": "-3.49600", "2014-12-31": "-2.71900", "2013-12-31": "-18.71600", "2012-12-31": "-6.00400", "2011-12-31": "-0.94800", "2010-12-31": "-6.26900", "2009-12-31": "26.81500", "2008-12-31": "13.11100", "2007-12-31": "2.47800", "2006-12-31": "-12.82200", "2005-12-31": "-1.04400"}, "Total Change In Assets/Liabilities": {"2019-12-31": "-15.49810", "2018-12-31": "-47.99100", "2017-12-31": "-23.83500", "2016-12-31": "21.74800", "2015-12-31": "-18.36700", "2014-12-31": "-10.42200", "2013-12-31": "-28.95600", "2012-12-31": "71.71500", "2011-12-31": "-87.55200", "2010-12-31": "-97.30000", "2009-12-31": "38.81400", "2008-12-31": "64.10200", "2007-12-31": "-44.02100", "2006-12-31": "-25.24600", "2005-12-31": "22.43100"}, "Cash Flow From Operating Activities": {"2019-12-31": "387.21500", "2018-12-31": "356.19800", "2017-12-31": "329.62100", "2016-12-31": "369.22900", "2015-12-31": "307.98700", "2014-12-31": "282.39700", "2013-12-31": "209.69600", "2012-12-31": "278.61900", "2011-12-31": "81.07400", "2010-12-31": "85.82100", "2009-12-31": "188.85900", "2008-12-31": "181.04100", "2007-12-31": "51.98700", "2006-12-31": "88.22400", "2005-12-31": "137.26700"}, "Net Change In Property, Plant, And Equipment": {"2019-12-31": "-60.67000", "2018-12-31": "-63.40300", "2017-12-31": "-69.45800", "2016-12-31": "-88.34000", "2015-12-31": "-103.42500", "2014-12-31": "-101.18200", "2013-12-31": "-182.52500", "2012-12-31": "-83.39200", "2011-12-31": "-45.48500", "2010-12-31": "-39.49600", "2009-12-31": "-29.51600", "2008-12-31": "-34.94700", "2007-12-31": "-21.81900", "2006-12-31": "-30.50000", "2005-12-31": "-19.72800"}, "Net Change In Intangible Assets": {"2019-12-31": "0.00000", "2018-12-31": "0.09600", "2017-12-31": "-158.45700", "2016-12-31": "", "2015-12-31": "", "2014-12-31": "-3.55000", "2013-12-31": "-38.00700", "2012-12-31": "0.00000", "2011-12-31": "", "2010-12-31": "", "2009-12-31": "", "2008-12-31": "", "2007-12-31": "", "2006-12-31": "", "2005-12-31": ""}, "Net Acquisitions/Divestitures": {"2019-12-31": "", "2018-12-31": "", "2017-12-31": "", "2016-12-31": "", "2015-12-31": "", "2014-12-31": "", "2013-12-31": "", "2012-12-31": "", "2011-12-31": "-61.20700", "2010-12-31": "", "2009-12-31": "", "2008-12-31": "", "2007-12-31": "", "2006-12-31": "", "2005-12-31": "-309.98400"}, "Net Change In Short-term Investments": {"2019-12-31": "", "2018-12-31": "", "2017-12-31": "", "2016-12-31": "", "2015-12-31": "", "2014-12-31": "", "2013-12-31": "", "2012-12-31": "", "2011-12-31": "", "2010-12-31": "", "2009-12-31": "", "2008-12-31": "", "2007-12-31": "", "2006-12-31": "", "2005-12-31": ""}, "Net Change In Long-Term Investments": {"2019-12-31": "", "2018-12-31": "", "2017-12-31": "", "2016-12-31": "", "2015-12-31": "", "2014-12-31": "", "2013-12-31": "", "2012-12-31": "", "2011-12-31": "", "2010-12-31": "", "2009-12-31": "", "2008-12-31": "", "2007-12-31": "", "2006-12-31": "", "2005-12-31": "18.35500"}, "Net Change In Investments - Total": {"2019-12-31": "", "2018-12-31": "", "2017-12-31": "", "2016-12-31": "", "2015-12-31": "", "2014-12-31": "", "2013-12-31": "", "2012-12-31": "", "2011-12-31": "", "2010-12-31": "", "2009-12-31": "", "2008-12-31": "", "2007-12-31": "", "2006-12-31": "", "2005-12-31": "18.35500"}, "Investing Activities - Other": {"2019-12-31": "", "2018-12-31": "", "2017-12-31": "", "2016-12-31": "", "2015-12-31": "", "2014-12-31": "", "2013-12-31": "", "2012-12-31": "", "2011-12-31": "", "2010-12-31": "", "2009-12-31": "", "2008-12-31": "", "2007-12-31": "", "2006-12-31": "", "2005-12-31": "2.95400"}, "Cash Flow From Investing Activities": {"2019-12-31": "-60.67000", "2018-12-31": "-63.30700", "2017-12-31": "-227.91500", "2016-12-31": "-88.34000", "2015-12-31": "-103.42500", "2014-12-31": "-104.73200", "2013-12-31": "-220.53200", "2012-12-31": "-83.39200", "2011-12-31": "-106.69200", "2010-12-31": "-39.49600", "2009-12-31": "-29.51600", "2008-12-31": "-34.94700", "2007-12-31": "-21.81900", "2006-12-31": "-30.50000", "2005-12-31": "-308.40300"}, "Net Long-Term Debt": {"2019-12-31": "4.00000", "2018-12-31": "-25.00000", "2017-12-31": "36.03500", "2016-12-31": "", "2015-12-31": "0.34900", "2014-12-31": "", "2013-12-31": "400.00000", "2012-12-31": "-50.00000", "2011-12-31": "", "2010-12-31": "-98.52300", "2009-12-31": "-3.50300", "2008-12-31": "-3.50300", "2007-12-31": "-3.50300", "2006-12-31": "-85.00000", "2005-12-31": "244.95600"}, "Net Current Debt": {"2019-12-31": "", "2018-12-31": "", "2017-12-31": "", "2016-12-31": "", "2015-12-31": "", "2014-12-31": "", "2013-12-31": "", "2012-12-31": "", "2011-12-31": "", "2010-12-31": "", "2009-12-31": "", "2008-12-31": "", "2007-12-31": "", "2006-12-31": "", "2005-12-31": ""}, "Debt Issuance/Retirement Net - Total": {"2019-12-31": "4.00000", "2018-12-31": "-25.00000", "2017-12-31": "36.03500", "2016-12-31": "", "2015-12-31": "0.34900", "2014-12-31": "", "2013-12-31": "400.00000", "2012-12-31": "-50.00000", "2011-12-31": "", "2010-12-31": "-98.52300", "2009-12-31": "-3.50300", "2008-12-31": "-3.50300", "2007-12-31": "-3.50300", "2006-12-31": "-85.00000", "2005-12-31": "244.95600"}, "Net Common Equity Issued/Repurchased": {"2019-12-31": "-182.42000", "2018-12-31": "-182.43100", "2017-12-31": "-180.32400", "2016-12-31": "-293.27900", "2015-12-31": "-103.31400", "2014-12-31": "-73.03500", "2013-12-31": "-441.22100", "2012-12-31": "5.68500", "2011-12-31": "4.60500", "2010-12-31": "-40.30400", "2009-12-31": "5.10200", "2008-12-31": "-32.78500", "2007-12-31": "-54.42800", "2006-12-31": "2.39000", "2005-12-31": "1.98600"}, "Net Total Equity Issued/Repurchased": {"2019-12-31": "-182.42000", "2018-12-31": "-182.43100", "2017-12-31": "-180.32400", "2016-12-31": "-293.27900", "2015-12-31": "-103.31400", "2014-12-31": "-73.03500", "2013-12-31": "-441.22100", "2012-12-31": "5.68500", "2011-12-31": "4.60500", "2010-12-31": "-40.30400", "2009-12-31": "5.10200", "2008-12-31": "-32.78500", "2007-12-31": "-54.42800", "2006-12-31": "2.39000", "2005-12-31": "1.98600"}, "Total Common And Preferred Stock Dividends Paid": {"2019-12-31": "-89.59100", "2018-12-31": "-83.71700", "2017-12-31": "-70.91400", "2016-12-31": "-66.35500", "2015-12-31": "-46.02800", "2014-12-31": "-40.47700", "2013-12-31": "-27.71500", "2012-12-31": "", "2011-12-31": "", "2010-12-31": "", "2009-12-31": "", "2008-12-31": "", "2007-12-31": "", "2006-12-31": "", "2005-12-31": ""}, "Financial Activities - Other": {"2019-12-31": "-15.37300", "2018-12-31": "-7.79800", "2017-12-31": "-7.87200", "2016-12-31": "-3.87300", "2015-12-31": "-13.01200", "2014-12-31": "-8.92600", "2013-12-31": "-15.72200", "2012-12-31": "-2.00200", "2011-12-31": "6.90000", "2010-12-31": "4.84300", "2009-12-31": "11.75000", "2008-12-31": "3.53100", "2007-12-31": "8.23000", "2006-12-31": "9.15500", "2005-12-31": "-24.79500"}, "Cash Flow From Financial Activities": {"2019-12-31": "-283.38400", "2018-12-31": "-298.94600", "2017-12-31": "-223.07500", "2016-12-31": "-363.50700", "2015-12-31": "-162.00500", "2014-12-31": "-122.43800", "2013-12-31": "-84.65800", "2012-12-31": "-46.31700", "2011-12-31": "11.50500", "2010-12-31": "-133.98400", "2009-12-31": "13.34900", "2008-12-31": "-32.75700", "2007-12-31": "-49.70100", "2006-12-31": "-73.45500", "2005-12-31": "222.14700"}, "Net Cash Flow": {"2019-12-31": "44.23400", "2018-12-31": "-8.41700", "2017-12-31": "-120.86400", "2016-12-31": "-81.85100", "2015-12-31": "40.57100", "2014-12-31": "54.09200", "2013-12-31": "-95.69000", "2012-12-31": "148.74200", "2011-12-31": "-13.88800", "2010-12-31": "-87.65900", "2009-12-31": "172.69200", "2008-12-31": "113.33700", "2007-12-31": "-19.53300", "2006-12-31": "-15.73100", "2005-12-31": "51.01100"}, "Stock-Based Compensation": {"2019-12-31": "16.52900", "2018-12-31": "14.67300", "2017-12-31": "17.54900", "2016-12-31": "16.84700", "2015-12-31": "17.02900", "2014-12-31": "17.59800", "2013-12-31": "16.04000", "2012-12-31": "13.04900", "2011-12-31": "9.64400", "2010-12-31": "7.30300", "2009-12-31": "6.77500", "2008-12-31": "8.65200", "2007-12-31": "3.60100", "2006-12-31": "5.94200", "2005-12-31": "1.82400"}, "Common Stock Dividends Paid": {"2019-12-31": "-89.59100", "2018-12-31": "-83.71700", "2017-12-31": "-70.91400", "2016-12-31": "-66.35500", "2015-12-31": "-46.02800", "2014-12-31": "-40.47700", "2013-12-31": "-27.71500", "2012-12-31": "0.00000", "2011-12-31": "", "2010-12-31": "", "2009-12-31": "", "2008-12-31": "", "2007-12-31": "", "2006-12-31": "", "2005-12-31": ""}}, "cash flow statement, quarterly": {"Net Income/Loss": {"2020-09-30": 81.241, "2020-06-30": 8.156, "2020-03-31": "-78.69400", "2019-12-31": 125.147, "2019-09-30": 60.252, "2019-06-30": 43.937, "2019-03-31": "34.46600", "2018-12-31": 130.562, "2018-09-30": 71.769, "2018-06-30": 37.268, "2018-03-31": "42.46900", "2017-12-31": 136.145, "2017-09-30": 82.315, "2017-06-30": 37.793, "2017-03-31": "46.59500", "2016-12-31": 86.72, "2016-09-30": 80.811, "2016-06-30": 36.198, "2016-03-31": "53.98000", "2015-12-31": 72.599, "2015-09-30": 79.326, "2015-06-30": 36.105, "2015-03-31": "49.79200", "2014-12-31": 68.591, "2014-09-30": 65.886, "2014-06-30": 25.896, "2014-03-31": "34.29700", "2013-12-31": 42.748, "2013-09-30": 56.571, "2013-06-30": 19.673, "2013-03-31": "41.41500", "2012-12-31": 48.692, "2012-09-30": 59.378, "2012-06-30": 20.805, "2012-03-31": "32.27500", "2011-12-31": 34.785, "2011-09-30": 34.449, "2011-06-30": 12.659, "2011-03-31": "32.12300", "2010-12-31": 34.894, "2010-09-30": 49.657, "2010-06-30": 19.096, "2010-03-31": "42.82500", "2009-12-31": 32.996, "2009-09-30": 49.406, "2009-06-30": 16.634, "2009-03-31": "16.60400", "2008-12-31": 27.451, "2008-09-30": 36.115, "2008-06-30": 2.779, "2008-03-31": "11.55900", "2007-12-31": 23.424, "2007-09-30": 34.618, "2007-06-30": -143.449, "2007-03-31": "9.61100", "2006-12-31": 27.439, "2006-09-30": 34.977, "2006-06-30": 9.019, "2006-03-31": "15.78500", "2005-12-31": 17.325, "2005-09-30": 10.578, "2005-06-30": 5.45, "2005-03-31": "13.84900"}, "Total Depreciation And Amortization - Cash Flow": {"2020-09-30": 24.862, "2020-06-30": 22.827, "2020-03-31": "67.96300", "2019-12-31": -5.301, "2019-09-30": 55.09, "2019-06-30": 23.669, "2019-03-31": "23.93300", "2018-12-31": 23.872, "2018-09-30": 22.828, "2018-06-30": 22.21, "2018-03-31": "22.48900", "2017-12-31": 22.699, "2017-09-30": 21.939, "2017-06-30": 21.21, "2017-03-31": "20.13600", "2016-12-31": 19.551, "2016-09-30": 17.879, "2016-06-30": 18.939, "2016-03-31": "18.53300", "2015-12-31": 19.147, "2015-09-30": 14.601, "2015-06-30": 18.291, "2015-03-31": "17.96300", "2014-12-31": 18.325, "2014-09-30": 15.813, "2014-06-30": 20.319, "2014-03-31": "22.00000", "2013-12-31": 25.539, "2013-09-30": 17.685, "2013-06-30": 13.743, "2013-03-31": "12.58500", "2012-12-31": 10.542, "2012-09-30": 12.036, "2012-06-30": 9.381, "2012-03-31": "8.76600", "2011-12-31": 12.506, "2011-09-30": 13.372, "2011-06-30": 8.414, "2011-03-31": "8.30700", "2010-12-31": 10.381, "2010-09-30": 6.87, "2010-06-30": 8.93, "2010-03-31": "8.16200", "2009-12-31": 8.159, "2009-09-30": 7.687, "2009-06-30": 8.878, "2009-03-31": "8.67900", "2008-12-31": 9.876, "2008-09-30": 6.71, "2008-06-30": 7.43, "2008-03-31": "7.28700", "2007-12-31": 7.681, "2007-09-30": 6.533, "2007-06-30": 7.912, "2007-03-31": "8.95300", "2006-12-31": 9.111, "2006-09-30": 5.858, "2006-06-30": 7.237, "2006-03-31": "6.63700", "2005-12-31": 10.145, "2005-09-30": 18.027, "2005-06-30": 5.795, "2005-03-31": "4.68700"}, "Other Non-Cash Items": {"2020-09-30": 1.224, "2020-06-30": 2.309, "2020-03-31": "28.66400", "2019-12-31": 8.77, "2019-09-30": 14.416, "2019-06-30": 4.464, "2019-03-31": "13.87000", "2018-12-31": 5.79, "2018-09-30": 1.075, "2018-06-30": 4.897, "2018-03-31": "18.96000", "2017-12-31": -47.339, "2017-09-30": -1.063, "2017-06-30": 6.32, "2017-03-31": "6.70600", "2016-12-31": 5.062, "2016-09-30": -0.279, "2016-06-30": 2.477, "2016-03-31": "7.61000", "2015-12-31": 13.88, "2015-09-30": -0.08, "2015-06-30": 1.85, "2015-03-31": "2.88000", "2014-12-31": 19.687, "2014-09-30": 0.557, "2014-06-30": 2.96, "2014-03-31": "-1.51200", "2013-12-31": 5.858, "2013-09-30": 1.804, "2013-06-30": -2.319, "2013-03-31": "3.35000", "2012-12-31": 2.563, "2012-09-30": -4.901, "2012-06-30": 4.75, "2012-03-31": "2.61700", "2011-12-31": 1.952, "2011-09-30": 3.032, "2011-06-30": 1.83, "2011-03-31": "5.19700", "2010-12-31": -1.089, "2010-09-30": 3.484, "2010-06-30": 1.196, "2010-03-31": "-1.28500", "2009-12-31": 2.108, "2009-09-30": -9.851, "2009-06-30": 6.213, "2009-03-31": "2.53200", "2008-12-31": 1.243, "2008-09-30": 0.942, "2008-06-30": 3.332, "2008-03-31": "2.21500", "2007-12-31": -5.197, "2007-09-30": -0.539, "2007-06-30": 143.997, "2007-03-31": "2.46400", "2006-12-31": -10.333, "2006-09-30": -0.084, "2006-06-30": 1.514, "2006-03-31": "6.31000", "2005-12-31": 5.681, "2005-09-30": 19.718, "2005-06-30": 0.912, "2005-03-31": "2.66900"}, "Total Non-Cash Items": {"2020-09-30": 26.086, "2020-06-30": 25.136, "2020-03-31": "96.62700", "2019-12-31": 3.469, "2019-09-30": 69.506, "2019-06-30": 28.133, "2019-03-31": "37.80300", "2018-12-31": 29.662, "2018-09-30": 23.903, "2018-06-30": 27.107, "2018-03-31": "41.44900", "2017-12-31": -24.64, "2017-09-30": 20.876, "2017-06-30": 27.53, "2017-03-31": "26.84200", "2016-12-31": 24.613, "2016-09-30": 17.6, "2016-06-30": 21.416, "2016-03-31": "26.14300", "2015-12-31": 33.027, "2015-09-30": 14.521, "2015-06-30": 20.141, "2015-03-31": "20.84300", "2014-12-31": 38.012, "2014-09-30": 16.37, "2014-06-30": 23.279, "2014-03-31": "20.48800", "2013-12-31": 31.397, "2013-09-30": 19.489, "2013-06-30": 11.424, "2013-03-31": "15.93500", "2012-12-31": 13.105, "2012-09-30": 7.135, "2012-06-30": 14.131, "2012-03-31": "11.38300", "2011-12-31": 14.458, "2011-09-30": 16.404, "2011-06-30": 10.244, "2011-03-31": "13.50400", "2010-12-31": 9.292, "2010-09-30": 10.354, "2010-06-30": 10.126, "2010-03-31": "6.87700", "2009-12-31": 10.267, "2009-09-30": -2.164, "2009-06-30": 15.091, "2009-03-31": "11.21100", "2008-12-31": 11.119, "2008-09-30": 7.652, "2008-06-30": 10.762, "2008-03-31": "9.50200", "2007-12-31": 2.484, "2007-09-30": 5.994, "2007-06-30": 151.909, "2007-03-31": "11.41700", "2006-12-31": -1.222, "2006-09-30": 5.774, "2006-06-30": 8.751, "2006-03-31": "12.94700", "2005-12-31": 15.826, "2005-09-30": 37.745, "2005-06-30": 6.707, "2005-03-31": "7.35600"}, "Change In Accounts Receivable": {"2020-09-30": -102.142, "2020-06-30": 57.64, "2020-03-31": "22.92600", "2019-12-31": 40.913, "2019-09-30": -126.107, "2019-06-30": 71.424, "2019-03-31": "21.89100", "2018-12-31": 33.885, "2018-09-30": -144.697, "2018-06-30": 67.741, "2018-03-31": "8.62300", "2017-12-31": 43.312, "2017-09-30": -122.631, "2017-06-30": 38.712, "2017-03-31": "17.89800", "2016-12-31": 67.915, "2016-09-30": -120.665, "2016-06-30": 41.982, "2016-03-31": "15.24700", "2015-12-31": 37.271, "2015-09-30": -89.757, "2015-06-30": 40.051, "2015-03-31": "-11.40200", "2014-12-31": 47.538, "2014-09-30": -98.894, "2014-06-30": 71.486, "2014-03-31": "-11.72500", "2013-12-31": 51.687, "2013-09-30": -112.27, "2013-06-30": 44.921, "2013-03-31": "-10.40200", "2012-12-31": 32.009, "2012-09-30": -68.096, "2012-06-30": 46.694, "2012-03-31": "-20.80700", "2011-12-31": 57.041, "2011-09-30": -90.029, "2011-06-30": 38.37, "2011-03-31": "-38.60400", "2010-12-31": 50.048, "2010-09-30": -71.975, "2010-06-30": 19.362, "2010-03-31": "-36.79400", "2009-12-31": 45.785, "2009-09-30": -42.828, "2009-06-30": 7.647, "2009-03-31": "-7.24600", "2008-12-31": 56.252, "2008-09-30": -64.223, "2008-06-30": 25.908, "2008-03-31": "-8.79400", "2007-12-31": 48.582, "2007-09-30": -55.535, "2007-06-30": 12.33, "2007-03-31": "-6.24900", "2006-12-31": 40.22, "2006-09-30": -47.684, "2006-06-30": 4.863, "2006-03-31": "-11.87000", "2005-12-31": 36.564, "2005-09-30": -34.724, "2005-06-30": -6.199, "2005-03-31": "4.63400"}, "Change In Inventories": {"2020-09-30": 30.183, "2020-06-30": -101.288, "2020-03-31": "-5.63400", "2019-12-31": 135.34, "2019-09-30": -32.515, "2019-06-30": -174.829, "2019-03-31": "55.32100", "2018-12-31": 115.063, "2018-09-30": -28.24, "2018-06-30": -185.763, "2018-03-31": "68.29400", "2017-12-31": 60.363, "2017-09-30": 10.161, "2017-06-30": -173.532, "2017-03-31": "82.08600", "2016-12-31": 63.529, "2016-09-30": 33.806, "2016-06-30": -210.873, "2016-03-31": "96.05600", "2015-12-31": 39.372, "2015-09-30": 29.655, "2015-06-30": -186.728, "2015-03-31": "83.34900", "2014-12-31": 71.992, "2014-09-30": 16.24, "2014-06-30": -173.692, "2014-03-31": "53.30900", "2013-12-31": 21.262, "2013-09-30": -10.592, "2013-06-30": -145.953, "2013-03-31": "64.59200", "2012-12-31": 25.173, "2012-09-30": 3.742, "2012-06-30": -112.705, "2012-03-31": "82.00000", "2011-12-31": 38.784, "2011-09-30": 63.969, "2011-06-30": -204.375, "2011-03-31": "81.05100", "2010-12-31": -34.727, "2010-09-30": -3.122, "2010-06-30": -117.535, "2010-03-31": "70.87500", "2009-12-31": 9.51, "2009-09-30": 32.641, "2009-06-30": -102.21, "2009-03-31": "49.54500", "2008-12-31": 10.873, "2008-09-30": 36.458, "2008-06-30": -76.585, "2008-03-31": "51.26200", "2007-12-31": 21.035, "2007-09-30": -14.941, "2007-06-30": -72.014, "2007-03-31": "34.01400", "2006-12-31": 6.261, "2006-09-30": -9.325, "2006-06-30": -36.183, "2006-03-31": "34.11300", "2005-12-31": 19.266, "2005-09-30": 4.225, "2005-06-30": -32.802, "2005-03-31": "13.95000"}, "Change In Accounts Payable": {"2020-09-30": 52.755, "2020-06-30": 279.246, "2020-03-31": "-64.45000", "2019-12-31": 691.349, "2019-09-30": -3.866, "2019-06-30": -600.733, "2019-03-31": "605.35000", "2018-12-31": 8.235, "2018-09-30": 1.001, "2018-06-30": 90.504, "2018-03-31": "-94.75800", "2017-12-31": 0.708, "2017-09-30": 24.319, "2017-06-30": 90.793, "2017-03-31": "-74.23300", "2016-12-31": -1.401, "2016-09-30": 16.918, "2016-06-30": 80.661, "2016-03-31": "-62.56800", "2015-12-31": -19.964, "2015-09-30": 74.057, "2015-06-30": 44.111, "2015-03-31": "-54.88600", "2014-12-31": 36.429, "2014-09-30": -20.151, "2014-06-30": 73.998, "2014-03-31": "-74.23300", "2013-12-31": 16.791, "2013-09-30": 13.353, "2013-06-30": 114.562, "2013-03-31": "-58.19100", "2012-12-31": 36.097, "2012-09-30": 28.528, "2012-06-30": 49.708, "2012-03-31": "-24.62400", "2011-12-31": 23.761, "2011-09-30": -24.007, "2011-06-30": 43.931, "2011-03-31": "-76.49600", "2010-12-31": 26.127, "2010-09-30": 5.758, "2010-06-30": 61.98, "2010-03-31": "-61.02800", "2009-12-31": 0.476, "2009-09-30": -4.008, "2009-06-30": 56.819, "2009-03-31": "-34.13200", "2008-12-31": 2.545, "2008-09-30": 12.509, "2008-06-30": 37.817, "2008-03-31": "-33.03100", "2007-12-31": -12.701, "2007-09-30": -1.706, "2007-06-30": 37.885, "2007-03-31": "-37.19900", "2006-12-31": 30.491, "2006-09-30": 15.001, "2006-06-30": 24.428, "2006-03-31": "-62.73900", "2005-12-31": 13.233, "2005-09-30": -5.288, "2005-06-30": 24.578, "2005-03-31": "-13.96200"}, "Change In Assets/Liabilities": {"2020-09-30": -6.808, "2020-06-30": -15.775, "2020-03-31": "14.92300", "2019-12-31": -682.348, "2019-09-30": 1.61, "2019-06-30": 699.51, "2019-03-31": "-717.80800", "2018-12-31": 17.433, "2018-09-30": -5.441, "2018-06-30": 2.099, "2018-03-31": "-1.97000", "2017-12-31": -3.773, "2017-09-30": -4.867, "2017-06-30": 1.857, "2017-03-31": "-15.00800", "2016-12-31": 11.279, "2016-09-30": 2.505, "2016-06-30": -12.067, "2016-03-31": "-0.57600", "2015-12-31": -0.352, "2015-09-30": 11.1, "2015-06-30": -13.772, "2015-03-31": "-0.47200", "2014-12-31": -5.092, "2014-09-30": 12.352, "2014-06-30": -18.403, "2014-03-31": "8.42400", "2013-12-31": -17.655, "2013-09-30": 27.075, "2013-06-30": -27.915, "2013-03-31": "-0.22100", "2012-12-31": -5.672, "2012-09-30": 8.589, "2012-06-30": -11.136, "2012-03-31": "2.21500", "2011-12-31": -1.967, "2011-09-30": -0.272, "2011-06-30": 3.575, "2011-03-31": "-2.28400", "2010-12-31": -5.014, "2010-09-30": -0.799, "2010-06-30": -1.129, "2010-03-31": "0.67300", "2009-12-31": 28.691, "2009-09-30": -1.109, "2009-06-30": -0.007, "2009-03-31": "-0.76000", "2008-12-31": 15.448, "2008-09-30": 4.783, "2008-06-30": -5.556, "2008-03-31": "-1.56400", "2007-12-31": 7.78, "2007-09-30": 1.263, "2007-06-30": -1.648, "2007-03-31": "-4.91700", "2006-12-31": -9.732, "2006-09-30": -1.267, "2006-06-30": 0.376, "2006-03-31": "-2.19900", "2005-12-31": 0.894, "2005-09-30": -1.013, "2005-06-30": 0.254, "2005-03-31": "-1.17900"}, "Total Change In Assets/Liabilities": {"2020-09-30": -26.012, "2020-06-30": 219.823, "2020-03-31": "-32.23500", "2019-12-31": 185.2539, "2019-09-30": -160.878, "2019-06-30": -4.628, "2019-03-31": "-35.24600", "2018-12-31": 174.616, "2018-09-30": -177.377, "2018-06-30": -25.419, "2018-03-31": "-19.81100", "2017-12-31": 100.61, "2017-09-30": -93.018, "2017-06-30": -42.17, "2017-03-31": "10.74300", "2016-12-31": 141.322, "2016-09-30": -67.436, "2016-06-30": -100.297, "2016-03-31": "48.15900", "2015-12-31": 56.327, "2015-09-30": 25.055, "2015-06-30": -116.338, "2015-03-31": "16.58900", "2014-12-31": 150.867, "2014-09-30": -90.453, "2014-06-30": -46.611, "2014-03-31": "-24.22500", "2013-12-31": 72.085, "2013-09-30": -82.434, "2013-06-30": -14.385, "2013-03-31": "-4.22200", "2012-12-31": 87.607, "2012-09-30": -27.237, "2012-06-30": -27.439, "2012-03-31": "38.78400", "2011-12-31": 117.619, "2011-09-30": -50.339, "2011-06-30": -118.499, "2011-03-31": "-36.33300", "2010-12-31": 36.434, "2010-09-30": -70.138, "2010-06-30": -37.322, "2010-03-31": "-26.27400", "2009-12-31": 84.462, "2009-09-30": -15.304, "2009-06-30": -37.751, "2009-03-31": "7.40700", "2008-12-31": 85.118, "2008-09-30": -10.473, "2008-06-30": -18.416, "2008-03-31": "7.87300", "2007-12-31": 64.696, "2007-09-30": -70.919, "2007-06-30": -23.447, "2007-03-31": "-14.35100", "2006-12-31": 67.24, "2006-09-30": -43.275, "2006-06-30": -6.516, "2006-03-31": "-42.69500", "2005-12-31": 69.957, "2005-09-30": -36.8, "2005-06-30": -14.169, "2005-03-31": "3.44300"}, "Cash Flow From Operating Activities": {"2020-09-30": 81.315, "2020-06-30": 253.115, "2020-03-31": "-14.30200", "2019-12-31": 313.86, "2019-09-30": -31.11, "2019-06-30": 67.442, "2019-03-31": "37.02300", "2018-12-31": 334.84, "2018-09-30": -81.705, "2018-06-30": 38.956, "2018-03-31": "64.10700", "2017-12-31": 212.115, "2017-09-30": 10.173, "2017-06-30": 23.153, "2017-03-31": "84.18000", "2016-12-31": 252.655, "2016-09-30": 30.975, "2016-06-30": -42.683, "2016-03-31": "128.28200", "2015-12-31": 161.953, "2015-09-30": 118.902, "2015-06-30": -60.092, "2015-03-31": "87.22400", "2014-12-31": 257.47, "2014-09-30": -8.197, "2014-06-30": 2.564, "2014-03-31": "30.56000", "2013-12-31": 146.23, "2013-09-30": -6.374, "2013-06-30": 16.712, "2013-03-31": "53.12800", "2012-12-31": 149.404, "2012-09-30": 39.276, "2012-06-30": 7.497, "2012-03-31": "82.44200", "2011-12-31": 166.862, "2011-09-30": 0.514, "2011-06-30": -95.596, "2011-03-31": "9.29400", "2010-12-31": 80.62, "2010-09-30": -10.127, "2010-06-30": -8.1, "2010-03-31": "23.42800", "2009-12-31": 127.725, "2009-09-30": 31.938, "2009-06-30": -6.026, "2009-03-31": "35.22200", "2008-12-31": 123.688, "2008-09-30": 33.294, "2008-06-30": -4.875, "2008-03-31": "28.93400", "2007-12-31": 90.604, "2007-09-30": -30.307, "2007-06-30": -14.987, "2007-03-31": "6.67700", "2006-12-31": 93.457, "2006-09-30": -2.524, "2006-06-30": 11.254, "2006-03-31": "-13.96300", "2005-12-31": 103.108, "2005-09-30": 11.523, "2005-06-30": -2.012, "2005-03-31": "24.64800"}, "Net Change In Property, Plant, And Equipment": {"2020-09-30": -8.504, "2020-06-30": -8.64, "2020-03-31": "-8.06800", "2019-12-31": -15.281, "2019-09-30": -21.146, "2019-06-30": -14.872, "2019-03-31": "-9.37100", "2018-12-31": -15.935, "2018-09-30": -16.091, "2018-06-30": -17.006, "2018-03-31": "-14.37100", "2017-12-31": -17.802, "2017-09-30": -17.38, "2017-06-30": -16.285, "2017-03-31": "-17.99100", "2016-12-31": -17.366, "2016-09-30": -21.469, "2016-06-30": -23.953, "2016-03-31": "-25.55200", "2015-12-31": -26.504, "2015-09-30": -26.68, "2015-06-30": -29.557, "2015-03-31": "-20.68400", "2014-12-31": -17.691, "2014-09-30": -22.325, "2014-06-30": -29.083, "2014-03-31": "-32.08300", "2013-12-31": -52.897, "2013-09-30": -59.062, "2013-06-30": -39.14, "2013-03-31": "-31.42600", "2012-12-31": -23.582, "2012-09-30": -22.105, "2012-06-30": -21.33, "2012-03-31": "-16.37500", "2011-12-31": -16.338, "2011-09-30": -13.061, "2011-06-30": -9.273, "2011-03-31": "-6.81300", "2010-12-31": -10.299, "2010-09-30": -8.763, "2010-06-30": -12.497, "2010-03-31": "-7.93700", "2009-12-31": -6.538, "2009-09-30": -4.948, "2009-06-30": -7.201, "2009-03-31": "-10.82900", "2008-12-31": -15.75, "2008-09-30": -12.142, "2008-06-30": -4.57, "2008-03-31": "-2.48500", "2007-12-31": -8.644, "2007-09-30": -5.561, "2007-06-30": -4.496, "2007-03-31": "-3.11800", "2006-12-31": -14.987, "2006-09-30": -8.316, "2006-06-30": -5.411, "2006-03-31": "-1.78600", "2005-12-31": -9.606, "2005-09-30": -4.198, "2005-06-30": -3.845, "2005-03-31": "-2.07900"}, "Net Change In Intangible Assets": {"2020-09-30": 0, "2020-06-30": 0, "2020-03-31": "", "2019-12-31": 0, "2019-09-30": 0, "2019-06-30": 0, "2019-03-31": "", "2018-12-31": 0, "2018-09-30": 0, "2018-06-30": 0.096, "2018-03-31": "", "2017-12-31": -158.457, "2017-09-30": 0, "2017-06-30": 0, "2017-03-31": "", "2016-12-31": 0, "2016-09-30": 0, "2016-06-30": 0, "2016-03-31": "", "2015-12-31": 0, "2015-09-30": 0, "2015-06-30": 0, "2015-03-31": "", "2014-12-31": -3.55, "2014-09-30": 0, "2014-06-30": 0, "2014-03-31": "", "2013-12-31": 0, "2013-09-30": 0, "2013-06-30": -38.007, "2013-03-31": "", "2012-12-31": 0, "2012-09-30": 0, "2012-06-30": 0, "2012-03-31": "", "2011-12-31": 0, "2011-09-30": 0, "2011-06-30": 0, "2011-03-31": "", "2010-12-31": 0, "2010-09-30": 0, "2010-06-30": 0, "2010-03-31": "", "2009-12-31": 0, "2009-09-30": 0, "2009-06-30": 0, "2009-03-31": "", "2008-12-31": 0, "2008-09-30": 0, "2008-06-30": 0, "2008-03-31": "", "2007-12-31": 0, "2007-09-30": 0, "2007-06-30": 0, "2007-03-31": "", "2006-12-31": 0, "2006-09-30": 0, "2006-06-30": 0, "2006-03-31": "", "2005-12-31": 0, "2005-09-30": 0, "2005-06-30": 0, "2005-03-31": ""}, "Net Acquisitions/Divestitures": {"2020-09-30": 0, "2020-06-30": 0, "2020-03-31": "", "2019-12-31": 0, "2019-09-30": 0, "2019-06-30": 0, "2019-03-31": "", "2018-12-31": 0, "2018-09-30": 0, "2018-06-30": 0, "2018-03-31": "", "2017-12-31": 159.365, "2017-09-30": -15.661, "2017-06-30": 0, "2017-03-31": "-143.70400", "2016-12-31": 0, "2016-09-30": 0, "2016-06-30": 0, "2016-03-31": "", "2015-12-31": 0, "2015-09-30": 0, "2015-06-30": 0, "2015-03-31": "", "2014-12-31": 0, "2014-09-30": 0, "2014-06-30": 0, "2014-03-31": "", "2013-12-31": 0, "2013-09-30": 0, "2013-06-30": 0, "2013-03-31": "", "2012-12-31": 0, "2012-09-30": 0, "2012-06-30": 0, "2012-03-31": "", "2011-12-31": -0.008, "2011-09-30": 0, "2011-06-30": -61.199, "2011-03-31": "", "2010-12-31": 0, "2010-09-30": 0, "2010-06-30": 0, "2010-03-31": "", "2009-12-31": 0, "2009-09-30": 0, "2009-06-30": 0, "2009-03-31": "", "2008-12-31": 0, "2008-09-30": 0, "2008-06-30": 0, "2008-03-31": "", "2007-12-31": 0, "2007-09-30": 0, "2007-06-30": 0, "2007-03-31": "", "2006-12-31": 0, "2006-09-30": 0, "2006-06-30": 0, "2006-03-31": "", "2005-12-31": -0.074, "2005-09-30": -309.91, "2005-06-30": 0, "2005-03-31": ""}, "Net Change In Short-term Investments": {"2020-09-30": 0, "2020-06-30": 0, "2020-03-31": "", "2019-12-31": 0, "2019-09-30": 0, "2019-06-30": 0, "2019-03-31": "", "2018-12-31": 0, "2018-09-30": 0, "2018-06-30": 0, "2018-03-31": "", "2017-12-31": 0, "2017-09-30": 0, "2017-06-30": 0, "2017-03-31": "", "2016-12-31": 0, "2016-09-30": 0, "2016-06-30": 0, "2016-03-31": "", "2015-12-31": 0, "2015-09-30": 0, "2015-06-30": 0, "2015-03-31": "", "2014-12-31": 0, "2014-09-30": 0, "2014-06-30": 0, "2014-03-31": "", "2013-12-31": 0, "2013-09-30": 0, "2013-06-30": 0, "2013-03-31": "", "2012-12-31": 0, "2012-09-30": 0, "2012-06-30": 0, "2012-03-31": "", "2011-12-31": 0, "2011-09-30": 0, "2011-06-30": 0, "2011-03-31": "", "2010-12-31": 0, "2010-09-30": 0, "2010-06-30": 0, "2010-03-31": "", "2009-12-31": 0, "2009-09-30": 0, "2009-06-30": 0, "2009-03-31": "", "2008-12-31": 0, "2008-09-30": 0, "2008-06-30": 0, "2008-03-31": "", "2007-12-31": 0, "2007-09-30": 0, "2007-06-30": 0, "2007-03-31": "", "2006-12-31": 0, "2006-09-30": 0, "2006-06-30": 0, "2006-03-31": "", "2005-12-31": 0, "2005-09-30": 0, "2005-06-30": 0, "2005-03-31": ""}, "Net Change In Long-Term Investments": {"2020-09-30": 0, "2020-06-30": 0, "2020-03-31": "", "2019-12-31": 0, "2019-09-30": 0, "2019-06-30": 0, "2019-03-31": "", "2018-12-31": 0, "2018-09-30": 0, "2018-06-30": 0, "2018-03-31": "", "2017-12-31": 0, "2017-09-30": 0, "2017-06-30": 0, "2017-03-31": "", "2016-12-31": 0, "2016-09-30": 0, "2016-06-30": 0, "2016-03-31": "", "2015-12-31": 0, "2015-09-30": 0, "2015-06-30": 0, "2015-03-31": "", "2014-12-31": 0, "2014-09-30": 0, "2014-06-30": 0, "2014-03-31": "", "2013-12-31": 0, "2013-09-30": 0, "2013-06-30": 0, "2013-03-31": "", "2012-12-31": 0, "2012-09-30": 0, "2012-06-30": 0, "2012-03-31": "", "2011-12-31": 0, "2011-09-30": 0, "2011-06-30": 0, "2011-03-31": "", "2010-12-31": 0, "2010-09-30": 0, "2010-06-30": 0, "2010-03-31": "", "2009-12-31": 0, "2009-09-30": 0, "2009-06-30": 0, "2009-03-31": "", "2008-12-31": 0, "2008-09-30": 0, "2008-06-30": 0, "2008-03-31": "", "2007-12-31": 0, "2007-09-30": 0, "2007-06-30": 0, "2007-03-31": "", "2006-12-31": 0, "2006-09-30": 0, "2006-06-30": 0, "2006-03-31": "", "2005-12-31": 8.43, "2005-09-30": 9.925, "2005-06-30": 0, "2005-03-31": ""}, "Net Change In Investments - Total": {"2020-09-30": 0, "2020-06-30": 0, "2020-03-31": "", "2019-12-31": 0, "2019-09-30": 0, "2019-06-30": 0, "2019-03-31": "", "2018-12-31": 0, "2018-09-30": 0, "2018-06-30": 0, "2018-03-31": "", "2017-12-31": 0, "2017-09-30": 0, "2017-06-30": 0, "2017-03-31": "", "2016-12-31": 0, "2016-09-30": 0, "2016-06-30": 0, "2016-03-31": "", "2015-12-31": 0, "2015-09-30": 0, "2015-06-30": 0, "2015-03-31": "", "2014-12-31": 0, "2014-09-30": 0, "2014-06-30": 0, "2014-03-31": "", "2013-12-31": 0, "2013-09-30": 0, "2013-06-30": 0, "2013-03-31": "", "2012-12-31": 0, "2012-09-30": 0, "2012-06-30": 0, "2012-03-31": "", "2011-12-31": 0, "2011-09-30": 0, "2011-06-30": 0, "2011-03-31": "", "2010-12-31": 0, "2010-09-30": 0, "2010-06-30": 0, "2010-03-31": "", "2009-12-31": 0, "2009-09-30": 0, "2009-06-30": 0, "2009-03-31": "", "2008-12-31": 0, "2008-09-30": 0, "2008-06-30": 0, "2008-03-31": "", "2007-12-31": 0, "2007-09-30": 0, "2007-06-30": 0, "2007-03-31": "", "2006-12-31": 0, "2006-09-30": 0, "2006-06-30": 0, "2006-03-31": "", "2005-12-31": 8.43, "2005-09-30": 9.925, "2005-06-30": 0, "2005-03-31": ""}, "Investing Activities - Other": {"2020-09-30": 0, "2020-06-30": 0, "2020-03-31": "", "2019-12-31": 0, "2019-09-30": 0, "2019-06-30": 0, "2019-03-31": "", "2018-12-31": 0, "2018-09-30": 0, "2018-06-30": 0, "2018-03-31": "", "2017-12-31": 0, "2017-09-30": 0, "2017-06-30": 0, "2017-03-31": "", "2016-12-31": 0, "2016-09-30": 0, "2016-06-30": 0, "2016-03-31": "", "2015-12-31": 0, "2015-09-30": 0, "2015-06-30": 0, "2015-03-31": "", "2014-12-31": 0, "2014-09-30": 0, "2014-06-30": 0, "2014-03-31": "", "2013-12-31": 0, "2013-09-30": 0, "2013-06-30": 0, "2013-03-31": "", "2012-12-31": 0, "2012-09-30": 0, "2012-06-30": 0, "2012-03-31": "", "2011-12-31": 0, "2011-09-30": 0, "2011-06-30": 0, "2011-03-31": "", "2010-12-31": 0, "2010-09-30": 0, "2010-06-30": 0, "2010-03-31": "", "2009-12-31": 0, "2009-09-30": 0, "2009-06-30": 0, "2009-03-31": "", "2008-12-31": 0, "2008-09-30": 0, "2008-06-30": 0, "2008-03-31": "", "2007-12-31": 0, "2007-09-30": 0, "2007-06-30": 0, "2007-03-31": "", "2006-12-31": 0, "2006-09-30": 0, "2006-06-30": 0, "2006-03-31": "", "2005-12-31": 0, "2005-09-30": 3.136, "2005-06-30": -0.782, "2005-03-31": "0.60000"}, "Cash Flow From Investing Activities": {"2020-09-30": -8.504, "2020-06-30": -8.64, "2020-03-31": "-8.06800", "2019-12-31": -15.281, "2019-09-30": -21.146, "2019-06-30": -14.872, "2019-03-31": "-9.37100", "2018-12-31": -15.935, "2018-09-30": -16.091, "2018-06-30": -16.91, "2018-03-31": "-14.37100", "2017-12-31": -16.894, "2017-09-30": -33.041, "2017-06-30": -16.285, "2017-03-31": "-161.69500", "2016-12-31": -17.366, "2016-09-30": -21.469, "2016-06-30": -23.953, "2016-03-31": "-25.55200", "2015-12-31": -26.504, "2015-09-30": -26.68, "2015-06-30": -29.557, "2015-03-31": "-20.68400", "2014-12-31": -21.241, "2014-09-30": -22.325, "2014-06-30": -29.083, "2014-03-31": "-32.08300", "2013-12-31": -52.897, "2013-09-30": -59.062, "2013-06-30": -77.147, "2013-03-31": "-31.42600", "2012-12-31": -23.582, "2012-09-30": -22.105, "2012-06-30": -21.33, "2012-03-31": "-16.37500", "2011-12-31": -16.346, "2011-09-30": -13.061, "2011-06-30": -70.472, "2011-03-31": "-6.81300", "2010-12-31": -10.299, "2010-09-30": -8.763, "2010-06-30": -12.497, "2010-03-31": "-7.93700", "2009-12-31": -6.538, "2009-09-30": -4.948, "2009-06-30": -7.201, "2009-03-31": "-10.82900", "2008-12-31": -15.75, "2008-09-30": -12.142, "2008-06-30": -4.57, "2008-03-31": "-2.48500", "2007-12-31": -8.644, "2007-09-30": -5.561, "2007-06-30": -4.496, "2007-03-31": "-3.11800", "2006-12-31": -14.987, "2006-09-30": -8.316, "2006-06-30": -5.411, "2006-03-31": "-1.78600", "2005-12-31": -1.25, "2005-09-30": -301.047, "2005-06-30": -4.627, "2005-03-31": "-1.47900"}, "Net Long-Term Debt": {"2020-09-30": -244, "2020-06-30": 0, "2020-03-31": "644.00000", "2019-12-31": -175, "2019-09-30": 170.252, "2019-06-30": -26.252, "2019-03-31": "35.00000", "2018-12-31": -205, "2018-09-30": 115, "2018-06-30": 65, "2018-03-31": "", "2017-12-31": -70, "2017-09-30": 25, "2017-06-30": 80, "2017-03-31": "1.03500", "2016-12-31": 0, "2016-09-30": 0, "2016-06-30": 0, "2016-03-31": "", "2015-12-31": 0, "2015-09-30": 0, "2015-06-30": 0, "2015-03-31": "0.34900", "2014-12-31": 0, "2014-09-30": 0, "2014-06-30": 0, "2014-03-31": "", "2013-12-31": 0, "2013-09-30": 400, "2013-06-30": 0, "2013-03-31": "", "2012-12-31": 0, "2012-09-30": 0, "2012-06-30": -50, "2012-03-31": "", "2011-12-31": 0, "2011-09-30": 0, "2011-06-30": 0, "2011-03-31": "", "2010-12-31": 3.841, "2010-09-30": -0.613, "2010-06-30": -100.876, "2010-03-31": "-0.87500", "2009-12-31": -0.876, "2009-09-30": -0.876, "2009-06-30": -0.876, "2009-03-31": "-0.87500", "2008-12-31": -1.752, "2008-09-30": -0.876, "2008-06-30": -0.875, "2008-03-31": "", "2007-12-31": -22.476, "2007-09-30": 20.725, "2007-06-30": -0.876, "2007-03-31": "-0.87600", "2006-12-31": -47.867, "2006-09-30": -0.995, "2006-06-30": -26.058, "2006-03-31": "-10.08000", "2005-12-31": -38.718, "2005-09-30": 318.935, "2005-06-30": -15.131, "2005-03-31": "-20.13000"}, "Net Current Debt": {"2020-09-30": 0, "2020-06-30": 0, "2020-03-31": "", "2019-12-31": 0, "2019-09-30": 0, "2019-06-30": 0, "2019-03-31": "", "2018-12-31": 0, "2018-09-30": 0, "2018-06-30": 0, "2018-03-31": "", "2017-12-31": 0, "2017-09-30": 0, "2017-06-30": 0, "2017-03-31": "", "2016-12-31": 0, "2016-09-30": 0, "2016-06-30": 0, "2016-03-31": "", "2015-12-31": 0, "2015-09-30": 0, "2015-06-30": 0, "2015-03-31": "", "2014-12-31": 0, "2014-09-30": 0, "2014-06-30": 0, "2014-03-31": "", "2013-12-31": 0, "2013-09-30": 0, "2013-06-30": 0, "2013-03-31": "", "2012-12-31": 0, "2012-09-30": 0, "2012-06-30": 0, "2012-03-31": "", "2011-12-31": 0, "2011-09-30": 0, "2011-06-30": 0, "2011-03-31": "", "2010-12-31": 0, "2010-09-30": 0, "2010-06-30": 0, "2010-03-31": "", "2009-12-31": 0, "2009-09-30": 0, "2009-06-30": 0, "2009-03-31": "", "2008-12-31": 0, "2008-09-30": 0, "2008-06-30": 0, "2008-03-31": "", "2007-12-31": 0, "2007-09-30": 0, "2007-06-30": 0, "2007-03-31": "", "2006-12-31": 0, "2006-09-30": 0, "2006-06-30": 0, "2006-03-31": "", "2005-12-31": 0, "2005-09-30": 0, "2005-06-30": 0, "2005-03-31": ""}, "Debt Issuance/Retirement Net - Total": {"2020-09-30": -244, "2020-06-30": 0, "2020-03-31": "644.00000", "2019-12-31": -175, "2019-09-30": 170.252, "2019-06-30": -26.252, "2019-03-31": "35.00000", "2018-12-31": -205, "2018-09-30": 115, "2018-06-30": 65, "2018-03-31": "", "2017-12-31": -70, "2017-09-30": 25, "2017-06-30": 80, "2017-03-31": "1.03500", "2016-12-31": 0, "2016-09-30": 0, "2016-06-30": 0, "2016-03-31": "", "2015-12-31": 0, "2015-09-30": 0, "2015-06-30": 0, "2015-03-31": "0.34900", "2014-12-31": 0, "2014-09-30": 0, "2014-06-30": 0, "2014-03-31": "", "2013-12-31": 0, "2013-09-30": 400, "2013-06-30": 0, "2013-03-31": "", "2012-12-31": 0, "2012-09-30": 0, "2012-06-30": -50, "2012-03-31": "", "2011-12-31": 0, "2011-09-30": 0, "2011-06-30": 0, "2011-03-31": "", "2010-12-31": 3.841, "2010-09-30": -0.613, "2010-06-30": -100.876, "2010-03-31": "-0.87500", "2009-12-31": -0.876, "2009-09-30": -0.876, "2009-06-30": -0.876, "2009-03-31": "-0.87500", "2008-12-31": -1.752, "2008-09-30": -0.876, "2008-06-30": -0.875, "2008-03-31": "", "2007-12-31": -22.476, "2007-09-30": 20.725, "2007-06-30": -0.876, "2007-03-31": "-0.87600", "2006-12-31": -47.867, "2006-09-30": -0.995, "2006-06-30": -26.058, "2006-03-31": "-10.08000", "2005-12-31": -38.718, "2005-09-30": 318.935, "2005-06-30": -15.131, "2005-03-31": "-20.13000"}, "Net Common Equity Issued/Repurchased": {"2020-09-30": 0.673, "2020-06-30": 0.999, "2020-03-31": "-48.12700", "2019-12-31": -37.623, "2019-09-30": -54.574, "2019-06-30": -50.96, "2019-03-31": "-39.26300", "2018-12-31": -38.923, "2018-09-30": -55.124, "2018-06-30": -67.958, "2018-03-31": "-20.42600", "2017-12-31": -28.836, "2017-09-30": -50.784, "2017-06-30": -50.151, "2017-03-31": "-50.55300", "2016-12-31": -51.933, "2016-09-30": -57.73, "2016-06-30": -107.348, "2016-03-31": "-76.26800", "2015-12-31": -30.718, "2015-09-30": -28.262, "2015-06-30": -32.982, "2015-03-31": "-11.35200", "2014-12-31": -18.037, "2014-09-30": -25.466, "2014-06-30": -32.786, "2014-03-31": "3.25400", "2013-12-31": 0.488, "2013-09-30": -415.162, "2013-06-30": -16.982, "2013-03-31": "-9.56500", "2012-12-31": 2.035, "2012-09-30": 1.169, "2012-06-30": 0.799, "2012-03-31": "1.68200", "2011-12-31": -0.823, "2011-09-30": 3.736, "2011-06-30": 1.685, "2011-03-31": "0.00700", "2010-12-31": -5.694, "2010-09-30": -43.481, "2010-06-30": 0.409, "2010-03-31": "8.46200", "2009-12-31": 0.015, "2009-09-30": 4.352, "2009-06-30": 0.546, "2009-03-31": "0.18900", "2008-12-31": -3.571, "2008-09-30": -9.236, "2008-06-30": -10.023, "2008-03-31": "-9.95500", "2007-12-31": -9.598, "2007-09-30": -6.771, "2007-06-30": -8.221, "2007-03-31": "-29.83800", "2006-12-31": 1.303, "2006-09-30": 0.073, "2006-06-30": 0.594, "2006-03-31": "0.42000", "2005-12-31": 0.393, "2005-09-30": 0.751, "2005-06-30": 0.598, "2005-03-31": "0.24400"}, "Net Total Equity Issued/Repurchased": {"2020-09-30": 0.673, "2020-06-30": 0.999, "2020-03-31": "-48.12700", "2019-12-31": -37.623, "2019-09-30": -54.574, "2019-06-30": -50.96, "2019-03-31": "-39.26300", "2018-12-31": -38.923, "2018-09-30": -55.124, "2018-06-30": -67.958, "2018-03-31": "-20.42600", "2017-12-31": -28.836, "2017-09-30": -50.784, "2017-06-30": -50.151, "2017-03-31": "-50.55300", "2016-12-31": -51.933, "2016-09-30": -57.73, "2016-06-30": -107.348, "2016-03-31": "-76.26800", "2015-12-31": -30.718, "2015-09-30": -28.262, "2015-06-30": -32.982, "2015-03-31": "-11.35200", "2014-12-31": -18.037, "2014-09-30": -25.466, "2014-06-30": -32.786, "2014-03-31": "3.25400", "2013-12-31": 0.488, "2013-09-30": -415.162, "2013-06-30": -16.982, "2013-03-31": "-9.56500", "2012-12-31": 2.035, "2012-09-30": 1.169, "2012-06-30": 0.799, "2012-03-31": "1.68200", "2011-12-31": -0.823, "2011-09-30": 3.736, "2011-06-30": 1.685, "2011-03-31": "0.00700", "2010-12-31": -5.694, "2010-09-30": -43.481, "2010-06-30": 0.409, "2010-03-31": "8.46200", "2009-12-31": 0.015, "2009-09-30": 4.352, "2009-06-30": 0.546, "2009-03-31": "0.18900", "2008-12-31": -3.571, "2008-09-30": -9.236, "2008-06-30": -10.023, "2008-03-31": "-9.95500", "2007-12-31": -9.598, "2007-09-30": -6.771, "2007-06-30": -8.221, "2007-03-31": "-29.83800", "2006-12-31": 1.303, "2006-09-30": 0.073, "2006-06-30": 0.594, "2006-03-31": "0.42000", "2005-12-31": 0.393, "2005-09-30": 0.751, "2005-06-30": 0.598, "2005-03-31": "0.24400"}, "Total Common And Preferred Stock Dividends Paid": {"2020-09-30": 0, "2020-06-30": 0, "2020-03-31": "-26.26000", "2019-12-31": -22.063, "2019-09-30": -22.268, "2019-06-30": -22.504, "2019-03-31": "-22.75600", "2018-12-31": -20.603, "2018-09-30": -20.847, "2018-06-30": -21.023, "2018-03-31": "-21.24400", "2017-12-31": -17.471, "2017-09-30": -17.612, "2017-06-30": -17.833, "2017-03-31": "-17.99800", "2016-12-31": -16.224, "2016-09-30": -16.452, "2016-06-30": -16.647, "2016-03-31": "-17.03200", "2015-12-31": -11.411, "2015-09-30": -11.474, "2015-06-30": -11.546, "2015-03-31": "-11.59700", "2014-12-31": -10.024, "2014-09-30": -10.073, "2014-06-30": -10.172, "2014-03-31": "-10.20800", "2013-12-31": -8.727, "2013-09-30": -9.466, "2013-06-30": -9.522, "2013-03-31": "", "2012-12-31": 0, "2012-09-30": 0, "2012-06-30": 0, "2012-03-31": "", "2011-12-31": 0, "2011-09-30": 0, "2011-06-30": 0, "2011-03-31": "", "2010-12-31": 0, "2010-09-30": 0, "2010-06-30": 0, "2010-03-31": "", "2009-12-31": 0, "2009-09-30": 0, "2009-06-30": 0, "2009-03-31": "", "2008-12-31": 0, "2008-09-30": 0, "2008-06-30": 0, "2008-03-31": "", "2007-12-31": 0, "2007-09-30": 0, "2007-06-30": 0, "2007-03-31": "", "2006-12-31": 0, "2006-09-30": 0, "2006-06-30": 0, "2006-03-31": "", "2005-12-31": 0, "2005-09-30": 0, "2005-06-30": 0, "2005-03-31": ""}, "Financial Activities - Other": {"2020-09-30": 0, "2020-06-30": -7.639, "2020-03-31": "", "2019-12-31": -4.328, "2019-09-30": -5.252, "2019-06-30": 5.181, "2019-03-31": "-10.97400", "2018-12-31": -6.908, "2018-09-30": -0.89, "2018-06-30": 6.583, "2018-03-31": "-6.58300", "2017-12-31": -5.734, "2017-09-30": -2.138, "2017-06-30": 0, "2017-03-31": "", "2016-12-31": -7.94, "2016-09-30": 0.383, "2016-06-30": 0.54, "2016-03-31": "3.14400", "2015-12-31": 0.667, "2015-09-30": -8.192, "2015-06-30": 1.073, "2015-03-31": "-6.56000", "2014-12-31": 0.236, "2014-09-30": -8.547, "2014-06-30": 0.149, "2014-03-31": "-0.76400", "2013-12-31": -0.298, "2013-09-30": -20.814, "2013-06-30": 1.859, "2013-03-31": "3.53100", "2012-12-31": 0.321, "2012-09-30": -1.749, "2012-06-30": 0.138, "2012-03-31": "-0.71200", "2011-12-31": 2.243, "2011-09-30": 3.419, "2011-06-30": 2.237, "2011-03-31": "-0.99900", "2010-12-31": -3.415, "2010-09-30": 0.3, "2010-06-30": 0.212, "2010-03-31": "7.74600", "2009-12-31": 0.376, "2009-09-30": 10.061, "2009-06-30": 0.535, "2009-03-31": "0.77800", "2008-12-31": 0.074, "2008-09-30": 3.397, "2008-06-30": 0.02, "2008-03-31": "0.04000", "2007-12-31": -10.128, "2007-09-30": 11.32, "2007-06-30": 6.678, "2007-03-31": "0.36000", "2006-12-31": 6.683, "2006-09-30": 0.094, "2006-06-30": 1.583, "2006-03-31": "0.79500", "2005-12-31": 0, "2005-09-30": -24.795, "2005-06-30": 0, "2005-03-31": ""}, "Cash Flow From Financial Activities": {"2020-09-30": -243.327, "2020-06-30": -6.64, "2020-03-31": "569.61300", "2019-12-31": -239.014, "2019-09-30": 88.158, "2019-06-30": -94.535, "2019-03-31": "-37.99300", "2018-12-31": -271.434, "2018-09-30": 38.139, "2018-06-30": -17.398, "2018-03-31": "-48.25300", "2017-12-31": -122.041, "2017-09-30": -45.534, "2017-06-30": 12.016, "2017-03-31": "-67.51600", "2016-12-31": -76.097, "2016-09-30": -73.799, "2016-06-30": -123.455, "2016-03-31": "-90.15600", "2015-12-31": -41.462, "2015-09-30": -47.928, "2015-06-30": -43.455, "2015-03-31": "-29.16000", "2014-12-31": -27.825, "2014-09-30": -44.086, "2014-06-30": -42.809, "2014-03-31": "-7.71800", "2013-12-31": -8.537, "2013-09-30": -45.442, "2013-06-30": -24.645, "2013-03-31": "-6.03400", "2012-12-31": 2.356, "2012-09-30": -0.58, "2012-06-30": -49.063, "2012-03-31": "0.97000", "2011-12-31": 1.42, "2011-09-30": 7.155, "2011-06-30": 3.922, "2011-03-31": "-0.99200", "2010-12-31": -5.268, "2010-09-30": -43.794, "2010-06-30": -100.255, "2010-03-31": "15.33300", "2009-12-31": -0.485, "2009-09-30": 13.537, "2009-06-30": 0.205, "2009-03-31": "0.09200", "2008-12-31": -5.249, "2008-09-30": -6.715, "2008-06-30": -10.878, "2008-03-31": "-9.91500", "2007-12-31": -42.202, "2007-09-30": 25.274, "2007-06-30": -2.419, "2007-03-31": "-30.35400", "2006-12-31": -39.881, "2006-09-30": -0.828, "2006-06-30": -23.881, "2006-03-31": "-8.86500", "2005-12-31": -38.325, "2005-09-30": 294.891, "2005-06-30": -14.533, "2005-03-31": "-19.88600"}, "Net Cash Flow": {"2020-09-30": -169.406, "2020-06-30": 241.481, "2020-03-31": "544.78900", "2019-12-31": 60.375, "2019-09-30": 35.478, "2019-06-30": -41.691, "2019-03-31": "-9.92800", "2018-12-31": 46.179, "2018-09-30": -59.304, "2018-06-30": 2.946, "2018-03-31": "1.76200", "2017-12-31": 73.124, "2017-09-30": -68.194, "2017-06-30": 19.286, "2017-03-31": "-145.08000", "2016-12-31": 158.732, "2016-09-30": -64.454, "2016-06-30": -190.061, "2016-03-31": "13.93200", "2015-12-31": 92.949, "2015-09-30": 43.959, "2015-06-30": -133.099, "2015-03-31": "36.76200", "2014-12-31": 206.992, "2014-09-30": -74.274, "2014-06-30": -69.316, "2014-03-31": "-9.31000", "2013-12-31": 84.727, "2013-09-30": -110.313, "2013-06-30": -85.431, "2013-03-31": "15.32700", "2012-12-31": 127.915, "2012-09-30": 16.692, "2012-06-30": -62.906, "2012-03-31": "67.04100", "2011-12-31": 151.86, "2011-09-30": -5.091, "2011-06-30": -162.146, "2011-03-31": "1.48900", "2010-12-31": 65.053, "2010-09-30": -62.684, "2010-06-30": -120.852, "2010-03-31": "30.82400", "2009-12-31": 120.702, "2009-09-30": 40.527, "2009-06-30": -13.022, "2009-03-31": "24.48500", "2008-12-31": 102.689, "2008-09-30": 14.437, "2008-06-30": -20.323, "2008-03-31": "16.53400", "2007-12-31": 39.758, "2007-09-30": -10.594, "2007-06-30": -21.902, "2007-03-31": "-26.79500", "2006-12-31": 38.589, "2006-09-30": -11.668, "2006-06-30": -18.038, "2006-03-31": "-24.61400", "2005-12-31": 63.533, "2005-09-30": 5.367, "2005-06-30": -21.172, "2005-03-31": "3.28300"}, "Stock-Based Compensation": {"2020-09-30": 3.046, "2020-06-30": 4.54, "2020-03-31": "1.94500", "2019-12-31": 2.989, "2019-09-30": 3.733, "2019-06-30": 5.194, "2019-03-31": "4.61300", "2018-12-31": 2.563, "2018-09-30": 1.844, "2018-06-30": 5.322, "2018-03-31": "4.94400", "2017-12-31": 4.098, "2017-09-30": 3.805, "2017-06-30": 4.867, "2017-03-31": "4.77900", "2016-12-31": 3.821, "2016-09-30": 3.776, "2016-06-30": 4.694, "2016-03-31": "4.55600", "2015-12-31": 3.725, "2015-09-30": 3.744, "2015-06-30": 4.82, "2015-03-31": "4.74000", "2014-12-31": 3.715, "2014-09-30": 4.054, "2014-06-30": 5.294, "2014-03-31": "4.53500", "2013-12-31": 3.684, "2013-09-30": 3.931, "2013-06-30": 4.36, "2013-03-31": "4.06500", "2012-12-31": 3.331, "2012-09-30": 3.367, "2012-06-30": 3.483, "2012-03-31": "2.86800", "2011-12-31": 2.483, "2011-09-30": 2.278, "2011-06-30": 2.732, "2011-03-31": "2.15100", "2010-12-31": 1.906, "2010-09-30": 1.887, "2010-06-30": 1.82, "2010-03-31": "1.69000", "2009-12-31": 1.575, "2009-09-30": 1.657, "2009-06-30": 1.669, "2009-03-31": "1.87400", "2008-12-31": 1.896, "2008-09-30": 1.701, "2008-06-30": 3.469, "2008-03-31": "1.58600", "2007-12-31": -1.052, "2007-09-30": 1.596, "2007-06-30": 1.44, "2007-03-31": "1.61700", "2006-12-31": 1.593, "2006-09-30": 1.491, "2006-06-30": 1.519, "2006-03-31": "1.33900", "2005-12-31": 0.716, "2005-09-30": 0.355, "2005-06-30": 0.672, "2005-03-31": "0.08100"}, "Common Stock Dividends Paid": {"2020-09-30": 0, "2020-06-30": 0, "2020-03-31": "-26.26000", "2019-12-31": -22.063, "2019-09-30": -22.268, "2019-06-30": -22.504, "2019-03-31": "-22.75600", "2018-12-31": -20.603, "2018-09-30": -20.847, "2018-06-30": -21.023, "2018-03-31": "-21.24400", "2017-12-31": -17.471, "2017-09-30": -17.612, "2017-06-30": -17.833, "2017-03-31": "-17.99800", "2016-12-31": -16.224, "2016-09-30": -16.452, "2016-06-30": -16.647, "2016-03-31": "-17.03200", "2015-12-31": -11.411, "2015-09-30": -11.474, "2015-06-30": -11.546, "2015-03-31": "-11.59700", "2014-12-31": -10.024, "2014-09-30": -10.073, "2014-06-30": -10.172, "2014-03-31": "-10.20800", "2013-12-31": -8.727, "2013-09-30": -9.466, "2013-06-30": -9.522, "2013-03-31": "", "2012-12-31": 0, "2012-09-30": 0, "2012-06-30": 0, "2012-03-31": "", "2011-12-31": 0, "2011-09-30": 0, "2011-06-30": 0, "2011-03-31": "", "2010-12-31": 0, "2010-09-30": 0, "2010-06-30": 0, "2010-03-31": "", "2009-12-31": 0, "2009-09-30": 0, "2009-06-30": 0, "2009-03-31": "", "2008-12-31": 0, "2008-09-30": 0, "2008-06-30": 0, "2008-03-31": "", "2007-12-31": 0, "2007-09-30": 0, "2007-06-30": 0, "2007-03-31": "", "2006-12-31": 0, "2006-09-30": 0, "2006-06-30": 0, "2006-03-31": "", "2005-12-31": 0, "2005-09-30": 0, "2005-06-30": 0, "2005-03-31": ""}}, "financial ratios": {"Current Ratio": {"2019-12-31": "2.32970", "2018-12-31": "3.18540", "2017-12-31": "3.08140", "2016-12-31": "3.80780", "2015-12-31": "4.30350", "2014-12-31": "4.19990", "2013-12-31": "3.60550", "2012-12-31": "3.92120", "2011-12-31": "5.12030", "2010-12-31": "3.90610", "2009-12-31": "3.96010", "2008-12-31": "3.56850", "2007-12-31": "4.06200", "2006-12-31": "2.94780", "2005-12-31": "2.54810"}, "Long-term Debt / Capital": {"2019-12-31": "0.40320", "2018-12-31": "0.40560", "2017-12-31": "0.41860", "2016-12-31": "0.42410", "2015-12-31": "0.39820", "2014-12-31": "0.42690", "2013-12-31": "0.45540", "2012-12-31": "0.15880", "2011-12-31": "0.22660", "2010-12-31": "0.25770", "2009-12-31": "0.37320", "2008-12-31": "0.44720", "2007-12-31": "0.46940", "2006-12-31": "0.40860", "2005-12-31": "0.52470"}, "Debt/Equity Ratio": {"2019-12-31": "0.67570", "2018-12-31": "0.68240", "2017-12-31": "0.72000", "2016-12-31": "0.73640", "2015-12-31": "0.66160", "2014-12-31": "0.74490", "2013-12-31": "0.83630", "2012-12-31": "0.18870", "2011-12-31": "0.29290", "2010-12-31": "0.34710", "2009-12-31": "0.60160", "2008-12-31": "0.81740", "2007-12-31": "0.89380", "2006-12-31": "0.69630", "2005-12-31": "1.11220"}, "Gross Margin": {"2019-12-31": "42.86520", "2018-12-31": "43.25150", "2017-12-31": "43.62160", "2016-12-31": "43.09830", "2015-12-31": "41.74100", "2014-12-31": "40.92930", "2013-12-31": "41.51190", "2012-12-31": "39.38090", "2011-12-31": "32.81350", "2010-12-31": "38.57170", "2009-12-31": "38.01740", "2008-12-31": "34.69480", "2007-12-31": "33.83340", "2006-12-31": "36.36090", "2005-12-31": "35.33860"}, "Operating Margin": {"2019-12-31": "10.56670", "2018-12-31": "11.30570", "2017-12-31": "12.33950", "2016-12-31": "13.31630", "2015-12-31": "13.03490", "2014-12-31": "11.51900", "2013-12-31": "10.01060", "2012-12-31": "10.99980", "2011-12-31": "8.88580", "2010-12-31": "13.90630", "2009-12-31": "12.30520", "2008-12-31": "9.36740", "2007-12-31": "-1.01340", "2006-12-31": "12.28990", "2005-12-31": "10.81240"}, "EBIT Margin": {"2019-12-31": "10.56670", "2018-12-31": "11.30570", "2017-12-31": "12.33950", "2016-12-31": "13.31630", "2015-12-31": "13.03490", "2014-12-31": "11.51900", "2013-12-31": "10.01060", "2012-12-31": "10.99980", "2011-12-31": "8.88580", "2010-12-31": "13.90630", "2009-12-31": "12.30520", "2008-12-31": "9.36740", "2007-12-31": "-1.01340", "2006-12-31": "12.28990", "2005-12-31": "10.81240"}, "EBITDA Margin": {"2019-12-31": "13.33400", "2018-12-31": "13.94550", "2017-12-31": "14.86810", "2016-12-31": "15.65810", "2015-12-31": "15.35760", "2014-12-31": "14.16110", "2013-12-31": "12.64640", "2012-12-31": "12.70970", "2011-12-31": "10.90490", "2010-12-31": "15.86960", "2009-12-31": "14.40640", "2008-12-31": "11.46190", "2007-12-31": "1.20010", "2006-12-31": "14.43680", "2005-12-31": "14.25950"}, "Pre-Tax Profit Margin": {"2019-12-31": "9.31870", "2018-12-31": "10.28160", "2017-12-31": "11.50040", "2016-12-31": "12.36310", "2015-12-31": "12.21640", "2014-12-31": "10.46720", "2013-12-31": "9.45400", "2012-12-31": "10.72290", "2011-12-31": "8.57400", "2010-12-31": "13.34200", "2009-12-31": "11.56390", "2008-12-31": "8.15720", "2007-12-31": "-2.65720", "2006-12-31": "10.28590", "2005-12-31": "6.94400"}, "Net Profit Margin": {"2019-12-31": "7.49590", "2018-12-31": "8.14690", "2017-12-31": "8.90600", "2016-12-31": "7.99310", "2015-12-31": "7.81840", "2014-12-31": "6.72700", "2013-12-31": "5.99770", "2012-12-31": "6.67810", "2011-12-31": "5.34690", "2010-12-31": "8.30460", "2009-12-31": "7.27440", "2008-12-31": "5.21260", "2007-12-31": "-5.39850", "2006-12-31": "6.49220", "2005-12-31": "4.20940"}, "Asset Turnover": {"2019-12-31": "1.27830", "2018-12-31": "1.68160", "2017-12-31": "1.64190", "2016-12-31": "1.64310", "2015-12-31": "1.50420", "2014-12-31": "1.52860", "2013-12-31": "1.45590", "2012-12-31": "1.46110", "2011-12-31": "1.50400", "2010-12-31": "1.39140", "2009-12-31": "1.31530", "2008-12-31": "1.43980", "2007-12-31": "1.44050", "2006-12-31": "1.19610", "2005-12-31": "1.00410"}, "Inventory Turnover Ratio": {"2019-12-31": "3.38520", "2018-12-31": "3.42160", "2017-12-31": "3.49380", "2016-12-31": "3.73270", "2015-12-31": "3.73640", "2014-12-31": "3.84280", "2013-12-31": "3.69440", "2012-12-31": "4.13070", "2011-12-31": "4.08240", "2010-12-31": "3.59970", "2009-12-31": "4.60430", "2008-12-31": "4.79640", "2007-12-31": "4.11980", "2006-12-31": "4.41640", "2005-12-31": "3.84750"}, "Receiveable Turnover": {"2019-12-31": "14.02080", "2018-12-31": "13.40620", "2017-12-31": "14.13570", "2016-12-31": "15.79750", "2015-12-31": "14.51980", "2014-12-31": "15.67960", "2013-12-31": "13.62890", "2012-12-31": "14.17310", "2011-12-31": "13.37360", "2010-12-31": "14.40270", "2009-12-31": "19.36410", "2008-12-31": "17.48960", "2007-12-31": "11.72890", "2006-12-31": "12.14540", "2005-12-31": "11.66330"}, "Days Sales In Receivables": {"2019-12-31": "26.03280", "2018-12-31": "27.22620", "2017-12-31": "25.82110", "2016-12-31": "23.10490", "2015-12-31": "25.13810", "2014-12-31": "23.27870", "2013-12-31": "26.78130", "2012-12-31": "25.75300", "2011-12-31": "27.29260", "2010-12-31": "25.34240", "2009-12-31": "18.84930", "2008-12-31": "20.86960", "2007-12-31": "31.11980", "2006-12-31": "30.05250", "2005-12-31": "31.29470"}, "ROE - Return On Equity": {"2019-12-31": "29.97310", "2018-12-31": "32.44280", "2017-12-31": "35.32100", "2016-12-31": "32.69900", "2015-12-31": "27.17810", "2014-12-31": "24.74570", "2013-12-31": "22.89140", "2012-12-31": "16.35250", "2011-12-31": "14.15100", "2010-12-31": "21.54200", "2009-12-31": "20.79770", "2008-12-31": "18.83780", "2007-12-31": "-19.83520", "2006-12-31": "17.60270", "2005-12-31": "12.20810"}, "Return On Tangible Equity": {"2019-12-31": "95.81100", "2018-12-31": "121.51350", "2017-12-31": "141.88570", "2016-12-31": "85.00000", "2015-12-31": "61.08510", "2014-12-31": "67.73210", "2013-12-31": "86.99050", "2012-12-31": "32.91070", "2011-12-31": "36.70880", "2010-12-31": "61.63790", "2009-12-31": "103.30170", "2008-12-31": "-229.04820", "2007-12-31": "105.87660", "2006-12-31": "-73.05290", "2005-12-31": "-19.92390"}, "ROA - Return On Assets": {"2019-12-31": "9.58190", "2018-12-31": "13.70020", "2017-12-31": "14.62300", "2016-12-31": "13.23900", "2015-12-31": "11.86940", "2014-12-31": "10.28320", "2013-12-31": "8.85010", "2012-12-31": "9.88580", "2011-12-31": "8.12830", "2010-12-31": "11.65080", "2009-12-31": "9.56810", "2008-12-31": "7.50510", "2007-12-31": "-7.77660", "2006-12-31": "7.76540", "2005-12-31": "4.22680"}, "ROI - Return On Investment": {"2019-12-31": "17.88730", "2018-12-31": "19.28410", "2017-12-31": "20.53590", "2016-12-31": "18.83150", "2015-12-31": "16.35610", "2014-12-31": "14.18170", "2013-12-31": "12.46620", "2012-12-31": "13.75610", "2011-12-31": "10.94510", "2010-12-31": "15.99150", "2009-12-31": "13.03660", "2008-12-31": "10.41390", "2007-12-31": "-10.52500", "2006-12-31": "10.40940", "2005-12-31": "5.80280"}, "Book Value Per Share": {"2019-12-31": "20.01980", "2018-12-31": "19.05440", "2017-12-31": "18.17410", "2016-12-31": "16.10090", "2015-12-31": "16.90460", "2014-12-31": "14.42350", "2013-12-31": "12.84760", "2012-12-31": "16.66720", "2011-12-31": "13.75050", "2010-12-31": "11.82620", "2009-12-31": "9.57310", "2008-12-31": "7.33870", "2007-12-31": "6.62690", "2006-12-31": "8.40860", "2005-12-31": "13.37410"}, "Operating Cash Flow Per Share": {"2019-12-31": 1.0252, "2018-12-31": 0.7895, "2017-12-31": -0.4832, "2016-12-31": 1.4445, "2015-12-31": 0.5661, "2014-12-31": 1.6734, "2013-12-31": -1.0713, "2012-12-31": 3.3241, "2011-12-31": -0.0615, "2010-12-31": -1.7826, "2009-12-31": 0.1302, "2008-12-31": 2.2083, "2007-12-31": -0.5422, "2006-12-31": -0.8189, "2005-12-31": 2.2594}, "Free Cash Flow Per Share": {"2019-12-31": 1.0274, "2018-12-31": 0.873, "2017-12-31": -0.1723, "2016-12-31": 1.6672, "2015-12-31": 0.4956, "2014-12-31": 2.9407, "2013-12-31": -2.8327, "2012-12-31": 2.6938, "2011-12-31": -0.1737, "2010-12-31": -1.9459, "2009-12-31": 0.224, "2008-12-31": 1.9856, "2007-12-31": -0.4212, "2006-12-31": -0.9922, "2005-12-31": 1.9347}}, "financial ratios, quarterly": {"Current Ratio": {"2020-09-30": "2.36230", "2020-06-30": "2.69020", "2020-03-31": "3.71840", "2019-12-31": "2.32970", "2019-09-30": "2.52730", "2019-06-30": "2.20050", "2019-03-31": "2.68420", "2018-12-31": "3.18540", "2018-09-30": "3.66750", "2018-06-30": "3.36180", "2018-03-31": "4.13870", "2017-12-31": "3.08140", "2017-09-30": "3.17820", "2017-06-30": "3.17260", "2017-03-31": "3.71810", "2016-12-31": "3.80780", "2016-09-30": "3.70490", "2016-06-30": "3.77230", "2016-03-31": "5.35480", "2015-12-31": "4.30350", "2015-09-30": "4.00890", "2015-06-30": "4.61270", "2015-03-31": "5.32030", "2014-12-31": "4.19990", "2014-09-30": "4.38640", "2014-06-30": "4.00510", "2014-03-31": "5.08820", "2013-12-31": "3.60550", "2013-09-30": "3.87430", "2013-06-30": "3.49420", "2013-03-31": "5.36020", "2012-12-31": "3.92120", "2012-09-30": "4.29300", "2012-06-30": "4.82420", "2012-03-31": "6.59510", "2011-12-31": "5.12030", "2011-09-30": "5.74150", "2011-06-30": "4.53150", "2011-03-31": "6.54910", "2010-12-31": "3.90610", "2010-09-30": "4.11360", "2010-06-30": "4.10820", "2010-03-31": "6.75330", "2009-12-31": "3.96010", "2009-09-30": "4.31350", "2009-06-30": "3.62970", "2009-03-31": "4.83560", "2008-12-31": "3.56850", "2008-09-30": "3.92150", "2008-06-30": "3.86020", "2008-03-31": "5.13090", "2007-12-31": "4.06200", "2007-09-30": "3.67650", "2007-06-30": "3.38420", "2007-03-31": "4.00060", "2006-12-31": "2.94780", "2006-09-30": "3.24090", "2006-06-30": "3.11050", "2006-03-31": "3.72060", "2005-12-31": "2.54810", "2005-09-30": "2.99390", "2005-06-30": "3.26640", "2005-03-31": "4.38920"}, "Long-term Debt / Capital": {"2020-09-30": "0.54620", "2020-06-30": "0.62700", "2020-03-31": "0.63370", "2019-12-31": "0.40320", "2019-09-30": "0.48630", "2019-06-30": "0.42200", "2019-03-31": "0.42400", "2018-12-31": "0.40560", "2018-09-30": "0.49590", "2018-06-30": "0.45730", "2018-03-31": "0.41940", "2017-12-31": "0.41860", "2017-09-30": "0.47100", "2017-06-30": "0.46880", "2017-03-31": "0.42960", "2016-12-31": "0.42410", "2016-09-30": "0.42790", "2016-06-30": "0.43100", "2016-03-31": "0.40610", "2015-12-31": "0.39820", "2015-09-30": "0.40740", "2015-06-30": "0.41960", "2015-03-31": "0.41870", "2014-12-31": "0.42690", "2014-09-30": "0.43810", "2014-06-30": "0.44860", "2014-03-31": "0.44560", "2013-12-31": "0.45540", "2013-09-30": "0.47070", "2013-06-30": "0.15410", "2013-03-31": "0.15380", "2012-12-31": "0.15880", "2012-09-30": "0.16620", "2012-06-30": "0.17660", "2012-03-31": "0.21880", "2011-12-31": "0.22660", "2011-09-30": "0.23420", "2011-06-30": "0.24360", "2011-03-31": "0.24870", "2010-12-31": "0.25770", "2010-09-30": "0.26190", "2010-06-30": "0.26400", "2010-03-31": "0.34870", "2009-12-31": "0.37320", "2009-09-30": "0.39030", "2009-06-30": "0.41940", "2009-03-31": "0.42800", "2008-12-31": "0.44720", "2008-09-30": "0.44960", "2008-06-30": "0.46880", "2008-03-31": "0.46830", "2007-12-31": "0.46940", "2007-09-30": "0.49730", "2007-06-30": "0.50290", "2007-03-31": "0.41610", "2006-12-31": "0.40860", "2006-09-30": "0.46180", "2006-06-30": "0.48160", "2006-03-31": "0.50600", "2005-12-31": "0.52470", "2005-09-30": "0.55870", "2005-06-30": "0.29740", "2005-03-31": "0.32330"}, "Debt/Equity Ratio": {"2020-09-30": "1.20340", "2020-06-30": "1.68100", "2020-03-31": "1.73020", "2019-12-31": "0.67570", "2019-09-30": "0.94680", "2019-06-30": "0.73000", "2019-03-31": "0.73610", "2018-12-31": "0.68240", "2018-09-30": "0.98380", "2018-06-30": "0.84260", "2018-03-31": "0.72240", "2017-12-31": "0.72000", "2017-09-30": "0.89020", "2017-06-30": "0.88250", "2017-03-31": "0.75330", "2016-12-31": "0.73640", "2016-09-30": "0.74810", "2016-06-30": "0.75740", "2016-03-31": "0.68380", "2015-12-31": "0.66160", "2015-09-30": "0.68760", "2015-06-30": "0.72290", "2015-03-31": "0.72020", "2014-12-31": "0.74490", "2014-09-30": "0.77970", "2014-06-30": "0.81350", "2014-03-31": "0.80370", "2013-12-31": "0.83630", "2013-09-30": "0.88930", "2013-06-30": "0.18220", "2013-03-31": "0.18180", "2012-12-31": "0.18870", "2012-09-30": "0.19930", "2012-06-30": "0.21440", "2012-03-31": "0.28010", "2011-12-31": "0.29290", "2011-09-30": "0.30590", "2011-06-30": "0.32200", "2011-03-31": "0.33100", "2010-12-31": "0.34710", "2010-09-30": "0.35850", "2010-06-30": "0.36420", "2010-03-31": "0.54100", "2009-12-31": "0.60160", "2009-09-30": "0.64680", "2009-06-30": "0.73000", "2009-03-31": "0.75610", "2008-12-31": "0.81740", "2008-09-30": "0.82740", "2008-06-30": "0.89420", "2008-03-31": "0.89210", "2007-12-31": "0.89380", "2007-09-30": "0.99660", "2007-06-30": "1.01970", "2007-03-31": "0.71810", "2006-12-31": "0.69630", "2006-09-30": "0.86470", "2006-06-30": "0.93840", "2006-03-31": "1.03470", "2005-12-31": "1.11220", "2005-09-30": "1.27900", "2005-06-30": "0.42430", "2005-03-31": "0.47920"}, "Gross Margin": {"2020-09-30": "44.35600", "2020-06-30": "45.74130", "2020-03-31": "34.87740", "2019-12-31": "42.47760", "2019-09-30": "42.63770", "2019-06-30": "43.98190", "2019-03-31": "42.62390", "2018-12-31": "43.04190", "2018-09-30": "41.93600", "2018-06-30": "44.52160", "2018-03-31": "43.99090", "2017-12-31": "44.83370", "2017-09-30": "42.56950", "2017-06-30": "43.83760", "2017-03-31": "43.07870", "2016-12-31": "43.90300", "2016-09-30": "41.66140", "2016-06-30": "44.12740", "2016-03-31": "42.94100", "2015-12-31": "41.95270", "2015-09-30": "40.89630", "2015-06-30": "42.90310", "2015-03-31": "41.48170", "2014-12-31": "40.95980", "2014-09-30": "40.20420", "2014-06-30": "42.76120", "2014-03-31": "40.16390", "2013-12-31": "41.89190", "2013-09-30": "40.73400", "2013-06-30": "42.52870", "2013-03-31": "41.12660", "2012-12-31": "42.05840", "2012-09-30": "40.39100", "2012-06-30": "38.80940", "2012-03-31": "35.30040", "2011-12-31": "34.12910", "2011-09-30": "30.03560", "2011-06-30": "34.23250", "2011-03-31": "33.70680", "2010-12-31": "37.32370", "2010-09-30": "37.22580", "2010-06-30": "39.83100", "2010-03-31": "40.78000", "2009-12-31": "39.17260", "2009-09-30": "38.53830", "2009-06-30": "38.21600", "2009-03-31": "35.76030", "2008-12-31": "37.59310", "2008-09-30": "35.21190", "2008-06-30": "33.00940", "2008-03-31": "31.79510", "2007-12-31": "33.06970", "2007-09-30": "35.49250", "2007-06-30": "33.15720", "2007-03-31": "33.23050", "2006-12-31": "35.99740", "2006-09-30": "37.55830", "2006-06-30": "35.02990", "2006-03-31": "36.48680", "2005-12-31": "35.88690", "2005-09-30": "34.57160", "2005-06-30": "34.31950", "2005-03-31": "36.74220"}, "Operating Margin": {"2020-09-30": "13.12330", "2020-06-30": "4.06970", "2020-03-31": "-11.99100", "2019-12-31": "14.78990", "2019-09-30": "8.89090", "2019-06-30": "8.77960", "2019-03-31": "8.19900", "2018-12-31": "15.70320", "2018-09-30": "11.20860", "2018-06-30": "8.18300", "2018-03-31": "7.97970", "2017-12-31": "14.24210", "2017-09-30": "13.75970", "2017-06-30": "9.29680", "2017-03-31": "10.70590", "2016-12-31": "14.86590", "2016-09-30": "14.52080", "2016-06-30": "9.88990", "2016-03-31": "12.84490", "2015-12-31": "13.40710", "2015-09-30": "15.32360", "2015-06-30": "10.11020", "2015-03-31": "12.34070", "2014-12-31": "13.11630", "2014-09-30": "13.82550", "2014-06-30": "8.24770", "2014-03-31": "9.44240", "2013-12-31": "9.53590", "2013-09-30": "11.98100", "2013-06-30": "6.32160", "2013-03-31": "11.32690", "2012-12-31": "11.36980", "2012-09-30": "14.26620", "2012-06-30": "7.29140", "2012-03-31": "9.75230", "2011-12-31": "9.07390", "2011-09-30": "8.87480", "2011-06-30": "5.58240", "2011-03-31": "11.43580", "2010-12-31": "11.86950", "2010-09-30": "15.42260", "2010-06-30": "10.22080", "2010-03-31": "17.39870", "2009-12-31": "13.26740", "2009-09-30": "16.81720", "2009-06-30": "8.99680", "2009-03-31": "8.10110", "2008-12-31": "12.76480", "2008-09-30": "12.77610", "2008-06-30": "3.06690", "2008-03-31": "6.22870", "2007-12-31": "11.02470", "2007-09-30": "14.60230", "2007-06-30": "-47.91000", "2007-03-31": "6.61360", "2006-12-31": "13.22430", "2006-09-30": "15.69120", "2006-06-30": "7.71430", "2006-03-31": "10.88730", "2005-12-31": "10.22310", "2005-09-30": "12.10700", "2005-06-30": "6.78750", "2005-03-31": "13.23520"}, "EBIT Margin": {"2020-09-30": "13.12330", "2020-06-30": "4.06970", "2020-03-31": "-11.99100", "2019-12-31": "14.79000", "2019-09-30": "8.89090", "2019-06-30": "8.77960", "2019-03-31": "8.19900", "2018-12-31": "15.70330", "2018-09-30": "11.20860", "2018-06-30": "8.18300", "2018-03-31": "7.97970", "2017-12-31": "14.24210", "2017-09-30": "13.75970", "2017-06-30": "9.29680", "2017-03-31": "10.70590", "2016-12-31": "14.86590", "2016-09-30": "14.52080", "2016-06-30": "9.88990", "2016-03-31": "12.84490", "2015-12-31": "13.40720", "2015-09-30": "15.32360", "2015-06-30": "10.11020", "2015-03-31": "12.34070", "2014-12-31": "13.11630", "2014-09-30": "13.82550", "2014-06-30": "8.24770", "2014-03-31": "9.44240", "2013-12-31": "9.53590", "2013-09-30": "11.98100", "2013-06-30": "6.32160", "2013-03-31": "11.32690", "2012-12-31": "11.36980", "2012-09-30": "14.26620", "2012-06-30": "7.29140", "2012-03-31": "9.75230", "2011-12-31": "9.07390", "2011-09-30": "8.87480", "2011-06-30": "5.58240", "2011-03-31": "11.43580", "2010-12-31": "11.86950", "2010-09-30": "15.42260", "2010-06-30": "10.22080", "2010-03-31": "17.39870", "2009-12-31": "13.26740", "2009-09-30": "16.81720", "2009-06-30": "8.99680", "2009-03-31": "8.10110", "2008-12-31": "12.76480", "2008-09-30": "12.77610", "2008-06-30": "3.06690", "2008-03-31": "6.22870", "2007-12-31": "11.02460", "2007-09-30": "14.60230", "2007-06-30": "-47.91000", "2007-03-31": "6.61360", "2006-12-31": "13.22430", "2006-09-30": "15.69120", "2006-06-30": "7.71430", "2006-03-31": "10.88730", "2005-12-31": "10.22310", "2005-09-30": "12.10700", "2005-06-30": "6.78750", "2005-03-31": "13.23520"}, "EBITDA Margin": {"2020-09-30": "", "2020-06-30": "", "2020-03-31": "", "2019-12-31": "", "2019-09-30": "", "2019-06-30": "", "2019-03-31": "", "2018-12-31": "", "2018-09-30": "", "2018-06-30": "", "2018-03-31": "", "2017-12-31": "", "2017-09-30": "", "2017-06-30": "", "2017-03-31": "", "2016-12-31": "", "2016-09-30": "", "2016-06-30": "", "2016-03-31": "", "2015-12-31": "", "2015-09-30": "", "2015-06-30": "", "2015-03-31": "", "2014-12-31": "", "2014-09-30": "", "2014-06-30": "", "2014-03-31": "", "2013-12-31": "", "2013-09-30": "", "2013-06-30": "", "2013-03-31": "", "2012-12-31": "", "2012-09-30": "", "2012-06-30": "", "2012-03-31": "", "2011-12-31": "", "2011-09-30": "", "2011-06-30": "", "2011-03-31": "", "2010-12-31": "", "2010-09-30": "", "2010-06-30": "", "2010-03-31": "", "2009-12-31": "", "2009-09-30": "", "2009-06-30": "", "2009-03-31": "", "2008-12-31": "", "2008-09-30": "", "2008-06-30": "", "2008-03-31": "", "2007-12-31": "", "2007-09-30": "", "2007-06-30": "", "2007-03-31": "", "2006-12-31": "", "2006-09-30": "", "2006-06-30": "", "2006-03-31": "", "2005-12-31": "", "2005-09-30": "", "2005-06-30": "", "2005-03-31": ""}, "Pre-Tax Profit Margin": {"2020-09-30": "11.59060", "2020-06-30": "1.06390", "2020-03-31": "-14.01070", "2019-12-31": "14.07280", "2019-09-30": "7.80440", "2019-06-30": "7.58610", "2019-03-31": "5.90320", "2018-12-31": "14.81810", "2018-09-30": "10.15680", "2018-06-30": "6.93520", "2018-03-31": "6.99560", "2017-12-31": "13.46240", "2017-09-30": "12.99970", "2017-06-30": "8.34690", "2017-03-31": "9.78570", "2016-12-31": "14.12180", "2016-09-30": "13.78030", "2016-06-30": "8.77320", "2016-03-31": "11.50180", "2015-12-31": "12.82090", "2015-09-30": "14.59470", "2015-06-30": "9.31420", "2015-03-31": "11.09700", "2014-12-31": "12.14810", "2014-09-30": "12.81050", "2014-06-30": "7.10620", "2014-03-31": "8.31280", "2013-12-31": "8.56420", "2013-09-30": "11.46270", "2013-06-30": "6.01440", "2013-03-31": "11.04330", "2012-12-31": "11.17630", "2012-09-30": "14.04680", "2012-06-30": "6.96710", "2012-03-31": "9.34210", "2011-12-31": "8.81150", "2011-09-30": "8.62300", "2011-06-30": "5.19580", "2011-03-31": "11.04140", "2010-12-31": "11.22420", "2010-09-30": "15.11990", "2010-06-30": "9.40680", "2010-03-31": "16.80120", "2009-12-31": "12.51060", "2009-09-30": "16.25900", "2009-06-30": "8.16690", "2009-03-31": "7.21210", "2008-12-31": "11.65960", "2008-09-30": "11.84530", "2008-06-30": "1.47940", "2008-03-31": "4.85890", "2007-12-31": "9.56400", "2007-09-30": "13.13720", "2007-06-30": "-49.89210", "2007-03-31": "4.82430", "2006-12-31": "11.48740", "2006-09-30": "14.01920", "2006-06-30": "5.21800", "2006-03-31": "8.56510", "2005-12-31": "8.12850", "2005-09-30": "4.69590", "2005-06-30": "4.68100", "2005-03-31": "11.10050"}, "Net Profit Margin": {"2020-09-30": "9.39120", "2020-06-30": "1.58400", "2020-03-31": "-12.06280", "2019-12-31": "11.39800", "2019-09-30": "6.38720", "2019-06-30": "5.98280", "2019-03-31": "4.61170", "2018-12-31": "12.12300", "2018-09-30": "7.70970", "2018-06-30": "5.31340", "2018-03-31": "5.57620", "2017-12-31": "13.30850", "2017-09-30": "8.61400", "2017-06-30": "5.46340", "2017-03-31": "6.35830", "2016-12-31": "9.07000", "2016-09-30": "8.96480", "2016-06-30": "5.66060", "2016-03-31": "7.45490", "2015-12-31": "8.30370", "2015-09-30": "9.25520", "2015-06-30": "5.84240", "2015-03-31": "7.18960", "2014-12-31": "8.08680", "2014-09-30": "8.13570", "2014-06-30": "4.45110", "2014-03-31": "5.19100", "2013-12-31": "5.48690", "2013-09-30": "7.34200", "2013-06-30": "3.74760", "2013-03-31": "6.90560", "2012-12-31": "6.97650", "2012-09-30": "8.76430", "2012-06-30": "4.34890", "2012-03-31": "5.77030", "2011-12-31": "5.62110", "2011-09-30": "5.32570", "2011-06-30": "3.17350", "2011-03-31": "6.84930", "2010-12-31": "6.80260", "2010-09-30": "9.58760", "2010-06-30": "5.83960", "2010-03-31": "10.46940", "2009-12-31": "7.76960", "2009-09-30": "10.26070", "2009-06-30": "5.09730", "2009-03-31": "4.64890", "2008-12-31": "7.28150", "2008-09-30": "7.45080", "2008-06-30": "0.92120", "2008-03-31": "3.50300", "2007-12-31": "6.08140", "2007-09-30": "8.42390", "2007-06-30": "-49.84760", "2007-03-31": "3.00220", "2006-12-31": "7.26950", "2006-09-30": "8.92320", "2006-06-30": "3.24880", "2006-03-31": "5.32470", "2005-12-31": "4.94300", "2005-09-30": "2.84230", "2005-06-30": "2.83120", "2005-03-31": "6.71610"}, "Asset Turnover": {"2020-09-30": "0.26360", "2020-06-30": "0.15090", "2020-03-31": "0.20750", "2019-12-31": "0.39970", "2019-09-30": "0.32530", "2019-06-30": "0.26730", "2019-03-31": "0.27650", "2018-12-31": "0.52770", "2018-09-30": "0.42040", "2018-06-30": "0.33410", "2018-03-31": "0.38260", "2017-12-31": "0.49630", "2017-09-30": "0.45000", "2017-06-30": "0.34010", "2017-03-31": "0.38820", "2016-12-31": "0.47960", "2016-09-30": "0.46520", "2016-06-30": "0.33440", "2016-03-31": "0.37860", "2015-12-31": "0.43250", "2015-09-30": "0.42870", "2015-06-30": "0.32530", "2015-03-31": "0.37070", "2014-12-31": "0.45920", "2014-09-30": "0.44220", "2014-06-30": "0.31730", "2014-03-31": "0.37190", "2013-12-31": "0.42460", "2013-09-30": "0.43750", "2013-06-30": "0.30430", "2013-03-31": "0.36990", "2012-12-31": "0.42280", "2012-09-30": "0.43620", "2012-06-30": "0.32880", "2012-03-31": "0.39070", "2011-12-31": "0.43250", "2011-09-30": "0.48050", "2011-06-30": "0.30050", "2011-03-31": "0.38730", "2010-12-31": "0.39400", "2010-09-30": "0.43450", "2010-06-30": "0.27780", "2010-03-31": "0.34200", "2009-12-31": "0.35140", "2009-09-30": "0.42160", "2009-06-30": "0.29700", "2009-03-31": "0.34620", "2008-12-31": "0.41230", "2008-09-30": "0.42960", "2008-06-30": "0.30890", "2008-03-31": "0.34920", "2007-12-31": "0.39520", "2007-09-30": "0.41190", "2007-06-30": "0.30540", "2007-03-31": "0.30170", "2006-12-31": "0.33610", "2006-09-30": "0.35030", "2006-06-30": "0.25810", "2006-03-31": "0.27810", "2005-12-31": "0.31390", "2005-09-30": "0.33160", "2005-06-30": "0.28640", "2005-03-31": "0.31530"}, "Inventory Turnover Ratio": {"2020-09-30": "0.74440", "2020-06-30": "0.41560", "2020-03-31": "0.75310", "2019-12-31": "1.06580", "2019-09-30": "0.74820", "2019-06-30": "0.58980", "2019-03-31": "0.81810", "2018-12-31": "1.07760", "2018-09-30": "0.77410", "2018-06-30": "0.58230", "2018-03-31": "0.88310", "2017-12-31": "1.03340", "2017-09-30": "0.89260", "2017-06-30": "0.63650", "2017-03-31": "0.95960", "2016-12-31": "1.07410", "2016-09-30": "0.95140", "2016-06-30": "0.60820", "2016-03-31": "1.09740", "2015-12-31": "1.07040", "2015-09-30": "0.98190", "2015-06-30": "0.64280", "2015-03-31": "1.11930", "2014-12-31": "1.15360", "2014-09-30": "0.91970", "2014-06-30": "0.61050", "2014-03-31": "1.07410", "2013-12-31": "1.07060", "2013-09-30": "1.02290", "2013-06-30": "0.69340", "2013-03-31": "1.22290", "2012-12-31": "1.14260", "2012-09-30": "1.06260", "2012-06-30": "0.76460", "2012-03-31": "1.34340", "2011-12-31": "1.15080", "2011-09-30": "1.15950", "2011-06-30": "0.56630", "2011-03-31": "1.42980", "2010-12-31": "1.03990", "2010-09-30": "1.23260", "2010-06-30": "0.75480", "2010-03-31": "1.69250", "2009-12-31": "1.20710", "2009-09-30": "1.32410", "2009-06-30": "0.78710", "2009-03-31": "1.49040", "2008-12-31": "1.31260", "2008-09-30": "1.31440", "2008-06-30": "0.80570", "2008-03-31": "1.29170", "2007-12-31": "1.14330", "2007-09-30": "1.07530", "2007-06-30": "0.83060", "2007-03-31": "1.33950", "2006-12-31": "1.24790", "2006-09-30": "1.22470", "2006-06-30": "0.94660", "2006-03-31": "1.21990", "2005-12-31": "1.19240", "2005-09-30": "1.16010", "2005-06-30": "0.90540", "2005-03-31": "1.22090"}, "Receiveable Turnover": {"2020-09-30": "3.28640", "2020-06-30": "3.10960", "2020-03-31": "2.94960", "2019-12-31": "4.38450", "2019-09-30": "3.21730", "2019-06-30": "4.36680", "2019-03-31": "3.09760", "2018-12-31": "4.20650", "2018-09-30": "3.14800", "2018-06-30": "4.56470", "2018-03-31": "3.41700", "2017-12-31": "4.27280", "2017-09-30": "3.31890", "2017-06-30": "4.18780", "2017-03-31": "3.54520", "2016-12-31": "4.61080", "2016-09-30": "3.32380", "2016-06-30": "4.24520", "2016-03-31": "3.76010", "2015-12-31": "4.17470", "2015-09-30": "3.44660", "2015-06-30": "3.89940", "2015-03-31": "3.50100", "2014-12-31": "4.70960", "2014-09-30": "3.43660", "2014-06-30": "4.28770", "2014-03-31": "3.17620", "2013-12-31": "3.97530", "2013-09-30": "3.09500", "2013-06-30": "3.88570", "2013-03-31": "3.31360", "2012-12-31": "4.10160", "2012-09-30": "3.34070", "2012-06-30": "3.58000", "2012-03-31": "3.08760", "2011-12-31": "3.84540", "2011-09-30": "2.98110", "2011-06-30": "3.16430", "2011-03-31": "2.93020", "2010-12-31": "4.07790", "2010-09-30": "3.02000", "2010-06-30": "3.28570", "2010-03-31": "3.44060", "2009-12-31": "5.17310", "2009-09-30": "3.76530", "2009-06-30": "3.36890", "2009-03-31": "3.16270", "2008-12-31": "5.00860", "2008-09-30": "2.71640", "2008-06-30": "2.94050", "2008-03-31": "2.56790", "2007-12-31": "3.21760", "2007-09-30": "2.56730", "2007-06-30": "2.75290", "2007-03-31": "2.73930", "2006-12-31": "3.41240", "2006-09-30": "2.59870", "2006-06-30": "2.69100", "2006-03-31": "2.74450", "2005-12-31": "3.64550", "2005-09-30": "2.80430", "2005-06-30": "2.34740", "2005-03-31": "2.72020"}, "Days Sales In Receivables": {"2020-09-30": "27.38570", "2020-06-30": "28.94240", "2020-03-31": "30.51240", "2019-12-31": "20.52700", "2019-09-30": "27.97380", "2019-06-30": "20.61030", "2019-03-31": "29.05510", "2018-12-31": "21.39520", "2018-09-30": "28.58950", "2018-06-30": "19.71640", "2018-03-31": "26.33910", "2017-12-31": "21.06330", "2017-09-30": "27.11750", "2017-06-30": "21.49110", "2017-03-31": "25.38610", "2016-12-31": "19.51920", "2016-09-30": "27.07780", "2016-06-30": "21.20030", "2016-03-31": "23.93530", "2015-12-31": "21.55840", "2015-09-30": "26.11280", "2015-06-30": "23.08070", "2015-03-31": "25.70720", "2014-12-31": "19.10980", "2014-09-30": "26.18860", "2014-06-30": "20.99010", "2014-03-31": "28.33600", "2013-12-31": "22.64000", "2013-09-30": "29.07880", "2013-06-30": "23.16190", "2013-03-31": "27.16100", "2012-12-31": "21.94280", "2012-09-30": "26.94060", "2012-06-30": "25.13950", "2012-03-31": "29.14850", "2011-12-31": "23.40450", "2011-09-30": "30.19030", "2011-06-30": "28.44200", "2011-03-31": "30.71460", "2010-12-31": "22.07030", "2010-09-30": "29.80160", "2010-06-30": "27.39170", "2010-03-31": "26.15800", "2009-12-31": "17.39770", "2009-09-30": "23.90230", "2009-06-30": "26.71460", "2009-03-31": "28.45710", "2008-12-31": "17.96930", "2008-09-30": "33.13190", "2008-06-30": "30.60700", "2008-03-31": "35.04870", "2007-12-31": "27.97080", "2007-09-30": "35.05600", "2007-06-30": "32.69240", "2007-03-31": "32.85490", "2006-12-31": "26.37420", "2006-09-30": "34.63250", "2006-06-30": "33.44510", "2006-03-31": "32.79260", "2005-12-31": "24.68800", "2005-09-30": "32.09310", "2005-06-30": "38.34000", "2005-03-31": "33.08590"}, "ROE - Return On Equity": {"2020-09-30": "9.88480", "2020-06-30": "1.11230", "2020-03-31": "-10.99080", "2019-12-31": "14.21920", "2019-09-30": "7.41350", "2019-06-30": "5.30710", "2019-03-31": "4.05770", "2018-12-31": "15.01680", "2018-09-30": "8.84750", "2018-06-30": "4.59910", "2018-03-31": "4.96820", "2017-12-31": "15.87840", "2017-09-30": "10.66500", "2017-06-30": "5.03940", "2017-03-31": "6.03460", "2016-12-31": "11.00330", "2016-09-30": "10.41200", "2016-06-30": "4.72130", "2016-03-31": "6.36020", "2015-12-31": "8.29650", "2015-09-30": "9.41060", "2015-06-30": "4.49660", "2015-03-31": "6.17990", "2014-12-31": "8.71890", "2014-09-30": "8.76630", "2014-06-30": "3.59490", "2014-03-31": "4.70370", "2013-12-31": "6.10050", "2013-09-30": "8.58540", "2013-06-30": "1.92700", "2013-03-31": "4.04760", "2012-12-31": "4.94090", "2012-09-30": "6.36120", "2012-06-30": "2.39870", "2012-03-31": "3.83020", "2011-12-31": "4.31730", "2011-09-30": "4.46450", "2011-06-30": "1.72730", "2011-03-31": "4.50540", "2010-12-31": "5.13200", "2010-09-30": "7.66900", "2010-06-30": "2.98780", "2010-03-31": "6.94440", "2009-12-31": "5.93430", "2009-09-30": "9.52730", "2009-06-30": "3.61100", "2009-03-31": "3.72370", "2008-12-31": "7.53570", "2008-09-30": "7.89000", "2008-06-30": "0.72950", "2008-03-31": "3.01940", "2007-12-31": "6.12990", "2007-09-30": "9.47790", "2007-06-30": "-42.60920", "2007-03-31": "2.00550", "2006-12-31": "5.53790", "2006-09-30": "7.69750", "2006-06-30": "2.14840", "2006-03-31": "3.88930", "2005-12-31": "4.48090", "2005-09-30": "2.88630", "2005-06-30": "1.54920", "2005-03-31": "4.03740"}, "Return On Tangible Equity": {"2020-09-30": "30.51050", "2020-06-30": "4.58880", "2020-03-31": "-49.05590", "2019-12-31": "45.45250", "2019-09-30": "28.98070", "2019-06-30": "23.04650", "2019-03-31": "16.25100", "2018-12-31": "56.24500", "2018-09-30": "42.14450", "2018-06-30": "21.95660", "2018-03-31": "20.03910", "2017-12-31": "63.78410", "2017-09-30": "65.63170", "2017-06-30": "32.16320", "2017-03-31": "33.80640", "2016-12-31": "28.60280", "2016-09-30": "27.84620", "2016-06-30": "12.92120", "2016-03-31": "14.92700", "2015-12-31": "18.64720", "2015-09-30": "22.37890", "2015-06-30": "11.59630", "2015-03-31": "15.96410", "2014-12-31": "23.86470", "2014-09-30": "26.21400", "2014-06-30": "11.99750", "2014-03-31": "15.54860", "2013-12-31": "23.18270", "2013-09-30": "42.11630", "2013-06-30": "4.00590", "2013-03-31": "7.83660", "2012-12-31": "9.94410", "2012-09-30": "13.59390", "2012-06-30": "5.58570", "2012-03-31": "9.31210", "2011-12-31": "11.19940", "2011-09-30": "12.36600", "2011-06-30": "5.38300", "2011-03-31": "11.86710", "2010-12-31": "14.68400", "2010-09-30": "24.19930", "2010-06-30": "9.70820", "2010-03-31": "24.69330", "2009-12-31": "29.47550", "2009-09-30": "67.06120", "2009-06-30": "111.58550", "2009-03-31": "-2222.45800", "2008-12-31": "-91.62640", "2008-09-30": "-85.71280", "2008-06-30": "-4.00260", "2008-03-31": "-16.87960", "2007-12-31": "-32.72010", "2007-09-30": "-38.72950", "2007-06-30": "118.64310", "2007-03-31": "-7.14120", "2006-12-31": "-22.98290", "2006-09-30": "-21.65030", "2006-06-30": "-4.49510", "2006-03-31": "-7.31280", "2005-12-31": "-7.31290", "2005-09-30": "-4.04690", "2005-06-30": "-70.49520", "2005-03-31": "-83.95880"}, "ROA - Return On Assets": {"2020-09-30": "2.47560", "2020-06-30": "0.23900", "2020-03-31": "-2.49540", "2019-12-31": "4.54560", "2019-09-30": "2.07800", "2019-06-30": "1.59940", "2019-03-31": "1.28610", "2018-12-31": "6.34140", "2018-09-30": "3.26530", "2018-06-30": "1.78870", "2018-03-31": "2.15010", "2017-12-31": "6.57370", "2017-09-30": "3.90690", "2017-06-30": "1.85830", "2017-03-31": "2.46830", "2016-12-31": "4.45500", "2016-09-30": "4.17040", "2016-06-30": "1.89270", "2016-03-31": "2.82250", "2015-12-31": "3.62330", "2015-09-30": "4.00160", "2015-06-30": "1.91670", "2015-03-31": "2.69570", "2014-12-31": "3.62320", "2014-09-30": "3.64670", "2014-06-30": "1.43140", "2014-03-31": "1.95720", "2013-12-31": "2.35850", "2013-09-30": "3.25580", "2013-06-30": "1.15600", "2013-03-31": "2.59220", "2012-12-31": "2.98700", "2012-09-30": "3.87390", "2012-06-30": "1.44900", "2012-03-31": "2.28570", "2011-12-31": "2.47980", "2011-09-30": "2.58800", "2011-06-30": "0.96430", "2011-03-31": "2.65250", "2010-12-31": "2.77560", "2010-09-30": "4.16560", "2010-06-30": "1.62230", "2010-03-31": "3.58010", "2009-12-31": "2.73010", "2009-09-30": "4.32600", "2009-06-30": "1.51380", "2009-03-31": "1.60970", "2008-12-31": "3.00230", "2008-09-30": "3.20100", "2008-06-30": "0.28460", "2008-03-31": "1.22310", "2007-12-31": "2.40330", "2007-09-30": "3.47010", "2007-06-30": "-15.22430", "2007-03-31": "0.90590", "2006-12-31": "2.44300", "2006-09-30": "3.12550", "2006-06-30": "0.83860", "2006-03-31": "1.48090", "2005-12-31": "1.55140", "2005-09-30": "0.94250", "2005-06-30": "0.81070", "2005-03-31": "2.11760"}, "ROI - Return On Investment": {"2020-09-30": "4.48610", "2020-06-30": "0.41490", "2020-03-31": "-4.02560", "2019-12-31": "8.48570", "2019-09-30": "3.80800", "2019-06-30": "3.06760", "2019-03-31": "2.33720", "2018-12-31": "8.92600", "2018-09-30": "4.46000", "2018-06-30": "2.49600", "2018-03-31": "2.88440", "2017-12-31": "9.23180", "2017-09-30": "5.64230", "2017-06-30": "2.67690", "2017-03-31": "3.44190", "2016-12-31": "6.33690", "2016-09-30": "5.95620", "2016-06-30": "2.68650", "2016-03-31": "3.77740", "2015-12-31": "4.99300", "2015-09-30": "5.57630", "2015-06-30": "2.60990", "2015-03-31": "3.59250", "2014-12-31": "4.99680", "2014-09-30": "4.92580", "2014-06-30": "1.98240", "2014-03-31": "2.60780", "2013-12-31": "3.32220", "2013-09-30": "4.54410", "2013-06-30": "1.63000", "2013-03-31": "3.42500", "2012-12-31": "4.15650", "2012-09-30": "5.30430", "2012-06-30": "1.97520", "2012-03-31": "2.99220", "2011-12-31": "3.33920", "2011-09-30": "3.41890", "2011-06-30": "1.30660", "2011-03-31": "3.38500", "2010-12-31": "3.80970", "2010-09-30": "5.66080", "2010-06-30": "2.19900", "2010-03-31": "4.52300", "2009-12-31": "3.71980", "2009-09-30": "5.80930", "2009-06-30": "2.09650", "2009-03-31": "2.12990", "2008-12-31": "4.16590", "2008-09-30": "4.34300", "2008-06-30": "0.38750", "2008-03-31": "1.60550", "2007-12-31": "3.25260", "2007-09-30": "4.76420", "2007-06-30": "-21.17910", "2007-03-31": "1.17100", "2006-12-31": "3.27490", "2006-09-30": "4.14270", "2006-06-30": "1.11380", "2006-03-31": "1.92130", "2005-12-31": "2.12990", "2005-09-30": "1.27360", "2005-06-30": "1.08850", "2005-03-31": "2.73220"}, "Book Value Per Share": {"2020-09-30": "18.82930", "2020-06-30": "16.80440", "2020-03-31": "16.41790", "2019-12-31": "20.01980", "2019-09-30": "18.35110", "2019-06-30": "18.45140", "2019-03-31": "18.71760", "2018-12-31": "19.05440", "2018-09-30": "17.61880", "2018-06-30": "17.40210", "2018-03-31": "18.14350", "2017-12-31": "18.17410", "2017-09-30": "16.27680", "2017-06-30": "15.63300", "2017-03-31": "15.91470", "2016-12-31": "16.10090", "2016-09-30": "15.63970", "2016-06-30": "15.27450", "2016-03-31": "16.57460", "2015-12-31": "16.90460", "2015-09-30": "16.18650", "2015-06-30": "15.34350", "2015-03-31": "15.31340", "2014-12-31": "14.42350", "2014-09-30": "14.18670", "2014-06-30": "13.51240", "2014-03-31": "13.56760", "2013-12-31": "12.84760", "2013-09-30": "12.08080", "2013-06-30": "17.20080", "2013-03-31": "17.23760", "2012-12-31": "16.66720", "2012-09-30": "15.81140", "2012-06-30": "14.70340", "2012-03-31": "14.29690", "2011-12-31": "13.75050", "2011-09-30": "13.18330", "2011-06-30": "12.61700", "2011-03-31": "12.34390", "2010-12-31": "11.82620", "2010-09-30": "11.22270", "2010-06-30": "10.75210", "2010-03-31": "10.38350", "2009-12-31": "9.57310", "2009-09-30": "8.93520", "2009-06-30": "8.11200", "2009-03-31": "7.86740", "2008-12-31": "7.33870", "2008-09-30": "7.26430", "2008-06-30": "6.75190", "2008-03-31": "6.71520", "2007-12-31": "6.62690", "2007-09-30": "6.30530", "2007-06-30": "5.78610", "2007-03-31": "8.29260", "2006-12-31": "8.40860", "2006-09-30": "7.81030", "2006-06-30": "7.21820", "2006-03-31": "7.00050", "2005-12-31": "13.37410", "2005-09-30": "6.35630", "2005-06-30": "6.12800", "2005-03-31": "6.01640"}, "Operating Cash Flow Per Share": {"2020-09-30": 1.8706, "2020-06-30": 5.8439, "2020-03-31": "-0.32990", "2019-12-31": 7.01, "2019-09-30": -0.6685, "2019-06-30": 1.5035, "2019-03-31": "0.81600", "2018-12-31": 7.1763, "2018-09-30": -1.7358, "2018-06-30": 0.8426, "2018-03-31": "1.35270", "2017-12-31": 4.3903, "2017-09-30": 0.239, "2017-06-30": 0.4947, "2017-03-31": "1.72230", "2016-12-31": 4.9974, "2016-09-30": 0.6408, "2016-06-30": -0.7927, "2016-03-31": "2.48400", "2015-12-31": 3.09, "2015-09-30": 2.2787, "2015-06-30": -1.1415, "2015-03-31": "1.65780", "2014-12-31": 4.847, "2014-09-30": -0.1497, "2014-06-30": 0.0522, "2014-03-31": "0.56940", "2013-12-31": 2.5406, "2013-09-30": -0.0757, "2013-06-30": 0.2854, "2013-03-31": "0.89520", "2012-12-31": 2.5323, "2012-09-30": 0.6569, "2012-06-30": 0.1265, "2012-03-31": "1.40110", "2011-12-31": 2.8638, "2011-09-30": 0.0155, "2011-06-30": -1.6472, "2011-03-31": "0.16060", "2010-12-31": 1.3661, "2010-09-30": -0.1683, "2010-06-30": -0.1381, "2010-03-31": "0.39450", "2009-12-31": 2.1928, "2009-09-30": 0.5418, "2009-06-30": -0.1077, "2009-03-31": "0.60990", "2008-12-31": 2.1171, "2008-09-30": 0.5759, "2008-06-30": -0.0743, "2008-03-31": "0.48790", "2007-12-31": 1.5422, "2007-09-30": -0.5002, "2007-06-30": -0.2528, "2007-03-31": "0.10910", "2006-12-31": 1.5262, "2006-09-30": -0.0414, "2006-06-30": 0.1841, "2006-03-31": "-0.22840", "2005-12-31": 1.6988, "2005-09-30": 0.1873, "2005-06-30": -0.035, "2005-03-31": "0.40830"}, "Free Cash Flow Per Share": {"2020-09-30": 1.6747, "2020-06-30": 5.6443, "2020-03-31": "-0.51600", "2019-12-31": 6.6746, "2019-09-30": -1.1518, "2019-06-30": 1.1717, "2019-03-31": "0.60950", "2018-12-31": 6.8383, "2018-09-30": -2.0887, "2018-06-30": 0.4775, "2018-03-31": "1.04950", "2017-12-31": 4.0273, "2017-09-30": -0.1327, "2017-06-30": 0.1548, "2017-03-31": "1.35420", "2016-12-31": 4.6637, "2016-09-30": 0.1991, "2016-06-30": -1.2761, "2016-03-31": "1.98920", "2015-12-31": 2.5859, "2015-09-30": 1.7626, "2015-06-30": -1.7045, "2015-03-31": "1.26470", "2014-12-31": 4.5217, "2014-09-30": -0.5824, "2014-06-30": -0.4978, "2014-03-31": "-0.02840", "2013-12-31": 1.6242, "2013-09-30": -1.1395, "2013-06-30": -0.378, "2013-03-31": "0.36570", "2012-12-31": 2.1317, "2012-09-30": 0.2862, "2012-06-30": -0.2356, "2012-03-31": "1.12280", "2011-12-31": 2.5822, "2011-09-30": -0.2072, "2011-06-30": -1.8066, "2011-03-31": "0.04290", "2010-12-31": 1.1916, "2010-09-30": -0.3212, "2010-06-30": -0.3463, "2010-03-31": "0.26090", "2009-12-31": 2.0793, "2009-09-30": 0.4595, "2009-06-30": -0.2303, "2009-03-31": "0.42240", "2008-12-31": 1.8486, "2008-09-30": 0.366, "2008-06-30": -0.1537, "2008-03-31": "0.44600", "2007-12-31": 1.3849, "2007-09-30": -0.5883, "2007-06-30": -0.3334, "2007-03-31": "0.05810", "2006-12-31": 1.2821, "2006-09-30": -0.1777, "2006-06-30": 0.0957, "2006-03-31": "-0.25760", "2005-12-31": 1.5402, "2005-09-30": 0.1189, "2005-06-30": -0.0983, "2005-03-31": "0.37390"}}, "revenue": {"Carter's Annual Revenue (Millions of US $)": {"2019": "$3,519", "2018": "$3,462", "2017": "$3,401", "2016": "$3,199", "2015": "$3,014", "2014": "$2,894", "2013": "$2,639", "2012": "$2,382", "2011": "$2,110", "2010": "$1,749", "2009": "$1,590", "2008": "$1,495", "2007": "$1,404", "2006": "$1,343", "2005": "$1,121"}, "Carter's Quarterly Revenue (Millions of US $)": {"2020-09-30": "$865", "2020-06-30": "$515", "2020-03-31": "$654", "2019-12-31": "$1,101", "2019-09-30": "$943", "2019-06-30": "$734", "2019-03-31": "$741", "2018-12-31": "$1,086", "2018-09-30": "$924", "2018-06-30": "$696", "2018-03-31": "$756", "2017-12-31": "$1,028", "2017-09-30": "$948", "2017-06-30": "$692", "2017-03-31": "$733", "2016-12-31": "$934", "2016-09-30": "$901", "2016-06-30": "$639", "2016-03-31": "$724", "2015-12-31": "$867", "2015-09-30": "$850", "2015-06-30": "$613", "2015-03-31": "$685", "2014-12-31": "$869", "2014-09-30": "$799", "2014-06-30": "$574", "2014-03-31": "$652", "2013-12-31": "$770", "2013-09-30": "$760", "2013-06-30": "$518", "2013-03-31": "$591", "2012-12-31": "$689", "2012-09-30": "$669", "2012-06-30": "$472", "2012-03-31": "$552", "2011-12-31": "$607", "2011-09-30": "$640", "2011-06-30": "$394", "2011-03-31": "$469", "2010-12-31": "$495", "2010-09-30": "$518", "2010-06-30": "$327", "2010-03-31": "$409", "2009-12-31": "$425", "2009-09-30": "$482", "2009-06-30": "$326", "2009-03-31": "$357", "2008-12-31": "$428", "2008-09-30": "$435", "2008-06-30": "$302", "2008-03-31": "$330", "2007-12-31": "$385", "2007-09-30": "$411", "2007-06-30": "$288", "2007-03-31": "$320", "2006-12-31": "$377", "2006-09-30": "$392", "2006-06-30": "$278", "2006-03-31": "$296", "2005-12-31": "$350", "2005-09-30": "$372", "2005-06-30": "$193", "2005-03-31": "$206"}}, "gross-profit": {"Carter's Annual Gross Profit (Millions of US $)": {"2019": "$1,509", "2018": "$1,497", "2017": "$1,483", "2016": "$1,379", "2015": "$1,258", "2014": "$1,184", "2013": "$1,095", "2012": "$938", "2011": "$692", "2010": "$675", "2009": "$604", "2008": "$519", "2007": "$475", "2006": "$488", "2005": "$396"}, "Carter's Quarterly Gross Profit (Millions of US $)": {"2020-09-30": "$384", "2020-06-30": "$236", "2020-03-31": "$228", "2019-12-31": "$467", "2019-09-30": "$402", "2019-06-30": "$323", "2019-03-31": "$316", "2018-12-31": "$468", "2018-09-30": "$387", "2018-06-30": "$310", "2018-03-31": "$332", "2017-12-31": "$461", "2017-09-30": "$404", "2017-06-30": "$303", "2017-03-31": "$316", "2016-12-31": "$410", "2016-09-30": "$376", "2016-06-30": "$282", "2016-03-31": "$311", "2015-12-31": "$364", "2015-09-30": "$348", "2015-06-30": "$263", "2015-03-31": "$284", "2014-12-31": "$356", "2014-09-30": "$321", "2014-06-30": "$245", "2014-03-31": "$262", "2013-12-31": "$322", "2013-09-30": "$310", "2013-06-30": "$220", "2013-03-31": "$243", "2012-12-31": "$290", "2012-09-30": "$270", "2012-06-30": "$183", "2012-03-31": "$195", "2011-12-31": "$207", "2011-09-30": "$192", "2011-06-30": "$135", "2011-03-31": "$158", "2010-12-31": "$185", "2010-09-30": "$193", "2010-06-30": "$130", "2010-03-31": "$167", "2009-12-31": "$166", "2009-09-30": "$186", "2009-06-30": "$125", "2009-03-31": "$128", "2008-12-31": "$161", "2008-09-30": "$153", "2008-06-30": "$100", "2008-03-31": "$105", "2007-12-31": "$127", "2007-09-30": "$146", "2007-06-30": "$95", "2007-03-31": "$106", "2006-12-31": "$136", "2006-09-30": "$147", "2006-06-30": "$97", "2006-03-31": "$108", "2005-12-31": "$126", "2005-09-30": "$129", "2005-06-30": "$66", "2005-03-31": "$76"}}, "operating-income": {"Carter's Annual Operating Income (Millions of US $)": {"2019": "$372", "2018": "$391", "2017": "$420", "2016": "$426", "2015": "$393", "2014": "$333", "2013": "$264", "2012": "$262", "2011": "$187", "2010": "$243", "2009": "$196", "2008": "$140", "2007": "$-14", "2006": "$165", "2005": "$121"}, "Carter's Quarterly Operating Income (Millions of US $)": {"2020-09-30": "$114", "2020-06-30": "$21", "2020-03-31": "$-78", "2019-12-31": "$163", "2019-09-30": "$84", "2019-06-30": "$64", "2019-03-31": "$61", "2018-12-31": "$171", "2018-09-30": "$104", "2018-06-30": "$57", "2018-03-31": "$60", "2017-12-31": "$146", "2017-09-30": "$130", "2017-06-30": "$64", "2017-03-31": "$78", "2016-12-31": "$139", "2016-09-30": "$131", "2016-06-30": "$63", "2016-03-31": "$93", "2015-12-31": "$116", "2015-09-30": "$130", "2015-06-30": "$62", "2015-03-31": "$85", "2014-12-31": "$114", "2014-09-30": "$110", "2014-06-30": "$47", "2014-03-31": "$62", "2013-12-31": "$73", "2013-09-30": "$91", "2013-06-30": "$33", "2013-03-31": "$67", "2012-12-31": "$78", "2012-09-30": "$95", "2012-06-30": "$34", "2012-03-31": "$54", "2011-12-31": "$55", "2011-09-30": "$57", "2011-06-30": "$22", "2011-03-31": "$54", "2010-12-31": "$59", "2010-09-30": "$80", "2010-06-30": "$33", "2010-03-31": "$71", "2009-12-31": "$56", "2009-09-30": "$81", "2009-06-30": "$29", "2009-03-31": "$29", "2008-12-31": "$55", "2008-09-30": "$56", "2008-06-30": "$9", "2008-03-31": "$21", "2007-12-31": "$42", "2007-09-30": "$60", "2007-06-30": "$-138", "2007-03-31": "$21", "2006-12-31": "$50", "2006-09-30": "$62", "2006-06-30": "$21", "2006-03-31": "$32", "2005-12-31": "$36", "2005-09-30": "$45", "2005-06-30": "$13", "2005-03-31": "$27"}}, "ebitda": {"Carter's Annual EBITDA (Millions of US $)": {"2019": "$469", "2018": "$483", "2017": "$506", "2016": "$501", "2015": "$463", "2014": "$410", "2013": "$334", "2012": "$303", "2011": "$230", "2010": "$278", "2009": "$229", "2008": "$171", "2007": "$17", "2006": "$194", "2005": "$160"}, "Carter's Quarterly EBITDA (Millions of US $)": {"2020-09-30": "$138", "2020-06-30": "$44", "2020-03-31": "$-11", "2019-12-31": "$157", "2019-09-30": "$139", "2019-06-30": "$88", "2019-03-31": "$85", "2018-12-31": "$194", "2018-09-30": "$126", "2018-06-30": "$79", "2018-03-31": "$83", "2017-12-31": "$169", "2017-09-30": "$152", "2017-06-30": "$86", "2017-03-31": "$99", "2016-12-31": "$158", "2016-09-30": "$149", "2016-06-30": "$82", "2016-03-31": "$112", "2015-12-31": "$135", "2015-09-30": "$145", "2015-06-30": "$80", "2015-03-31": "$102", "2014-12-31": "$132", "2014-09-30": "$126", "2014-06-30": "$68", "2014-03-31": "$84", "2013-12-31": "$99", "2013-09-30": "$109", "2013-06-30": "$46", "2013-03-31": "$80", "2012-12-31": "$89", "2012-09-30": "$107", "2012-06-30": "$44", "2012-03-31": "$63", "2011-12-31": "$68", "2011-09-30": "$70", "2011-06-30": "$30", "2011-03-31": "$62", "2010-12-31": "$69", "2010-09-30": "$87", "2010-06-30": "$42", "2010-03-31": "$79", "2009-12-31": "$65", "2009-09-30": "$89", "2009-06-30": "$38", "2009-03-31": "$38", "2008-12-31": "$65", "2008-09-30": "$62", "2008-06-30": "$17", "2008-03-31": "$28", "2007-12-31": "$50", "2007-09-30": "$67", "2007-06-30": "$-130", "2007-03-31": "$30", "2006-12-31": "$59", "2006-09-30": "$67", "2006-06-30": "$29", "2006-03-31": "$39", "2005-12-31": "$46", "2005-09-30": "$63", "2005-06-30": "$19", "2005-03-31": "$32"}}, "net-income": {"Carter's Annual Net Income (Millions of US $)": {"2019": "$264", "2018": "$282", "2017": "$303", "2016": "$256", "2015": "$236", "2014": "$195", "2013": "$158", "2012": "$159", "2011": "$113", "2010": "$145", "2009": "$116", "2008": "$78", "2007": "$-76", "2006": "$87", "2005": "$47"}, "Carter's Quarterly Net Income (Millions of US $)": {"2020-09-30": "$81", "2020-06-30": "$8", "2020-03-31": "$-79", "2019-12-31": "$125", "2019-09-30": "$60", "2019-06-30": "$44", "2019-03-31": "$34", "2018-12-31": "$132", "2018-09-30": "$71", "2018-06-30": "$37", "2018-03-31": "$42", "2017-12-31": "$137", "2017-09-30": "$82", "2017-06-30": "$38", "2017-03-31": "$47", "2016-12-31": "$85", "2016-09-30": "$81", "2016-06-30": "$36", "2016-03-31": "$54", "2015-12-31": "$72", "2015-09-30": "$79", "2015-06-30": "$36", "2015-03-31": "$49", "2014-12-31": "$70", "2014-09-30": "$65", "2014-06-30": "$26", "2014-03-31": "$34", "2013-12-31": "$42", "2013-09-30": "$56", "2013-06-30": "$19", "2013-03-31": "$41", "2012-12-31": "$48", "2012-09-30": "$59", "2012-06-30": "$21", "2012-03-31": "$32", "2011-12-31": "$34", "2011-09-30": "$34", "2011-06-30": "$13", "2011-03-31": "$32", "2010-12-31": "$34", "2010-09-30": "$50", "2010-06-30": "$19", "2010-03-31": "$43", "2009-12-31": "$33", "2009-09-30": "$49", "2009-06-30": "$17", "2009-03-31": "$17", "2008-12-31": "$31", "2008-09-30": "$32", "2008-06-30": "$3", "2008-03-31": "$12", "2007-12-31": "$23", "2007-09-30": "$35", "2007-06-30": "$-143", "2007-03-31": "$10", "2006-12-31": "$27", "2006-09-30": "$35", "2006-06-30": "$9", "2006-03-31": "$16", "2005-12-31": "$17", "2005-09-30": "$11", "2005-06-30": "$5", "2005-03-31": "$14"}}, "eps-earnings-per-share-diluted": {"Carter's Annual EPS": {"2019": "$5.85", "2018": "$6.00", "2017": "$6.24", "2016": "$5.08", "2015": "$4.50", "2014": "$3.62", "2013": "$2.75", "2012": "$2.69", "2011": "$1.94", "2010": "$2.46", "2009": "$1.97", "2008": "$1.33", "2007": "$-1.30", "2006": "$1.42", "2005": "$0.78"}, "Carter's Quarterly EPS": {"2020-09-30": "$1.85", "2020-06-30": "$0.19", "2020-03-31": "$-1.82", "2019-12-31": "$2.79", "2019-09-30": "$1.34", "2019-06-30": "$0.97", "2019-03-31": "$0.75", "2018-12-31": "$2.79", "2018-09-30": "$1.53", "2018-06-30": "$0.79", "2018-03-31": "$0.89", "2017-12-31": "$2.81", "2017-09-30": "$1.71", "2017-06-30": "$0.77", "2017-03-31": "$0.95", "2016-12-31": "$1.73", "2016-09-30": "$1.60", "2016-06-30": "$0.71", "2016-03-31": "$1.04", "2015-12-31": "$1.37", "2015-09-30": "$1.51", "2015-06-30": "$0.68", "2015-03-31": "$0.94", "2014-12-31": "$1.28", "2014-09-30": "$1.23", "2014-06-30": "$0.48", "2014-03-31": "$0.63", "2013-12-31": "$0.76", "2013-09-30": "$0.97", "2013-06-30": "$0.33", "2013-03-31": "$0.69", "2012-12-31": "$0.81", "2012-09-30": "$0.99", "2012-06-30": "$0.35", "2012-03-31": "$0.54", "2011-12-31": "$0.59", "2011-09-30": "$0.58", "2011-06-30": "$0.22", "2011-03-31": "$0.55", "2010-12-31": "$0.60", "2010-09-30": "$0.83", "2010-06-30": "$0.32", "2010-03-31": "$0.71", "2009-12-31": "$0.57", "2009-09-30": "$0.84", "2009-06-30": "$0.28", "2009-03-31": "$0.28", "2008-12-31": "$0.54", "2008-09-30": "$0.55", "2008-06-30": "$0.05", "2008-03-31": "$0.19", "2007-12-31": "$0.44", "2007-09-30": "$0.58", "2007-06-30": "$-2.48", "2007-03-31": "$0.16", "2006-12-31": "$0.44", "2006-09-30": "$0.57", "2006-06-30": "$0.15", "2006-03-31": "$0.26", "2005-12-31": "$0.29", "2005-09-30": "$0.17", "2005-06-30": "$0.09", "2005-03-31": "$0.23"}}, "shares-outstanding": {"Carter's Annual Shares Outstanding (Millions of Shares)": {"2019": "45", "2018": "47", "2017": "48", "2016": "50", "2015": "52", "2014": "53", "2013": "58", "2012": "59", "2011": "58", "2010": "59", "2009": "58", "2008": "58", "2007": "58", "2006": "61", "2005": "61"}, "Carter's Quarterly Shares Outstanding (Millions of Shares)": {"2020-09-30": "43", "2020-06-30": "43", "2020-03-31": "43", "2019-12-31": "45", "2019-09-30": "44", "2019-06-30": "45", "2019-03-31": "45", "2018-12-31": "47", "2018-09-30": "46", "2018-06-30": "47", "2018-03-31": "47", "2017-12-31": "48", "2017-09-30": "48", "2017-06-30": "48", "2017-03-31": "49", "2016-12-31": "50", "2016-09-30": "50", "2016-06-30": "51", "2016-03-31": "52", "2015-12-31": "52", "2015-09-30": "52", "2015-06-30": "53", "2015-03-31": "53", "2014-12-31": "53", "2014-09-30": "53", "2014-06-30": "53", "2014-03-31": "54", "2013-12-31": "58", "2013-09-30": "57", "2013-06-30": "59", "2013-03-31": "59", "2012-12-31": "59", "2012-09-30": "59", "2012-06-30": "59", "2012-03-31": "59", "2011-12-31": "58", "2011-09-30": "58", "2011-06-30": "58", "2011-03-31": "58", "2010-12-31": "59", "2010-09-30": "59", "2010-06-30": "60", "2010-03-31": "59", "2009-12-31": "58", "2009-09-30": "59", "2009-06-30": "58", "2009-03-31": "58", "2008-12-31": "58", "2008-09-30": "58", "2008-06-30": "58", "2008-03-31": "59", "2007-12-31": "58", "2007-09-30": "60", "2007-06-30": "58", "2007-03-31": "61", "2006-12-31": "61", "2006-09-30": "61", "2006-06-30": "61", "2006-03-31": "61", "2005-12-31": "61", "2005-09-30": "61", "2005-06-30": "61", "2005-03-31": "60"}}, "total-assets": {"Carter's Annual Total Assets (Millions of US $)": {"2019": "$2,753", "2018": "$2,059", "2017": "$2,071", "2016": "$1,947", "2015": "$2,004", "2014": "$1,893", "2013": "$1,812", "2012": "$1,630", "2011": "$1,403", "2010": "$1,257", "2009": "$1,209", "2008": "$1,038", "2007": "$975", "2006": "$1,123", "2005": "$1,117"}, "Carter's Quarterly Total Assets (Millions of US $)": {"2020-09-30": "$3,282", "2020-06-30": "$3,413", "2020-03-31": "$3,154", "2019-12-31": "$2,753", "2019-09-30": "$2,900", "2019-06-30": "$2,747", "2019-03-31": "$2,680", "2018-12-31": "$2,059", "2018-09-30": "$2,198", "2018-06-30": "$2,084", "2018-03-31": "$1,975", "2017-12-31": "$2,071", "2017-09-30": "$2,107", "2017-06-30": "$2,034", "2017-03-31": "$1,888", "2016-12-31": "$1,947", "2016-09-30": "$1,938", "2016-06-30": "$1,912", "2016-03-31": "$1,912", "2015-12-31": "$2,004", "2015-09-30": "$1,982", "2015-06-30": "$1,884", "2015-03-31": "$1,847", "2014-12-31": "$1,893", "2014-09-30": "$1,807", "2014-06-30": "$1,809", "2014-03-31": "$1,752", "2013-12-31": "$1,812", "2013-09-30": "$1,738", "2013-06-30": "$1,702", "2013-03-31": "$1,598", "2012-12-31": "$1,630", "2012-09-30": "$1,533", "2012-06-30": "$1,436", "2012-03-31": "$1,412", "2011-12-31": "$1,403", "2011-09-30": "$1,331", "2011-06-30": "$1,313", "2011-03-31": "$1,211", "2010-12-31": "$1,257", "2010-09-30": "$1,192", "2010-06-30": "$1,177", "2010-03-31": "$1,196", "2009-12-31": "$1,209", "2009-09-30": "$1,142", "2009-06-30": "$1,099", "2009-03-31": "$1,032", "2008-12-31": "$1,038", "2008-09-30": "$1,012", "2008-06-30": "$977", "2008-03-31": "$945", "2007-12-31": "$975", "2007-09-30": "$998", "2007-06-30": "$942", "2007-03-31": "$1,061", "2006-12-31": "$1,123", "2006-09-30": "$1,119", "2006-06-30": "$1,075", "2006-03-31": "$1,066", "2005-12-31": "$1,117", "2005-09-30": "$1,122", "2005-06-30": "$672", "2005-03-31": "$654"}}, "cash-on-hand": {"Carter's Annual Cash on Hand (Millions of US $)": {"2019": "$214", "2018": "$170", "2017": "$178", "2016": "$299", "2015": "$381", "2014": "$341", "2013": "$287", "2012": "$382", "2011": "$233", "2010": "$247", "2009": "$335", "2008": "$162", "2007": "$49", "2006": "$69", "2005": "$84"}, "Carter's Quarterly Cash on Hand (Millions of US $)": {"2020-09-30": "$831", "2020-06-30": "$1,001", "2020-03-31": "$759", "2019-12-31": "$214", "2019-09-30": "$154", "2019-06-30": "$118", "2019-03-31": "$160", "2018-12-31": "$170", "2018-09-30": "$124", "2018-06-30": "$183", "2018-03-31": "$180", "2017-12-31": "$178", "2017-09-30": "$105", "2017-06-30": "$174", "2017-03-31": "$154", "2016-12-31": "$299", "2016-09-30": "$141", "2016-06-30": "$205", "2016-03-31": "$395", "2015-12-31": "$381", "2015-09-30": "$288", "2015-06-30": "$244", "2015-03-31": "$377", "2014-12-31": "$341", "2014-09-30": "$134", "2014-06-30": "$208", "2014-03-31": "$277", "2013-12-31": "$287", "2013-09-30": "$202", "2013-06-30": "$312", "2013-03-31": "$398", "2012-12-31": "$382", "2012-09-30": "$254", "2012-06-30": "$238", "2012-03-31": "$301", "2011-12-31": "$233", "2011-09-30": "$82", "2011-06-30": "$87", "2011-03-31": "$249", "2010-12-31": "$247", "2010-09-30": "$182", "2010-06-30": "$245", "2010-03-31": "$366", "2009-12-31": "$335", "2009-09-30": "$214", "2009-06-30": "$174", "2009-03-31": "$187", "2008-12-31": "$162", "2008-09-30": "$60", "2008-06-30": "$45", "2008-03-31": "$66", "2007-12-31": "$49", "2007-09-30": "$9", "2007-06-30": "$20", "2007-03-31": "$42", "2006-12-31": "$69", "2006-09-30": "$30", "2006-06-30": "$42", "2006-03-31": "$60", "2005-12-31": "$84", "2005-09-30": "$29", "2005-06-30": "$15", "2005-03-31": "$37"}}, "long-term-debt": {"Carter's Annual Long Term Debt (Millions of US $)": {"2019": "$595", "2018": "$593", "2017": "$617", "2016": "$580", "2015": "$579", "2014": "$586", "2013": "$586", "2012": "$186", "2011": "$236", "2010": "$236", "2009": "$331", "2008": "$335", "2007": "$338", "2006": "$342", "2005": "$427"}, "Carter's Quarterly Long Term Debt (Millions of US $)": {"2020-09-30": "$989", "2020-06-30": "$1,233", "2020-03-31": "$1,239", "2019-12-31": "$595", "2019-09-30": "$770", "2019-06-30": "$604", "2019-03-31": "$625", "2018-12-31": "$593", "2018-09-30": "$798", "2018-06-30": "$683", "2018-03-31": "$618", "2017-12-31": "$617", "2017-09-30": "$687", "2017-06-30": "$662", "2017-03-31": "$582", "2016-12-31": "$580", "2016-09-30": "$581", "2016-06-30": "$581", "2016-03-31": "$580", "2015-12-31": "$579", "2015-09-30": "$580", "2015-06-30": "$580", "2015-03-31": "$580", "2014-12-31": "$586", "2014-09-30": "$586", "2014-06-30": "$586", "2014-03-31": "$586", "2013-12-31": "$586", "2013-09-30": "$586", "2013-06-30": "$186", "2013-03-31": "$186", "2012-12-31": "$186", "2012-09-30": "$186", "2012-06-30": "$186", "2012-03-31": "$236", "2011-12-31": "$236", "2011-09-30": "$236", "2011-06-30": "$236", "2011-03-31": "$236", "2010-12-31": "$236", "2010-09-30": "$230", "2010-06-30": "$229", "2010-03-31": "$330", "2009-12-31": "$331", "2009-09-30": "$332", "2009-06-30": "$333", "2009-03-31": "$334", "2008-12-31": "$335", "2008-09-30": "$335", "2008-06-30": "$336", "2008-03-31": "$337", "2007-12-31": "$338", "2007-09-30": "$361", "2007-06-30": "$341", "2007-03-31": "$342", "2006-12-31": "$342", "2006-09-30": "$390", "2006-06-30": "$390", "2006-03-31": "$416", "2005-12-31": "$427", "2005-09-30": "$464", "2005-06-30": "$149", "2005-03-31": "$164"}}, "total-liabilities": {"Carter's Annual Total Liabilities (Millions of US $)": {"2019": "$1,873", "2018": "$1,189", "2017": "$1,214", "2016": "$1,158", "2015": "$1,129", "2014": "$1,106", "2013": "$1,112", "2012": "$645", "2011": "$597", "2010": "$577", "2009": "$653", "2008": "$624", "2007": "$593", "2006": "$628", "2005": "$730"}, "Carter's Quarterly Total Liabilities (Millions of US $)": {"2020-09-30": "$2,460", "2020-06-30": "$2,679", "2020-03-31": "$2,438", "2019-12-31": "$1,873", "2019-09-30": "$2,087", "2019-06-30": "$1,919", "2019-03-31": "$1,831", "2018-12-31": "$1,189", "2018-09-30": "$1,387", "2018-06-30": "$1,273", "2018-03-31": "$1,120", "2017-12-31": "$1,214", "2017-09-30": "$1,335", "2017-06-30": "$1,284", "2017-03-31": "$1,116", "2016-12-31": "$1,158", "2016-09-30": "$1,162", "2016-06-30": "$1,146", "2016-03-31": "$1,064", "2015-12-31": "$1,129", "2015-09-30": "$1,139", "2015-06-30": "$1,081", "2015-03-31": "$1,041", "2014-12-31": "$1,106", "2014-09-30": "$1,055", "2014-06-30": "$1,089", "2014-03-31": "$1,023", "2013-12-31": "$1,112", "2013-09-30": "$1,079", "2013-06-30": "$681", "2013-03-31": "$574", "2012-12-31": "$645", "2012-09-30": "$599", "2012-06-30": "$569", "2012-03-31": "$569", "2011-12-31": "$597", "2011-09-30": "$559", "2011-06-30": "$580", "2011-03-31": "$498", "2010-12-31": "$577", "2010-09-30": "$545", "2010-06-30": "$538", "2010-03-31": "$580", "2009-12-31": "$653", "2009-09-30": "$623", "2009-06-30": "$638", "2009-03-31": "$586", "2008-12-31": "$624", "2008-09-30": "$602", "2008-06-30": "$596", "2008-03-31": "$562", "2007-12-31": "$593", "2007-09-30": "$632", "2007-06-30": "$606", "2007-03-31": "$582", "2006-12-31": "$628", "2006-09-30": "$665", "2006-06-30": "$656", "2006-03-31": "$660", "2005-12-31": "$730", "2005-09-30": "$756", "2005-06-30": "$320", "2005-03-31": "$311"}}, "total-share-holder-equity": {"Carter's Annual Share Holder Equity (Millions of US $)": {"2019": "$880", "2018": "$869", "2017": "$857", "2016": "$788", "2015": "$875", "2014": "$787", "2013": "$701", "2012": "$985", "2011": "$806", "2010": "$680", "2009": "$556", "2008": "$414", "2007": "$382", "2006": "$495", "2005": "$387"}, "Carter's Quarterly Share Holder Equity (Millions of US $)": {"2020-09-30": "$822", "2020-06-30": "$733", "2020-03-31": "$716", "2019-12-31": "$880", "2019-09-30": "$813", "2019-06-30": "$828", "2019-03-31": "$849", "2018-12-31": "$869", "2018-09-30": "$811", "2018-06-30": "$810", "2018-03-31": "$855", "2017-12-31": "$857", "2017-09-30": "$772", "2017-06-30": "$750", "2017-03-31": "$772", "2016-12-31": "$788", "2016-09-30": "$776", "2016-06-30": "$767", "2016-03-31": "$849", "2015-12-31": "$875", "2015-09-30": "$843", "2015-06-30": "$803", "2015-03-31": "$806", "2014-12-31": "$787", "2014-09-30": "$752", "2014-06-30": "$720", "2014-03-31": "$729", "2013-12-31": "$701", "2013-09-30": "$659", "2013-06-30": "$1,021", "2013-03-31": "$1,023", "2012-12-31": "$985", "2012-09-30": "$933", "2012-06-30": "$867", "2012-03-31": "$843", "2011-12-31": "$806", "2011-09-30": "$772", "2011-06-30": "$733", "2011-03-31": "$713", "2010-12-31": "$680", "2010-09-30": "$648", "2010-06-30": "$639", "2010-03-31": "$617", "2009-12-31": "$556", "2009-09-30": "$519", "2009-06-30": "$461", "2009-03-31": "$446", "2008-12-31": "$414", "2008-09-30": "$411", "2008-06-30": "$381", "2008-03-31": "$383", "2007-12-31": "$382", "2007-09-30": "$365", "2007-06-30": "$337", "2007-03-31": "$479", "2006-12-31": "$495", "2006-09-30": "$454", "2006-06-30": "$420", "2006-03-31": "$406", "2005-12-31": "$387", "2005-09-30": "$366", "2005-06-30": "$352", "2005-03-31": "$343"}}, "profit-margins": {"current": "4.31%"}, "gross margin": {"2020-09-30": "41.95%", "2020-06-30": "41.49%", "2020-03-31": "41.38%", "2019-12-31": "42.85%", "2019-09-30": "43.07%", "2019-06-30": "42.87%", "2019-03-31": "42.96%", "2018-12-31": "43.24%", "2018-09-30": "43.77%", "2018-06-30": "43.96%", "2018-03-31": "43.81%", "2017-12-31": "43.63%", "2017-09-30": "43.33%", "2017-06-30": "43.10%", "2017-03-31": "43.16%", "2016-12-31": "43.12%", "2016-09-30": "42.57%", "2016-06-30": "42.37%", "2016-03-31": "42.11%", "2015-12-31": "41.76%", "2015-09-30": "41.47%", "2015-06-30": "41.27%", "2015-03-31": "41.20%", "2014-12-31": "40.91%", "2014-09-30": "41.14%", "2014-06-30": "41.33%", "2014-03-31": "41.26%", "2013-12-31": "41.49%", "2013-09-30": "41.56%", "2013-06-30": "41.47%", "2013-03-31": "40.73%", "2012-12-31": "39.38%", "2012-09-30": "37.17%", "2012-06-30": "34.21%", "2012-03-31": "33.24%", "2011-12-31": "32.80%", "2011-09-30": "33.53%", "2011-06-30": "35.77%", "2011-03-31": "36.82%", "2010-12-31": "38.59%", "2010-09-30": "39.07%", "2010-06-30": "39.50%", "2010-03-31": "39.22%", "2009-12-31": "38.05%", "2009-09-30": "37.66%", "2009-06-30": "36.68%", "2009-03-31": "35.61%", "2008-12-31": "34.72%", "2008-09-30": "33.40%", "2008-06-30": "33.47%", "2008-03-31": "33.45%", "2007-12-31": "33.76%", "2007-09-30": "34.60%", "2007-06-30": "35.15%", "2007-03-31": "35.55%", "2006-12-31": "36.34%", "2006-09-30": "36.32%", "2006-06-30": "35.49%", "2006-03-31": "35.43%", "2005-12-31": "35.41%"}, "operating margin": {"2020-09-30": "7.02%", "2020-06-30": "5.91%", "2020-03-31": "6.79%", "2019-12-31": "10.57%", "2019-09-30": "10.84%", "2019-06-30": "11.48%", "2019-03-31": "11.40%", "2018-12-31": "11.32%", "2018-09-30": "10.78%", "2018-06-30": "11.46%", "2018-03-31": "11.68%", "2017-12-31": "12.29%", "2017-09-30": "12.43%", "2017-06-30": "12.64%", "2017-03-31": "12.82%", "2016-12-31": "13.32%", "2016-09-30": "12.87%", "2016-06-30": "13.05%", "2016-03-31": "13.13%", "2015-12-31": "13.03%", "2015-09-30": "12.96%", "2015-06-30": "12.51%", "2015-03-31": "12.16%", "2014-12-31": "11.51%", "2014-09-30": "10.45%", "2014-06-30": "9.91%", "2014-03-31": "9.59%", "2013-12-31": "10.00%", "2013-09-30": "10.52%", "2013-06-30": "11.07%", "2013-03-31": "11.32%", "2012-12-31": "10.96%", "2012-09-30": "10.35%", "2012-06-30": "8.81%", "2012-03-31": "8.57%", "2011-12-31": "8.91%", "2011-09-30": "9.61%", "2011-06-30": "11.46%", "2011-03-31": "12.49%", "2010-12-31": "13.89%", "2010-09-30": "14.29%", "2010-06-30": "14.67%", "2010-03-31": "14.43%", "2009-12-31": "12.26%", "2009-09-30": "12.18%", "2009-06-30": "10.93%", "2009-03-31": "9.79%", "2008-12-31": "9.43%", "2008-09-30": "8.82%", "2008-06-30": "9.24%", "2008-03-31": "-1.06%", "2007-12-31": "-1.07%", "2007-09-30": "-0.50%", "2007-06-30": "-0.36%", "2007-03-31": "11.27%", "2006-12-31": "12.29%", "2006-09-30": "11.47%", "2006-06-30": "10.34%", "2006-03-31": "10.40%", "2005-12-31": "10.79%"}, "ebitda margin": {"2020-09-30": "10.46%", "2020-06-30": "10.24%", "2020-03-31": "10.87%", "2019-12-31": "13.33%", "2019-09-30": "14.44%", "2019-06-30": "14.15%", "2019-03-31": "14.04%", "2018-12-31": "13.92%", "2018-09-30": "13.43%", "2018-06-30": "14.09%", "2018-03-31": "14.31%", "2017-12-31": "14.88%", "2017-09-30": "14.97%", "2017-06-30": "15.09%", "2017-03-31": "15.22%", "2016-12-31": "15.67%", "2016-09-30": "15.27%", "2016-06-30": "15.39%", "2016-03-31": "15.46%", "2015-12-31": "15.32%", "2015-09-30": "15.21%", "2015-06-30": "14.83%", "2015-03-31": "14.62%", "2014-12-31": "14.17%", "2014-09-30": "13.49%", "2014-06-30": "13.06%", "2014-03-31": "12.52%", "2013-12-31": "12.66%", "2013-09-30": "12.67%", "2013-06-30": "13.05%", "2013-03-31": "13.22%", "2012-12-31": "12.72%", "2012-09-30": "12.26%", "2012-06-30": "10.79%", "2012-03-31": "10.53%", "2011-12-31": "10.90%", "2011-09-30": "11.56%", "2011-06-30": "13.22%", "2011-03-31": "14.37%", "2010-12-31": "15.84%", "2010-09-30": "16.26%", "2010-06-30": "16.74%", "2010-03-31": "16.50%", "2009-12-31": "14.47%", "2009-09-30": "14.44%", "2009-06-30": "13.13%", "2009-03-31": "11.96%", "2008-12-31": "11.51%", "2008-09-30": "10.81%", "2008-06-30": "11.34%", "2008-03-31": "1.06%", "2007-12-31": "1.21%", "2007-09-30": "1.86%", "2007-06-30": "1.89%", "2007-03-31": "13.53%", "2006-12-31": "14.45%", "2006-09-30": "13.75%", "2006-06-30": "13.66%", "2006-03-31": "13.79%", "2005-12-31": "14.27%"}, "pre tax profit margin": {"2020-09-30": "5.36%", "2020-06-30": "4.42%", "2020-03-31": "5.62%", "2019-12-31": "9.35%", "2019-09-30": "9.56%", "2019-06-30": "10.19%", "2019-03-31": "10.07%", "2018-12-31": "10.28%", "2018-09-30": "9.78%", "2018-06-30": "10.56%", "2018-03-31": "10.86%", "2017-12-31": "11.50%", "2017-09-30": "11.64%", "2017-06-30": "11.84%", "2017-03-31": "11.97%", "2016-12-31": "12.35%", "2016-09-30": "11.95%", "2016-06-30": "12.14%", "2016-03-31": "12.28%", "2015-12-31": "12.21%", "2015-09-30": "12.03%", "2015-06-30": "11.50%", "2015-03-31": "11.10%", "2014-12-31": "10.47%", "2014-09-30": "9.41%", "2014-06-30": "9.00%", "2014-03-31": "8.81%", "2013-12-31": "9.44%", "2013-09-30": "10.16%", "2013-06-30": "10.82%", "2013-03-31": "11.11%", "2012-12-31": "10.75%", "2012-09-30": "10.09%", "2012-06-30": "8.50%", "2012-03-31": "8.21%", "2011-12-31": "8.53%", "2011-09-30": "9.16%", "2011-06-30": "10.98%", "2011-03-31": "12.00%", "2010-12-31": "13.38%", "2010-09-30": "13.76%", "2010-06-30": "14.06%", "2010-03-31": "13.82%", "2009-12-31": "11.57%", "2009-09-30": "11.36%", "2009-06-30": "10.03%", "2009-03-31": "8.67%", "2008-12-31": "8.16%", "2008-09-30": "7.51%", "2008-06-30": "7.77%", "2008-03-31": "-2.62%", "2007-12-31": "-2.71%", "2007-09-30": "-2.29%", "2007-06-30": "-2.25%", "2007-03-31": "9.29%", "2006-12-31": "10.20%", "2006-09-30": "9.27%", "2006-06-30": "6.48%", "2006-03-31": "6.52%", "2005-12-31": "6.87%"}, "net profit margin": {"2020-09-30": "4.31%", "2020-06-30": "3.55%", "2020-03-31": "4.37%", "2019-12-31": "7.47%", "2019-09-30": "7.71%", "2019-06-30": "8.06%", "2019-03-31": "7.95%", "2018-12-31": "8.15%", "2018-09-30": "8.43%", "2018-06-30": "8.69%", "2018-03-31": "8.73%", "2017-12-31": "8.94%", "2017-09-30": "7.62%", "2017-06-30": "7.70%", "2017-03-31": "7.76%", "2016-12-31": "8.01%", "2016-09-30": "7.76%", "2016-06-30": "7.82%", "2016-03-31": "7.89%", "2015-12-31": "7.83%", "2015-09-30": "7.76%", "2015-06-30": "7.42%", "2015-03-31": "7.17%", "2014-12-31": "6.74%", "2014-09-30": "5.97%", "2014-06-30": "5.73%", "2014-03-31": "5.59%", "2013-12-31": "5.99%", "2013-09-30": "6.41%", "2013-06-30": "6.77%", "2013-03-31": "6.98%", "2012-12-31": "6.72%", "2012-09-30": "6.35%", "2012-06-30": "5.33%", "2012-03-31": "5.15%", "2011-12-31": "5.36%", "2011-09-30": "5.66%", "2011-06-30": "6.88%", "2011-03-31": "7.46%", "2010-12-31": "8.35%", "2010-09-30": "8.64%", "2010-06-30": "8.76%", "2010-03-31": "8.65%", "2009-12-31": "7.30%", "2009-09-30": "7.16%", "2009-06-30": "6.27%", "2009-03-31": "5.45%", "2008-12-31": "5.22%", "2008-09-30": "4.82%", "2008-06-30": "5.11%", "2008-03-31": "-5.16%", "2007-12-31": "-5.34%", "2007-09-30": "-5.09%", "2007-06-30": "-5.16%", "2007-03-31": "5.93%", "2006-12-31": "6.48%", "2006-09-30": "5.85%", "2006-06-30": "4.09%", "2006-03-31": "4.05%", "2005-12-31": "4.19%"}, "pe ratio": {"current": "21.19", "2021-02-05": "31.37", "2020-09-30": "28.48", "2020-06-30": "31.90", "2020-03-31": "19.86", "2019-12-31": "18.47", "2019-09-30": "15.30", "2019-06-30": "15.77", "2019-03-31": "16.70", "2018-12-31": "13.14", "2018-09-30": "15.77", "2018-06-30": "16.76", "2018-03-31": "16.06", "2017-12-31": "17.88", "2017-09-30": "18.09", "2017-06-30": "16.57", "2017-03-31": "16.89", "2016-12-31": "15.89", "2016-09-30": "17.14", "2016-06-30": "21.38", "2016-03-31": "21.23", "2015-12-31": "18.27", "2015-09-30": "18.97", "2015-06-30": "23.70", "2015-03-31": "21.62", "2014-12-31": "22.10", "2014-09-30": "22.78", "2014-06-30": "22.04", "2014-03-31": "26.14", "2013-12-31": "23.58", "2013-09-30": "24.61", "2013-06-30": "23.79", "2013-03-31": "18.23", "2012-12-31": "18.70", "2012-09-30": "19.70", "2012-06-30": "23.08", "2012-03-31": "23.31", "2011-12-31": "18.55", "2011-09-30": "14.16", "2011-06-30": "12.64", "2011-03-31": "11.25", "2010-12-31": "10.84", "2010-09-30": "9.83", "2010-06-30": "9.76", "2010-03-31": "11.85", "2009-12-31": "12.69", "2009-09-30": "13.56", "2009-06-30": "14.63", "2009-03-31": "12.32", "2008-12-31": "13.49", "2008-09-30": "13.72", "2008-06-30": "9.61", "2008-03-31": "0.00", "2007-12-31": "0.00", "2007-09-30": "0.00", "2007-06-30": "0.00", "2007-03-31": "17.22", "2006-12-31": "16.12"}, "price sales": {"2021-02-05": "1.33", "2020-09-30": "1.21", "2020-06-30": "1.11", "2020-03-31": "0.85", "2019-12-31": "1.38", "2019-09-30": "1.17", "2019-06-30": "1.26", "2019-03-31": "1.33", "2018-12-31": "1.07", "2018-09-30": "1.32", "2018-06-30": "1.45", "2018-03-31": "1.40", "2017-12-31": "1.59", "2017-09-30": "1.39", "2017-06-30": "1.28", "2017-03-31": "1.32", "2016-12-31": "1.28", "2016-09-30": "1.33", "2016-06-30": "1.67", "2016-03-31": "1.68", "2015-12-31": "1.44", "2015-09-30": "1.46", "2015-06-30": "1.75", "2015-03-31": "1.54", "2014-12-31": "1.47", "2014-09-30": "1.38", "2014-06-30": "1.27", "2014-03-31": "1.49", "2013-12-31": "1.44", "2013-09-30": "1.58", "2013-06-30": "1.61", "2013-03-31": "1.26", "2012-12-31": "1.25", "2012-09-30": "1.24", "2012-06-30": "1.23", "2012-03-31": "1.20", "2011-12-31": "0.99", "2011-09-30": "0.81", "2011-06-30": "0.87", "2011-03-31": "0.84", "2010-12-31": "0.90", "2010-09-30": "0.84", "2010-06-30": "0.85", "2010-03-31": "0.97", "2009-12-31": "0.87", "2009-09-30": "0.88", "2009-06-30": "0.83", "2009-03-31": "0.65", "2008-12-31": "0.68", "2008-09-30": "0.72", "2008-06-30": "0.51", "2008-03-31": "0.61", "2007-12-31": "0.74", "2007-09-30": "0.78", "2007-06-30": "1.03", "2007-03-31": "1.02", "2006-12-31": "1.05"}, "price book": {"current": "5.06", "2021-02-05": "5.06", "2020-09-30": "4.60", "2020-06-30": "4.80", "2020-03-31": "4.00", "2019-12-31": "5.42", "2019-09-30": "4.91", "2019-06-30": "5.20", "2019-03-31": "5.26", "2018-12-31": "4.16", "2018-09-30": "5.41", "2018-06-30": "6.00", "2018-03-31": "5.51", "2017-12-31": "6.18", "2017-09-30": "5.78", "2017-06-30": "5.40", "2017-03-31": "5.33", "2016-12-31": "5.04", "2016-09-30": "5.19", "2016-06-30": "6.51", "2016-03-31": "5.92", "2015-12-31": "4.88", "2015-09-30": "5.18", "2015-06-30": "6.40", "2015-03-31": "5.56", "2014-12-31": "5.56", "2014-09-30": "5.01", "2014-06-30": "4.67", "2014-03-31": "5.22", "2013-12-31": "5.08", "2013-09-30": "5.70", "2013-06-30": "3.90", "2013-03-31": "3.00", "2012-12-31": "3.02", "2012-09-30": "3.08", "2012-06-30": "3.23", "2012-03-31": "3.15", "2011-12-31": "2.62", "2011-09-30": "2.09", "2011-06-30": "2.20", "2011-03-31": "2.10", "2010-12-31": "2.26", "2010-09-30": "2.12", "2010-06-30": "2.21", "2010-03-31": "2.62", "2009-12-31": "2.48", "2009-09-30": "2.70", "2009-06-30": "2.74", "2009-03-31": "2.16", "2008-12-31": "2.37", "2008-09-30": "2.45", "2008-06-30": "1.85", "2008-03-31": "2.17", "2007-12-31": "2.64", "2007-09-30": "2.86", "2007-06-30": "4.05", "2007-03-31": "2.76", "2006-12-31": "2.74", "2006-09-30": "3.05", "2006-06-30": "3.31", "2006-03-31": "4.36"}, "price fcf": {"2021-02-05": "", "2020-09-30": "$13.48", "2020-06-30": "$10.65", "2020-03-31": "$6.18", "2019-12-31": "$7.30", "2019-09-30": "$7.47", "2019-06-30": "$6.53", "2019-03-31": "$5.84", "2018-12-31": "$6.28", "2018-09-30": "$3.47", "2018-06-30": "$5.42", "2018-03-31": "$5.10", "2017-12-31": "$5.40", "2017-09-30": "$6.04", "2017-06-30": "$6.37", "2017-03-31": "$4.94", "2016-12-31": "$5.58", "2016-09-30": "$3.50", "2016-06-30": "$5.06", "2016-03-31": "$4.63", "2015-12-31": "$3.91", "2015-09-30": "$5.84", "2015-06-30": "$3.50", "2015-03-31": "$4.71", "2014-12-31": "$3.41", "2014-09-30": "$0.52", "2014-06-30": "$-0.04", "2014-03-31": "$0.08", "2013-12-31": "$0.47", "2013-09-30": "$0.98", "2013-06-30": "$2.41", "2013-03-31": "$2.55", "2012-12-31": "$3.31", "2012-09-30": "$3.76", "2012-06-30": "$3.26", "2012-03-31": "$1.69", "2011-12-31": "$0.61", "2011-09-30": "$-0.78", "2011-06-30": "$-0.89", "2011-03-31": "$0.57", "2010-12-31": "$0.79", "2010-09-30": "$1.67", "2010-06-30": "$2.45", "2010-03-31": "$2.57", "2009-12-31": "$2.73", "2009-09-30": "$2.50", "2009-06-30": "$2.41", "2009-03-31": "$2.48", "2008-12-31": "$2.51", "2008-09-30": "$2.04", "2008-06-30": "$1.09", "2008-03-31": "$0.91", "2007-12-31": "$0.52", "2007-09-30": "$0.42", "2007-06-30": "$0.83", "2007-03-31": "$1.26", "2006-12-31": "$0.94"}, "net worth": {"value": "$4.16B"}, "current ratio": {"2020-09-30": "2.36", "2020-06-30": "2.69", "2020-03-31": "3.72", "2019-12-31": "2.33", "2019-09-30": "2.53", "2019-06-30": "2.20", "2019-03-31": "2.68", "2018-12-31": "3.19", "2018-09-30": "3.67", "2018-06-30": "3.36", "2018-03-31": "4.14", "2017-12-31": "3.08", "2017-09-30": "3.18", "2017-06-30": "3.17", "2017-03-31": "3.72", "2016-12-31": "3.81", "2016-09-30": "3.71", "2016-06-30": "3.77", "2016-03-31": "5.36", "2015-12-31": "4.30", "2015-09-30": "4.01", "2015-06-30": "4.61", "2015-03-31": "5.32", "2014-12-31": "4.20", "2014-09-30": "4.39", "2014-06-30": "4.01", "2014-03-31": "5.09", "2013-12-31": "3.61", "2013-09-30": "3.87", "2013-06-30": "3.49", "2013-03-31": "5.36", "2012-12-31": "3.92", "2012-09-30": "4.29", "2012-06-30": "4.82", "2012-03-31": "6.60", "2011-12-31": "5.12", "2011-09-30": "5.74", "2011-06-30": "4.53", "2011-03-31": "6.55", "2010-12-31": "3.91", "2010-09-30": "4.11", "2010-06-30": "4.11", "2010-03-31": "6.75", "2009-12-31": "3.96", "2009-09-30": "4.31", "2009-06-30": "3.63", "2009-03-31": "4.84", "2008-12-31": "3.57", "2008-09-30": "3.92", "2008-06-30": "3.86", "2008-03-31": "5.13", "2007-12-31": "4.06", "2007-09-30": "3.68", "2007-06-30": "3.38", "2007-03-31": "4.00", "2006-12-31": "2.95", "2006-09-30": "3.24", "2006-06-30": "3.11", "2006-03-31": "3.72", "2005-12-31": "2.55", "2005-09-30": "2.99", "2005-06-30": "3.27", "2005-03-31": "4.39"}, "quick ratio": {"2020-09-30": "1.51", "2020-06-30": "1.73", "2020-03-31": "2.40", "2019-12-31": "1.08", "2019-09-30": "1.03", "2019-06-30": "0.73", "2019-03-31": "1.25", "2018-12-31": "1.43", "2018-09-30": "1.49", "2018-06-30": "1.24", "2018-03-31": "2.02", "2017-12-31": "1.43", "2017-09-30": "1.34", "2017-06-30": "1.23", "2017-03-31": "1.80", "2016-12-31": "2.05", "2016-09-30": "1.75", "2016-06-30": "1.60", "2016-03-31": "3.40", "2015-12-31": "2.52", "2015-09-30": "2.17", "2015-06-30": "2.16", "2015-03-31": "3.41", "2014-12-31": "2.41", "2014-09-30": "2.00", "2014-06-30": "1.76", "2014-03-31": "3.06", "2013-12-31": "2.05", "2013-09-30": "2.07", "2013-06-30": "1.93", "2013-03-31": "3.69", "2012-12-31": "2.49", "2012-09-30": "2.46", "2012-06-30": "2.54", "2012-03-31": "4.36", "2011-12-31": "2.85", "2011-09-30": "2.68", "2011-06-30": "1.61", "2011-03-31": "4.43", "2010-12-31": "2.28", "2010-09-30": "2.46", "2010-06-30": "2.44", "2010-03-31": "5.30", "2009-12-31": "2.71", "2009-09-30": "2.73", "2009-06-30": "1.99", "2009-03-31": "3.34", "2008-12-31": "2.12", "2008-09-30": "2.15", "2008-06-30": "1.68", "2008-03-31": "2.95", "2007-12-31": "1.95", "2007-09-30": "1.69", "2007-06-30": "1.41", "2007-03-31": "2.17", "2006-12-31": "1.53", "2006-09-30": "1.66", "2006-06-30": "1.48", "2006-03-31": "2.09", "2005-12-31": "1.35", "2005-09-30": "1.44", "2005-06-30": "1.48", "2005-03-31": "2.40"}, "debt equity ratio": {"current": "1.20", "2020-09-30": "2.99", "2020-06-30": "3.65", "2020-03-31": "3.40", "2019-12-31": "2.13", "2019-09-30": "2.57", "2019-06-30": "2.32", "2019-03-31": "2.16", "2018-12-31": "1.37", "2018-09-30": "1.71", "2018-06-30": "1.57", "2018-03-31": "1.31", "2017-12-31": "1.42", "2017-09-30": "1.73", "2017-06-30": "1.71", "2017-03-31": "1.45", "2016-12-31": "1.47", "2016-09-30": "1.50", "2016-06-30": "1.49", "2016-03-31": "1.25", "2015-12-31": "1.29", "2015-09-30": "1.35", "2015-06-30": "1.35", "2015-03-31": "1.29", "2014-12-31": "1.41", "2014-09-30": "1.40", "2014-06-30": "1.51", "2014-03-31": "1.40", "2013-12-31": "1.59", "2013-09-30": "1.64", "2013-06-30": "0.67", "2013-03-31": "0.56", "2012-12-31": "0.65", "2012-09-30": "0.64", "2012-06-30": "0.66", "2012-03-31": "0.68", "2011-12-31": "0.74", "2011-09-30": "0.73", "2011-06-30": "0.79", "2011-03-31": "0.70", "2010-12-31": "0.85", "2010-09-30": "0.84", "2010-06-30": "0.84", "2010-03-31": "0.94", "2009-12-31": "1.17", "2009-09-30": "1.20", "2009-06-30": "1.39", "2009-03-31": "1.31", "2008-12-31": "1.51", "2008-09-30": "1.47", "2008-06-30": "1.56", "2008-03-31": "1.47", "2007-12-31": "1.55", "2007-09-30": "1.73", "2007-06-30": "1.80", "2007-03-31": "1.21", "2006-12-31": "1.27", "2006-09-30": "1.46", "2006-06-30": "1.56", "2006-03-31": "1.63", "2005-12-31": "1.89", "2005-09-30": "2.06", "2005-06-30": "0.91", "2005-03-31": "0.91"}, "return on equity": {"2020-09-30": "17.14%", "2020-06-30": "14.51%", "2020-03-31": "18.54%", "2019-12-31": "31.22%", "2019-09-30": "32.15%", "2019-06-30": "33.48%", "2019-03-31": "32.82%", "2018-12-31": "33.72%", "2018-09-30": "34.44%", "2018-06-30": "36.19%", "2018-03-31": "36.98%", "2017-12-31": "38.59%", "2017-09-30": "32.71%", "2017-06-30": "32.53%", "2017-03-31": "32.10%", "2016-12-31": "32.20%", "2016-09-30": "29.75%", "2016-06-30": "28.91%", "2016-03-31": "28.61%", "2015-12-31": "28.37%", "2015-09-30": "28.90%", "2015-06-30": "27.95%", "2015-03-31": "27.41%", "2014-12-31": "26.10%", "2014-09-30": "23.02%", "2014-06-30": "22.50%", "2014-03-31": "19.42%", "2013-12-31": "18.57%", "2013-09-30": "17.79%", "2013-06-30": "16.86%", "2013-03-31": "17.75%", "2012-12-31": "17.64%", "2012-09-30": "16.93%", "2012-06-30": "14.72%", "2012-03-31": "14.33%", "2011-12-31": "14.95%", "2011-09-30": "15.60%", "2011-06-30": "18.60%", "2011-03-31": "20.15%", "2010-12-31": "22.60%", "2010-09-30": "23.58%", "2010-06-30": "24.71%", "2010-03-31": "26.38%", "2009-12-31": "23.41%", "2009-09-30": "24.78%", "2009-06-30": "22.40%", "2009-03-31": "20.10%", "2008-12-31": "19.63%", "2008-09-30": "17.98%", "2008-06-30": "19.32%", "2008-03-31": "-19.90%", "2007-12-31": "-19.19%", "2007-09-30": "-16.95%", "2007-06-30": "-16.09%", "2007-03-31": "17.53%", "2006-12-31": "19.61%", "2006-09-30": "18.48%", "2006-06-30": "13.43%", "2006-03-31": "12.97%", "2005-12-31": "12.98%"}, "return on assets": {"2020-09-30": "4.29%", "2020-06-30": "3.73%", "2020-03-31": "5.19%", "2019-12-31": "9.49%", "2019-09-30": "10.40%", "2019-06-30": "11.61%", "2019-03-31": "12.15%", "2018-12-31": "13.56%", "2018-09-30": "13.78%", "2018-06-30": "14.47%", "2018-03-31": "14.61%", "2017-12-31": "15.01%", "2017-09-30": "12.64%", "2017-06-30": "12.86%", "2017-03-31": "12.96%", "2016-12-31": "13.28%", "2016-09-30": "12.52%", "2016-06-30": "12.34%", "2016-03-31": "12.39%", "2015-12-31": "12.23%", "2015-09-30": "12.31%", "2015-06-30": "11.84%", "2015-03-31": "11.42%", "2014-12-31": "10.74%", "2014-09-30": "9.30%", "2014-06-30": "8.89%", "2014-03-31": "8.62%", "2013-12-31": "9.23%", "2013-09-30": "9.84%", "2013-06-30": "10.34%", "2013-03-31": "10.91%", "2012-12-31": "10.65%", "2012-09-30": "10.10%", "2012-06-30": "8.67%", "2012-03-31": "8.28%", "2011-12-31": "8.60%", "2011-09-30": "8.84%", "2011-06-30": "10.38%", "2011-03-31": "11.16%", "2010-12-31": "12.11%", "2010-09-30": "12.15%", "2010-06-30": "12.19%", "2010-03-31": "12.23%", "2009-12-31": "10.35%", "2009-09-30": "10.58%", "2009-06-30": "9.28%", "2009-03-31": "8.18%", "2008-12-31": "7.85%", "2008-09-30": "7.16%", "2008-06-30": "7.50%", "2008-03-31": "-7.56%", "2007-12-31": "-7.55%", "2007-09-30": "-6.89%", "2007-06-30": "-6.69%", "2007-03-31": "7.40%", "2006-12-31": "7.94%", "2006-09-30": "7.04%", "2006-06-30": "4.84%", "2006-03-31": "4.93%", "2005-12-31": "5.27%"}, "return on investments": {"2020-09-30": "12.21%", "2020-06-30": "10.89%", "2020-03-31": "14.46%", "2019-12-31": "24.95%", "2019-09-30": "25.54%", "2019-06-30": "26.76%", "2019-03-31": "26.03%", "2018-12-31": "25.97%", "2018-09-30": "24.27%", "2018-06-30": "26.65%", "2018-03-31": "27.50%", "2017-12-31": "29.33%", "2017-09-30": "29.39%", "2017-06-30": "30.01%", "2017-03-31": "30.29%", "2016-12-31": "30.97%", "2016-09-30": "28.85%", "2016-06-30": "28.45%", "2016-03-31": "28.19%", "2015-12-31": "27.84%", "2015-09-30": "28.10%", "2015-06-30": "27.08%", "2015-03-31": "26.36%", "2014-12-31": "24.98%", "2014-09-30": "22.26%", "2014-06-30": "21.19%", "2014-03-31": "20.50%", "2013-12-31": "21.34%", "2013-09-30": "22.27%", "2013-06-30": "23.20%", "2013-03-31": "24.08%", "2012-12-31": "23.61%", "2012-09-30": "22.18%", "2012-06-30": "19.13%", "2012-03-31": "18.35%", "2011-12-31": "18.95%", "2011-09-30": "19.99%", "2011-06-30": "23.17%", "2011-03-31": "25.04%", "2010-12-31": "26.94%", "2010-09-30": "26.82%", "2010-06-30": "27.14%", "2010-03-31": "27.26%", "2009-12-31": "23.56%", "2009-09-30": "24.47%", "2009-06-30": "22.04%", "2009-03-31": "19.93%", "2008-12-31": "19.24%", "2008-09-30": "17.64%", "2008-06-30": "18.31%", "2008-03-31": "-2.11%", "2007-12-31": "-2.04%", "2007-09-30": "-0.91%", "2007-06-30": "-0.63%", "2007-03-31": "18.59%", "2006-12-31": "19.92%", "2006-09-30": "18.36%", "2006-06-30": "16.36%", "2006-03-31": "16.99%", "2005-12-31": "18.25%"}, "return on tangible equity": {"2020-09-30": "61.43%", "2020-06-30": "55.54%", "2020-03-31": "71.94%", "2019-12-31": "118.74%", "2019-09-30": "128.11%", "2019-06-30": "139.63%", "2019-03-31": "139.80%", "2018-12-31": "143.88%", "2018-09-30": "150.07%", "2018-06-30": "165.56%", "2018-03-31": "179.04%", "2017-12-31": "204.71%", "2017-09-30": "147.37%", "2017-06-30": "118.26%", "2017-03-31": "98.52%", "2016-12-31": "82.91%", "2016-09-30": "73.58%", "2016-06-30": "69.60%", "2016-03-31": "68.08%", "2015-12-31": "69.11%", "2015-09-30": "74.05%", "2015-06-30": "75.80%", "2015-03-31": "78.80%", "2014-12-31": "80.00%", "2014-09-30": "76.61%", "2014-06-30": "83.71%", "2014-03-31": "58.64%", "2013-12-31": "47.27%", "2013-09-30": "39.93%", "2013-06-30": "34.33%", "2013-03-31": "37.00%", "2012-12-31": "38.88%", "2012-09-30": "39.81%", "2012-06-30": "36.97%", "2012-03-31": "38.57%", "2011-12-31": "41.24%", "2011-09-30": "44.18%", "2011-06-30": "54.37%", "2011-03-31": "59.28%", "2010-12-31": "71.83%", "2010-09-30": "84.43%", "2010-06-30": "103.60%", "2010-03-31": "151.87%", "2009-12-31": "232.00%", "2009-09-30": "844.44%", "2009-06-30": "-668.97%", "2009-03-31": "-233.80%", "2008-12-31": "-149.28%", "2008-09-30": "-113.36%", "2008-06-30": "-97.99%", "2008-03-31": "83.43%", "2007-12-31": "71.94%", "2007-09-30": "61.21%", "2007-06-30": "52.89%", "2007-03-31": "-52.51%", "2006-12-31": "-49.86%", "2006-09-30": "-37.75%", "2006-06-30": "-23.17%", "2006-03-31": "-27.15%", "2005-12-31": "-36.02%"}, "dividend yield history": {"last payout": "$0.00", "last yield": "0.00%"}}