{"ticker": "CASY", "price": {"title": "Casey's General Stores Historical Annual Stock Price Data", "value": 194.02, "historical": {"2021": {"Average Stock Price": "189.5121", "Year Open": "177.4400", "Year High": "207.2400", "Year Low": "177.4400", "Year Close": "194.0200", "Annual % Change": "8.62%"}, "2020": {"Average Stock Price": "165.7964", "Year Open": "159.0500", "Year High": "193.7000", "Year Low": "120.5700", "Year Close": "178.6200", "Annual % Change": "12.35%"}, "2019": {"Average Stock Price": "149.6474", "Year Open": "126.2600", "Year High": "176.6300", "Year Low": "123.8000", "Year Close": "158.9900", "Annual % Change": "24.08%"}, "2018": {"Average Stock Price": "114.6740", "Year Open": "112.3900", "Year High": "136.6800", "Year Low": "96.1700", "Year Close": "128.1400", "Annual % Change": "14.47%"}, "2017": {"Average Stock Price": "111.7267", "Year Open": "118.9500", "Year High": "124.8100", "Year Low": "102.1600", "Year Close": "111.9400", "Annual % Change": "-5.84%"}, "2016": {"Average Stock Price": "119.0434", "Year Open": "115.5900", "Year High": "135.9200", "Year Low": "102.3600", "Year Close": "118.8800", "Annual % Change": "-1.30%"}, "2015": {"Average Stock Price": "99.4009", "Year Open": "89.0000", "Year High": "128.7200", "Year Low": "81.7500", "Year Close": "120.4500", "Annual % Change": "33.36%"}, "2014": {"Average Stock Price": "72.0992", "Year Open": "68.9000", "Year High": "90.3200", "Year Low": "65.3400", "Year Close": "90.3200", "Annual % Change": "28.57%"}, "2013": {"Average Stock Price": "64.0704", "Year Open": "53.6600", "Year High": "77.0700", "Year Low": "52.2600", "Year Close": "70.2500", "Annual % Change": "32.30%"}, "2012": {"Average Stock Price": "54.5772", "Year Open": "51.3400", "Year High": "62.5400", "Year Low": "46.5900", "Year Close": "53.1000", "Annual % Change": "3.09%"}, "2011": {"Average Stock Price": "43.7149", "Year Open": "42.6700", "Year High": "53.3800", "Year Low": "35.8300", "Year Close": "51.5100", "Annual % Change": "21.17%"}, "2010": {"Average Stock Price": "36.9025", "Year Open": "31.7900", "Year High": "44.2400", "Year Low": "29.0400", "Year Close": "42.5100", "Annual % Change": "33.22%"}, "2009": {"Average Stock Price": "27.0340", "Year Open": "22.6200", "Year High": "32.8300", "Year Low": "18.3900", "Year Close": "31.9100", "Annual % Change": "40.14%"}, "2008": {"Average Stock Price": "25.2466", "Year Open": "28.9400", "Year High": "30.4700", "Year Low": "19.9700", "Year Close": "22.7700", "Annual % Change": "-23.10%"}, "2007": {"Average Stock Price": "26.9257", "Year Open": "23.8400", "Year High": "31.3900", "Year Low": "23.5900", "Year Close": "29.6100", "Annual % Change": "25.73%"}, "2006": {"Average Stock Price": "23.6495", "Year Open": "25.5600", "Year High": "27.0200", "Year Low": "20.3400", "Year Close": "23.5500", "Annual % Change": "-5.04%"}, "2005": {"Average Stock Price": "20.0018", "Year Open": "18.0000", "Year High": "25.5000", "Year Low": "16.6000", "Year Close": "24.8000", "Annual % Change": "36.64%"}, "2004": {"Average Stock Price": "17.2507", "Year Open": "17.5800", "Year High": "19.9700", "Year Low": "15.1600", "Year Close": "18.1500", "Annual % Change": "2.77%"}, "2003": {"Average Stock Price": "14.0797", "Year Open": "12.8100", "Year High": "18.3100", "Year Low": "10.4500", "Year Close": "17.6600", "Annual % Change": "44.64%"}, "2002": {"Average Stock Price": "12.4575", "Year Open": "14.5000", "Year High": "15.1900", "Year Low": "9.9100", "Year Close": "12.2100", "Annual % Change": "-18.05%"}, "2001": {"Average Stock Price": "12.6021", "Year Open": "14.4400", "Year High": "15.2800", "Year Low": "10.7600", "Year Close": "14.9000", "Annual % Change": "-0.27%"}, "2000": {"Average Stock Price": "11.3184", "Year Open": "10.7500", "Year High": "14.9400", "Year Low": "8.0000", "Year Close": "14.9400", "Annual % Change": "43.10%"}, "1999": {"Average Stock Price": "13.5309", "Year Open": "12.8800", "Year High": "16.5900", "Year Low": "9.9380", "Year Close": "10.4400", "Annual % Change": "-19.88%"}, "1998": {"Average Stock Price": "14.8101", "Year Open": "13.1900", "Year High": "17.8800", "Year Low": "12.3800", "Year Close": "13.0300", "Annual % Change": "2.68%"}, "1997": {"Average Stock Price": "10.7992", "Year Open": "8.8150", "Year High": "12.6900", "Year Low": "8.4400", "Year Close": "12.6900", "Annual % Change": "35.36%"}, "1996": {"Average Stock Price": "10.0742", "Year Open": "10.9400", "Year High": "12.2500", "Year Low": "8.0000", "Year Close": "9.3750", "Annual % Change": "-14.31%"}, "1995": {"Average Stock Price": "9.2872", "Year Open": "7.5300", "Year High": "12.6900", "Year Low": "7.1900", "Year Close": "10.9400", "Annual % Change": "45.87%"}, "1994": {"Average Stock Price": "6.0915", "Year Open": "6.0625", "Year High": "7.5650", "Year Low": "5.2500", "Year Close": "7.5000", "Annual % Change": "22.45%"}, "1993": {"Average Stock Price": "4.7247", "Year Open": "4.2500", "Year High": "6.1250", "Year Low": "3.8125", "Year Close": "6.1250", "Annual % Change": "46.27%"}, "1992": {"Average Stock Price": "3.9773", "Year Open": "3.4700", "Year High": "4.7500", "Year Low": "3.3125", "Year Close": "4.1875", "Annual % Change": "22.98%"}, "1991": {"Average Stock Price": "2.7581", "Year Open": "1.3750", "Year High": "4.1250", "Year Low": "1.3750", "Year Close": "3.4050", "Annual % Change": "166.02%"}, "1990": {"Average Stock Price": "1.9631", "Year Open": "2.7500", "Year High": "2.8125", "Year Low": "1.2500", "Year Close": "1.2800", "Annual % Change": "-53.96%"}, "1989": {"Average Stock Price": "2.6721", "Year Open": "3.3750", "Year High": "3.5000", "Year Low": "1.9700", "Year Close": "2.7800", "Annual % Change": "-17.63%"}, "1988": {"Average Stock Price": "3.4344", "Year Open": "3.5000", "Year High": "3.9375", "Year Low": "2.8750", "Year Close": "3.3750", "Annual % Change": "-1.82%"}, "1987": {"Average Stock Price": "3.8706", "Year Open": "3.6875", "Year High": "4.9050", "Year Low": "2.8450", "Year Close": "3.4375", "Annual % Change": "-5.95%"}, "1986": {"Average Stock Price": "3.1332", "Year Open": "2.3200", "Year High": "4.2200", "Year Low": "2.1950", "Year Close": "3.6550", "Annual % Change": "60.22%"}, "1985": {"Average Stock Price": "1.8779", "Year Open": "1.1767", "Year High": "2.6725", "Year Low": "1.1667", "Year Close": "2.2813", "Annual % Change": "93.87%"}, "1984": {"Average Stock Price": "1.0566", "Year Open": "1.0000", "Year High": "1.2292", "Year Low": "0.8750", "Year Close": "1.1767", "Annual % Change": "20.17%"}}}, "market cap": {"value": "$7.17B"}, "income statement": {"Revenue": {"2020-04-30": "9175.29600", "2019-04-30": "9352.91000", "2018-04-30": "8391.12400", "2017-04-30": "7506.58700", "2016-04-30": "7122.08600", "2015-04-30": "7767.21600", "2014-04-30": "7840.25500", "2013-04-30": "7250.84000", "2012-04-30": "6987.80400", "2011-04-30": "5635.24000", "2010-04-30": "4637.08700", "2009-04-30": "4690.52500", "2008-04-30": "4843.25900", "2007-04-30": "4025.43500", "2006-04-30": "3492.47600", "2005-04-30": "2787.53800"}, "Cost Of Goods Sold": {"2020-04-30": "7030.61200", "2019-04-30": "7398.18600", "2018-04-30": "6621.73100", "2017-04-30": "5825.42600", "2016-04-30": "5508.46500", "2015-04-30": "6327.43100", "2014-04-30": "6618.23900", "2013-04-30": "6179.77100", "2012-04-30": "5984.11400", "2011-04-30": "4754.17300", "2010-04-30": "3844.73500", "2009-04-30": "3966.91900", "2008-04-30": "4155.49300", "2007-04-30": "3441.96400", "2006-04-30": "2966.25400", "2005-04-30": "2330.74100"}, "Gross Profit": {"2020-04-30": "2144.68400", "2019-04-30": "1954.72400", "2018-04-30": "1769.39300", "2017-04-30": "1681.16100", "2016-04-30": "1613.62100", "2015-04-30": "1439.78500", "2014-04-30": "1222.01600", "2013-04-30": "1071.06900", "2012-04-30": "1003.69000", "2011-04-30": "881.06740", "2010-04-30": "792.35180", "2009-04-30": "723.60600", "2008-04-30": "687.76560", "2007-04-30": "583.47090", "2006-04-30": "526.22220", "2005-04-30": "456.79710"}, "Research And Development Expenses": {"2020-04-30": "", "2019-04-30": "", "2018-04-30": "", "2017-04-30": "", "2016-04-30": "", "2015-04-30": "", "2014-04-30": "", "2013-04-30": "", "2012-04-30": "", "2011-04-30": "", "2010-04-30": "", "2009-04-30": "", "2008-04-30": "", "2007-04-30": "", "2006-04-30": "", "2005-04-30": ""}, "SG&A Expenses": {"2020-04-30": "1498.04300", "2019-04-30": "1391.27900", "2018-04-30": "1283.04600", "2017-04-30": "1172.32800", "2016-04-30": "1053.80500", "2015-04-30": "960.42400", "2014-04-30": "857.29700", "2013-04-30": "760.36500", "2012-04-30": "688.43100", "2011-04-30": "607.62800", "2010-04-30": "526.29100", "2009-04-30": "504.44900", "2008-04-30": "476.21100", "2007-04-30": "410.67300", "2006-04-30": "361.85700", "2005-04-30": "327.00900"}, "Other Operating Income Or Expenses": {"2020-04-30": "", "2019-04-30": "", "2018-04-30": "", "2017-04-30": "", "2016-04-30": "", "2015-04-30": "", "2014-04-30": "", "2013-04-30": "", "2012-04-30": "", "2011-04-30": "", "2010-04-30": "", "2009-04-30": "", "2008-04-30": "", "2007-04-30": "", "2006-04-30": "", "2005-04-30": ""}, "Operating Expenses": {"2020-04-30": "8779.82800", "2019-04-30": "9033.85300", "2018-04-30": "8125.74700", "2017-04-30": "7195.38300", "2016-04-30": "6733.20700", "2015-04-30": "7443.96600", "2014-04-30": "7606.69600", "2013-04-30": "7051.95900", "2012-04-30": "6769.09700", "2011-04-30": "5444.15600", "2010-04-30": "4444.57200", "2009-04-30": "4540.81900", "2008-04-30": "4699.59700", "2007-04-30": "3916.58100", "2006-04-30": "3385.00900", "2005-04-30": "2709.43500"}, "Operating Income": {"2020-04-30": "395.46780", "2019-04-30": "319.05760", "2018-04-30": "265.37700", "2017-04-30": "311.20410", "2016-04-30": "388.87890", "2015-04-30": "323.25000", "2014-04-30": "233.55910", "2013-04-30": "198.88090", "2012-04-30": "218.70700", "2011-04-30": "191.08450", "2010-04-30": "192.51460", "2009-04-30": "149.70610", "2008-04-30": "143.66160", "2007-04-30": "108.85380", "2006-04-30": "107.46730", "2005-04-30": "78.10300"}, "Total Non-Operating Income/Expense": {"2020-04-30": "-53.41900", "2019-04-30": "-55.65600", "2018-04-30": "-50.94000", "2017-04-30": "-41.53600", "2016-04-30": "-40.17300", "2015-04-30": "-41.22500", "2014-04-30": "-39.91500", "2013-04-30": "-35.26500", "2012-04-30": "-35.19200", "2011-04-30": "-39.84700", "2010-04-30": "-10.93300", "2009-04-30": "-10.62600", "2008-04-30": "-9.79200", "2007-04-30": "-11.18400", "2006-04-30": "-8.89600", "2005-04-30": "-10.73900"}, "Pre-Tax Income": {"2020-04-30": "342.04800", "2019-04-30": "263.40200", "2018-04-30": "214.43700", "2017-04-30": "269.66800", "2016-04-30": "348.70600", "2015-04-30": "282.02500", "2014-04-30": "193.64400", "2013-04-30": "163.61600", "2012-04-30": "183.51500", "2011-04-30": "151.23700", "2010-04-30": "181.58200", "2009-04-30": "139.08000", "2008-04-30": "133.87000", "2007-04-30": "97.67000", "2006-04-30": "98.57100", "2005-04-30": "67.36400"}, "Income Taxes": {"2020-04-30": "78.20200", "2019-04-30": "59.51600", "2018-04-30": "-103.46600", "2017-04-30": "92.18300", "2016-04-30": "122.72400", "2015-04-30": "101.39700", "2014-04-30": "66.82400", "2013-04-30": "59.80200", "2012-04-30": "66.72400", "2011-04-30": "56.61400", "2010-04-30": "64.62000", "2009-04-30": "53.39000", "2008-04-30": "48.97900", "2007-04-30": "34.17500", "2006-04-30": "35.35300", "2005-04-30": "24.90500"}, "Income After Taxes": {"2020-04-30": "263.84600", "2019-04-30": "203.88600", "2018-04-30": "317.90300", "2017-04-30": "177.48500", "2016-04-30": "225.98200", "2015-04-30": "180.62800", "2014-04-30": "126.82000", "2013-04-30": "103.81400", "2012-04-30": "116.79100", "2011-04-30": "94.62300", "2010-04-30": "116.96200", "2009-04-30": "85.69000", "2008-04-30": "84.89100", "2007-04-30": "63.49500", "2006-04-30": "63.21800", "2005-04-30": "42.45900"}, "Other Income": {"2020-04-30": "", "2019-04-30": "", "2018-04-30": "", "2017-04-30": "", "2016-04-30": "", "2015-04-30": "", "2014-04-30": "", "2013-04-30": "", "2012-04-30": "", "2011-04-30": "", "2010-04-30": "", "2009-04-30": "", "2008-04-30": "", "2007-04-30": "", "2006-04-30": "", "2005-04-30": ""}, "Income From Continuous Operations": {"2020-04-30": "263.84600", "2019-04-30": "203.88600", "2018-04-30": "317.90300", "2017-04-30": "177.48500", "2016-04-30": "225.98200", "2015-04-30": "180.62800", "2014-04-30": "126.82000", "2013-04-30": "103.81400", "2012-04-30": "116.79100", "2011-04-30": "94.62300", "2010-04-30": "116.96200", "2009-04-30": "85.69000", "2008-04-30": "84.89100", "2007-04-30": "63.49500", "2006-04-30": "63.21800", "2005-04-30": "42.45900"}, "Income From Discontinued Operations": {"2020-04-30": "", "2019-04-30": "", "2018-04-30": "", "2017-04-30": "", "2016-04-30": "", "2015-04-30": "", "2014-04-30": "", "2013-04-30": "", "2012-04-30": "", "2011-04-30": "", "2010-04-30": "", "2009-04-30": "", "2008-04-30": "", "2007-04-30": "-1.60400", "2006-04-30": "-1.66700", "2005-04-30": "-5.70600"}, "Net Income": {"2020-04-30": "263.84600", "2019-04-30": "203.88600", "2018-04-30": "317.90300", "2017-04-30": "177.48500", "2016-04-30": "225.98200", "2015-04-30": "180.62800", "2014-04-30": "126.82000", "2013-04-30": "103.81400", "2012-04-30": "116.79100", "2011-04-30": "94.62300", "2010-04-30": "116.96200", "2009-04-30": "85.69000", "2008-04-30": "84.89100", "2007-04-30": "61.89100", "2006-04-30": "60.46800", "2005-04-30": "36.75300"}, "EBITDA": {"2020-04-30": "646.64180", "2019-04-30": "563.44460", "2018-04-30": "486.34700", "2017-04-30": "508.83310", "2016-04-30": "559.81590", "2015-04-30": "479.36100", "2014-04-30": "364.71910", "2013-04-30": "310.89890", "2012-04-30": "315.60600", "2011-04-30": "274.42750", "2010-04-30": "266.26360", "2009-04-30": "218.96510", "2008-04-30": "211.82560", "2007-04-30": "173.27980", "2006-04-30": "166.23630", "2005-04-30": "129.78800"}, "EBIT": {"2020-04-30": "395.46780", "2019-04-30": "319.05760", "2018-04-30": "265.37700", "2017-04-30": "311.20410", "2016-04-30": "388.87890", "2015-04-30": "323.25000", "2014-04-30": "233.55910", "2013-04-30": "198.88090", "2012-04-30": "218.70700", "2011-04-30": "191.08450", "2010-04-30": "192.51460", "2009-04-30": "149.70610", "2008-04-30": "143.66160", "2007-04-30": "108.85380", "2006-04-30": "107.46730", "2005-04-30": "78.10300"}, "Basic Shares Outstanding": {"2020-04-30": "36.95600", "2019-04-30": "36.71000", "2018-04-30": "37.77800", "2017-04-30": "39.12470", "2016-04-30": "39.01630", "2015-04-30": "38.74300", "2014-04-30": "38.45770", "2013-04-30": "38.29710", "2012-04-30": "38.06800", "2011-04-30": "42.28500", "2010-04-30": "50.89900", "2009-04-30": "50.78700", "2008-04-30": "50.68100", "2007-04-30": "50.46800", "2006-04-30": "50.31000", "2005-04-30": "50.11500"}, "Shares Outstanding": {"2020-04-30": "37.18600", "2019-04-30": "36.97500", "2018-04-30": "38.13200", "2017-04-30": "39.57900", "2016-04-30": "39.42220", "2015-04-30": "39.10400", "2014-04-30": "38.86840", "2013-04-30": "38.62010", "2012-04-30": "38.39200", "2011-04-30": "42.56700", "2010-04-30": "51.05300", "2009-04-30": "50.91700", "2008-04-30": "50.85900", "2007-04-30": "50.66800", "2006-04-30": "50.61000", "2005-04-30": "50.28400"}, "Basic EPS": {"2020-04-30": "7.14000", "2019-04-30": "5.55000", "2018-04-30": "8.41000", "2017-04-30": "4.54000", "2016-04-30": "5.79000", "2015-04-30": "4.66000", "2014-04-30": "3.30000", "2013-04-30": "2.71000", "2012-04-30": "3.07000", "2011-04-30": "2.24000", "2010-04-30": "2.30000", "2009-04-30": "1.69000", "2008-04-30": "1.68000", "2007-04-30": "1.23000", "2006-04-30": "1.20000", "2005-04-30": "0.73000"}, "EPS - Earnings Per Share": {"2020-04-30": "7.10000", "2019-04-30": "5.51000", "2018-04-30": "8.34000", "2017-04-30": "4.48000", "2016-04-30": "5.73000", "2015-04-30": "4.62000", "2014-04-30": "3.26000", "2013-04-30": "2.69000", "2012-04-30": "3.04000", "2011-04-30": "2.22000", "2010-04-30": "2.29000", "2009-04-30": "1.68000", "2008-04-30": "1.67000", "2007-04-30": "1.22000", "2006-04-30": "1.19000", "2005-04-30": "0.73000"}}, "income statement, quarterly": {"Revenue": {"2020-10-31": "2215.90500", "2020-07-31": "2105.02100", "2020-04-30": "1812.88300", "2020-01-31": "2248.19800", "2019-10-31": "2487.58600", "2019-07-31": "2626.62900", "2019-04-30": "2178.39700", "2019-01-31": "2048.07600", "2018-10-31": "2538.00500", "2018-07-31": "2588.43200", "2018-04-30": "2089.03700", "2018-01-31": "2054.60300", "2017-10-31": "2153.74500", "2017-07-31": "2093.73900", "2017-04-30": "1846.46000", "2017-01-31": "1769.99300", "2016-10-31": "1920.05500", "2016-07-31": "1970.07900", "2016-04-30": "1582.95400", "2016-01-31": "1565.94000", "2015-10-31": "1924.60000", "2015-07-31": "2048.59200", "2015-04-30": "1653.85800", "2015-01-31": "1671.96100", "2014-10-31": "2150.21100", "2014-07-31": "2291.18600", "2014-04-30": "1919.56600", "2014-01-31": "1790.05500", "2013-10-31": "2015.88500", "2013-07-31": "2114.74900", "2013-04-30": "1808.52900", "2013-01-31": "1662.36500", "2012-10-31": "1911.64400", "2012-07-31": "1868.30200", "2012-04-30": "1752.50400", "2012-01-31": "1578.95000", "2011-10-31": "1782.51800", "2011-07-31": "1873.83200", "2011-04-30": "1549.49500", "2011-01-31": "1374.19900", "2010-10-31": "1349.51900", "2010-07-31": "1362.02700", "2010-04-30": "1179.80600", "2010-01-31": "1114.37700", "2009-10-31": "1154.96400", "2009-07-31": "1187.94000", "2009-04-30": "883.44300", "2009-01-31": "849.27400", "2008-10-31": "1390.51100", "2008-07-31": "1567.29700", "2008-04-30": "1220.07900", "2008-01-31": "1154.50000", "2007-10-31": "1189.33800", "2007-07-31": "1279.34200", "2007-04-30": "1004.28800", "2007-01-31": "919.41400", "2006-10-31": "1005.95000", "2006-07-31": "1095.78300", "2006-04-30": "872.58190", "2006-01-31": "798.27800", "2005-10-31": "963.91400", "2005-07-31": "857.70200", "2005-04-30": "704.78810", "2005-01-31": "653.09700"}, "Cost Of Goods Sold": {"2020-10-31": "1584.14500", "2020-07-31": "1481.51800", "2020-04-30": "1287.81300", "2020-01-31": "1751.33500", "2019-10-31": "1930.52100", "2019-07-31": "2060.94300", "2019-04-30": "1726.02700", "2019-01-31": "1577.81100", "2018-10-31": "2027.68400", "2018-07-31": "2066.66400", "2018-04-30": "1683.92200", "2018-01-31": "1634.67900", "2017-10-31": "1686.08800", "2017-07-31": "1617.04200", "2017-04-30": "1448.24000", "2017-01-31": "1380.36400", "2016-10-31": "1476.53700", "2016-07-31": "1520.28400", "2016-04-30": "1194.73400", "2016-01-31": "1194.77100", "2015-10-31": "1481.61000", "2015-07-31": "1637.35000", "2015-04-30": "1307.31500", "2015-01-31": "1320.91500", "2014-10-31": "1778.92900", "2014-07-31": "1920.27200", "2014-04-30": "1635.94600", "2014-01-31": "1513.36500", "2013-10-31": "1696.60000", "2013-07-31": "1772.32800", "2013-04-30": "1553.43300", "2013-01-31": "1412.67900", "2012-10-31": "1632.33100", "2012-07-31": "1581.32800", "2012-04-30": "1507.26400", "2012-01-31": "1350.20000", "2011-10-31": "1519.60000", "2011-07-31": "1607.05000", "2011-04-30": "1332.30700", "2011-01-31": "1171.66800", "2010-10-31": "1122.14200", "2010-07-31": "1128.05600", "2010-04-30": "990.54300", "2010-01-31": "937.77700", "2009-10-31": "948.60000", "2009-07-31": "967.81500", "2009-04-30": "711.23520", "2009-01-31": "688.10800", "2008-10-31": "1199.44400", "2008-07-31": "1368.13200", "2008-04-30": "1059.85500", "2008-01-31": "994.43200", "2007-10-31": "1010.21300", "2007-07-31": "1090.99300", "2007-04-30": "851.26810", "2007-01-31": "779.85500", "2006-10-31": "860.59900", "2006-07-31": "950.24200", "2006-04-30": "749.46490", "2006-01-31": "680.24000", "2005-10-31": "819.20900", "2005-07-31": "717.34000", "2005-04-30": "594.19490", "2005-01-31": "544.70600"}, "Gross Profit": {"2020-10-31": "631.76000", "2020-07-31": "623.50310", "2020-04-30": "525.07010", "2020-01-31": "496.86300", "2019-10-31": "557.06490", "2019-07-31": "565.68580", "2019-04-30": "452.37040", "2019-01-31": "470.26490", "2018-10-31": "510.32090", "2018-07-31": "521.76780", "2018-04-30": "405.11500", "2018-01-31": "419.92410", "2017-10-31": "467.65710", "2017-07-31": "476.69700", "2017-04-30": "398.21920", "2017-01-31": "389.62900", "2016-10-31": "443.51810", "2016-07-31": "449.79490", "2016-04-30": "388.21980", "2016-01-31": "371.16890", "2015-10-31": "442.99000", "2015-07-31": "411.24210", "2015-04-30": "346.54270", "2015-01-31": "351.04600", "2014-10-31": "371.28200", "2014-07-31": "370.91410", "2014-04-30": "283.61980", "2014-01-31": "276.69010", "2013-10-31": "319.28500", "2013-07-31": "342.42100", "2013-04-30": "255.09580", "2013-01-31": "249.68600", "2012-10-31": "279.31300", "2012-07-31": "286.97400", "2012-04-30": "245.24050", "2012-01-31": "228.75000", "2011-10-31": "262.91800", "2011-07-31": "266.78200", "2011-04-30": "217.18820", "2011-01-31": "202.53100", "2010-10-31": "227.37710", "2010-07-31": "233.97090", "2010-04-30": "189.26310", "2010-01-31": "176.60000", "2009-10-31": "206.36400", "2009-07-31": "220.12490", "2009-04-30": "172.20780", "2009-01-31": "161.16600", "2008-10-31": "191.06700", "2008-07-31": "199.16500", "2008-04-30": "160.22380", "2008-01-31": "160.06800", "2007-10-31": "179.12500", "2007-07-31": "188.34900", "2007-04-30": "153.02000", "2007-01-31": "139.55900", "2006-10-31": "145.35100", "2006-07-31": "145.54100", "2006-04-30": "123.11700", "2006-01-31": "118.03800", "2005-10-31": "144.70500", "2005-07-31": "140.36200", "2005-04-30": "110.59320", "2005-01-31": "108.39100"}, "Research And Development Expenses": {"2020-10-31": "", "2020-07-31": "", "2020-04-30": "", "2020-01-31": "", "2019-10-31": "", "2019-07-31": "", "2019-04-30": "", "2019-01-31": "", "2018-10-31": "", "2018-07-31": "", "2018-04-30": "", "2018-01-31": "", "2017-10-31": "", "2017-07-31": "", "2017-04-30": "", "2017-01-31": "", "2016-10-31": "", "2016-07-31": "", "2016-04-30": "", "2016-01-31": "", "2015-10-31": "", "2015-07-31": "", "2015-04-30": "", "2015-01-31": "", "2014-10-31": "", "2014-07-31": "", "2014-04-30": "", "2014-01-31": "", "2013-10-31": "", "2013-07-31": "", "2013-04-30": "", "2013-01-31": "", "2012-10-31": "", "2012-07-31": "", "2012-04-30": "", "2012-01-31": "", "2011-10-31": "", "2011-07-31": "", "2011-04-30": "", "2011-01-31": "", "2010-10-31": "", "2010-07-31": "", "2010-04-30": "", "2010-01-31": "", "2009-10-31": "", "2009-07-31": "", "2009-04-30": "", "2009-01-31": "", "2008-10-31": "", "2008-07-31": "", "2008-04-30": "", "2008-01-31": "", "2007-10-31": "", "2007-07-31": "", "2007-04-30": "", "2007-01-31": "", "2006-10-31": "", "2006-07-31": "", "2006-04-30": "", "2006-01-31": "", "2005-10-31": "", "2005-07-31": "", "2005-04-30": "", "2005-01-31": ""}, "SG&A Expenses": {"2020-10-31": "410.34800", "2020-07-31": "386.08800", "2020-04-30": "367.48900", "2020-01-31": "377.33000", "2019-10-31": "373.38300", "2019-07-31": "379.84100", "2019-04-30": "346.16500", "2019-01-31": "341.53600", "2018-10-31": "344.18600", "2018-07-31": "359.39200", "2018-04-30": "315.80900", "2018-01-31": "323.04100", "2017-10-31": "322.94900", "2017-07-31": "321.24700", "2017-04-30": "292.59000", "2017-01-31": "292.32100", "2016-10-31": "295.28900", "2016-07-31": "292.12800", "2016-04-30": "262.62000", "2016-01-31": "259.62500", "2015-10-31": "267.97800", "2015-07-31": "263.58200", "2015-04-30": "232.54300", "2015-01-31": "238.78200", "2014-10-31": "244.78100", "2014-07-31": "244.31800", "2014-04-30": "210.12300", "2014-01-31": "214.67100", "2013-10-31": "216.52900", "2013-07-31": "215.97400", "2013-04-30": "191.05400", "2013-01-31": "189.87200", "2012-10-31": "190.04000", "2012-07-31": "189.39900", "2012-04-30": "175.95200", "2012-01-31": "169.23100", "2011-10-31": "171.83200", "2011-07-31": "171.41600", "2011-04-30": "150.47300", "2011-01-31": "151.50600", "2010-10-31": "153.26300", "2010-07-31": "152.38600", "2010-04-30": "135.03700", "2010-01-31": "127.88300", "2009-10-31": "131.01300", "2009-07-31": "132.35800", "2009-04-30": "125.39600", "2009-01-31": "118.94600", "2008-10-31": "127.39100", "2008-07-31": "132.71600", "2008-04-30": "118.50500", "2008-01-31": "120.58700", "2007-10-31": "115.40500", "2007-07-31": "121.71400", "2007-04-30": "106.61300", "2007-01-31": "103.24800", "2006-10-31": "100.43700", "2006-07-31": "100.37500", "2006-04-30": "89.04400", "2006-01-31": "90.38000", "2005-10-31": "92.97000", "2005-07-31": "89.46300", "2005-04-30": "81.28200", "2005-01-31": "81.07900"}, "Other Operating Income Or Expenses": {"2020-10-31": "", "2020-07-31": "", "2020-04-30": "", "2020-01-31": "", "2019-10-31": "", "2019-07-31": "", "2019-04-30": "", "2019-01-31": "", "2018-10-31": "", "2018-07-31": "", "2018-04-30": "", "2018-01-31": "", "2017-10-31": "", "2017-07-31": "", "2017-04-30": "", "2017-01-31": "", "2016-10-31": "", "2016-07-31": "", "2016-04-30": "", "2016-01-31": "", "2015-10-31": "", "2015-07-31": "", "2015-04-30": "", "2015-01-31": "", "2014-10-31": "", "2014-07-31": "", "2014-04-30": "", "2014-01-31": "", "2013-10-31": "", "2013-07-31": "", "2013-04-30": "", "2013-01-31": "", "2012-10-31": "", "2012-07-31": "", "2012-04-30": "", "2012-01-31": "", "2011-10-31": "", "2011-07-31": "", "2011-04-30": "", "2011-01-31": "", "2010-10-31": "", "2010-07-31": "", "2010-04-30": "", "2010-01-31": "", "2009-10-31": "", "2009-07-31": "", "2009-04-30": "", "2009-01-31": "", "2008-10-31": "", "2008-07-31": "", "2008-04-30": "", "2008-01-31": "", "2007-10-31": "", "2007-07-31": "", "2007-04-30": "", "2007-01-31": "", "2006-10-31": "", "2006-07-31": "", "2006-04-30": "", "2006-01-31": "", "2005-10-31": "", "2005-07-31": "", "2005-04-30": "", "2005-01-31": ""}, "Operating Expenses": {"2020-10-31": "2058.78700", "2020-07-31": "1933.42600", "2020-04-30": "1720.49400", "2020-01-31": "2191.95000", "2019-10-31": "2366.79200", "2019-07-31": "2500.59200", "2019-04-30": "2135.05900", "2019-01-31": "1980.67100", "2018-10-31": "2433.22600", "2018-07-31": "2484.89600", "2018-04-30": "2057.13300", "2018-01-31": "2014.76200", "2017-10-31": "2063.19400", "2017-07-31": "1990.65800", "2017-04-30": "1792.77800", "2017-01-31": "1723.83700", "2016-10-31": "1820.50100", "2016-07-31": "1858.26700", "2016-04-30": "1503.26300", "2016-01-31": "1498.21800", "2015-10-31": "1791.39500", "2015-07-31": "1940.33100", "2015-04-30": "1582.01400", "2015-01-31": "1600.12800", "2014-10-31": "2060.98500", "2014-07-31": "2200.83900", "2014-04-30": "1881.62500", "2014-01-31": "1760.72300", "2013-10-31": "1945.54500", "2013-07-31": "2018.80300", "2013-04-30": "1774.39700", "2013-01-31": "1630.78000", "2012-10-31": "1849.51900", "2012-07-31": "1797.26300", "2012-04-30": "1708.82500", "2012-01-31": "1544.04700", "2011-10-31": "1714.86400", "2011-07-31": "1801.36100", "2011-04-30": "1504.76200", "2011-01-31": "1343.94300", "2010-10-31": "1295.44600", "2010-07-31": "1300.00500", "2010-04-30": "1144.28100", "2010-01-31": "1084.02800", "2009-10-31": "1098.14000", "2009-07-31": "1118.12400", "2009-04-30": "854.01100", "2009-01-31": "824.21300", "2008-10-31": "1344.26300", "2008-07-31": "1518.33200", "2008-04-30": "1195.59700", "2008-01-31": "1132.04800", "2007-10-31": "1143.04900", "2007-07-31": "1228.90300", "2007-04-30": "974.77730", "2007-01-31": "899.23300", "2006-10-31": "976.50100", "2006-07-31": "1066.07000", "2006-04-30": "853.03580", "2006-01-31": "784.70700", "2005-10-31": "926.75600", "2005-07-31": "820.51000", "2005-04-30": "689.16710", "2005-01-31": "638.78400"}, "Operating Income": {"2020-10-31": "157.11820", "2020-07-31": "171.59510", "2020-04-30": "92.38920", "2020-01-31": "56.24810", "2019-10-31": "120.79390", "2019-07-31": "126.03660", "2019-04-30": "43.33790", "2019-01-31": "67.40490", "2018-10-31": "104.77880", "2018-07-31": "103.53560", "2018-04-30": "31.90360", "2018-01-31": "39.84110", "2017-10-31": "90.55100", "2017-07-31": "103.08110", "2017-04-30": "53.68180", "2017-01-31": "46.15600", "2016-10-31": "99.55410", "2016-07-31": "111.81190", "2016-04-30": "79.69070", "2016-01-31": "67.72190", "2015-10-31": "133.20500", "2015-07-31": "108.26100", "2015-04-30": "71.84380", "2015-01-31": "71.83300", "2014-10-31": "89.22610", "2014-07-31": "90.34720", "2014-04-30": "37.94090", "2014-01-31": "29.33200", "2013-10-31": "70.34000", "2013-07-31": "95.94600", "2013-04-30": "34.13150", "2013-01-31": "31.58510", "2012-10-31": "62.12500", "2012-07-31": "71.03890", "2012-04-30": "43.67920", "2012-01-31": "34.90310", "2011-10-31": "67.65390", "2011-07-31": "72.47100", "2011-04-30": "44.73320", "2011-01-31": "30.25600", "2010-10-31": "54.07300", "2010-07-31": "62.02200", "2010-04-30": "35.52560", "2010-01-31": "30.34900", "2009-10-31": "56.82410", "2009-07-31": "69.81590", "2009-04-30": "29.43200", "2009-01-31": "25.06100", "2008-10-31": "46.24810", "2008-07-31": "48.96500", "2008-04-30": "24.48170", "2008-01-31": "22.45200", "2007-10-31": "46.28890", "2007-07-31": "50.43900", "2007-04-30": "29.51070", "2007-01-31": "20.18100", "2006-10-31": "29.44900", "2006-07-31": "29.71290", "2006-04-30": "19.54610", "2006-01-31": "13.57100", "2005-10-31": "37.15800", "2005-07-31": "37.19200", "2005-04-30": "15.62100", "2005-01-31": "14.31300"}, "Total Non-Operating Income/Expense": {"2020-10-31": "-10.63400", "2020-07-31": "-13.40700", "2020-04-30": "-13.80600", "2020-01-31": "-13.20900", "2019-10-31": "-12.68300", "2019-07-31": "-13.72100", "2019-04-30": "-13.74900", "2019-01-31": "-13.31000", "2018-10-31": "-14.19100", "2018-07-31": "-14.40600", "2018-04-30": "-13.11900", "2018-01-31": "-13.47000", "2017-10-31": "-12.97600", "2017-07-31": "-11.37500", "2017-04-30": "-10.36200", "2017-01-31": "-10.55900", "2016-10-31": "-10.07500", "2016-07-31": "-10.54000", "2016-04-30": "-9.94800", "2016-01-31": "-10.13200", "2015-10-31": "-10.00900", "2015-07-31": "-10.08400", "2015-04-30": "-10.16800", "2015-01-31": "-10.19100", "2014-10-31": "-10.36000", "2014-07-31": "-10.50600", "2014-04-30": "-10.32000", "2014-01-31": "-10.12300", "2013-10-31": "-9.89600", "2013-07-31": "-9.57600", "2013-04-30": "-8.96000", "2013-01-31": "-8.76400", "2012-10-31": "-8.63700", "2012-07-31": "-8.90400", "2012-04-30": "-8.75100", "2012-01-31": "-8.73000", "2011-10-31": "-8.77700", "2011-07-31": "-8.93400", "2011-04-30": "-8.86700", "2011-01-31": "-8.90800", "2010-10-31": "-19.54500", "2010-07-31": "-2.52700", "2010-04-30": "-2.77400", "2010-01-31": "-2.74800", "2009-10-31": "-2.70700", "2009-07-31": "-2.70400", "2009-04-30": "-2.89200", "2009-01-31": "-2.75700", "2008-10-31": "-2.41400", "2008-07-31": "-2.56300", "2008-04-30": "-2.78000", "2008-01-31": "-2.31700", "2007-10-31": "-2.35000", "2007-07-31": "-2.34500", "2007-04-30": "-3.22400", "2007-01-31": "-2.87800", "2006-10-31": "-2.68700", "2006-07-31": "-2.39500", "2006-04-30": "-2.56800", "2006-01-31": "-2.08700", "2005-10-31": "-1.99900", "2005-07-31": "-2.24200", "2005-04-30": "-2.55600", "2005-01-31": "-2.81200"}, "Pre-Tax Income": {"2020-10-31": "146.48400", "2020-07-31": "158.18800", "2020-04-30": "78.58200", "2020-01-31": "43.03900", "2019-10-31": "108.11100", "2019-07-31": "112.31600", "2019-04-30": "29.58900", "2019-01-31": "54.09500", "2018-10-31": "90.58800", "2018-07-31": "89.13000", "2018-04-30": "18.78500", "2018-01-31": "26.37100", "2017-10-31": "77.57500", "2017-07-31": "91.70600", "2017-04-30": "43.32000", "2017-01-31": "35.59700", "2016-10-31": "89.47900", "2016-07-31": "101.27200", "2016-04-30": "69.74300", "2016-01-31": "57.59000", "2015-10-31": "123.19600", "2015-07-31": "98.17700", "2015-04-30": "61.67600", "2015-01-31": "61.64200", "2014-10-31": "78.86600", "2014-07-31": "79.84100", "2014-04-30": "27.62100", "2014-01-31": "19.20900", "2013-10-31": "60.44400", "2013-07-31": "86.37000", "2013-04-30": "25.17200", "2013-01-31": "22.82100", "2012-10-31": "53.48800", "2012-07-31": "62.13500", "2012-04-30": "34.92800", "2012-01-31": "26.17300", "2011-10-31": "58.87700", "2011-07-31": "63.53700", "2011-04-30": "35.86600", "2011-01-31": "21.34800", "2010-10-31": "34.52800", "2010-07-31": "59.49500", "2010-04-30": "32.75200", "2010-01-31": "27.60100", "2009-10-31": "54.11700", "2009-07-31": "67.11200", "2009-04-30": "26.54000", "2009-01-31": "22.30400", "2008-10-31": "43.83400", "2008-07-31": "46.40200", "2008-04-30": "21.70200", "2008-01-31": "20.13500", "2007-10-31": "43.93900", "2007-07-31": "48.09400", "2007-04-30": "26.28700", "2007-01-31": "17.30300", "2006-10-31": "26.76200", "2006-07-31": "27.31800", "2006-04-30": "16.97800", "2006-01-31": "11.48400", "2005-10-31": "35.15900", "2005-07-31": "34.95000", "2005-04-30": "13.06500", "2005-01-31": "11.50100"}, "Income Taxes": {"2020-10-31": "34.50100", "2020-07-31": "37.59600", "2020-04-30": "16.49100", "2020-01-31": "9.08000", "2019-10-31": "26.13000", "2019-07-31": "26.50100", "2019-04-30": "4.37700", "2019-01-31": "12.26000", "2018-10-31": "23.97300", "2018-07-31": "18.90600", "2018-04-30": "-0.47700", "2018-01-31": "-166.59400", "2017-10-31": "28.65700", "2017-07-31": "34.94800", "2017-04-30": "13.24200", "2017-01-31": "12.76200", "2016-10-31": "32.29900", "2016-07-31": "33.88000", "2016-04-30": "22.69900", "2016-01-31": "19.49100", "2015-10-31": "44.16300", "2015-07-31": "36.37100", "2015-04-30": "20.33300", "2015-01-31": "22.32300", "2014-10-31": "28.99700", "2014-07-31": "29.74400", "2014-04-30": "6.67900", "2014-01-31": "6.55600", "2013-10-31": "21.01400", "2013-07-31": "32.57500", "2013-04-30": "8.71100", "2013-01-31": "7.35800", "2012-10-31": "20.62900", "2012-07-31": "23.10400", "2012-04-30": "11.85900", "2012-01-31": "9.47400", "2011-10-31": "21.24500", "2011-07-31": "24.14600", "2011-04-30": "13.09600", "2011-01-31": "8.47300", "2010-10-31": "12.83600", "2010-07-31": "22.20900", "2010-04-30": "10.81700", "2010-01-31": "10.35900", "2009-10-31": "20.52500", "2009-07-31": "22.91900", "2009-04-30": "10.98500", "2009-01-31": "8.28300", "2008-10-31": "16.50500", "2008-07-31": "17.61700", "2008-04-30": "7.34100", "2008-01-31": "7.24800", "2007-10-31": "16.24700", "2007-07-31": "18.14300", "2007-04-30": "8.30700", "2007-01-31": "6.03800", "2006-10-31": "9.60100", "2006-07-31": "10.22900", "2006-04-30": "5.80200", "2006-01-31": "3.92800", "2005-10-31": "12.76300", "2005-07-31": "12.86000", "2005-04-30": "5.52800", "2005-01-31": "4.14000"}, "Income After Taxes": {"2020-10-31": "111.98300", "2020-07-31": "120.59200", "2020-04-30": "62.09100", "2020-01-31": "33.95900", "2019-10-31": "81.98100", "2019-07-31": "85.81500", "2019-04-30": "25.21200", "2019-01-31": "41.83500", "2018-10-31": "66.61500", "2018-07-31": "70.22400", "2018-04-30": "19.26200", "2018-01-31": "192.96500", "2017-10-31": "48.91800", "2017-07-31": "56.75800", "2017-04-30": "30.07800", "2017-01-31": "22.83500", "2016-10-31": "57.18000", "2016-07-31": "67.39200", "2016-04-30": "47.04400", "2016-01-31": "38.09900", "2015-10-31": "79.03300", "2015-07-31": "61.80600", "2015-04-30": "41.34300", "2015-01-31": "39.31900", "2014-10-31": "49.86900", "2014-07-31": "50.09700", "2014-04-30": "20.94200", "2014-01-31": "12.65300", "2013-10-31": "39.43000", "2013-07-31": "53.79500", "2013-04-30": "16.46100", "2013-01-31": "15.46300", "2012-10-31": "32.85900", "2012-07-31": "39.03100", "2012-04-30": "23.06900", "2012-01-31": "16.69900", "2011-10-31": "37.63200", "2011-07-31": "39.39100", "2011-04-30": "22.77000", "2011-01-31": "12.87500", "2010-10-31": "21.69200", "2010-07-31": "37.28600", "2010-04-30": "21.93500", "2010-01-31": "17.24200", "2009-10-31": "33.59200", "2009-07-31": "44.19300", "2009-04-30": "15.55500", "2009-01-31": "14.02100", "2008-10-31": "27.32900", "2008-07-31": "28.78500", "2008-04-30": "14.36100", "2008-01-31": "12.88700", "2007-10-31": "27.69200", "2007-07-31": "29.95100", "2007-04-30": "17.98000", "2007-01-31": "11.26500", "2006-10-31": "17.16100", "2006-07-31": "17.08900", "2006-04-30": "11.17600", "2006-01-31": "7.55600", "2005-10-31": "22.39600", "2005-07-31": "22.09000", "2005-04-30": "7.53700", "2005-01-31": "7.36100"}, "Other Income": {"2020-10-31": "", "2020-07-31": "", "2020-04-30": "", "2020-01-31": "", "2019-10-31": "", "2019-07-31": "", "2019-04-30": "", "2019-01-31": "", "2018-10-31": "", "2018-07-31": "", "2018-04-30": "", "2018-01-31": "", "2017-10-31": "", "2017-07-31": "", "2017-04-30": "", "2017-01-31": "", "2016-10-31": "", "2016-07-31": "", "2016-04-30": "", "2016-01-31": "", "2015-10-31": "", "2015-07-31": "", "2015-04-30": "", "2015-01-31": "", "2014-10-31": "", "2014-07-31": "", "2014-04-30": "", "2014-01-31": "", "2013-10-31": "", "2013-07-31": "", "2013-04-30": "", "2013-01-31": "", "2012-10-31": "", "2012-07-31": "", "2012-04-30": "", "2012-01-31": "", "2011-10-31": "", "2011-07-31": "", "2011-04-30": "", "2011-01-31": "", "2010-10-31": "", "2010-07-31": "", "2010-04-30": "", "2010-01-31": "", "2009-10-31": "", "2009-07-31": "", "2009-04-30": "", "2009-01-31": "", "2008-10-31": "", "2008-07-31": "", "2008-04-30": "", "2008-01-31": "", "2007-10-31": "", "2007-07-31": "", "2007-04-30": "", "2007-01-31": "", "2006-10-31": "", "2006-07-31": "", "2006-04-30": "", "2006-01-31": "", "2005-10-31": "", "2005-07-31": "", "2005-04-30": "", "2005-01-31": ""}, "Income From Continuous Operations": {"2020-10-31": "111.98300", "2020-07-31": "120.59200", "2020-04-30": "62.09100", "2020-01-31": "33.95900", "2019-10-31": "81.98100", "2019-07-31": "85.81500", "2019-04-30": "25.21200", "2019-01-31": "41.83500", "2018-10-31": "66.61500", "2018-07-31": "70.22400", "2018-04-30": "19.26200", "2018-01-31": "192.96500", "2017-10-31": "48.91800", "2017-07-31": "56.75800", "2017-04-30": "30.07800", "2017-01-31": "22.83500", "2016-10-31": "57.18000", "2016-07-31": "67.39200", "2016-04-30": "47.04400", "2016-01-31": "38.09900", "2015-10-31": "79.03300", "2015-07-31": "61.80600", "2015-04-30": "41.34300", "2015-01-31": "39.31900", "2014-10-31": "49.86900", "2014-07-31": "50.09700", "2014-04-30": "20.94200", "2014-01-31": "12.65300", "2013-10-31": "39.43000", "2013-07-31": "53.79500", "2013-04-30": "16.46100", "2013-01-31": "15.46300", "2012-10-31": "32.85900", "2012-07-31": "39.03100", "2012-04-30": "23.06900", "2012-01-31": "16.69900", "2011-10-31": "37.63200", "2011-07-31": "39.39100", "2011-04-30": "22.77000", "2011-01-31": "12.87500", "2010-10-31": "21.69200", "2010-07-31": "37.28600", "2010-04-30": "21.93500", "2010-01-31": "17.24200", "2009-10-31": "33.59200", "2009-07-31": "44.19300", "2009-04-30": "15.55500", "2009-01-31": "14.02100", "2008-10-31": "27.32900", "2008-07-31": "28.78500", "2008-04-30": "14.36100", "2008-01-31": "12.88700", "2007-10-31": "27.69200", "2007-07-31": "29.95100", "2007-04-30": "17.98000", "2007-01-31": "11.26500", "2006-10-31": "17.16100", "2006-07-31": "17.08900", "2006-04-30": "11.17600", "2006-01-31": "7.55600", "2005-10-31": "22.39600", "2005-07-31": "22.09000", "2005-04-30": "7.53700", "2005-01-31": "7.36100"}, "Income From Discontinued Operations": {"2020-10-31": "", "2020-07-31": "", "2020-04-30": "", "2020-01-31": "", "2019-10-31": "", "2019-07-31": "", "2019-04-30": "", "2019-01-31": "", "2018-10-31": "", "2018-07-31": "", "2018-04-30": "", "2018-01-31": "", "2017-10-31": "", "2017-07-31": "", "2017-04-30": "", "2017-01-31": "", "2016-10-31": "", "2016-07-31": "", "2016-04-30": "", "2016-01-31": "", "2015-10-31": "", "2015-07-31": "", "2015-04-30": "", "2015-01-31": "", "2014-10-31": "", "2014-07-31": "", "2014-04-30": "", "2014-01-31": "", "2013-10-31": "", "2013-07-31": "", "2013-04-30": "", "2013-01-31": "", "2012-10-31": "", "2012-07-31": "", "2012-04-30": "", "2012-01-31": "", "2011-10-31": "", "2011-07-31": "", "2011-04-30": "", "2011-01-31": "", "2010-10-31": "", "2010-07-31": "", "2010-04-30": "", "2010-01-31": "", "2009-10-31": "", "2009-07-31": "", "2009-04-30": "", "2009-01-31": "", "2008-10-31": "", "2008-07-31": "", "2008-04-30": "", "2008-01-31": "0.14600", "2007-10-31": "-0.01600", "2007-07-31": "-0.17500", "2007-04-30": "-1.40600", "2007-01-31": "-0.02100", "2006-10-31": "0.01100", "2006-07-31": "-0.18800", "2006-04-30": "-0.74600", "2006-01-31": "-0.60300", "2005-10-31": "-0.20300", "2005-07-31": "-0.11500", "2005-04-30": "-0.19500", "2005-01-31": "-4.89500"}, "Net Income": {"2020-10-31": "111.98300", "2020-07-31": "120.59200", "2020-04-30": "62.09100", "2020-01-31": "33.95900", "2019-10-31": "81.98100", "2019-07-31": "85.81500", "2019-04-30": "25.21200", "2019-01-31": "41.83500", "2018-10-31": "66.61500", "2018-07-31": "70.22400", "2018-04-30": "19.26200", "2018-01-31": "192.96500", "2017-10-31": "48.91800", "2017-07-31": "56.75800", "2017-04-30": "30.07800", "2017-01-31": "22.83500", "2016-10-31": "57.18000", "2016-07-31": "67.39200", "2016-04-30": "47.04400", "2016-01-31": "38.09900", "2015-10-31": "79.03300", "2015-07-31": "61.80600", "2015-04-30": "41.34300", "2015-01-31": "39.31900", "2014-10-31": "49.86900", "2014-07-31": "50.09700", "2014-04-30": "20.94200", "2014-01-31": "12.65300", "2013-10-31": "39.43000", "2013-07-31": "53.79500", "2013-04-30": "16.46100", "2013-01-31": "15.46300", "2012-10-31": "32.85900", "2012-07-31": "39.03100", "2012-04-30": "23.06900", "2012-01-31": "16.69900", "2011-10-31": "37.63200", "2011-07-31": "39.39100", "2011-04-30": "22.77000", "2011-01-31": "12.87500", "2010-10-31": "21.69200", "2010-07-31": "37.28600", "2010-04-30": "21.93500", "2010-01-31": "17.24200", "2009-10-31": "33.59200", "2009-07-31": "44.19300", "2009-04-30": "15.55500", "2009-01-31": "14.02100", "2008-10-31": "27.32900", "2008-07-31": "28.78500", "2008-04-30": "14.40600", "2008-01-31": "13.03300", "2007-10-31": "27.67600", "2007-07-31": "29.77600", "2007-04-30": "16.57400", "2007-01-31": "11.24400", "2006-10-31": "17.17200", "2006-07-31": "16.90100", "2006-04-30": "10.43000", "2006-01-31": "6.95300", "2005-10-31": "22.19300", "2005-07-31": "20.89200", "2005-04-30": "7.34200", "2005-01-31": "2.46600"}, "EBITDA": {"2020-10-31": "221.41220", "2020-07-31": "237.41510", "2020-04-30": "157.58220", "2020-01-31": "119.53310", "2019-10-31": "183.68190", "2019-07-31": "185.84460", "2019-04-30": "106.20490", "2019-01-31": "128.72890", "2018-10-31": "166.13480", "2018-07-31": "162.37560", "2018-04-30": "89.30560", "2018-01-31": "96.88310", "2017-10-31": "144.70800", "2017-07-31": "155.45010", "2017-04-30": "105.62880", "2017-01-31": "97.30800", "2016-10-31": "148.22910", "2016-07-31": "157.66690", "2016-04-30": "125.28970", "2016-01-31": "111.64390", "2015-10-31": "175.11200", "2015-07-31": "147.77000", "2015-04-30": "113.73970", "2015-01-31": "112.32600", "2014-10-31": "126.59110", "2014-07-31": "126.70420", "2014-04-30": "73.27390", "2014-01-31": "62.08000", "2013-10-31": "102.82500", "2013-07-31": "126.54000", "2013-04-30": "64.07750", "2013-01-31": "59.85710", "2012-10-31": "89.31400", "2012-07-31": "97.64990", "2012-04-30": "69.29220", "2012-01-31": "59.47310", "2011-10-31": "91.08990", "2011-07-31": "95.75100", "2011-04-30": "67.35520", "2011-01-31": "51.09800", "2010-10-31": "74.09700", "2010-07-31": "81.87700", "2010-04-30": "54.23560", "2010-01-31": "48.70800", "2009-10-31": "75.31510", "2009-07-31": "88.00490", "2009-04-30": "46.77300", "2009-01-31": "42.20000", "2008-10-31": "63.67510", "2008-07-31": "66.31700", "2008-04-30": "41.74470", "2008-01-31": "39.49400", "2007-10-31": "63.70490", "2007-07-31": "66.88200", "2007-04-30": "46.41570", "2007-01-31": "36.30500", "2006-10-31": "44.99700", "2006-07-31": "45.56190", "2006-04-30": "35.94510", "2006-01-31": "27.65700", "2005-10-31": "51.73500", "2005-07-31": "50.89900", "2005-04-30": "29.29200", "2005-01-31": "26.76100"}, "EBIT": {"2020-10-31": "157.11820", "2020-07-31": "171.59510", "2020-04-30": "92.38920", "2020-01-31": "56.24810", "2019-10-31": "120.79390", "2019-07-31": "126.03660", "2019-04-30": "43.33830", "2019-01-31": "67.40490", "2018-10-31": "104.77880", "2018-07-31": "103.53560", "2018-04-30": "31.90380", "2018-01-31": "39.84110", "2017-10-31": "90.55100", "2017-07-31": "103.08110", "2017-04-30": "53.68210", "2017-01-31": "46.15600", "2016-10-31": "99.55410", "2016-07-31": "111.81190", "2016-04-30": "79.69100", "2016-01-31": "67.72190", "2015-10-31": "133.20500", "2015-07-31": "108.26100", "2015-04-30": "71.84380", "2015-01-31": "71.83300", "2014-10-31": "89.22610", "2014-07-31": "90.34720", "2014-04-30": "37.94100", "2014-01-31": "29.33200", "2013-10-31": "70.34000", "2013-07-31": "95.94600", "2013-04-30": "34.13180", "2013-01-31": "31.58510", "2012-10-31": "62.12500", "2012-07-31": "71.03890", "2012-04-30": "43.67910", "2012-01-31": "34.90310", "2011-10-31": "67.65390", "2011-07-31": "72.47100", "2011-04-30": "44.73350", "2011-01-31": "30.25600", "2010-10-31": "54.07300", "2010-07-31": "62.02200", "2010-04-30": "35.52560", "2010-01-31": "30.34900", "2009-10-31": "56.82410", "2009-07-31": "69.81590", "2009-04-30": "29.43200", "2009-01-31": "25.06100", "2008-10-31": "46.24810", "2008-07-31": "48.96500", "2008-04-30": "24.48170", "2008-01-31": "22.45200", "2007-10-31": "46.28890", "2007-07-31": "50.43900", "2007-04-30": "29.51090", "2007-01-31": "20.18100", "2006-10-31": "29.44900", "2006-07-31": "29.71290", "2006-04-30": "19.54620", "2006-01-31": "13.57100", "2005-10-31": "37.15800", "2005-07-31": "37.19200", "2005-04-30": "15.62100", "2005-01-31": "14.31300"}, "Basic Shares Outstanding": {"2020-10-31": "37.03090", "2020-07-31": "36.97140", "2020-04-30": "36.95600", "2020-01-31": "36.92100", "2019-10-31": "36.91690", "2019-07-31": "36.86410", "2019-04-30": "36.71000", "2019-01-31": "36.71740", "2018-10-31": "36.69850", "2018-07-31": "36.66900", "2018-04-30": "37.77800", "2018-01-31": "37.57950", "2017-10-31": "37.80470", "2017-07-31": "38.36000", "2017-04-30": "39.12470", "2017-01-31": "39.19470", "2016-10-31": "39.18980", "2016-07-31": "39.15650", "2016-04-30": "39.01630", "2016-01-31": "39.03400", "2015-10-31": "39.00250", "2015-07-31": "38.96480", "2015-04-30": "38.74300", "2015-01-31": "38.79500", "2014-10-31": "38.70660", "2014-07-31": "38.61630", "2014-04-30": "38.45770", "2014-01-31": "38.48300", "2013-10-31": "38.45520", "2013-07-31": "38.39310", "2013-04-30": "38.29710", "2013-01-31": "38.31710", "2012-10-31": "38.30480", "2012-07-31": "38.22500", "2012-04-30": "38.06800", "2012-01-31": "38.07200", "2011-10-31": "38.05600", "2011-07-31": "38.02400", "2011-04-30": "42.28500", "2011-01-31": "37.93800", "2010-10-31": "42.28400", "2010-07-31": "50.94700", "2010-04-30": "50.89900", "2010-01-31": "50.91400", "2009-10-31": "50.89900", "2009-07-31": "50.86400", "2009-04-30": "50.78700", "2009-01-31": "50.81000", "2008-10-31": "50.78460", "2008-07-31": "50.75400", "2008-04-30": "50.68100", "2008-01-31": "50.70000", "2007-10-31": "50.67200", "2007-07-31": "50.62900", "2007-04-30": "50.46800", "2007-01-31": "50.48700", "2006-10-31": "50.42900", "2006-07-31": "50.39300", "2006-04-30": "50.31000", "2006-01-31": "50.33900", "2005-10-31": "50.29900", "2005-07-31": "50.23800", "2005-04-30": "50.11500", "2005-01-31": "50.15200"}, "Shares Outstanding": {"2020-10-31": "37.27690", "2020-07-31": "37.24220", "2020-04-30": "37.18600", "2020-01-31": "37.14290", "2019-10-31": "37.13620", "2019-07-31": "37.08590", "2019-04-30": "36.97500", "2019-01-31": "37.01380", "2018-10-31": "37.01750", "2018-07-31": "36.98040", "2018-04-30": "38.13200", "2018-01-31": "37.95210", "2017-10-31": "38.18360", "2017-07-31": "38.84000", "2017-04-30": "39.57900", "2017-01-31": "39.65810", "2016-10-31": "39.66250", "2016-07-31": "39.63110", "2016-04-30": "39.42220", "2016-01-31": "39.43740", "2015-10-31": "39.42630", "2015-07-31": "39.38550", "2015-04-30": "39.10400", "2015-01-31": "39.11800", "2014-10-31": "39.05870", "2014-07-31": "39.00650", "2014-04-30": "38.86840", "2014-01-31": "38.92700", "2013-10-31": "38.88790", "2013-07-31": "38.82790", "2013-04-30": "38.62010", "2013-01-31": "38.62210", "2012-10-31": "38.65850", "2012-07-31": "38.57000", "2012-04-30": "38.39200", "2012-01-31": "38.45500", "2011-10-31": "38.39900", "2011-07-31": "38.33200", "2011-04-30": "42.56700", "2011-01-31": "38.24300", "2010-10-31": "42.57100", "2010-07-31": "51.22900", "2010-04-30": "51.05300", "2010-01-31": "51.09900", "2009-10-31": "51.05400", "2009-07-31": "50.99600", "2009-04-30": "50.91700", "2009-01-31": "50.95800", "2008-10-31": "50.96320", "2008-07-31": "50.86900", "2008-04-30": "50.85900", "2008-01-31": "50.92100", "2007-10-31": "50.89400", "2007-07-31": "50.84600", "2007-04-30": "50.66800", "2007-01-31": "50.72100", "2006-10-31": "50.68200", "2006-07-31": "50.66000", "2006-04-30": "50.61000", "2006-01-31": "50.54600", "2005-10-31": "50.49400", "2005-07-31": "50.41000", "2005-04-30": "50.28400", "2005-01-31": "50.35100"}, "Basic EPS": {"2020-10-31": "3.02000", "2020-07-31": "3.26000", "2020-04-30": "1.67000", "2020-01-31": "0.92000", "2019-10-31": "2.22000", "2019-07-31": "2.33000", "2019-04-30": "0.67000", "2019-01-31": "1.14000", "2018-10-31": "1.82000", "2018-07-31": "1.92000", "2018-04-30": "0.51000", "2018-01-31": "5.13000", "2017-10-31": "1.29000", "2017-07-31": "1.48000", "2017-04-30": "0.78000", "2017-01-31": "0.58000", "2016-10-31": "1.46000", "2016-07-31": "1.72000", "2016-04-30": "1.19000", "2016-01-31": "0.98000", "2015-10-31": "2.03000", "2015-07-31": "1.59000", "2015-04-30": "1.06000", "2015-01-31": "1.01000", "2014-10-31": "1.29000", "2014-07-31": "1.30000", "2014-04-30": "0.54000", "2014-01-31": "0.33000", "2013-10-31": "1.03000", "2013-07-31": "1.40000", "2013-04-30": "0.43000", "2013-01-31": "0.40000", "2012-10-31": "0.86000", "2012-07-31": "1.02000", "2012-04-30": "0.60000", "2012-01-31": "0.44000", "2011-10-31": "0.99000", "2011-07-31": "1.04000", "2011-04-30": "0.66000", "2011-01-31": "0.34000", "2010-10-31": "0.51000", "2010-07-31": "0.73000", "2010-04-30": "0.43000", "2010-01-31": "0.34000", "2009-10-31": "0.66000", "2009-07-31": "0.87000", "2009-04-30": "0.30000", "2009-01-31": "0.28000", "2008-10-31": "0.54000", "2008-07-31": "0.57000", "2008-04-30": "0.28000", "2008-01-31": "0.26000", "2007-10-31": "0.55000", "2007-07-31": "0.59000", "2007-04-30": "0.33000", "2007-01-31": "0.22000", "2006-10-31": "0.34000", "2006-07-31": "0.34000", "2006-04-30": "0.20000", "2006-01-31": "0.14000", "2005-10-31": "0.44000", "2005-07-31": "0.42000", "2005-04-30": "0.14000", "2005-01-31": "0.05000"}, "EPS - Earnings Per Share": {"2020-10-31": "3.00000", "2020-07-31": "3.24000", "2020-04-30": "1.67000", "2020-01-31": "0.91000", "2019-10-31": "2.21000", "2019-07-31": "2.31000", "2019-04-30": "0.68000", "2019-01-31": "1.13000", "2018-10-31": "1.80000", "2018-07-31": "1.90000", "2018-04-30": "0.52000", "2018-01-31": "5.08000", "2017-10-31": "1.28000", "2017-07-31": "1.46000", "2017-04-30": "0.76000", "2017-01-31": "0.58000", "2016-10-31": "1.44000", "2016-07-31": "1.70000", "2016-04-30": "1.19000", "2016-01-31": "0.97000", "2015-10-31": "2.00000", "2015-07-31": "1.57000", "2015-04-30": "1.05000", "2015-01-31": "1.01000", "2014-10-31": "1.28000", "2014-07-31": "1.28000", "2014-04-30": "0.53000", "2014-01-31": "0.33000", "2013-10-31": "1.01000", "2013-07-31": "1.39000", "2013-04-30": "0.43000", "2013-01-31": "0.40000", "2012-10-31": "0.85000", "2012-07-31": "1.01000", "2012-04-30": "0.60000", "2012-01-31": "0.43000", "2011-10-31": "0.98000", "2011-07-31": "1.03000", "2011-04-30": "0.64000", "2011-01-31": "0.34000", "2010-10-31": "0.51000", "2010-07-31": "0.73000", "2010-04-30": "0.42000", "2010-01-31": "0.34000", "2009-10-31": "0.66000", "2009-07-31": "0.87000", "2009-04-30": "0.29000", "2009-01-31": "0.28000", "2008-10-31": "0.54000", "2008-07-31": "0.57000", "2008-04-30": "0.28000", "2008-01-31": "0.26000", "2007-10-31": "0.54000", "2007-07-31": "0.59000", "2007-04-30": "0.33000", "2007-01-31": "0.22000", "2006-10-31": "0.34000", "2006-07-31": "0.33000", "2006-04-30": "0.20000", "2006-01-31": "0.14000", "2005-10-31": "0.44000", "2005-07-31": "0.41000", "2005-04-30": "0.14000", "2005-01-31": "0.05000"}}, "balance sheet": {"Cash On Hand": {"2020-04-30": "78.27500", "2019-04-30": "63.29600", "2018-04-30": "53.67900", "2017-04-30": "76.71700", "2016-04-30": "75.77500", "2015-04-30": "48.54100", "2014-04-30": "121.64100", "2013-04-30": "41.27100", "2012-04-30": "55.91900", "2011-04-30": "59.57200", "2010-04-30": "151.67600", "2009-04-30": "145.69500", "2008-04-30": "154.52300", "2007-04-30": "107.06700", "2006-04-30": "75.36900", "2005-04-30": "49.05100"}, "Receivables": {"2020-04-30": "63.16700", "2019-04-30": "66.75100", "2018-04-30": "95.72700", "2017-04-30": "63.14500", "2016-04-30": "42.11400", "2015-04-30": "41.83200", "2014-04-30": "38.31400", "2013-04-30": "30.72000", "2012-04-30": "38.12400", "2011-04-30": "63.53000", "2010-04-30": "22.91200", "2009-04-30": "19.21500", "2008-04-30": "24.41300", "2007-04-30": "16.16500", "2006-04-30": "14.07900", "2005-04-30": "13.40800"}, "Inventory": {"2020-04-30": "236.00700", "2019-04-30": "273.04000", "2018-04-30": "241.66800", "2017-04-30": "201.64400", "2016-04-30": "204.98800", "2015-04-30": "197.33100", "2014-04-30": "204.83300", "2013-04-30": "189.51400", "2012-04-30": "170.79400", "2011-04-30": "159.20000", "2010-04-30": "124.95100", "2009-04-30": "106.52800", "2008-04-30": "124.50300", "2007-04-30": "109.70200", "2006-04-30": "96.25500", "2005-04-30": "75.39200"}, "Pre-Paid Expenses": {"2020-04-30": "9.80100", "2019-04-30": "7.49300", "2018-04-30": "5.76600", "2017-04-30": "9.17900", "2016-04-30": "3.00800", "2015-04-30": "2.02500", "2014-04-30": "1.47800", "2013-04-30": "1.39600", "2012-04-30": "1.29800", "2011-04-30": "1.18000", "2010-04-30": "1.12900", "2009-04-30": "1.39400", "2008-04-30": "1.41900", "2007-04-30": "7.68500", "2006-04-30": "7.06300", "2005-04-30": "4.57900"}, "Other Current Assets": {"2020-04-30": "", "2019-04-30": "", "2018-04-30": "", "2017-04-30": "", "2016-04-30": "", "2015-04-30": "", "2014-04-30": "", "2013-04-30": "", "2012-04-30": "", "2011-04-30": "", "2010-04-30": "", "2009-04-30": "", "2008-04-30": "", "2007-04-30": "", "2006-04-30": "", "2005-04-30": ""}, "Total Current Assets": {"2020-04-30": "387.25000", "2019-04-30": "410.58000", "2018-04-30": "396.84000", "2017-04-30": "350.68500", "2016-04-30": "325.88500", "2015-04-30": "305.26000", "2014-04-30": "389.55800", "2013-04-30": "272.81700", "2012-04-30": "279.27800", "2011-04-30": "293.88700", "2010-04-30": "310.08500", "2009-04-30": "284.72700", "2008-04-30": "313.25600", "2007-04-30": "240.61900", "2006-04-30": "192.76600", "2005-04-30": "142.43000"}, "Property, Plant, And Equipment": {"2020-04-30": "3323.80100", "2019-04-30": "3122.41900", "2018-04-30": "2902.92000", "2017-04-30": "2513.15800", "2016-04-30": "2252.47500", "2015-04-30": "2019.36400", "2014-04-30": "1778.96500", "2013-04-30": "1581.92500", "2012-04-30": "1378.74900", "2011-04-30": "1217.30500", "2010-04-30": "1010.91100", "2009-04-30": "918.41000", "2008-04-30": "848.73800", "2007-04-30": "833.30800", "2006-04-30": "774.82500", "2005-04-30": "722.91200"}, "Long-Term Investments": {"2020-04-30": "", "2019-04-30": "", "2018-04-30": "", "2017-04-30": "", "2016-04-30": "", "2015-04-30": "", "2014-04-30": "", "2013-04-30": "", "2012-04-30": "", "2011-04-30": "", "2010-04-30": "", "2009-04-30": "", "2008-04-30": "", "2007-04-30": "", "2006-04-30": "", "2005-04-30": ""}, "Goodwill And Intangible Assets": {"2020-04-30": "161.07500", "2019-04-30": "157.22300", "2018-04-30": "140.25800", "2017-04-30": "132.80600", "2016-04-30": "128.56600", "2015-04-30": "127.04600", "2014-04-30": "120.40600", "2013-04-30": "114.79100", "2012-04-30": "104.38500", "2011-04-30": "88.04200", "2010-04-30": "57.54700", "2009-04-30": "50.97600", "2008-04-30": "48.30800", "2007-04-30": "46.58800", "2006-04-30": "14.41400", "2005-04-30": "4.18400"}, "Other Long-Term Assets": {"2020-04-30": "71.76600", "2019-04-30": "41.15400", "2018-04-30": "29.90900", "2017-04-30": "23.45300", "2016-04-30": "19.22200", "2015-04-30": "18.29500", "2014-04-30": "15.94700", "2013-04-30": "14.48500", "2012-04-30": "12.40300", "2011-04-30": "11.72100", "2010-04-30": "10.23200", "2009-04-30": "8.58200", "2008-04-30": "8.89800", "2007-04-30": "8.75600", "2006-04-30": "6.89400", "2005-04-30": "1.38300"}, "Total Long-Term Assets": {"2020-04-30": "3556.64200", "2019-04-30": "3320.79600", "2018-04-30": "3073.08700", "2017-04-30": "2669.41700", "2016-04-30": "2400.26300", "2015-04-30": "2164.70500", "2014-04-30": "1915.31800", "2013-04-30": "1711.20100", "2012-04-30": "1495.53700", "2011-04-30": "1317.06800", "2010-04-30": "1078.69000", "2009-04-30": "977.96800", "2008-04-30": "905.94400", "2007-04-30": "888.65200", "2006-04-30": "796.13300", "2005-04-30": "728.47900"}, "Total Assets": {"2020-04-30": "3943.89200", "2019-04-30": "3731.37600", "2018-04-30": "3469.92700", "2017-04-30": "3020.10200", "2016-04-30": "2726.14800", "2015-04-30": "2469.96500", "2014-04-30": "2304.87600", "2013-04-30": "1984.01800", "2012-04-30": "1774.81500", "2011-04-30": "1610.95500", "2010-04-30": "1388.77500", "2009-04-30": "1262.69500", "2008-04-30": "1219.20000", "2007-04-30": "1129.27100", "2006-04-30": "988.89900", "2005-04-30": "870.90900"}, "Total Current Liabilities": {"2020-04-30": "1063.42800", "2019-04-30": "590.93200", "2018-04-30": "507.85000", "2017-04-30": "427.37800", "2016-04-30": "387.57100", "2015-04-30": "364.88900", "2014-04-30": "390.88900", "2013-04-30": "397.74800", "2012-04-30": "306.64100", "2011-04-30": "294.50000", "2010-04-30": "240.88600", "2009-04-30": "221.24300", "2008-04-30": "259.09900", "2007-04-30": "234.26700", "2006-04-30": "245.05600", "2005-04-30": "170.12700"}, "Long Term Debt": {"2020-04-30": "714.50200", "2019-04-30": "1283.27500", "2018-04-30": "1291.72500", "2017-04-30": "907.35600", "2016-04-30": "822.86900", "2015-04-30": "838.24500", "2014-04-30": "853.64200", "2013-04-30": "653.08100", "2012-04-30": "667.93000", "2011-04-30": "678.68000", "2010-04-30": "154.75400", "2009-04-30": "167.88700", "2008-04-30": "181.44300", "2007-04-30": "199.50400", "2006-04-30": "106.51200", "2005-04-30": "123.06400"}, "Other Non-Current Liabilities": {"2020-04-30": "73.55500", "2019-04-30": "46.73100", "2018-04-30": "41.33700", "2017-04-30": "38.84000", "2016-04-30": "19.49800", "2015-04-30": "18.98400", "2014-04-30": "22.50000", "2013-04-30": "21.39900", "2012-04-30": "19.10000", "2011-04-30": "16.94300", "2010-04-30": "14.79900", "2009-04-30": "15.91400", "2008-04-30": "15.02600", "2007-04-30": "8.49600", "2006-04-30": "6.97600", "2005-04-30": ""}, "Total Long Term Liabilities": {"2020-04-30": "1237.25900", "2019-04-30": "1731.67500", "2018-04-30": "1690.93600", "2017-04-30": "1402.10400", "2016-04-30": "1255.11400", "2015-04-30": "1229.84700", "2014-04-30": "1210.72300", "2013-04-30": "983.97500", "2012-04-30": "962.13290", "2011-04-30": "912.55900", "2010-04-30": "323.57000", "2009-04-30": "320.42200", "2008-04-30": "312.62900", "2007-04-30": "322.74000", "2006-04-30": "220.65300", "2005-04-30": "231.64500"}, "Total Liabilities": {"2020-04-30": "2300.68700", "2019-04-30": "2322.60700", "2018-04-30": "2198.78600", "2017-04-30": "1829.48200", "2016-04-30": "1642.68500", "2015-04-30": "1594.73600", "2014-04-30": "1601.61200", "2013-04-30": "1381.72300", "2012-04-30": "1268.77400", "2011-04-30": "1207.05900", "2010-04-30": "564.45600", "2009-04-30": "541.66500", "2008-04-30": "571.72800", "2007-04-30": "557.00700", "2006-04-30": "465.70900", "2005-04-30": "401.77200"}, "Common Stock Net": {"2020-04-30": "33.28600", "2019-04-30": "15.60000", "2018-04-30": "0.00000", "2017-04-30": "40.07400", "2016-04-30": "72.86800", "2015-04-30": "56.27400", "2014-04-30": "33.87800", "2013-04-30": "23.11900", "2012-04-30": "12.19900", "2011-04-30": "3.99600", "2010-04-30": "64.43900", "2009-04-30": "60.80400", "2008-04-30": "57.69000", "2007-04-30": "53.54700", "2006-04-30": "49.16100", "2005-04-30": "46.51600"}, "Retained Earnings (Accumulated Deficit)": {"2020-04-30": "1609.91900", "2019-04-30": "1393.16900", "2018-04-30": "1271.14100", "2017-04-30": "1150.54600", "2016-04-30": "1010.59500", "2015-04-30": "818.95500", "2014-04-30": "669.38600", "2013-04-30": "579.17600", "2012-04-30": "493.84200", "2011-04-30": "399.90000", "2010-04-30": "759.88000", "2009-04-30": "660.22600", "2008-04-30": "589.78200", "2007-04-30": "518.71700", "2006-04-30": "474.02900", "2005-04-30": "422.62100"}, "Comprehensive Income": {"2020-04-30": "", "2019-04-30": "", "2018-04-30": "", "2017-04-30": "", "2016-04-30": "", "2015-04-30": "", "2014-04-30": "", "2013-04-30": "", "2012-04-30": "", "2011-04-30": "", "2010-04-30": "", "2009-04-30": "", "2008-04-30": "", "2007-04-30": "", "2006-04-30": "", "2005-04-30": ""}, "Other Share Holders Equity": {"2020-04-30": "", "2019-04-30": "", "2018-04-30": "", "2017-04-30": "", "2016-04-30": "", "2015-04-30": "", "2014-04-30": "", "2013-04-30": "", "2012-04-30": "", "2011-04-30": "", "2010-04-30": "", "2009-04-30": "", "2008-04-30": "", "2007-04-30": "", "2006-04-30": "", "2005-04-30": ""}, "Share Holder Equity": {"2020-04-30": "1643.20500", "2019-04-30": "1408.76900", "2018-04-30": "1271.14100", "2017-04-30": "1190.62000", "2016-04-30": "1083.46300", "2015-04-30": "875.22900", "2014-04-30": "703.26400", "2013-04-30": "602.29500", "2012-04-30": "506.04100", "2011-04-30": "403.89600", "2010-04-30": "824.31900", "2009-04-30": "721.03000", "2008-04-30": "647.47200", "2007-04-30": "572.26400", "2006-04-30": "523.19000", "2005-04-30": "469.13700"}, "Total Liabilities And Share Holders Equity": {"2020-04-30": "3943.89200", "2019-04-30": "3731.37600", "2018-04-30": "3469.92700", "2017-04-30": "3020.10200", "2016-04-30": "2726.14800", "2015-04-30": "2469.96500", "2014-04-30": "2304.87600", "2013-04-30": "1984.01800", "2012-04-30": "1774.81500", "2011-04-30": "1610.95500", "2010-04-30": "1388.77500", "2009-04-30": "1262.69500", "2008-04-30": "1219.20000", "2007-04-30": "1129.27100", "2006-04-30": "988.89900", "2005-04-30": "870.90900"}}, "balance sheet, quarterly": {"Cash On Hand": {"2020-10-31": "404.68500", "2020-07-31": "246.51600", "2020-04-30": "78.27500", "2020-01-31": "43.53900", "2019-10-31": "43.97600", "2019-07-31": "96.73300", "2019-04-30": "63.29600", "2019-01-31": "34.16900", "2018-10-31": "51.88700", "2018-07-31": "44.84200", "2018-04-30": "53.67900", "2018-01-31": "138.71100", "2017-10-31": "285.18500", "2017-07-31": "159.10100", "2017-04-30": "76.71700", "2017-01-31": "115.72100", "2016-10-31": "177.97300", "2016-07-31": "189.49000", "2016-04-30": "75.77500", "2016-01-31": "53.56300", "2015-10-31": "65.58000", "2015-07-31": "46.60500", "2015-04-30": "48.54100", "2015-01-31": "43.63700", "2014-10-31": "71.55000", "2014-07-31": "116.74700", "2014-04-30": "121.64100", "2014-01-31": "102.16000", "2013-10-31": "113.26800", "2013-07-31": "190.94700", "2013-04-30": "41.27100", "2013-01-31": "26.52100", "2012-10-31": "39.32700", "2012-07-31": "89.63600", "2012-04-30": "55.91900", "2012-01-31": "46.33800", "2011-10-31": "86.20000", "2011-07-31": "139.01700", "2011-04-30": "59.57200", "2011-01-31": "64.44600", "2010-10-31": "188.26700", "2010-07-31": "198.09900", "2010-04-30": "151.67600", "2010-01-31": "152.89100", "2009-10-31": "177.95100", "2009-07-31": "170.78000", "2009-04-30": "145.69500", "2009-01-31": "127.45900", "2008-10-31": "137.83500", "2008-07-31": "171.47000", "2008-04-30": "154.52300", "2008-01-31": "133.07600", "2007-10-31": "145.96900", "2007-07-31": "131.91300", "2007-04-30": "107.06700", "2007-01-31": "32.83500", "2006-10-31": "32.27900", "2006-07-31": "60.00300", "2006-04-30": "75.36900", "2006-01-31": "23.95100", "2005-10-31": "54.64300", "2005-07-31": "71.52000", "2005-04-30": "49.05100", "2005-01-31": "29.23500"}, "Receivables": {"2020-10-31": "56.10900", "2020-07-31": "55.64700", "2020-04-30": "63.16700", "2020-01-31": "68.47400", "2019-10-31": "66.11900", "2019-07-31": "54.61300", "2019-04-30": "66.75100", "2019-01-31": "56.45400", "2018-10-31": "63.72400", "2018-07-31": "88.89000", "2018-04-30": "95.72700", "2018-01-31": "74.74300", "2017-10-31": "42.59500", "2017-07-31": "45.97400", "2017-04-30": "63.14500", "2017-01-31": "45.56300", "2016-10-31": "34.99600", "2016-07-31": "34.53400", "2016-04-30": "42.11400", "2016-01-31": "38.94100", "2015-10-31": "31.92500", "2015-07-31": "33.65400", "2015-04-30": "41.83200", "2015-01-31": "23.84100", "2014-10-31": "31.03400", "2014-07-31": "30.33100", "2014-04-30": "38.31400", "2014-01-31": "38.47000", "2013-10-31": "25.55600", "2013-07-31": "25.91800", "2013-04-30": "30.72000", "2013-01-31": "36.35300", "2012-10-31": "29.57000", "2012-07-31": "21.25400", "2012-04-30": "38.12400", "2012-01-31": "37.27400", "2011-10-31": "19.75200", "2011-07-31": "22.33700", "2011-04-30": "63.53000", "2011-01-31": "52.70400", "2010-10-31": "25.75400", "2010-07-31": "13.03300", "2010-04-30": "22.91200", "2010-01-31": "22.89300", "2009-10-31": "18.02000", "2009-07-31": "9.73200", "2009-04-30": "19.21500", "2009-01-31": "15.49900", "2008-10-31": "20.66100", "2008-07-31": "20.93800", "2008-04-30": "24.41300", "2008-01-31": "19.07700", "2007-10-31": "13.88400", "2007-07-31": "15.28900", "2007-04-30": "16.16500", "2007-01-31": "17.14800", "2006-10-31": "12.70600", "2006-07-31": "10.04500", "2006-04-30": "14.07900", "2006-01-31": "16.24300", "2005-10-31": "8.89600", "2005-07-31": "8.24100", "2005-04-30": "13.40800", "2005-01-31": "18.97100"}, "Inventory": {"2020-10-31": "249.84200", "2020-07-31": "238.79500", "2020-04-30": "236.00700", "2020-01-31": "263.18500", "2019-10-31": "271.44300", "2019-07-31": "273.75500", "2019-04-30": "273.04000", "2019-01-31": "250.89700", "2018-10-31": "258.64400", "2018-07-31": "263.87900", "2018-04-30": "241.66800", "2018-01-31": "255.58400", "2017-10-31": "241.68100", "2017-07-31": "225.97300", "2017-04-30": "201.64400", "2017-01-31": "209.69200", "2016-10-31": "208.06400", "2016-07-31": "205.77300", "2016-04-30": "204.98800", "2016-01-31": "189.72200", "2015-10-31": "204.27700", "2015-07-31": "215.32900", "2015-04-30": "197.33100", "2015-01-31": "168.28000", "2014-10-31": "199.71000", "2014-07-31": "218.40300", "2014-04-30": "204.83300", "2014-01-31": "190.83900", "2013-10-31": "199.80200", "2013-07-31": "205.67400", "2013-04-30": "189.51400", "2013-01-31": "185.12600", "2012-10-31": "178.29800", "2012-07-31": "178.54600", "2012-04-30": "170.79400", "2012-01-31": "161.94200", "2011-10-31": "159.86800", "2011-07-31": "163.94200", "2011-04-30": "159.20000", "2011-01-31": "134.72100", "2010-10-31": "122.34800", "2010-07-31": "123.27400", "2010-04-30": "124.95100", "2010-01-31": "112.67200", "2009-10-31": "117.61800", "2009-07-31": "115.65900", "2009-04-30": "106.52800", "2009-01-31": "99.03000", "2008-10-31": "108.45300", "2008-07-31": "139.30600", "2008-04-30": "124.50300", "2008-01-31": "116.52500", "2007-10-31": "114.08600", "2007-07-31": "116.39700", "2007-04-30": "109.70200", "2007-01-31": "96.61700", "2006-10-31": "100.95000", "2006-07-31": "106.77900", "2006-04-30": "96.25500", "2006-01-31": "91.32100", "2005-10-31": "82.69600", "2005-07-31": "79.41900", "2005-04-30": "75.39200", "2005-01-31": "83.31100"}, "Pre-Paid Expenses": {"2020-10-31": "18.18200", "2020-07-31": "17.13300", "2020-04-30": "9.80100", "2020-01-31": "14.43000", "2019-10-31": "13.78300", "2019-07-31": "12.96900", "2019-04-30": "7.49300", "2019-01-31": "9.75200", "2018-10-31": "7.92300", "2018-07-31": "8.94000", "2018-04-30": "5.76600", "2018-01-31": "7.19700", "2017-10-31": "6.76700", "2017-07-31": "8.25100", "2017-04-30": "9.17900", "2017-01-31": "4.72600", "2016-10-31": "4.96000", "2016-07-31": "5.53200", "2016-04-30": "3.00800", "2016-01-31": "3.66900", "2015-10-31": "2.86300", "2015-07-31": "4.62300", "2015-04-30": "2.02500", "2015-01-31": "2.90600", "2014-10-31": "2.67400", "2014-07-31": "2.74800", "2014-04-30": "1.47800", "2014-01-31": "2.09200", "2013-10-31": "2.19500", "2013-07-31": "2.82900", "2013-04-30": "1.39600", "2013-01-31": "1.95300", "2012-10-31": "2.03200", "2012-07-31": "2.63700", "2012-04-30": "1.29800", "2012-01-31": "1.84600", "2011-10-31": "2.00700", "2011-07-31": "2.43900", "2011-04-30": "1.18000", "2011-01-31": "1.57800", "2010-10-31": "1.73900", "2010-07-31": "2.43300", "2010-04-30": "1.12900", "2010-01-31": "1.68600", "2009-10-31": "1.77500", "2009-07-31": "2.09400", "2009-04-30": "1.39400", "2009-01-31": "9.45100", "2008-10-31": "9.97000", "2008-07-31": "9.95500", "2008-04-30": "1.41900", "2008-01-31": "9.33500", "2007-10-31": "8.85900", "2007-07-31": "8.70900", "2007-04-30": "7.68500", "2007-01-31": "6.68700", "2006-10-31": "7.89800", "2006-07-31": "6.44800", "2006-04-30": "7.06300", "2006-01-31": "8.09000", "2005-10-31": "6.14400", "2005-07-31": "4.60600", "2005-04-30": "4.57900", "2005-01-31": "5.91700"}, "Other Current Assets": {"2020-10-31": "", "2020-07-31": "", "2020-04-30": "", "2020-01-31": "", "2019-10-31": "", "2019-07-31": "", "2019-04-30": "", "2019-01-31": "", "2018-10-31": "", "2018-07-31": "", "2018-04-30": "", "2018-01-31": "", "2017-10-31": "", "2017-07-31": "", "2017-04-30": "", "2017-01-31": "", "2016-10-31": "", "2016-07-31": "", "2016-04-30": "", "2016-01-31": "", "2015-10-31": "", "2015-07-31": "", "2015-04-30": "", "2015-01-31": "", "2014-10-31": "", "2014-07-31": "", "2014-04-30": "", "2014-01-31": "", "2013-10-31": "", "2013-07-31": "", "2013-04-30": "", "2013-01-31": "", "2012-10-31": "", "2012-07-31": "", "2012-04-30": "", "2012-01-31": "", "2011-10-31": "", "2011-07-31": "", "2011-04-30": "", "2011-01-31": "", "2010-10-31": "", "2010-07-31": "", "2010-04-30": "", "2010-01-31": "", "2009-10-31": "", "2009-07-31": "", "2009-04-30": "", "2009-01-31": "", "2008-10-31": "", "2008-07-31": "", "2008-04-30": "", "2008-01-31": "", "2007-10-31": "", "2007-07-31": "", "2007-04-30": "", "2007-01-31": "", "2006-10-31": "", "2006-07-31": "", "2006-04-30": "", "2006-01-31": "", "2005-10-31": "", "2005-07-31": "", "2005-04-30": "", "2005-01-31": ""}, "Total Current Assets": {"2020-10-31": "728.81800", "2020-07-31": "558.09100", "2020-04-30": "387.25000", "2020-01-31": "389.62800", "2019-10-31": "395.32100", "2019-07-31": "438.07000", "2019-04-30": "410.58000", "2019-01-31": "351.27200", "2018-10-31": "382.17800", "2018-07-31": "406.55100", "2018-04-30": "396.84000", "2018-01-31": "476.23500", "2017-10-31": "576.22800", "2017-07-31": "439.29900", "2017-04-30": "350.68500", "2017-01-31": "375.70200", "2016-10-31": "425.99300", "2016-07-31": "435.32900", "2016-04-30": "325.88500", "2016-01-31": "304.72600", "2015-10-31": "322.34900", "2015-07-31": "316.44300", "2015-04-30": "305.26000", "2015-01-31": "256.38600", "2014-10-31": "324.26400", "2014-07-31": "389.42100", "2014-04-30": "389.55800", "2014-01-31": "345.65700", "2013-10-31": "352.71200", "2013-07-31": "437.63700", "2013-04-30": "272.81700", "2013-01-31": "260.55600", "2012-10-31": "259.83100", "2012-07-31": "306.00700", "2012-04-30": "279.27800", "2012-01-31": "259.71500", "2011-10-31": "279.22000", "2011-07-31": "338.93000", "2011-04-30": "293.88700", "2011-01-31": "264.51100", "2010-10-31": "349.08500", "2010-07-31": "347.03600", "2010-04-30": "310.08500", "2010-01-31": "298.79500", "2009-10-31": "323.89000", "2009-07-31": "306.77200", "2009-04-30": "284.72700", "2009-01-31": "251.43900", "2008-10-31": "276.91900", "2008-07-31": "341.66900", "2008-04-30": "313.25600", "2008-01-31": "278.01300", "2007-10-31": "282.79800", "2007-07-31": "272.30800", "2007-04-30": "240.61900", "2007-01-31": "153.28700", "2006-10-31": "153.83300", "2006-07-31": "183.27500", "2006-04-30": "192.76600", "2006-01-31": "139.60500", "2005-10-31": "152.37900", "2005-07-31": "163.78600", "2005-04-30": "142.43000", "2005-01-31": "137.43400"}, "Property, Plant, And Equipment": {"2020-10-31": "3361.57700", "2020-07-31": "3308.95000", "2020-04-30": "3323.80100", "2020-01-31": "3303.94300", "2019-10-31": "3246.88400", "2019-07-31": "3198.30700", "2019-04-30": "3122.41900", "2019-01-31": "3040.86000", "2018-10-31": "2983.04300", "2018-07-31": "2944.56400", "2018-04-30": "2902.92000", "2018-01-31": "2804.64400", "2017-10-31": "2682.16900", "2017-07-31": "2561.74400", "2017-04-30": "2513.15800", "2017-01-31": "2450.35800", "2016-10-31": "2377.05100", "2016-07-31": "2302.57700", "2016-04-30": "2252.47500", "2016-01-31": "2219.55200", "2015-10-31": "2162.86900", "2015-07-31": "2092.29700", "2015-04-30": "2019.36400", "2015-01-31": "1986.94500", "2014-10-31": "1933.76600", "2014-07-31": "1852.80700", "2014-04-30": "1778.96500", "2014-01-31": "1745.01100", "2013-10-31": "1698.69800", "2013-07-31": "1625.21000", "2013-04-30": "1581.92500", "2013-01-31": "1545.31200", "2012-10-31": "1483.65900", "2012-07-31": "1421.92800", "2012-04-30": "1378.74900", "2012-01-31": "1347.53600", "2011-10-31": "1302.98300", "2011-07-31": "1254.10300", "2011-04-30": "1217.30500", "2011-01-31": "1171.58600", "2010-10-31": "1075.36400", "2010-07-31": "1030.51700", "2010-04-30": "1010.91100", "2010-01-31": "987.57800", "2009-10-31": "957.43000", "2009-07-31": "931.67700", "2009-04-30": "918.41000", "2009-01-31": "898.97900", "2008-10-31": "878.08200", "2008-07-31": "856.74800", "2008-04-30": "848.73800", "2008-01-31": "847.36900", "2007-10-31": "844.64400", "2007-07-31": "838.60200", "2007-04-30": "833.30800", "2007-01-31": "836.13400", "2006-10-31": "833.05300", "2006-07-31": "781.95000", "2006-04-30": "774.82500", "2006-01-31": "777.65900", "2005-10-31": "748.11000", "2005-07-31": "733.90200", "2005-04-30": "722.91200", "2005-01-31": "712.24800"}, "Long-Term Investments": {"2020-10-31": "", "2020-07-31": "", "2020-04-30": "", "2020-01-31": "", "2019-10-31": "", "2019-07-31": "", "2019-04-30": "", "2019-01-31": "", "2018-10-31": "", "2018-07-31": "", "2018-04-30": "", "2018-01-31": "", "2017-10-31": "", "2017-07-31": "", "2017-04-30": "", "2017-01-31": "", "2016-10-31": "", "2016-07-31": "", "2016-04-30": "", "2016-01-31": "", "2015-10-31": "", "2015-07-31": "", "2015-04-30": "", "2015-01-31": "", "2014-10-31": "", "2014-07-31": "", "2014-04-30": "", "2014-01-31": "", "2013-10-31": "", "2013-07-31": "", "2013-04-30": "", "2013-01-31": "", "2012-10-31": "", "2012-07-31": "", "2012-04-30": "", "2012-01-31": "", "2011-10-31": "", "2011-07-31": "", "2011-04-30": "", "2011-01-31": "", "2010-10-31": "", "2010-07-31": "", "2010-04-30": "", "2010-01-31": "", "2009-10-31": "", "2009-07-31": "", "2009-04-30": "", "2009-01-31": "", "2008-10-31": "", "2008-07-31": "", "2008-04-30": "", "2008-01-31": "", "2007-10-31": "", "2007-07-31": "", "2007-04-30": "", "2007-01-31": "", "2006-10-31": "", "2006-07-31": "", "2006-04-30": "", "2006-01-31": "", "2005-10-31": "", "2005-07-31": "", "2005-04-30": "", "2005-01-31": ""}, "Goodwill And Intangible Assets": {"2020-10-31": "161.07500", "2020-07-31": "161.07500", "2020-04-30": "161.07500", "2020-01-31": "157.64800", "2019-10-31": "157.64800", "2019-07-31": "157.22300", "2019-04-30": "157.22300", "2019-01-31": "144.94800", "2018-10-31": "140.62300", "2018-07-31": "140.62300", "2018-04-30": "140.25800", "2018-01-31": "137.75900", "2017-10-31": "137.31900", "2017-07-31": "132.80600", "2017-04-30": "132.80600", "2017-01-31": "130.08100", "2016-10-31": "129.59100", "2016-07-31": "128.79100", "2016-04-30": "128.56600", "2016-01-31": "127.98100", "2015-10-31": "127.04600", "2015-07-31": "127.04600", "2015-04-30": "127.04600", "2015-01-31": "127.04600", "2014-10-31": "127.03100", "2014-07-31": "126.93100", "2014-04-30": "120.40600", "2014-01-31": "120.08100", "2013-10-31": "119.75600", "2013-07-31": "114.79100", "2013-04-30": "114.79100", "2013-01-31": "114.66100", "2012-10-31": "104.68600", "2012-07-31": "104.38500", "2012-04-30": "104.38500", "2012-01-31": "104.38600", "2011-10-31": "104.38600", "2011-07-31": "104.20600", "2011-04-30": "88.04200", "2011-01-31": "86.42200", "2010-10-31": "68.26000", "2010-07-31": "57.62700", "2010-04-30": "57.54700", "2010-01-31": "55.92200", "2009-10-31": "51.57600", "2009-07-31": "50.97600", "2009-04-30": "50.97600", "2009-01-31": "50.95600", "2008-10-31": "50.40800", "2008-07-31": "49.20800", "2008-04-30": "48.30800", "2008-01-31": "47.23300", "2007-10-31": "47.23300", "2007-07-31": "46.75800", "2007-04-30": "46.58800", "2007-01-31": "45.53800", "2006-10-31": "43.39400", "2006-07-31": "14.41400", "2006-04-30": "14.41400", "2006-01-31": "", "2005-10-31": "", "2005-07-31": "", "2005-04-30": "4.18400", "2005-01-31": ""}, "Other Long-Term Assets": {"2020-10-31": "72.19800", "2020-07-31": "70.87700", "2020-04-30": "71.76600", "2020-01-31": "70.81500", "2019-10-31": "66.01600", "2019-07-31": "43.14600", "2019-04-30": "41.15400", "2019-01-31": "46.51900", "2018-10-31": "39.81300", "2018-07-31": "32.76900", "2018-04-30": "29.90900", "2018-01-31": "34.54300", "2017-10-31": "24.46600", "2017-07-31": "23.63200", "2017-04-30": "23.45300", "2017-01-31": "20.23800", "2016-10-31": "19.61600", "2016-07-31": "19.38200", "2016-04-30": "19.22200", "2016-01-31": "18.29000", "2015-10-31": "18.54900", "2015-07-31": "18.58800", "2015-04-30": "18.29500", "2015-01-31": "17.16300", "2014-10-31": "16.84700", "2014-07-31": "16.39500", "2014-04-30": "15.94700", "2014-01-31": "15.45300", "2013-10-31": "15.16900", "2013-07-31": "14.79600", "2013-04-30": "14.48500", "2013-01-31": "13.93100", "2012-10-31": "13.38500", "2012-07-31": "13.11400", "2012-04-30": "12.40300", "2012-01-31": "11.98500", "2011-10-31": "11.80100", "2011-07-31": "11.81700", "2011-04-30": "11.72100", "2011-01-31": "11.73600", "2010-10-31": "10.79400", "2010-07-31": "11.27100", "2010-04-30": "10.23200", "2010-01-31": "9.54500", "2009-10-31": "9.45200", "2009-07-31": "9.19400", "2009-04-30": "8.58200", "2009-01-31": "8.64200", "2008-10-31": "8.73800", "2008-07-31": "9.31700", "2008-04-30": "8.89800", "2008-01-31": "8.60800", "2007-10-31": "9.10900", "2007-07-31": "8.60000", "2007-04-30": "8.75600", "2007-01-31": "8.51500", "2006-10-31": "8.31500", "2006-07-31": "8.15700", "2006-04-30": "6.89400", "2006-01-31": "16.12700", "2005-10-31": "7.25600", "2005-07-31": "6.79900", "2005-04-30": "1.38300", "2005-01-31": "1.68300"}, "Total Long-Term Assets": {"2020-10-31": "3594.85000", "2020-07-31": "3540.90200", "2020-04-30": "3556.64200", "2020-01-31": "3532.40600", "2019-10-31": "3470.54800", "2019-07-31": "3398.67600", "2019-04-30": "3320.79600", "2019-01-31": "3232.32700", "2018-10-31": "3163.47900", "2018-07-31": "3117.95600", "2018-04-30": "3073.08700", "2018-01-31": "2976.94600", "2017-10-31": "2843.95400", "2017-07-31": "2718.18200", "2017-04-30": "2669.41700", "2017-01-31": "2600.67700", "2016-10-31": "2526.25800", "2016-07-31": "2450.75000", "2016-04-30": "2400.26300", "2016-01-31": "2365.82300", "2015-10-31": "2308.46400", "2015-07-31": "2237.93100", "2015-04-30": "2164.70500", "2015-01-31": "2131.15400", "2014-10-31": "2077.64400", "2014-07-31": "1996.13300", "2014-04-30": "1915.31800", "2014-01-31": "1880.54500", "2013-10-31": "1833.62300", "2013-07-31": "1754.79700", "2013-04-30": "1711.20100", "2013-01-31": "1673.90400", "2012-10-31": "1601.73000", "2012-07-31": "1539.42700", "2012-04-30": "1495.53700", "2012-01-31": "1463.90700", "2011-10-31": "1419.17000", "2011-07-31": "1370.12600", "2011-04-30": "1317.06800", "2011-01-31": "1269.74400", "2010-10-31": "1154.41800", "2010-07-31": "1099.41500", "2010-04-30": "1078.69000", "2010-01-31": "1053.04500", "2009-10-31": "1018.45800", "2009-07-31": "991.84700", "2009-04-30": "977.96800", "2009-01-31": "958.57700", "2008-10-31": "937.22800", "2008-07-31": "915.27300", "2008-04-30": "905.94400", "2008-01-31": "903.21000", "2007-10-31": "900.98600", "2007-07-31": "893.96000", "2007-04-30": "888.65200", "2007-01-31": "890.18700", "2006-10-31": "884.76200", "2006-07-31": "804.52100", "2006-04-30": "796.13300", "2006-01-31": "793.78600", "2005-10-31": "755.36600", "2005-07-31": "740.70100", "2005-04-30": "728.47900", "2005-01-31": "713.93100"}, "Total Assets": {"2020-10-31": "4323.66800", "2020-07-31": "4098.99300", "2020-04-30": "3943.89200", "2020-01-31": "3922.03400", "2019-10-31": "3865.86900", "2019-07-31": "3836.74600", "2019-04-30": "3731.37600", "2019-01-31": "3583.59900", "2018-10-31": "3545.65700", "2018-07-31": "3524.50700", "2018-04-30": "3469.92700", "2018-01-31": "3453.18100", "2017-10-31": "3420.18200", "2017-07-31": "3157.48100", "2017-04-30": "3020.10200", "2017-01-31": "2976.37900", "2016-10-31": "2952.25100", "2016-07-31": "2886.07900", "2016-04-30": "2726.14800", "2016-01-31": "2670.54900", "2015-10-31": "2630.81300", "2015-07-31": "2554.37400", "2015-04-30": "2469.96500", "2015-01-31": "2387.54000", "2014-10-31": "2401.90800", "2014-07-31": "2385.55400", "2014-04-30": "2304.87600", "2014-01-31": "2226.20200", "2013-10-31": "2186.33500", "2013-07-31": "2192.43400", "2013-04-30": "1984.01800", "2013-01-31": "1934.46000", "2012-10-31": "1861.56100", "2012-07-31": "1845.43400", "2012-04-30": "1774.81500", "2012-01-31": "1723.62200", "2011-10-31": "1698.39000", "2011-07-31": "1709.05600", "2011-04-30": "1610.95500", "2011-01-31": "1534.25500", "2010-10-31": "1503.50300", "2010-07-31": "1446.45100", "2010-04-30": "1388.77500", "2010-01-31": "1351.84000", "2009-10-31": "1342.34800", "2009-07-31": "1298.61900", "2009-04-30": "1262.69500", "2009-01-31": "1210.01600", "2008-10-31": "1214.14700", "2008-07-31": "1256.94200", "2008-04-30": "1219.20000", "2008-01-31": "1181.22300", "2007-10-31": "1183.78400", "2007-07-31": "1166.26800", "2007-04-30": "1129.27100", "2007-01-31": "1043.47400", "2006-10-31": "1038.59500", "2006-07-31": "987.79600", "2006-04-30": "988.89900", "2006-01-31": "933.39100", "2005-10-31": "907.74500", "2005-07-31": "904.48700", "2005-04-30": "870.90900", "2005-01-31": "851.36500"}, "Total Current Liabilities": {"2020-10-31": "562.00900", "2020-07-31": "533.91600", "2020-04-30": "1063.42800", "2020-01-31": "1104.82200", "2019-10-31": "1084.06100", "2019-07-31": "575.02800", "2019-04-30": "590.93200", "2019-01-31": "463.70100", "2018-10-31": "470.97600", "2018-07-31": "525.51300", "2018-04-30": "507.85000", "2018-01-31": "461.21900", "2017-10-31": "467.62900", "2017-07-31": "441.86300", "2017-04-30": "427.37800", "2017-01-31": "386.75600", "2016-10-31": "387.01500", "2016-07-31": "420.11200", "2016-04-30": "387.57100", "2016-01-31": "359.75200", "2015-10-31": "399.37600", "2015-07-31": "388.90100", "2015-04-30": "364.88900", "2015-01-31": "324.94500", "2014-10-31": "400.17200", "2014-07-31": "423.66100", "2014-04-30": "390.88900", "2014-01-31": "319.55700", "2013-10-31": "343.00100", "2013-07-31": "396.81500", "2013-04-30": "397.74800", "2013-01-31": "366.15700", "2012-10-31": "314.72900", "2012-07-31": "332.02700", "2012-04-30": "306.64100", "2012-01-31": "281.50300", "2011-10-31": "288.78900", "2011-07-31": "344.46400", "2011-04-30": "294.50000", "2011-01-31": "257.56400", "2010-10-31": "259.98700", "2010-07-31": "308.76100", "2010-04-30": "240.88600", "2010-01-31": "222.31800", "2009-10-31": "228.80600", "2009-07-31": "224.22800", "2009-04-30": "221.24300", "2009-01-31": "192.34800", "2008-10-31": "210.38800", "2008-07-31": "279.02300", "2008-04-30": "259.09900", "2008-01-31": "229.01000", "2007-10-31": "245.53800", "2007-07-31": "252.85400", "2007-04-30": "234.26700", "2007-01-31": "206.71600", "2006-10-31": "215.25900", "2006-07-31": "239.58100", "2006-04-30": "245.05600", "2006-01-31": "200.63500", "2005-10-31": "179.36100", "2005-07-31": "197.44800", "2005-04-30": "170.12700", "2005-01-31": "150.25600"}, "Long Term Debt": {"2020-10-31": "1361.92500", "2020-07-31": "1281.74100", "2020-04-30": "714.50200", "2020-01-31": "715.12100", "2019-10-31": "715.06000", "2019-07-31": "1303.42900", "2019-04-30": "1283.27500", "2019-01-31": "1288.95200", "2018-10-31": "1283.99200", "2018-07-31": "1291.63800", "2018-04-30": "1291.72500", "2018-01-31": "1299.31100", "2017-10-31": "1299.62600", "2017-07-31": "1057.23800", "2017-04-30": "907.35600", "2017-01-31": "914.95500", "2016-10-31": "915.05100", "2016-07-31": "872.42700", "2016-04-30": "822.86900", "2016-01-31": "830.46600", "2015-10-31": "830.55300", "2015-07-31": "838.15300", "2015-04-30": "838.24500", "2015-01-31": "845.84600", "2014-10-31": "845.94600", "2014-07-31": "853.54500", "2014-04-30": "853.64200", "2014-01-31": "853.73900", "2013-10-31": "803.82000", "2013-07-31": "803.97100", "2013-04-30": "653.08100", "2013-01-31": "660.77900", "2012-10-31": "660.05500", "2012-07-31": "667.74500", "2012-04-30": "667.93000", "2012-01-31": "673.11300", "2011-10-31": "673.46600", "2011-07-31": "678.65300", "2011-04-30": "678.68000", "2011-01-31": "678.86400", "2010-10-31": "679.15900", "2010-07-31": "109.85300", "2010-04-30": "154.75400", "2010-01-31": "156.07700", "2009-10-31": "157.85800", "2009-07-31": "156.24800", "2009-04-30": "167.88700", "2009-01-31": "169.10100", "2008-10-31": "169.28800", "2008-07-31": "169.62900", "2008-04-30": "181.44300", "2008-01-31": "186.70300", "2007-10-31": "187.07100", "2007-07-31": "187.44000", "2007-04-30": "199.50400", "2007-01-31": "155.00700", "2006-10-31": "152.80700", "2006-07-31": "94.61700", "2006-04-30": "106.51200", "2006-01-31": "110.72000", "2005-10-31": "110.92300", "2005-07-31": "111.17600", "2005-04-30": "123.06400", "2005-01-31": "127.25300"}, "Other Non-Current Liabilities": {"2020-10-31": "74.31300", "2020-07-31": "72.30100", "2020-04-30": "73.55500", "2020-01-31": "72.36700", "2019-10-31": "71.78200", "2019-07-31": "50.20800", "2019-04-30": "46.73100", "2019-01-31": "45.13100", "2018-10-31": "43.36100", "2018-07-31": "42.90600", "2018-04-30": "41.33700", "2018-01-31": "21.78800", "2017-10-31": "20.82600", "2017-07-31": "20.22100", "2017-04-30": "38.84000", "2017-01-31": "21.22500", "2016-10-31": "20.66900", "2016-07-31": "19.85100", "2016-04-30": "19.49800", "2016-01-31": "20.27500", "2015-10-31": "19.88200", "2015-07-31": "19.53200", "2015-04-30": "18.98400", "2015-01-31": "20.40900", "2014-10-31": "20.01700", "2014-07-31": "19.29100", "2014-04-30": "22.50000", "2014-01-31": "24.79500", "2013-10-31": "24.22400", "2013-07-31": "22.99200", "2013-04-30": "21.39900", "2013-01-31": "21.74900", "2012-10-31": "21.12800", "2012-07-31": "20.18700", "2012-04-30": "19.10000", "2012-01-31": "19.52000", "2011-10-31": "19.15600", "2011-07-31": "18.93800", "2011-04-30": "16.94300", "2011-01-31": "16.50800", "2010-10-31": "15.88700", "2010-07-31": "15.46700", "2010-04-30": "14.79900", "2010-01-31": "15.74100", "2009-10-31": "15.15100", "2009-07-31": "14.64900", "2009-04-30": "15.91400", "2009-01-31": "16.55300", "2008-10-31": "16.22200", "2008-07-31": "15.73000", "2008-04-30": "15.02600", "2008-01-31": "14.47500", "2007-10-31": "13.60000", "2007-07-31": "13.37600", "2007-04-30": "8.49600", "2007-01-31": "8.50200", "2006-10-31": "8.47900", "2006-07-31": "8.17200", "2006-04-30": "6.97600", "2006-01-31": "", "2005-10-31": "", "2005-07-31": "", "2005-04-30": "", "2005-01-31": ""}, "Total Long Term Liabilities": {"2020-10-31": "1901.80800", "2020-07-31": "1813.83900", "2020-04-30": "1237.25900", "2020-01-31": "1228.62200", "2019-10-31": "1219.96000", "2019-07-31": "1772.50400", "2019-04-30": "1731.67500", "2019-01-31": "1729.03000", "2018-10-31": "1717.60200", "2018-07-31": "1700.29500", "2018-04-30": "1690.93600", "2018-01-31": "1662.15900", "2017-10-31": "1798.22100", "2017-07-31": "1549.10600", "2017-04-30": "1402.10400", "2017-01-31": "1374.11700", "2016-10-31": "1365.82300", "2016-07-31": "1316.92400", "2016-04-30": "1255.11400", "2016-01-31": "1267.66700", "2015-10-31": "1222.02900", "2015-07-31": "1229.57200", "2015-04-30": "1229.84700", "2015-01-31": "1223.48600", "2014-10-31": "1201.63400", "2014-07-31": "1209.73300", "2014-04-30": "1210.72300", "2014-01-31": "1204.89200", "2013-10-31": "1151.18600", "2013-07-31": "1142.14500", "2013-04-30": "983.97500", "2013-01-31": "984.81700", "2012-10-31": "974.31900", "2012-07-31": "968.66200", "2012-04-30": "962.13290", "2012-01-31": "956.48100", "2011-10-31": "936.54300", "2011-07-31": "924.95000", "2011-04-30": "912.55900", "2011-01-31": "891.52200", "2010-10-31": "866.79500", "2010-07-31": "279.23000", "2010-04-30": "323.57000", "2010-01-31": "323.55200", "2009-10-31": "320.97000", "2009-07-31": "312.38600", "2009-04-30": "320.42200", "2009-01-31": "308.92700", "2008-10-31": "305.73400", "2008-07-31": "304.58200", "2008-04-30": "312.62900", "2008-01-31": "316.80200", "2007-10-31": "313.60400", "2007-07-31": "314.03900", "2007-04-30": "322.74000", "2007-01-31": "272.93500", "2006-10-31": "269.31200", "2006-07-31": "209.54400", "2006-04-30": "220.65300", "2006-01-31": "217.89400", "2005-10-31": "219.09200", "2005-07-31": "218.34700", "2005-04-30": "231.64500", "2005-01-31": "237.53300"}, "Total Liabilities": {"2020-10-31": "2463.81700", "2020-07-31": "2347.75500", "2020-04-30": "2300.68700", "2020-01-31": "2333.44400", "2019-10-31": "2304.02100", "2019-07-31": "2347.53200", "2019-04-30": "2322.60700", "2019-01-31": "2192.73100", "2018-10-31": "2188.57800", "2018-07-31": "2225.80800", "2018-04-30": "2198.78600", "2018-01-31": "2123.37800", "2017-10-31": "2265.85000", "2017-07-31": "1990.96900", "2017-04-30": "1829.48200", "2017-01-31": "1760.87300", "2016-10-31": "1752.83800", "2016-07-31": "1737.03600", "2016-04-30": "1642.68500", "2016-01-31": "1627.41900", "2015-10-31": "1621.40500", "2015-07-31": "1618.47300", "2015-04-30": "1594.73600", "2015-01-31": "1548.43100", "2014-10-31": "1601.80600", "2014-07-31": "1633.39400", "2014-04-30": "1601.61200", "2014-01-31": "1524.44900", "2013-10-31": "1494.18700", "2013-07-31": "1538.96000", "2013-04-30": "1381.72300", "2013-01-31": "1350.97400", "2012-10-31": "1289.04800", "2012-07-31": "1300.68900", "2012-04-30": "1268.77400", "2012-01-31": "1237.98400", "2011-10-31": "1225.33200", "2011-07-31": "1269.41400", "2011-04-30": "1207.05900", "2011-01-31": "1149.08600", "2010-10-31": "1126.78200", "2010-07-31": "587.99100", "2010-04-30": "564.45600", "2010-01-31": "545.87000", "2009-10-31": "549.77600", "2009-07-31": "536.61400", "2009-04-30": "541.66500", "2009-01-31": "501.27500", "2008-10-31": "516.12200", "2008-07-31": "583.60500", "2008-04-30": "571.72800", "2008-01-31": "545.81200", "2007-10-31": "559.14200", "2007-07-31": "566.89300", "2007-04-30": "557.00700", "2007-01-31": "479.65100", "2006-10-31": "484.57100", "2006-07-31": "449.12500", "2006-04-30": "465.70900", "2006-01-31": "418.52900", "2005-10-31": "398.45300", "2005-07-31": "415.79500", "2005-04-30": "401.77200", "2005-01-31": "387.78900"}, "Common Stock Net": {"2020-10-31": "41.11400", "2020-07-31": "32.60100", "2020-04-30": "33.28600", "2020-01-31": "28.98500", "2019-10-31": "24.42800", "2019-07-31": "22.00200", "2019-04-30": "15.60000", "2019-01-31": "12.27900", "2018-10-31": "9.70200", "2018-07-31": "7.32200", "2018-04-30": "", "2018-01-31": "2.28600", "2017-10-31": "0.00000", "2017-07-31": "0.00000", "2017-04-30": "40.07400", "2017-01-31": "85.71400", "2016-10-31": "83.05000", "2016-07-31": "80.45300", "2016-04-30": "72.86800", "2016-01-31": "70.98800", "2015-10-31": "66.77300", "2015-07-31": "63.71800", "2015-04-30": "56.27400", "2015-01-31": "53.72000", "2014-10-31": "46.26300", "2014-07-31": "40.40200", "2014-04-30": "33.87800", "2014-01-31": "31.64700", "2013-10-31": "29.78200", "2013-07-31": "25.50200", "2013-04-30": "23.11900", "2013-01-31": "21.25400", "2012-10-31": "19.41900", "2012-07-31": "18.19200", "2012-04-30": "12.19900", "2012-01-31": "9.14400", "2011-10-31": "7.55000", "2011-07-31": "6.05700", "2011-04-30": "3.99600", "2011-01-31": "2.91300", "2010-10-31": "2.21600", "2010-07-31": "66.39100", "2010-04-30": "64.43900", "2010-01-31": "63.69700", "2009-10-31": "63.21300", "2009-07-31": "61.91100", "2009-04-30": "60.80400", "2009-01-31": "60.25600", "2008-10-31": "59.74900", "2008-07-31": "58.57800", "2008-04-30": "57.69000", "2008-01-31": "56.73700", "2007-10-31": "55.70600", "2007-07-31": "54.82100", "2007-04-30": "53.54700", "2007-01-31": "52.04700", "2006-10-31": "50.96600", "2006-07-31": "50.26100", "2006-04-30": "49.16100", "2006-01-31": "48.99700", "2005-10-31": "48.11300", "2005-07-31": "47.44200", "2005-04-30": "46.51600", "2005-01-31": "46.29100"}, "Retained Earnings (Accumulated Deficit)": {"2020-10-31": "1818.73700", "2020-07-31": "1718.63700", "2020-04-30": "1609.91900", "2020-01-31": "1559.60500", "2019-10-31": "1537.42000", "2019-07-31": "1467.21200", "2019-04-30": "1393.16900", "2019-01-31": "1378.58900", "2018-10-31": "1347.37700", "2018-07-31": "1291.37700", "2018-04-30": "1271.14100", "2018-01-31": "1327.51700", "2017-10-31": "1154.33200", "2017-07-31": "1166.51200", "2017-04-30": "1150.54600", "2017-01-31": "1129.79200", "2016-10-31": "1116.36300", "2016-07-31": "1068.59000", "2016-04-30": "1010.59500", "2016-01-31": "972.14200", "2015-10-31": "942.63500", "2015-07-31": "872.18300", "2015-04-30": "818.95500", "2015-01-31": "785.38900", "2014-10-31": "753.83900", "2014-07-31": "711.75800", "2014-04-30": "669.38600", "2014-01-31": "670.10600", "2013-10-31": "662.36600", "2013-07-31": "627.97200", "2013-04-30": "579.17600", "2013-01-31": "562.23200", "2012-10-31": "553.09400", "2012-07-31": "526.55300", "2012-04-30": "493.84200", "2012-01-31": "476.49400", "2011-10-31": "465.50800", "2011-07-31": "433.58500", "2011-04-30": "399.90000", "2011-01-31": "382.25600", "2010-10-31": "374.50500", "2010-07-31": "792.06900", "2010-04-30": "759.88000", "2010-01-31": "742.27300", "2009-10-31": "729.35900", "2009-07-31": "700.09400", "2009-04-30": "660.22600", "2009-01-31": "648.48500", "2008-10-31": "638.27600", "2008-07-31": "614.75900", "2008-04-30": "589.78200", "2008-01-31": "578.67400", "2007-10-31": "568.93600", "2007-07-31": "544.55400", "2007-04-30": "518.71700", "2007-01-31": "511.77600", "2006-10-31": "503.05800", "2006-07-31": "488.41000", "2006-04-30": "474.02900", "2006-01-31": "465.86500", "2005-10-31": "461.17900", "2005-07-31": "441.25000", "2005-04-30": "422.62100", "2005-01-31": "417.28500"}, "Comprehensive Income": {"2020-10-31": "", "2020-07-31": "", "2020-04-30": "", "2020-01-31": "", "2019-10-31": "", "2019-07-31": "", "2019-04-30": "", "2019-01-31": "", "2018-10-31": "", "2018-07-31": "", "2018-04-30": "", "2018-01-31": "", "2017-10-31": "", "2017-07-31": "", "2017-04-30": "", "2017-01-31": "", "2016-10-31": "", "2016-07-31": "", "2016-04-30": "", "2016-01-31": "", "2015-10-31": "", "2015-07-31": "", "2015-04-30": "", "2015-01-31": "", "2014-10-31": "", "2014-07-31": "", "2014-04-30": "", "2014-01-31": "", "2013-10-31": "", "2013-07-31": "", "2013-04-30": "", "2013-01-31": "", "2012-10-31": "", "2012-07-31": "", "2012-04-30": "", "2012-01-31": "", "2011-10-31": "", "2011-07-31": "", "2011-04-30": "", "2011-01-31": "", "2010-10-31": "", "2010-07-31": "", "2010-04-30": "", "2010-01-31": "", "2009-10-31": "", "2009-07-31": "", "2009-04-30": "", "2009-01-31": "", "2008-10-31": "", "2008-07-31": "", "2008-04-30": "", "2008-01-31": "", "2007-10-31": "", "2007-07-31": "", "2007-04-30": "", "2007-01-31": "", "2006-10-31": "", "2006-07-31": "", "2006-04-30": "", "2006-01-31": "", "2005-10-31": "", "2005-07-31": "", "2005-04-30": "", "2005-01-31": ""}, "Other Share Holders Equity": {"2020-10-31": "", "2020-07-31": "", "2020-04-30": "", "2020-01-31": "", "2019-10-31": "", "2019-07-31": "", "2019-04-30": "", "2019-01-31": "", "2018-10-31": "", "2018-07-31": "", "2018-04-30": "", "2018-01-31": "", "2017-10-31": "", "2017-07-31": "", "2017-04-30": "", "2017-01-31": "", "2016-10-31": "", "2016-07-31": "", "2016-04-30": "", "2016-01-31": "", "2015-10-31": "", "2015-07-31": "", "2015-04-30": "", "2015-01-31": "", "2014-10-31": "", "2014-07-31": "", "2014-04-30": "", "2014-01-31": "", "2013-10-31": "", "2013-07-31": "", "2013-04-30": "", "2013-01-31": "", "2012-10-31": "", "2012-07-31": "", "2012-04-30": "", "2012-01-31": "", "2011-10-31": "", "2011-07-31": "", "2011-04-30": "", "2011-01-31": "", "2010-10-31": "", "2010-07-31": "", "2010-04-30": "", "2010-01-31": "", "2009-10-31": "", "2009-07-31": "", "2009-04-30": "", "2009-01-31": "", "2008-10-31": "", "2008-07-31": "", "2008-04-30": "", "2008-01-31": "", "2007-10-31": "", "2007-07-31": "", "2007-04-30": "", "2007-01-31": "", "2006-10-31": "", "2006-07-31": "", "2006-04-30": "", "2006-01-31": "", "2005-10-31": "", "2005-07-31": "", "2005-04-30": "", "2005-01-31": ""}, "Share Holder Equity": {"2020-10-31": "1859.85100", "2020-07-31": "1751.23800", "2020-04-30": "1643.20500", "2020-01-31": "1588.59000", "2019-10-31": "1561.84800", "2019-07-31": "1489.21400", "2019-04-30": "1408.76900", "2019-01-31": "1390.86800", "2018-10-31": "1357.07900", "2018-07-31": "1298.69900", "2018-04-30": "1271.14100", "2018-01-31": "1329.80300", "2017-10-31": "1154.33200", "2017-07-31": "1166.51200", "2017-04-30": "1190.62000", "2017-01-31": "1215.50600", "2016-10-31": "1199.41300", "2016-07-31": "1149.04300", "2016-04-30": "1083.46300", "2016-01-31": "1043.13000", "2015-10-31": "1009.40800", "2015-07-31": "935.90100", "2015-04-30": "875.22900", "2015-01-31": "839.10900", "2014-10-31": "800.10200", "2014-07-31": "752.16000", "2014-04-30": "703.26400", "2014-01-31": "701.75300", "2013-10-31": "692.14800", "2013-07-31": "653.47400", "2013-04-30": "602.29500", "2013-01-31": "583.48600", "2012-10-31": "572.51300", "2012-07-31": "544.74500", "2012-04-30": "506.04100", "2012-01-31": "485.63800", "2011-10-31": "473.05800", "2011-07-31": "439.64200", "2011-04-30": "403.89600", "2011-01-31": "385.16900", "2010-10-31": "376.72100", "2010-07-31": "858.46000", "2010-04-30": "824.31900", "2010-01-31": "805.97000", "2009-10-31": "792.57200", "2009-07-31": "762.00500", "2009-04-30": "721.03000", "2009-01-31": "708.74100", "2008-10-31": "698.02500", "2008-07-31": "673.33700", "2008-04-30": "647.47200", "2008-01-31": "635.41100", "2007-10-31": "624.64200", "2007-07-31": "599.37500", "2007-04-30": "572.26400", "2007-01-31": "563.82300", "2006-10-31": "554.02400", "2006-07-31": "538.67100", "2006-04-30": "523.19000", "2006-01-31": "514.86200", "2005-10-31": "509.29200", "2005-07-31": "488.69200", "2005-04-30": "469.13700", "2005-01-31": "463.57600"}, "Total Liabilities And Share Holders Equity": {"2020-10-31": "4323.66800", "2020-07-31": "4098.99300", "2020-04-30": "3943.89200", "2020-01-31": "3922.03400", "2019-10-31": "3865.86900", "2019-07-31": "3836.74600", "2019-04-30": "3731.37600", "2019-01-31": "3583.59900", "2018-10-31": "3545.65700", "2018-07-31": "3524.50700", "2018-04-30": "3469.92700", "2018-01-31": "3453.18100", "2017-10-31": "3420.18200", "2017-07-31": "3157.48100", "2017-04-30": "3020.10200", "2017-01-31": "2976.37900", "2016-10-31": "2952.25100", "2016-07-31": "2886.07900", "2016-04-30": "2726.14800", "2016-01-31": "2670.54900", "2015-10-31": "2630.81300", "2015-07-31": "2554.37400", "2015-04-30": "2469.96500", "2015-01-31": "2387.54000", "2014-10-31": "2401.90800", "2014-07-31": "2385.55400", "2014-04-30": "2304.87600", "2014-01-31": "2226.20200", "2013-10-31": "2186.33500", "2013-07-31": "2192.43400", "2013-04-30": "1984.01800", "2013-01-31": "1934.46000", "2012-10-31": "1861.56100", "2012-07-31": "1845.43400", "2012-04-30": "1774.81500", "2012-01-31": "1723.62200", "2011-10-31": "1698.39000", "2011-07-31": "1709.05600", "2011-04-30": "1610.95500", "2011-01-31": "1534.25500", "2010-10-31": "1503.50300", "2010-07-31": "1446.45100", "2010-04-30": "1388.77500", "2010-01-31": "1351.84000", "2009-10-31": "1342.34800", "2009-07-31": "1298.61900", "2009-04-30": "1262.69500", "2009-01-31": "1210.01600", "2008-10-31": "1214.14700", "2008-07-31": "1256.94200", "2008-04-30": "1219.20000", "2008-01-31": "1181.22300", "2007-10-31": "1183.78400", "2007-07-31": "1166.26800", "2007-04-30": "1129.27100", "2007-01-31": "1043.47400", "2006-10-31": "1038.59500", "2006-07-31": "987.79600", "2006-04-30": "988.89900", "2006-01-31": "933.39100", "2005-10-31": "907.74500", "2005-07-31": "904.48700", "2005-04-30": "870.90900", "2005-01-31": "851.36500"}}, "cash flow statement": {"Net Income/Loss": {"2020-04-30": "263.84600", "2019-04-30": "203.88600", "2018-04-30": "317.90300", "2017-04-30": "177.48500", "2016-04-30": "225.98200", "2015-04-30": "180.62800", "2014-04-30": "126.82000", "2013-04-30": "103.81400", "2012-04-30": "116.79100", "2011-04-30": "94.62300", "2010-04-30": "116.96200", "2009-04-30": "85.69000", "2008-04-30": "84.89100", "2007-04-30": "61.89100", "2006-04-30": "63.21800", "2005-04-30": "42.45900"}, "Total Depreciation And Amortization - Cash Flow": {"2020-04-30": "251.17400", "2019-04-30": "244.38700", "2018-04-30": "220.97000", "2017-04-30": "197.62900", "2016-04-30": "170.93700", "2015-04-30": "156.11100", "2014-04-30": "131.16000", "2013-04-30": "112.01800", "2012-04-30": "96.89900", "2011-04-30": "83.34300", "2010-04-30": "73.74900", "2009-04-30": "69.25900", "2008-04-30": "68.16400", "2007-04-30": "64.42600", "2006-04-30": "58.76900", "2005-04-30": "51.68500"}, "Other Non-Cash Items": {"2020-04-30": "71.43400", "2019-04-30": "63.13100", "2018-04-30": "-77.09700", "2017-04-30": "58.18500", "2016-04-30": "63.74200", "2015-04-30": "54.38800", "2014-04-30": "23.74400", "2013-04-30": "38.95700", "2012-04-30": "58.64700", "2011-04-30": "73.54900", "2010-04-30": "20.29300", "2009-04-30": "20.88700", "2008-04-30": "3.96700", "2007-04-30": "3.88100", "2006-04-30": "-1.43600", "2005-04-30": "5.92100"}, "Total Non-Cash Items": {"2020-04-30": "322.60800", "2019-04-30": "307.51800", "2018-04-30": "143.87300", "2017-04-30": "255.81400", "2016-04-30": "234.67900", "2015-04-30": "210.49900", "2014-04-30": "154.90400", "2013-04-30": "150.97500", "2012-04-30": "155.54600", "2011-04-30": "156.89200", "2010-04-30": "94.04200", "2009-04-30": "90.14600", "2008-04-30": "72.13100", "2007-04-30": "68.30700", "2006-04-30": "57.33300", "2005-04-30": "57.60600"}, "Change In Accounts Receivable": {"2020-04-30": "-10.64400", "2019-04-30": "7.18900", "2018-04-30": "-1.80100", "2017-04-30": "-15.54300", "2016-04-30": "-5.09200", "2015-04-30": "3.23200", "2014-04-30": "-4.94100", "2013-04-30": "0.80000", "2012-04-30": "-1.54600", "2011-04-30": "-8.04300", "2010-04-30": "-1.22300", "2009-04-30": "5.77400", "2008-04-30": "-3.23000", "2007-04-30": "-2.40000", "2006-04-30": "-2.84100", "2005-04-30": "-2.05400"}, "Change In Inventories": {"2020-04-30": "37.71300", "2019-04-30": "-29.64800", "2018-04-30": "-38.40600", "2017-04-30": "4.40000", "2016-04-30": "-7.39000", "2015-04-30": "10.36500", "2014-04-30": "-13.69600", "2013-04-30": "-16.22200", "2012-04-30": "-8.64700", "2011-04-30": "-26.52700", "2010-04-30": "-15.88600", "2009-04-30": "18.79400", "2008-04-30": "-14.40500", "2007-04-30": "-10.43700", "2006-04-30": "-20.86300", "2005-04-30": "2.50300"}, "Change In Accounts Payable": {"2020-04-30": "-140.15100", "2019-04-30": "12.45100", "2018-04-30": "14.75100", "2017-04-30": "40.33200", "2016-04-30": "3.01100", "2015-04-30": "-33.29000", "2014-04-30": "17.89400", "2013-04-30": "21.74800", "2012-04-30": "-4.51000", "2011-04-30": "70.34100", "2010-04-30": "29.89800", "2009-04-30": "-47.90700", "2008-04-30": "28.96800", "2007-04-30": "-11.74600", "2006-04-30": "45.48100", "2005-04-30": "17.25200"}, "Change In Assets/Liabilities": {"2020-04-30": "-11.24100", "2019-04-30": "-24.25400", "2018-04-30": "-2.43700", "2017-04-30": "-11.76900", "2016-04-30": "-0.85100", "2015-04-30": "-0.78300", "2014-04-30": "-0.19800", "2013-04-30": "-0.53900", "2012-04-30": "0.33800", "2011-04-30": "-0.09300", "2010-04-30": "0.49100", "2009-04-30": "1.19100", "2008-04-30": "-1.05100", "2007-04-30": "1.91100", "2006-04-30": "-2.65100", "2005-04-30": "-1.69400"}, "Total Change In Assets/Liabilities": {"2020-04-30": "-82.14000", "2019-04-30": "19.21000", "2018-04-30": "-41.97900", "2017-04-30": "25.97400", "2016-04-30": "11.72500", "2015-04-30": "-42.48200", "2014-04-30": "32.43600", "2013-04-30": "31.53900", "2012-04-30": "22.54200", "2011-04-30": "9.92800", "2010-04-30": "3.06400", "2009-04-30": "-5.21200", "2008-04-30": "20.40000", "2007-04-30": "-16.75800", "2006-04-30": "27.25800", "2005-04-30": "29.49800"}, "Cash Flow From Operating Activities": {"2020-04-30": "504.31400", "2019-04-30": "530.61400", "2018-04-30": "419.79700", "2017-04-30": "459.27300", "2016-04-30": "472.38600", "2015-04-30": "348.64500", "2014-04-30": "314.16000", "2013-04-30": "286.32800", "2012-04-30": "294.87900", "2011-04-30": "261.44300", "2010-04-30": "214.06800", "2009-04-30": "170.62400", "2008-04-30": "177.42200", "2007-04-30": "113.44000", "2006-04-30": "147.80900", "2005-04-30": "129.56300"}, "Net Change In Property, Plant, And Equipment": {"2020-04-30": "-433.93600", "2019-04-30": "-389.63000", "2018-04-30": "-572.17500", "2017-04-30": "-429.25200", "2016-04-30": "-387.70500", "2015-04-30": "-357.98600", "2014-04-30": "-305.30500", "2013-04-30": "-301.75700", "2012-04-30": "-238.67800", "2011-04-30": "-211.94600", "2010-04-30": "-127.46400", "2009-04-30": "-133.15100", "2008-04-30": "-79.27500", "2007-04-30": "-87.96500", "2006-04-30": "-95.99800", "2005-04-30": "-92.99500"}, "Net Change In Intangible Assets": {"2020-04-30": "", "2019-04-30": "", "2018-04-30": "", "2017-04-30": "", "2016-04-30": "", "2015-04-30": "", "2014-04-30": "", "2013-04-30": "", "2012-04-30": "", "2011-04-30": "", "2010-04-30": "", "2009-04-30": "", "2008-04-30": "", "2007-04-30": "", "2006-04-30": "", "2005-04-30": ""}, "Net Acquisitions/Divestitures": {"2020-04-30": "-32.70600", "2019-04-30": "-68.20000", "2018-04-30": "-37.16000", "2017-04-30": "-25.47300", "2016-04-30": "-7.26300", "2015-04-30": "-41.15700", "2014-04-30": "-31.58400", "2013-04-30": "-29.52700", "2012-04-30": "-39.44400", "2011-04-30": "-113.56700", "2010-04-30": "-45.68800", "2009-04-30": "-11.81300", "2008-04-30": "-8.85800", "2007-04-30": "-66.72900", "2006-04-30": "-4.53600", "2005-04-30": ""}, "Net Change In Short-term Investments": {"2020-04-30": "", "2019-04-30": "", "2018-04-30": "", "2017-04-30": "", "2016-04-30": "", "2015-04-30": "", "2014-04-30": "", "2013-04-30": "", "2012-04-30": "", "2011-04-30": "", "2010-04-30": "", "2009-04-30": "", "2008-04-30": "", "2007-04-30": "", "2006-04-30": "", "2005-04-30": ""}, "Net Change In Long-Term Investments": {"2020-04-30": "", "2019-04-30": "", "2018-04-30": "", "2017-04-30": "", "2016-04-30": "", "2015-04-30": "", "2014-04-30": "", "2013-04-30": "", "2012-04-30": "", "2011-04-30": "", "2010-04-30": "", "2009-04-30": "", "2008-04-30": "", "2007-04-30": "", "2006-04-30": "", "2005-04-30": ""}, "Net Change In Investments - Total": {"2020-04-30": "", "2019-04-30": "", "2018-04-30": "", "2017-04-30": "", "2016-04-30": "", "2015-04-30": "", "2014-04-30": "", "2013-04-30": "", "2012-04-30": "", "2011-04-30": "", "2010-04-30": "", "2009-04-30": "", "2008-04-30": "", "2007-04-30": "", "2006-04-30": "", "2005-04-30": ""}, "Investing Activities - Other": {"2020-04-30": "", "2019-04-30": "", "2018-04-30": "", "2017-04-30": "", "2016-04-30": "", "2015-04-30": "", "2014-04-30": "", "2013-04-30": "", "2012-04-30": "", "2011-04-30": "", "2010-04-30": "", "2009-04-30": "", "2008-04-30": "", "2007-04-30": "", "2006-04-30": "", "2005-04-30": ""}, "Cash Flow From Investing Activities": {"2020-04-30": "-466.64200", "2019-04-30": "-457.83000", "2018-04-30": "-609.33500", "2017-04-30": "-454.72500", "2016-04-30": "-394.96800", "2015-04-30": "-399.14300", "2014-04-30": "-336.88900", "2013-04-30": "-331.28400", "2012-04-30": "-278.12200", "2011-04-30": "-325.51300", "2010-04-30": "-173.15200", "2009-04-30": "-144.96400", "2008-04-30": "-88.13300", "2007-04-30": "-154.69400", "2006-04-30": "-100.53400", "2005-04-30": "-92.99500"}, "Net Long-Term Debt": {"2020-04-30": "-17.47600", "2019-04-30": "-16.00000", "2018-04-30": "384.31200", "2017-04-30": "84.60100", "2016-04-30": "-15.39900", "2015-04-30": "-0.55300", "2014-04-30": "184.13500", "2013-04-30": "-10.75700", "2012-04-30": "-1.37200", "2011-04-30": "499.82800", "2010-04-30": "-19.23100", "2009-04-30": "-21.10000", "2008-04-30": "-31.36400", "2007-04-30": "77.18600", "2006-04-30": "-20.01800", "2005-04-30": "-28.99900"}, "Net Current Debt": {"2020-04-30": "45.00000", "2019-04-30": "35.40000", "2018-04-30": "38.70000", "2017-04-30": "0.90000", "2016-04-30": "", "2015-04-30": "", "2014-04-30": "-59.10000", "2013-04-30": "59.10000", "2012-04-30": "-0.60000", "2011-04-30": "0.60000", "2010-04-30": "", "2009-04-30": "", "2008-04-30": "", "2007-04-30": "", "2006-04-30": "", "2005-04-30": ""}, "Debt Issuance/Retirement Net - Total": {"2020-04-30": "27.52400", "2019-04-30": "19.40000", "2018-04-30": "423.01200", "2017-04-30": "85.50100", "2016-04-30": "-15.39900", "2015-04-30": "-0.55300", "2014-04-30": "125.03500", "2013-04-30": "48.34300", "2012-04-30": "-1.97200", "2011-04-30": "500.42800", "2010-04-30": "-19.23100", "2009-04-30": "-21.10000", "2008-04-30": "-31.36400", "2007-04-30": "77.18600", "2006-04-30": "-20.01800", "2005-04-30": "-28.99900"}, "Net Common Equity Issued/Repurchased": {"2020-04-30": "2.95800", "2019-04-30": "-35.18900", "2018-04-30": "-213.30600", "2017-04-30": "-45.53600", "2016-04-30": "3.71700", "2015-04-30": "11.46500", "2014-04-30": "3.36800", "2013-04-30": "4.72100", "2012-04-30": "3.24900", "2011-04-30": "-497.29300", "2010-04-30": "1.23900", "2009-04-30": "1.34600", "2008-04-30": "2.10400", "2007-04-30": "2.94100", "2006-04-30": "2.13900", "2005-04-30": "1.89300"}, "Net Total Equity Issued/Repurchased": {"2020-04-30": "2.95800", "2019-04-30": "-35.18900", "2018-04-30": "-213.30600", "2017-04-30": "-45.53600", "2016-04-30": "3.71700", "2015-04-30": "11.46500", "2014-04-30": "3.36800", "2013-04-30": "4.72100", "2012-04-30": "3.24900", "2011-04-30": "-497.29300", "2010-04-30": "1.23900", "2009-04-30": "1.34600", "2008-04-30": "2.10400", "2007-04-30": "2.94100", "2006-04-30": "2.13900", "2005-04-30": "1.89300"}, "Total Common And Preferred Stock Dividends Paid": {"2020-04-30": "-45.95100", "2019-04-30": "-41.43000", "2018-04-30": "-38.78000", "2017-04-30": "-36.75800", "2016-04-30": "-33.52700", "2015-04-30": "-30.17500", "2014-04-30": "-27.09500", "2013-04-30": "-24.68500", "2012-04-30": "-22.84900", "2011-04-30": "-20.46700", "2010-04-30": "-17.30800", "2009-04-30": "-15.24600", "2008-04-30": "-13.18000", "2007-04-30": "-10.09800", "2006-04-30": "-9.06000", "2005-04-30": "-9.77100"}, "Financial Activities - Other": {"2020-04-30": "-7.22400", "2019-04-30": "-5.94800", "2018-04-30": "-4.42600", "2017-04-30": "-6.81300", "2016-04-30": "-4.97500", "2015-04-30": "-3.33900", "2014-04-30": "1.79100", "2013-04-30": "1.92900", "2012-04-30": "1.16200", "2011-04-30": "-10.70200", "2010-04-30": "0.36500", "2009-04-30": "0.51200", "2008-04-30": "0.60700", "2007-04-30": "0.91900", "2006-04-30": "", "2005-04-30": ""}, "Cash Flow From Financial Activities": {"2020-04-30": "-22.69300", "2019-04-30": "-63.16700", "2018-04-30": "166.50000", "2017-04-30": "-3.60600", "2016-04-30": "-50.18400", "2015-04-30": "-22.60200", "2014-04-30": "103.09900", "2013-04-30": "30.30800", "2012-04-30": "-20.41000", "2011-04-30": "-28.03400", "2010-04-30": "-34.93500", "2009-04-30": "-34.48800", "2008-04-30": "-41.83300", "2007-04-30": "70.94800", "2006-04-30": "-26.93900", "2005-04-30": "-36.87700"}, "Net Cash Flow": {"2020-04-30": "14.97900", "2019-04-30": "9.61700", "2018-04-30": "-23.03800", "2017-04-30": "0.94200", "2016-04-30": "27.23400", "2015-04-30": "-73.10000", "2014-04-30": "80.37000", "2013-04-30": "-14.64800", "2012-04-30": "-3.65300", "2011-04-30": "-92.10400", "2010-04-30": "5.98100", "2009-04-30": "-8.82800", "2008-04-30": "47.45600", "2007-04-30": "31.69800", "2006-04-30": "26.31800", "2005-04-30": "3.16400"}, "Stock-Based Compensation": {"2020-04-30": "18.12900", "2019-04-30": "16.41000", "2018-04-30": "18.80000", "2017-04-30": "10.69700", "2016-04-30": "7.41300", "2015-04-30": "7.30700", "2014-04-30": "5.60000", "2013-04-30": "4.27000", "2012-04-30": "3.79200", "2011-04-30": "2.06600", "2010-04-30": "2.03100", "2009-04-30": "1.25600", "2008-04-30": "1.43200", "2007-04-30": "0.52600", "2006-04-30": "", "2005-04-30": ""}, "Common Stock Dividends Paid": {"2020-04-30": "-45.95100", "2019-04-30": "-41.43000", "2018-04-30": "-38.78000", "2017-04-30": "-36.75800", "2016-04-30": "-33.52700", "2015-04-30": "-30.17500", "2014-04-30": "-27.09500", "2013-04-30": "-24.68500", "2012-04-30": "-22.84900", "2011-04-30": "-20.46700", "2010-04-30": "-17.30800", "2009-04-30": "-15.24600", "2008-04-30": "-13.18000", "2007-04-30": "-10.09800", "2006-04-30": "-9.06000", "2005-04-30": "-9.77100"}}, "cash flow statement, quarterly": {"Net Income/Loss": {"2020-10-31": 111.983, "2020-07-31": "120.59200", "2020-04-30": 62.091, "2020-01-31": 33.959, "2019-10-31": 81.981, "2019-07-31": "85.81500", "2019-04-30": 25.212, "2019-01-31": 41.835, "2018-10-31": 66.615, "2018-07-31": "70.22400", "2018-04-30": 19.262, "2018-01-31": 192.965, "2017-10-31": 48.918, "2017-07-31": "56.75800", "2017-04-30": 30.078, "2017-01-31": 22.835, "2016-10-31": 57.18, "2016-07-31": "67.39200", "2016-04-30": 47.044, "2016-01-31": 38.099, "2015-10-31": 79.033, "2015-07-31": "61.80600", "2015-04-30": 41.343, "2015-01-31": 39.319, "2014-10-31": 49.869, "2014-07-31": "50.09700", "2014-04-30": 20.942, "2014-01-31": 12.653, "2013-10-31": 39.43, "2013-07-31": "53.79500", "2013-04-30": 16.461, "2013-01-31": 15.463, "2012-10-31": 32.859, "2012-07-31": "39.03100", "2012-04-30": 23.069, "2012-01-31": 16.699, "2011-10-31": 37.632, "2011-07-31": "39.39100", "2011-04-30": 22.77, "2011-01-31": 12.875, "2010-10-31": 21.692, "2010-07-31": "37.28600", "2010-04-30": 21.935, "2010-01-31": 17.242, "2009-10-31": 33.592, "2009-07-31": "44.19300", "2009-04-30": 15.555, "2009-01-31": 14.021, "2008-10-31": 27.329, "2008-07-31": "28.78500", "2008-04-30": 14.406, "2008-01-31": 12.842, "2007-10-31": 27.692, "2007-07-31": "29.95100", "2007-04-30": 16.377, "2007-01-31": 11.264, "2006-10-31": 17.161, "2006-07-31": "17.08900", "2006-04-30": 11.176, "2006-01-31": 7.557, "2005-10-31": 22.395, "2005-07-31": "22.09000", "2005-04-30": 7.529, "2005-01-31": 34.93}, "Total Depreciation And Amortization - Cash Flow": {"2020-10-31": 64.294, "2020-07-31": "65.82000", "2020-04-30": 65.193, "2020-01-31": 63.285, "2019-10-31": 62.888, "2019-07-31": "59.80800", "2019-04-30": 62.867, "2019-01-31": 61.324, "2018-10-31": 61.356, "2018-07-31": "58.84000", "2018-04-30": 57.402, "2018-01-31": 57.042, "2017-10-31": 54.157, "2017-07-31": "52.36900", "2017-04-30": 51.947, "2017-01-31": 51.152, "2016-10-31": 48.675, "2016-07-31": "45.85500", "2016-04-30": 45.599, "2016-01-31": 43.922, "2015-10-31": 41.907, "2015-07-31": "39.50900", "2015-04-30": 41.896, "2015-01-31": 40.493, "2014-10-31": 37.365, "2014-07-31": "36.35700", "2014-04-30": 35.333, "2014-01-31": 32.748, "2013-10-31": 32.485, "2013-07-31": "30.59400", "2013-04-30": 29.946, "2013-01-31": 28.272, "2012-10-31": 27.189, "2012-07-31": "26.61100", "2012-04-30": 25.613, "2012-01-31": 24.57, "2011-10-31": 23.436, "2011-07-31": "23.28000", "2011-04-30": 22.622, "2011-01-31": 20.842, "2010-10-31": 20.024, "2010-07-31": "19.85500", "2010-04-30": 18.71, "2010-01-31": 18.359, "2009-10-31": 18.491, "2009-07-31": "18.18900", "2009-04-30": 17.341, "2009-01-31": 17.139, "2008-10-31": 17.427, "2008-07-31": "17.35200", "2008-04-30": 17.263, "2008-01-31": 17.042, "2007-10-31": 17.416, "2007-07-31": "16.44300", "2007-04-30": 16.905, "2007-01-31": 16.124, "2006-10-31": 15.548, "2006-07-31": "15.84900", "2006-04-30": 16.399, "2006-01-31": 14.086, "2005-10-31": 14.577, "2005-07-31": "13.70700", "2005-04-30": 13.671, "2005-01-31": 38.014}, "Other Non-Cash Items": {"2020-10-31": 15.13, "2020-07-31": "17.12800", "2020-04-30": 15.471, "2020-01-31": 13.301, "2019-10-31": 17.541, "2019-07-31": "25.12100", "2019-04-30": 11.936, "2019-01-31": 6.528, "2018-10-31": 24.845, "2018-07-31": "19.82200", "2018-04-30": 20.067, "2018-01-31": -133.498, "2017-10-31": 10.823, "2017-07-31": "25.51100", "2017-04-30": 22.619, "2017-01-31": 10.485, "2016-10-31": 11.072, "2016-07-31": "14.00900", "2016-04-30": 16.084, "2016-01-31": 47.667, "2015-10-31": 1.27, "2015-07-31": "-1.27900", "2015-04-30": 22.895, "2015-01-31": 25.389, "2014-10-31": 0.772, "2014-07-31": "5.33200", "2014-04-30": 8.36, "2014-01-31": 3.753, "2013-10-31": 8.283, "2013-07-31": "3.34800", "2013-04-30": 4.104, "2013-01-31": 10.694, "2012-10-31": 18.283, "2012-07-31": "5.87600", "2012-04-30": 10.456, "2012-01-31": 20.074, "2011-10-31": 17.888, "2011-07-31": "10.22900", "2011-04-30": 21.528, "2011-01-31": 24.342, "2010-10-31": 27.967, "2010-07-31": "-0.28800", "2010-04-30": 1.068, "2010-01-31": 3.734, "2009-10-31": 7.413, "2009-07-31": "8.07800", "2009-04-30": 8.076, "2009-01-31": 4.788, "2008-10-31": 1.06, "2008-07-31": "6.96300", "2008-04-30": 0.631, "2008-01-31": 4.163, "2007-10-31": -0.319, "2007-07-31": "-0.50800", "2007-04-30": 0.137, "2007-01-31": 2.156, "2006-10-31": 1.742, "2006-07-31": "-0.15400", "2006-04-30": 0.329, "2006-01-31": -1.204, "2005-10-31": 0.776, "2005-07-31": "-1.33700", "2005-04-30": -8.54, "2005-01-31": 14.461}, "Total Non-Cash Items": {"2020-10-31": 79.424, "2020-07-31": "82.94800", "2020-04-30": 80.664, "2020-01-31": 76.586, "2019-10-31": 80.429, "2019-07-31": "84.92900", "2019-04-30": 74.803, "2019-01-31": 67.852, "2018-10-31": 86.201, "2018-07-31": "78.66200", "2018-04-30": 77.469, "2018-01-31": -76.456, "2017-10-31": 64.98, "2017-07-31": "77.88000", "2017-04-30": 74.566, "2017-01-31": 61.637, "2016-10-31": 59.747, "2016-07-31": "59.86400", "2016-04-30": 61.683, "2016-01-31": 91.589, "2015-10-31": 43.177, "2015-07-31": "38.23000", "2015-04-30": 64.791, "2015-01-31": 65.882, "2014-10-31": 38.137, "2014-07-31": "41.68900", "2014-04-30": 43.693, "2014-01-31": 36.501, "2013-10-31": 40.768, "2013-07-31": "33.94200", "2013-04-30": 34.05, "2013-01-31": 38.966, "2012-10-31": 45.472, "2012-07-31": "32.48700", "2012-04-30": 36.069, "2012-01-31": 44.644, "2011-10-31": 41.324, "2011-07-31": "33.50900", "2011-04-30": 44.15, "2011-01-31": 45.184, "2010-10-31": 47.991, "2010-07-31": "19.56700", "2010-04-30": 19.778, "2010-01-31": 22.093, "2009-10-31": 25.904, "2009-07-31": "26.26700", "2009-04-30": 25.417, "2009-01-31": 21.927, "2008-10-31": 18.487, "2008-07-31": "24.31500", "2008-04-30": 17.894, "2008-01-31": 21.205, "2007-10-31": 17.097, "2007-07-31": "15.93500", "2007-04-30": 17.042, "2007-01-31": 18.28, "2006-10-31": 17.29, "2006-07-31": "15.69500", "2006-04-30": 16.728, "2006-01-31": 12.882, "2005-10-31": 15.353, "2005-07-31": "12.37000", "2005-04-30": 5.131, "2005-01-31": 52.475}, "Change In Accounts Receivable": {"2020-10-31": -0.462, "2020-07-31": "-7.14700", "2020-04-30": -2.117, "2020-01-31": -1.608, "2019-10-31": -5.221, "2019-07-31": "-1.69800", "2019-04-30": 3.043, "2019-01-31": 5.976, "2018-10-31": -0.389, "2018-07-31": "-1.44100", "2018-04-30": -3.538, "2018-01-31": 0.991, "2017-10-31": 2.046, "2017-07-31": "-1.30000", "2017-04-30": -8.702, "2017-01-31": -1.612, "2016-10-31": -0.837, "2016-07-31": "-4.39200", "2016-04-30": -3.761, "2016-01-31": 7.985, "2015-10-31": 1.729, "2015-07-31": "-11.04500", "2015-04-30": -0.392, "2015-01-31": 8.817, "2014-10-31": -0.703, "2014-07-31": "-4.49000", "2014-04-30": -0.774, "2014-01-31": 0.489, "2013-10-31": 0.362, "2013-07-31": "-5.01800", "2013-04-30": -1.11, "2013-01-31": 1.494, "2012-10-31": -0.03, "2012-07-31": "0.44600", "2012-04-30": -4.229, "2012-01-31": 2.281, "2011-10-31": 2.585, "2011-07-31": "-2.18300", "2011-04-30": -3.951, "2011-01-31": -0.874, "2010-10-31": -2.296, "2010-07-31": "-0.92200", "2010-04-30": -0.45, "2010-01-31": 0.45, "2009-10-31": -2.379, "2009-07-31": "1.15600", "2009-04-30": -2.237, "2009-01-31": 8.22, "2008-10-31": 4.067, "2008-07-31": "-4.27600", "2008-04-30": -1.989, "2008-01-31": -0.789, "2007-10-31": 1.405, "2007-07-31": "-1.85700", "2007-04-30": -4.375, "2007-01-31": 0.939, "2006-10-31": 1.409, "2006-07-31": "-0.37300", "2006-04-30": -3.441, "2006-01-31": 2.015, "2005-10-31": -0.655, "2005-07-31": "-0.76000", "2005-04-30": -1.678, "2005-01-31": -0.376}, "Change In Inventories": {"2020-10-31": -11.047, "2020-07-31": "-2.78800", "2020-04-30": 27.506, "2020-01-31": 8.295, "2019-10-31": 2.386, "2019-07-31": "-0.47400", "2019-04-30": -21.396, "2019-01-31": 8.671, "2018-10-31": 5.288, "2018-07-31": "-22.21100", "2018-04-30": 14.464, "2018-01-31": -13.835, "2017-10-31": -14.791, "2017-07-31": "-24.24400", "2017-04-30": 8.461, "2017-01-31": -1.207, "2016-10-31": -2.223, "2016-07-31": "-0.63100", "2016-04-30": -15.134, "2016-01-31": 14.69, "2015-10-31": 11.052, "2015-07-31": "-17.99800", "2015-04-30": -28.863, "2015-01-31": 31.634, "2014-10-31": 18.956, "2014-07-31": "-11.36200", "2014-04-30": -13.78, "2014-01-31": 9.077, "2013-10-31": 6.986, "2013-07-31": "-15.97900", "2013-04-30": -4.135, "2013-01-31": -4.852, "2012-10-31": 0.517, "2012-07-31": "-7.75200", "2012-04-30": -8.773, "2012-01-31": -2.074, "2011-10-31": 4.443, "2011-07-31": "-2.24300", "2011-04-30": -23.131, "2011-01-31": -6.761, "2010-10-31": 1.666, "2010-07-31": "1.69900", "2010-04-30": -11.18, "2010-01-31": 6.137, "2009-10-31": -1.74, "2009-07-31": "-9.10300", "2009-04-30": -6.679, "2009-01-31": 9.423, "2008-10-31": 30.853, "2008-07-31": "-14.80300", "2008-04-30": -7.582, "2008-01-31": -2.439, "2007-10-31": 2.311, "2007-07-31": "-6.69500", "2007-04-30": -13.085, "2007-01-31": 4.333, "2006-10-31": 8.839, "2006-07-31": "-10.52400", "2006-04-30": -4.934, "2006-01-31": -8.625, "2005-10-31": -3.277, "2005-07-31": "-4.02700", "2005-04-30": 7.919, "2005-01-31": -5.416}, "Change In Accounts Payable": {"2020-10-31": 7.963, "2020-07-31": "117.75600", "2020-04-30": -86.617, "2020-01-31": -43.957, "2019-10-31": -13.187, "2019-07-31": "3.61000", "2019-04-30": 79.397, "2019-01-31": -68.976, "2018-10-31": -7.558, "2018-07-31": "9.58800", "2018-04-30": 28.092, "2018-01-31": -13.41, "2017-10-31": 20.079, "2017-07-31": "-20.01000", "2017-04-30": 61.087, "2017-01-31": -17.516, "2016-10-31": -20.215, "2016-07-31": "16.97600", "2016-04-30": 36.204, "2016-01-31": -35.594, "2015-10-31": -1.001, "2015-07-31": "3.40200", "2015-04-30": 47.457, "2015-01-31": -55.39, "2014-10-31": -30.317, "2014-07-31": "4.96000", "2014-04-30": 48.995, "2014-01-31": -28.474, "2013-10-31": -22.258, "2013-07-31": "19.63100", "2013-04-30": 35.668, "2013-01-31": -17.968, "2012-10-31": -4.731, "2012-07-31": "8.77900", "2012-04-30": 25.981, "2012-01-31": -18.001, "2011-10-31": -42.623, "2011-07-31": "30.13300", "2011-04-30": 56.423, "2011-01-31": -14.98, "2010-10-31": 10.167, "2010-07-31": "18.73100", "2010-04-30": 13.509, "2010-01-31": -9.792, "2009-10-31": 15.863, "2009-07-31": "10.31800", "2009-04-30": 18.435, "2009-01-31": -20.923, "2008-10-31": -57.874, "2008-07-31": "12.45500", "2008-04-30": 35.405, "2008-01-31": -6.952, "2007-10-31": 1.799, "2007-07-31": "-1.28400", "2007-04-30": 31.907, "2007-01-31": -9.917, "2006-10-31": -17.158, "2006-07-31": "-16.57800", "2006-04-30": 52.562, "2006-01-31": -1.603, "2005-10-31": -19.886, "2005-07-31": "14.40800", "2005-04-30": 23.819, "2005-01-31": -6.567}, "Change In Assets/Liabilities": {"2020-10-31": -1.337, "2020-07-31": "-8.02900", "2020-04-30": 2.838, "2020-01-31": -6.149, "2019-10-31": -3.15, "2019-07-31": "-4.78000", "2019-04-30": -2.216, "2019-01-31": -9.518, "2018-10-31": -6.587, "2018-07-31": "-5.93300", "2018-04-30": 5.991, "2018-01-31": -10.164, "2017-10-31": 0.864, "2017-07-31": "0.87200", "2017-04-30": -7.104, "2017-01-31": 0.129, "2016-10-31": -1.823, "2016-07-31": "-2.97100", "2016-04-30": 1.141, "2016-01-31": -0.978, "2015-10-31": 1.691, "2015-07-31": "-2.70500", "2015-04-30": 0.861, "2015-01-31": -0.354, "2014-10-31": -0.002, "2014-07-31": "-1.28800", "2014-04-30": 0.714, "2014-01-31": 0.072, "2013-10-31": 0.575, "2013-07-31": "-1.55900", "2013-04-30": 0.754, "2013-01-31": 0.061, "2012-10-31": 0.624, "2012-07-31": "-1.97800", "2012-04-30": 1.049, "2012-01-31": 0.198, "2011-10-31": 0.346, "2011-07-31": "-1.25500", "2011-04-30": 0.746, "2011-01-31": -0.211, "2010-10-31": 1.535, "2010-07-31": "-2.16300", "2010-04-30": 0.612, "2010-01-31": 0.325, "2009-10-31": 0.238, "2009-07-31": "-0.68400", "2009-04-30": 1.464, "2009-01-31": -0.107, "2008-10-31": 0.438, "2008-07-31": "-0.60400", "2008-04-30": 0.204, "2008-01-31": 0.295, "2007-10-31": -0.716, "2007-07-31": "-0.83400", "2007-04-30": 1.76, "2007-01-31": 0.512, "2006-10-31": -0.798, "2006-07-31": "0.43700", "2006-04-30": 1.314, "2006-01-31": -1.058, "2005-10-31": -1.87, "2005-07-31": "-1.03700", "2005-04-30": -1.955, "2005-01-31": 0.261}, "Total Change In Assets/Liabilities": {"2020-10-31": 8.5, "2020-07-31": "148.51000", "2020-04-30": -38.148, "2020-01-31": -22.247, "2019-10-31": -29.758, "2019-07-31": "8.01300", "2019-04-30": 52.843, "2019-01-31": -36.22, "2018-10-31": 1.402, "2018-07-31": "1.18500", "2018-04-30": 27.09, "2018-01-31": -62.096, "2017-10-31": 10.526, "2017-07-31": "-17.49900", "2017-04-30": 38.602, "2017-01-31": -8.529, "2016-10-31": -38.192, "2016-07-31": "34.09300", "2016-04-30": 14.142, "2016-01-31": -30.447, "2015-10-31": 22.703, "2015-07-31": "5.32700", "2015-04-30": 2.651, "2015-01-31": -48.733, "2014-10-31": -20.971, "2014-07-31": "24.57100", "2014-04-30": 38.839, "2014-01-31": -23.777, "2013-10-31": -33.122, "2013-07-31": "50.49600", "2013-04-30": 41.278, "2013-01-31": -18.528, "2012-10-31": -26.224, "2012-07-31": "35.01300", "2012-04-30": 11.511, "2012-01-31": -26.015, "2011-10-31": -52.913, "2011-07-31": "89.95900", "2011-04-30": 12.111, "2011-01-31": -41.27, "2010-10-31": -7.757, "2010-07-31": "46.84400", "2010-04-30": 8.257, "2010-01-31": -4.444, "2009-10-31": -4.765, "2009-07-31": "4.01600", "2009-04-30": 24.195, "2009-01-31": -2.936, "2008-10-31": -34.87, "2008-07-31": "8.39900", "2008-04-30": 23.04, "2008-01-31": -15.239, "2007-10-31": -3.554, "2007-07-31": "16.15300", "2007-04-30": 26.223, "2007-01-31": -8.033, "2006-10-31": -17.907, "2006-07-31": "-17.04100", "2006-04-30": 47.183, "2006-01-31": -22.097, "2005-10-31": -23.896, "2005-07-31": "26.06800", "2005-04-30": 38.631, "2005-01-31": -9.133}, "Cash Flow From Operating Activities": {"2020-10-31": 199.907, "2020-07-31": "352.05000", "2020-04-30": 104.607, "2020-01-31": 88.298, "2019-10-31": 132.652, "2019-07-31": "178.75700", "2019-04-30": 152.858, "2019-01-31": 73.467, "2018-10-31": 154.218, "2018-07-31": "150.07100", "2018-04-30": 123.821, "2018-01-31": 54.413, "2017-10-31": 124.424, "2017-07-31": "117.13900", "2017-04-30": 143.246, "2017-01-31": 75.943, "2016-10-31": 78.735, "2016-07-31": "161.34900", "2016-04-30": 122.869, "2016-01-31": 99.241, "2015-10-31": 144.913, "2015-07-31": "105.36300", "2015-04-30": 108.785, "2015-01-31": 56.468, "2014-10-31": 67.035, "2014-07-31": "116.35700", "2014-04-30": 103.474, "2014-01-31": 25.377, "2013-10-31": 47.076, "2013-07-31": "138.23300", "2013-04-30": 91.789, "2013-01-31": 35.901, "2012-10-31": 52.107, "2012-07-31": "106.53100", "2012-04-30": 70.649, "2012-01-31": 35.328, "2011-10-31": 26.043, "2011-07-31": "162.85900", "2011-04-30": 79.031, "2011-01-31": 16.789, "2010-10-31": 61.926, "2010-07-31": "103.69700", "2010-04-30": 49.97, "2010-01-31": 34.891, "2009-10-31": 54.731, "2009-07-31": "74.47600", "2009-04-30": 65.167, "2009-01-31": 33.012, "2008-10-31": 10.946, "2008-07-31": "61.49900", "2008-04-30": 55.34, "2008-01-31": 18.808, "2007-10-31": 41.235, "2007-07-31": "62.03900", "2007-04-30": 59.642, "2007-01-31": 21.511, "2006-10-31": 16.544, "2006-07-31": "15.74300", "2006-04-30": 75.087, "2006-01-31": -1.658, "2005-10-31": 13.852, "2005-07-31": "60.52800", "2005-04-30": 51.291, "2005-01-31": 78.272}, "Net Change In Property, Plant, And Equipment": {"2020-10-31": -112.697, "2020-07-31": "-43.45100", "2020-04-30": -73.842, "2020-01-31": -120.861, "2019-10-31": -139.534, "2019-07-31": "-99.69900", "2019-04-30": -82.624, "2019-01-31": -111.752, "2018-10-31": -99.643, "2018-07-31": "-95.61100", "2018-04-30": -149.634, "2018-01-31": -176.041, "2017-10-31": -156.559, "2017-07-31": "-89.94100", "2017-04-30": -106.559, "2017-01-31": -120.817, "2016-10-31": -120.512, "2016-07-31": "-81.36400", "2016-04-30": -78.663, "2016-01-31": -101.635, "2015-10-31": -108.554, "2015-07-31": "-98.85300", "2015-04-30": -68, "2015-01-31": -96.087, "2014-10-31": -105.667, "2014-07-31": "-88.23200", "2014-04-30": -64.976, "2014-01-31": -78.181, "2013-10-31": -90.141, "2013-07-31": "-72.00700", "2013-04-30": -63.052, "2013-01-31": -79.631, "2012-10-31": -87.805, "2012-07-31": "-71.26900", "2012-04-30": -55.369, "2012-01-31": -69.472, "2011-10-31": -66.645, "2011-07-31": "-47.19200", "2011-04-30": -57.838, "2011-01-31": -67, "2010-10-31": -48.043, "2010-07-31": "-39.06500", "2010-04-30": -27.03, "2010-01-31": -30.111, "2009-10-31": -39.723, "2009-07-31": "-30.60000", "2009-04-30": -35.92, "2009-01-31": -37.208, "2008-10-31": -35.408, "2008-07-31": "-24.61500", "2008-04-30": -10.282, "2008-01-31": -21.858, "2007-10-31": -24.091, "2007-07-31": "-23.04400", "2007-04-30": -21.753, "2007-01-31": -18.73, "2006-10-31": -24.543, "2006-07-31": "-22.93900", "2006-04-30": -14.699, "2006-01-31": -24.838, "2005-10-31": -30.59, "2005-07-31": "-25.87100", "2005-04-30": -26.444, "2005-01-31": -66.551}, "Net Change In Intangible Assets": {"2020-10-31": 0, "2020-07-31": "", "2020-04-30": 0, "2020-01-31": 0, "2019-10-31": 0, "2019-07-31": "", "2019-04-30": 0, "2019-01-31": 0, "2018-10-31": 0, "2018-07-31": "", "2018-04-30": 0, "2018-01-31": 0, "2017-10-31": 0, "2017-07-31": "", "2017-04-30": 0, "2017-01-31": 0, "2016-10-31": 0, "2016-07-31": "", "2016-04-30": 0, "2016-01-31": 0, "2015-10-31": 0, "2015-07-31": "", "2015-04-30": 0, "2015-01-31": 0, "2014-10-31": 0, "2014-07-31": "", "2014-04-30": 0, "2014-01-31": 0, "2013-10-31": 0, "2013-07-31": "", "2013-04-30": 0, "2013-01-31": 0, "2012-10-31": 0, "2012-07-31": "", "2012-04-30": 0, "2012-01-31": 0, "2011-10-31": 0, "2011-07-31": "", "2011-04-30": 0, "2011-01-31": 0, "2010-10-31": 0, "2010-07-31": "", "2010-04-30": 0, "2010-01-31": 0, "2009-10-31": 0, "2009-07-31": "", "2009-04-30": 0, "2009-01-31": 0, "2008-10-31": 0, "2008-07-31": "", "2008-04-30": 0, "2008-01-31": 0, "2007-10-31": 0, "2007-07-31": "", "2007-04-30": 0, "2007-01-31": 0, "2006-10-31": 0, "2006-07-31": "", "2006-04-30": 0, "2006-01-31": 0, "2005-10-31": 0, "2005-07-31": "", "2005-04-30": 0, "2005-01-31": 0}, "Net Acquisitions/Divestitures": {"2020-10-31": 0, "2020-07-31": "", "2020-04-30": -20.062, "2020-01-31": -6.453, "2019-10-31": -1.323, "2019-07-31": "-4.86800", "2019-04-30": -47.179, "2019-01-31": -18.431, "2018-10-31": -1.749, "2018-07-31": "-0.84100", "2018-04-30": -10.968, "2018-01-31": -3.411, "2017-10-31": -19.459, "2017-07-31": "-3.32200", "2017-04-30": -11.908, "2017-01-31": -7.969, "2016-10-31": -2.742, "2016-07-31": "-2.85400", "2016-04-30": -3.011, "2016-01-31": -4.252, "2015-10-31": 0, "2015-07-31": "", "2015-04-30": -4.084, "2015-01-31": -2.785, "2014-10-31": -3.514, "2014-07-31": "-30.77400", "2014-04-30": -5.001, "2014-01-31": -2.041, "2013-10-31": -22.873, "2013-07-31": "-1.66900", "2013-04-30": -4.329, "2013-01-31": -21.891, "2012-10-31": -3.307, "2012-07-31": "", "2012-04-30": -1.718, "2012-01-31": 0, "2011-10-31": -6.611, "2011-07-31": "-31.11500", "2011-04-30": -12.527, "2011-01-31": -73.686, "2010-10-31": -27.059, "2010-07-31": "-0.29500", "2010-04-30": -17.401, "2010-01-31": -23.775, "2009-10-31": -3.876, "2009-07-31": "-0.63600", "2009-04-30": -1.403, "2009-01-31": -2.26, "2008-10-31": -3.7, "2008-07-31": "-4.45000", "2008-04-30": -8.858, "2008-01-31": 0, "2007-10-31": 0, "2007-07-31": "", "2007-04-30": 0, "2007-01-31": 0, "2006-10-31": -66.729, "2006-07-31": "", "2006-04-30": -0.829, "2006-01-31": -3.707, "2005-10-31": 0, "2005-07-31": "", "2005-04-30": 0, "2005-01-31": 0}, "Net Change In Short-term Investments": {"2020-10-31": 0, "2020-07-31": "", "2020-04-30": 0, "2020-01-31": 0, "2019-10-31": 0, "2019-07-31": "", "2019-04-30": 0, "2019-01-31": 0, "2018-10-31": 0, "2018-07-31": "", "2018-04-30": 0, "2018-01-31": 0, "2017-10-31": 0, "2017-07-31": "", "2017-04-30": 0, "2017-01-31": 0, "2016-10-31": 0, "2016-07-31": "", "2016-04-30": 0, "2016-01-31": 0, "2015-10-31": 0, "2015-07-31": "", "2015-04-30": 0, "2015-01-31": 0, "2014-10-31": 0, "2014-07-31": "", "2014-04-30": 0, "2014-01-31": 0, "2013-10-31": 0, "2013-07-31": "", "2013-04-30": 0, "2013-01-31": 0, "2012-10-31": 0, "2012-07-31": "", "2012-04-30": 0, "2012-01-31": 0, "2011-10-31": 0, "2011-07-31": "", "2011-04-30": 0, "2011-01-31": 0, "2010-10-31": 0, "2010-07-31": "", "2010-04-30": 0, "2010-01-31": 0, "2009-10-31": 0, "2009-07-31": "", "2009-04-30": 0, "2009-01-31": 0, "2008-10-31": 0, "2008-07-31": "", "2008-04-30": 0, "2008-01-31": 0, "2007-10-31": 0, "2007-07-31": "", "2007-04-30": 0, "2007-01-31": 0, "2006-10-31": 0, "2006-07-31": "", "2006-04-30": 0, "2006-01-31": 0, "2005-10-31": 0, "2005-07-31": "", "2005-04-30": 0, "2005-01-31": 0}, "Net Change In Long-Term Investments": {"2020-10-31": 0, "2020-07-31": "", "2020-04-30": 0, "2020-01-31": 0, "2019-10-31": 0, "2019-07-31": "", "2019-04-30": 0, "2019-01-31": 0, "2018-10-31": 0, "2018-07-31": "", "2018-04-30": 0, "2018-01-31": 0, "2017-10-31": 0, "2017-07-31": "", "2017-04-30": 0, "2017-01-31": 0, "2016-10-31": 0, "2016-07-31": "", "2016-04-30": 0, "2016-01-31": 0, "2015-10-31": 0, "2015-07-31": "", "2015-04-30": 0, "2015-01-31": 0, "2014-10-31": 0, "2014-07-31": "", "2014-04-30": 0, "2014-01-31": 0, "2013-10-31": 0, "2013-07-31": "", "2013-04-30": 0, "2013-01-31": 0, "2012-10-31": 0, "2012-07-31": "", "2012-04-30": 0, "2012-01-31": 0, "2011-10-31": 0, "2011-07-31": "", "2011-04-30": 0, "2011-01-31": 0, "2010-10-31": 0, "2010-07-31": "", "2010-04-30": 0, "2010-01-31": 0, "2009-10-31": 0, "2009-07-31": "", "2009-04-30": 0, "2009-01-31": 0, "2008-10-31": 0, "2008-07-31": "", "2008-04-30": 0, "2008-01-31": 0, "2007-10-31": 0, "2007-07-31": "", "2007-04-30": 0, "2007-01-31": 0, "2006-10-31": 0, "2006-07-31": "", "2006-04-30": 0, "2006-01-31": 0, "2005-10-31": 0, "2005-07-31": "", "2005-04-30": 0, "2005-01-31": 0}, "Net Change In Investments - Total": {"2020-10-31": 0, "2020-07-31": "", "2020-04-30": 0, "2020-01-31": 0, "2019-10-31": 0, "2019-07-31": "", "2019-04-30": 0, "2019-01-31": 0, "2018-10-31": 0, "2018-07-31": "", "2018-04-30": 0, "2018-01-31": 0, "2017-10-31": 0, "2017-07-31": "", "2017-04-30": 0, "2017-01-31": 0, "2016-10-31": 0, "2016-07-31": "", "2016-04-30": 0, "2016-01-31": 0, "2015-10-31": 0, "2015-07-31": "", "2015-04-30": 0, "2015-01-31": 0, "2014-10-31": 0, "2014-07-31": "", "2014-04-30": 0, "2014-01-31": 0, "2013-10-31": 0, "2013-07-31": "", "2013-04-30": 0, "2013-01-31": 0, "2012-10-31": 0, "2012-07-31": "", "2012-04-30": 0, "2012-01-31": 0, "2011-10-31": 0, "2011-07-31": "", "2011-04-30": 0, "2011-01-31": 0, "2010-10-31": 0, "2010-07-31": "", "2010-04-30": 0, "2010-01-31": 0, "2009-10-31": 0, "2009-07-31": "", "2009-04-30": 0, "2009-01-31": 0, "2008-10-31": 0, "2008-07-31": "", "2008-04-30": 0, "2008-01-31": 0, "2007-10-31": 0, "2007-07-31": "", "2007-04-30": 0, "2007-01-31": 0, "2006-10-31": 0, "2006-07-31": "", "2006-04-30": 0, "2006-01-31": 0, "2005-10-31": 0, "2005-07-31": "", "2005-04-30": 0, "2005-01-31": 0}, "Investing Activities - Other": {"2020-10-31": 0, "2020-07-31": "", "2020-04-30": 0, "2020-01-31": 0, "2019-10-31": 0, "2019-07-31": "", "2019-04-30": 0, "2019-01-31": 0, "2018-10-31": 0, "2018-07-31": "", "2018-04-30": 0, "2018-01-31": 0, "2017-10-31": 0, "2017-07-31": "", "2017-04-30": 0, "2017-01-31": 0, "2016-10-31": 0, "2016-07-31": "", "2016-04-30": 0, "2016-01-31": 0, "2015-10-31": 0, "2015-07-31": "", "2015-04-30": 0, "2015-01-31": 0, "2014-10-31": 0, "2014-07-31": "", "2014-04-30": 0, "2014-01-31": 0, "2013-10-31": 0, "2013-07-31": "", "2013-04-30": 0, "2013-01-31": 0, "2012-10-31": 0, "2012-07-31": "", "2012-04-30": 0, "2012-01-31": 0, "2011-10-31": 0, "2011-07-31": "", "2011-04-30": 0, "2011-01-31": 0, "2010-10-31": 0, "2010-07-31": "", "2010-04-30": 0, "2010-01-31": 0, "2009-10-31": 0, "2009-07-31": "", "2009-04-30": 0, "2009-01-31": 0, "2008-10-31": 0, "2008-07-31": "", "2008-04-30": 0, "2008-01-31": 0, "2007-10-31": 0, "2007-07-31": "", "2007-04-30": 0, "2007-01-31": 0, "2006-10-31": 0, "2006-07-31": "", "2006-04-30": 0, "2006-01-31": 0, "2005-10-31": 0, "2005-07-31": "", "2005-04-30": 0, "2005-01-31": 0}, "Cash Flow From Investing Activities": {"2020-10-31": -112.697, "2020-07-31": "-43.45100", "2020-04-30": -93.904, "2020-01-31": -127.314, "2019-10-31": -140.857, "2019-07-31": "-104.56700", "2019-04-30": -129.803, "2019-01-31": -130.183, "2018-10-31": -101.392, "2018-07-31": "-96.45200", "2018-04-30": -160.602, "2018-01-31": -179.452, "2017-10-31": -176.018, "2017-07-31": "-93.26300", "2017-04-30": -118.467, "2017-01-31": -128.786, "2016-10-31": -123.254, "2016-07-31": "-84.21800", "2016-04-30": -81.674, "2016-01-31": -105.887, "2015-10-31": -108.554, "2015-07-31": "-98.85300", "2015-04-30": -72.084, "2015-01-31": -98.872, "2014-10-31": -109.181, "2014-07-31": "-119.00600", "2014-04-30": -69.977, "2014-01-31": -80.222, "2013-10-31": -113.014, "2013-07-31": "-73.67600", "2013-04-30": -67.381, "2013-01-31": -101.522, "2012-10-31": -91.112, "2012-07-31": "-71.26900", "2012-04-30": -57.087, "2012-01-31": -69.472, "2011-10-31": -73.256, "2011-07-31": "-78.30700", "2011-04-30": -70.365, "2011-01-31": -140.686, "2010-10-31": -75.102, "2010-07-31": "-39.36000", "2010-04-30": -44.431, "2010-01-31": -53.886, "2009-10-31": -43.599, "2009-07-31": "-31.23600", "2009-04-30": -37.323, "2009-01-31": -39.468, "2008-10-31": -39.108, "2008-07-31": "-29.06500", "2008-04-30": -19.14, "2008-01-31": -21.858, "2007-10-31": -24.091, "2007-07-31": "-23.04400", "2007-04-30": -21.753, "2007-01-31": -18.73, "2006-10-31": -91.272, "2006-07-31": "-22.93900", "2006-04-30": -15.528, "2006-01-31": -28.545, "2005-10-31": -30.59, "2005-07-31": "-25.87100", "2005-04-30": -26.444, "2005-01-31": -66.551}, "Net Long-Term Debt": {"2020-10-31": 80.135, "2020-07-31": "-0.87300", "2020-04-30": -8.147, "2020-01-31": -0.647, "2019-10-31": -7.777, "2019-07-31": "-0.90500", "2019-04-30": -8.161, "2019-01-31": -0.096, "2018-10-31": -7.651, "2018-07-31": "-0.09200", "2018-04-30": -7.591, "2018-01-31": -0.389, "2017-10-31": 242.395, "2017-07-31": "149.89700", "2017-04-30": -7.602, "2017-01-31": -0.1, "2016-10-31": 42.401, "2016-07-31": "49.90200", "2016-04-30": -7.602, "2016-01-31": -0.1, "2015-10-31": -7.599, "2015-07-31": "-0.09800", "2015-04-30": -0.097, "2015-01-31": -0.095, "2014-10-31": -0.138, "2014-07-31": "-0.22300", "2014-04-30": -7.721, "2014-01-31": 49.781, "2013-10-31": -7.717, "2013-07-31": "149.79200", "2013-04-30": -5.195, "2013-01-31": -0.194, "2012-10-31": -5.186, "2012-07-31": "-0.18200", "2012-04-30": -0.18, "2012-01-31": -0.464, "2011-10-31": -0.344, "2011-07-31": "-0.38400", "2011-04-30": -0.336, "2011-01-31": -4.25, "2010-10-31": 518.373, "2010-07-31": "-13.95900", "2010-04-30": -2.672, "2010-01-31": -1.765, "2009-10-31": -0.361, "2009-07-31": "-14.43300", "2009-04-30": -6.078, "2009-01-31": -0.374, "2008-10-31": -2.584, "2008-07-31": "-12.06400", "2008-04-30": -10.661, "2008-01-31": -7.93, "2007-10-31": -0.716, "2007-07-31": "-12.05700", "2007-04-30": 43.835, "2007-01-31": -1.051, "2006-10-31": 49.414, "2006-07-31": "-15.01200", "2006-04-30": -5.296, "2006-01-31": -1.144, "2005-10-31": -0.246, "2005-07-31": "-13.33200", "2005-04-30": -11.421, "2005-01-31": -17.578}, "Net Current Debt": {"2020-10-31": 0, "2020-07-31": "-120.00000", "2020-04-30": 44, "2020-01-31": 51, "2019-10-31": -25, "2019-07-31": "-25.00000", "2019-04-30": 25, "2019-01-31": 50, "2018-10-31": -27.411, "2018-07-31": "-12.18900", "2018-04-30": 39.6, "2018-01-31": 0, "2017-10-31": 0, "2017-07-31": "-0.90000", "2017-04-30": 0.9, "2017-01-31": 0, "2016-10-31": 0, "2016-07-31": "", "2016-04-30": -2.8, "2016-01-31": 2.8, "2015-10-31": 0, "2015-07-31": "", "2015-04-30": -18.5, "2015-01-31": 18.5, "2014-10-31": 0, "2014-07-31": "", "2014-04-30": 0, "2014-01-31": 0, "2013-10-31": 0, "2013-07-31": "-59.10000", "2013-04-30": 0.5, "2013-01-31": 58.6, "2012-10-31": 0, "2012-07-31": "", "2012-04-30": 0, "2012-01-31": 0, "2011-10-31": 0, "2011-07-31": "-0.60000", "2011-04-30": -8.4, "2011-01-31": 9, "2010-10-31": 0, "2010-07-31": "", "2010-04-30": 0, "2010-01-31": 0, "2009-10-31": 0, "2009-07-31": "", "2009-04-30": 0, "2009-01-31": 0, "2008-10-31": 0, "2008-07-31": "", "2008-04-30": 0, "2008-01-31": 0, "2007-10-31": 0, "2007-07-31": "", "2007-04-30": -8.2, "2007-01-31": 0.4, "2006-10-31": -1.1, "2006-07-31": "8.90000", "2006-04-30": -2.3, "2006-01-31": 2.3, "2005-10-31": 0, "2005-07-31": "", "2005-04-30": 0, "2005-01-31": 0}, "Debt Issuance/Retirement Net - Total": {"2020-10-31": 80.135, "2020-07-31": "-120.87300", "2020-04-30": 35.853, "2020-01-31": 50.353, "2019-10-31": -32.777, "2019-07-31": "-25.90500", "2019-04-30": 16.839, "2019-01-31": 49.904, "2018-10-31": -35.062, "2018-07-31": "-12.28100", "2018-04-30": 32.009, "2018-01-31": -0.389, "2017-10-31": 242.395, "2017-07-31": "148.99700", "2017-04-30": -6.702, "2017-01-31": -0.1, "2016-10-31": 42.401, "2016-07-31": "49.90200", "2016-04-30": -10.402, "2016-01-31": 2.7, "2015-10-31": -7.599, "2015-07-31": "-0.09800", "2015-04-30": -18.597, "2015-01-31": 18.405, "2014-10-31": -0.138, "2014-07-31": "-0.22300", "2014-04-30": -7.721, "2014-01-31": 49.781, "2013-10-31": -7.717, "2013-07-31": "90.69200", "2013-04-30": -4.695, "2013-01-31": 58.406, "2012-10-31": -5.186, "2012-07-31": "-0.18200", "2012-04-30": -0.18, "2012-01-31": -0.464, "2011-10-31": -0.344, "2011-07-31": "-0.98400", "2011-04-30": -8.736, "2011-01-31": 4.75, "2010-10-31": 518.373, "2010-07-31": "-13.95900", "2010-04-30": -2.672, "2010-01-31": -1.765, "2009-10-31": -0.361, "2009-07-31": "-14.43300", "2009-04-30": -6.078, "2009-01-31": -0.374, "2008-10-31": -2.584, "2008-07-31": "-12.06400", "2008-04-30": -10.661, "2008-01-31": -7.93, "2007-10-31": -0.716, "2007-07-31": "-12.05700", "2007-04-30": 35.635, "2007-01-31": -0.651, "2006-10-31": 48.314, "2006-07-31": "-6.11200", "2006-04-30": -7.596, "2006-01-31": 1.156, "2005-10-31": -0.246, "2005-07-31": "-13.33200", "2005-04-30": -11.421, "2005-01-31": -17.578}, "Net Common Equity Issued/Repurchased": {"2020-10-31": 1.042, "2020-07-31": "0.21100", "2020-04-30": 0.566, "2020-01-31": 0.085, "2019-10-31": 0.046, "2019-07-31": "2.26100", "2019-04-30": 1.122, "2019-01-31": 0.789, "2018-10-31": 0.231, "2018-07-31": "-37.33100", "2018-04-30": -70.003, "2018-01-31": -10.988, "2017-10-31": -54.632, "2017-07-31": "-77.68300", "2017-04-30": -47.511, "2017-01-31": 0.256, "2016-10-31": 0.121, "2016-07-31": "1.59800", "2016-04-30": 0.122, "2016-01-31": 1.506, "2015-10-31": 0.284, "2015-07-31": "1.80500", "2015-04-30": 0.93, "2015-01-31": 1.964, "2014-10-31": 4.258, "2014-07-31": "4.31300", "2014-04-30": 0.456, "2014-01-31": 0.154, "2013-10-31": 1.858, "2013-07-31": "0.90000", "2013-04-30": 0.512, "2013-01-31": 0.564, "2012-10-31": 0.169, "2012-07-31": "3.47600", "2012-04-30": 1.322, "2012-01-31": 0.286, "2011-10-31": 0.325, "2011-07-31": "1.31600", "2011-04-30": 0.268, "2011-01-31": 0.345, "2010-10-31": -498.894, "2010-07-31": "0.98800", "2010-04-30": 0.155, "2010-01-31": 0.023, "2009-10-31": 0.536, "2009-07-31": "0.52500", "2009-04-30": 0.234, "2009-01-31": 0.113, "2008-10-31": 0.68, "2008-07-31": "0.31900", "2008-04-30": 0.534, "2008-01-31": 0.401, "2007-10-31": 0.432, "2007-07-31": "0.73700", "2007-04-30": 1.094, "2007-01-31": 0.769, "2006-10-31": 0.551, "2006-07-31": "0.52700", "2006-04-30": 0.164, "2006-01-31": 0.378, "2005-10-31": 0.671, "2005-07-31": "0.92600", "2005-04-30": 0.225, "2005-01-31": 1.668}, "Net Total Equity Issued/Repurchased": {"2020-10-31": 1.042, "2020-07-31": "0.21100", "2020-04-30": 0.566, "2020-01-31": 0.085, "2019-10-31": 0.046, "2019-07-31": "2.26100", "2019-04-30": 1.122, "2019-01-31": 0.789, "2018-10-31": 0.231, "2018-07-31": "-37.33100", "2018-04-30": -70.003, "2018-01-31": -10.988, "2017-10-31": -54.632, "2017-07-31": "-77.68300", "2017-04-30": -47.511, "2017-01-31": 0.256, "2016-10-31": 0.121, "2016-07-31": "1.59800", "2016-04-30": 0.122, "2016-01-31": 1.506, "2015-10-31": 0.284, "2015-07-31": "1.80500", "2015-04-30": 0.93, "2015-01-31": 1.964, "2014-10-31": 4.258, "2014-07-31": "4.31300", "2014-04-30": 0.456, "2014-01-31": 0.154, "2013-10-31": 1.858, "2013-07-31": "0.90000", "2013-04-30": 0.512, "2013-01-31": 0.564, "2012-10-31": 0.169, "2012-07-31": "3.47600", "2012-04-30": 1.322, "2012-01-31": 0.286, "2011-10-31": 0.325, "2011-07-31": "1.31600", "2011-04-30": 0.268, "2011-01-31": 0.345, "2010-10-31": -498.894, "2010-07-31": "0.98800", "2010-04-30": 0.155, "2010-01-31": 0.023, "2009-10-31": 0.536, "2009-07-31": "0.52500", "2009-04-30": 0.234, "2009-01-31": 0.113, "2008-10-31": 0.68, "2008-07-31": "0.31900", "2008-04-30": 0.534, "2008-01-31": 0.401, "2007-10-31": 0.432, "2007-07-31": "0.73700", "2007-04-30": 1.094, "2007-01-31": 0.769, "2006-10-31": 0.551, "2006-07-31": "0.52700", "2006-04-30": 0.164, "2006-01-31": 0.378, "2005-10-31": 0.671, "2005-07-31": "0.92600", "2005-04-30": 0.225, "2005-01-31": 1.668}, "Total Common And Preferred Stock Dividends Paid": {"2020-10-31": -11.812, "2020-07-31": "-11.77900", "2020-04-30": -11.773, "2020-01-31": -11.773, "2019-10-31": -11.772, "2019-07-31": "-10.63300", "2019-04-30": -10.622, "2019-01-31": -10.615, "2018-10-31": -10.601, "2018-07-31": "-9.59200", "2018-04-30": -9.757, "2018-01-31": -9.788, "2017-10-31": -9.923, "2017-07-31": "-9.31200", "2017-04-30": -9.351, "2017-01-31": -9.419, "2016-10-31": -9.411, "2016-07-31": "-8.57700", "2016-04-30": -8.598, "2016-01-31": -8.607, "2015-10-31": -8.596, "2015-07-31": "-7.72600", "2015-04-30": -7.777, "2015-01-31": -7.746, "2014-10-31": -7.738, "2014-07-31": "-6.91400", "2014-04-30": -6.927, "2014-01-31": -6.328, "2013-10-31": -6.927, "2013-07-31": "-6.91300", "2013-04-30": -5.722, "2013-01-31": -6.323, "2012-10-31": -6.32, "2012-07-31": "-6.32000", "2012-04-30": -5.721, "2012-01-31": -5.712, "2011-10-31": -5.709, "2011-07-31": "-5.70700", "2011-04-30": -5.126, "2011-01-31": -5.123, "2010-10-31": -5.121, "2010-07-31": "-5.09700", "2010-04-30": -4.328, "2010-01-31": -4.328, "2009-10-31": -4.327, "2009-07-31": "-4.32500", "2009-04-30": -3.815, "2009-01-31": -3.812, "2008-10-31": -3.811, "2008-07-31": "-3.80800", "2008-04-30": -3.297, "2008-01-31": -3.297, "2007-10-31": -3.294, "2007-07-31": "-3.29200", "2007-04-30": -2.528, "2007-01-31": -2.527, "2006-10-31": -2.523, "2006-07-31": "-2.52000", "2006-04-30": -2.267, "2006-01-31": -2.266, "2005-10-31": -2.264, "2005-07-31": "-2.26300", "2005-04-30": -2.006, "2005-01-31": -7.765}, "Financial Activities - Other": {"2020-10-31": 1.594, "2020-07-31": "-7.91700", "2020-04-30": -0.613, "2020-01-31": -0.086, "2019-10-31": -0.049, "2019-07-31": "-6.47600", "2019-04-30": -1.267, "2019-01-31": -1.08, "2018-10-31": -0.349, "2018-07-31": "-3.25200", "2018-04-30": -0.5, "2018-01-31": -0.27, "2017-10-31": -0.162, "2017-07-31": "-3.49400", "2017-04-30": -0.219, "2017-01-31": -0.146, "2016-10-31": -0.109, "2016-07-31": "-6.33900", "2016-04-30": -0.105, "2016-01-31": -0.97, "2015-10-31": -1.473, "2015-07-31": "-2.42700", "2015-04-30": -6.353, "2015-01-31": 1.868, "2014-10-31": 0.567, "2014-07-31": "0.57900", "2014-04-30": 0.176, "2014-01-31": 0.13, "2013-10-31": 1.045, "2013-07-31": "0.44000", "2013-04-30": 0.247, "2013-01-31": 0.168, "2012-10-31": 0.033, "2012-07-31": "1.48100", "2012-04-30": 0.598, "2012-01-31": 0.172, "2011-10-31": 0.124, "2011-07-31": "0.26800", "2011-04-30": 0.054, "2011-01-31": 0.104, "2010-10-31": -11.014, "2010-07-31": "0.15400", "2010-04-30": 0.091, "2010-01-31": 0.005, "2009-10-31": 0.191, "2009-07-31": "0.07800", "2009-04-30": 0.051, "2009-01-31": 0.153, "2008-10-31": 0.242, "2008-07-31": "0.06600", "2008-04-30": 0.005, "2008-01-31": 0.172, "2007-10-31": 0.43, "2007-07-31": "", "2007-04-30": 0.919, "2007-01-31": 0, "2006-10-31": 0, "2006-07-31": "", "2006-04-30": 0, "2006-01-31": 0, "2005-10-31": 0, "2005-07-31": "", "2005-04-30": 0, "2005-01-31": 0}, "Cash Flow From Financial Activities": {"2020-10-31": 70.959, "2020-07-31": "-140.35800", "2020-04-30": 24.033, "2020-01-31": 38.579, "2019-10-31": -44.552, "2019-07-31": "-40.75300", "2019-04-30": 6.072, "2019-01-31": 38.998, "2018-10-31": -45.781, "2018-07-31": "-62.45600", "2018-04-30": -48.251, "2018-01-31": -21.435, "2017-10-31": 177.678, "2017-07-31": "58.50800", "2017-04-30": -63.783, "2017-01-31": -9.409, "2016-10-31": 33.002, "2016-07-31": "36.58400", "2016-04-30": -18.983, "2016-01-31": -5.371, "2015-10-31": -17.384, "2015-07-31": "-8.44600", "2015-04-30": -31.797, "2015-01-31": 14.491, "2014-10-31": -3.051, "2014-07-31": "-2.24500", "2014-04-30": -14.016, "2014-01-31": 43.737, "2013-10-31": -11.741, "2013-07-31": "85.11900", "2013-04-30": -9.658, "2013-01-31": 52.815, "2012-10-31": -11.304, "2012-07-31": "-1.54500", "2012-04-30": -3.981, "2012-01-31": -5.718, "2011-10-31": -5.604, "2011-07-31": "-5.10700", "2011-04-30": -13.54, "2011-01-31": 0.076, "2010-10-31": 3.344, "2010-07-31": "-17.91400", "2010-04-30": -6.754, "2010-01-31": -6.065, "2009-10-31": -3.961, "2009-07-31": "-18.15500", "2009-04-30": -9.608, "2009-01-31": -3.92, "2008-10-31": -5.473, "2008-07-31": "-15.48700", "2008-04-30": -13.419, "2008-01-31": -10.654, "2007-10-31": -3.148, "2007-07-31": "-14.61200", "2007-04-30": 35.12, "2007-01-31": -2.409, "2006-10-31": 46.342, "2006-07-31": "-8.10500", "2006-04-30": -9.699, "2006-01-31": -0.732, "2005-10-31": -1.839, "2005-07-31": "-14.66900", "2005-04-30": -13.202, "2005-01-31": -23.675}, "Net Cash Flow": {"2020-10-31": 158.169, "2020-07-31": "168.24100", "2020-04-30": 34.736, "2020-01-31": -0.437, "2019-10-31": -52.757, "2019-07-31": "33.43700", "2019-04-30": 29.127, "2019-01-31": -17.718, "2018-10-31": 7.045, "2018-07-31": "-8.83700", "2018-04-30": -85.032, "2018-01-31": -146.474, "2017-10-31": 126.084, "2017-07-31": "82.38400", "2017-04-30": -39.004, "2017-01-31": -62.252, "2016-10-31": -11.517, "2016-07-31": "113.71500", "2016-04-30": 22.212, "2016-01-31": -12.017, "2015-10-31": 18.975, "2015-07-31": "-1.93600", "2015-04-30": 4.904, "2015-01-31": -27.913, "2014-10-31": -45.197, "2014-07-31": "-4.89400", "2014-04-30": 19.481, "2014-01-31": -11.108, "2013-10-31": -77.679, "2013-07-31": "149.67600", "2013-04-30": 14.75, "2013-01-31": -12.806, "2012-10-31": -50.309, "2012-07-31": "33.71700", "2012-04-30": 9.581, "2012-01-31": -39.862, "2011-10-31": -52.817, "2011-07-31": "79.44500", "2011-04-30": -4.874, "2011-01-31": -123.821, "2010-10-31": -9.832, "2010-07-31": "46.42300", "2010-04-30": -1.215, "2010-01-31": -25.06, "2009-10-31": 7.171, "2009-07-31": "25.08500", "2009-04-30": 18.236, "2009-01-31": -10.376, "2008-10-31": -33.635, "2008-07-31": "16.94700", "2008-04-30": 21.447, "2008-01-31": -12.893, "2007-10-31": 14.056, "2007-07-31": "24.84600", "2007-04-30": 74.232, "2007-01-31": 0.556, "2006-10-31": -27.724, "2006-07-31": "-15.36600", "2006-04-30": 51.418, "2006-01-31": -30.692, "2005-10-31": -16.877, "2005-07-31": "22.46900", "2005-04-30": 19.816, "2005-01-31": -16.652}, "Stock-Based Compensation": {"2020-10-31": 7.471, "2020-07-31": "7.02100", "2020-04-30": 3.735, "2020-01-31": 4.472, "2019-10-31": 2.38, "2019-07-31": "7.54200", "2019-04-30": 5.299, "2019-01-31": 1.788, "2018-10-31": -0.949, "2018-07-31": "10.27200", "2018-04-30": 2.422, "2018-01-31": 2.678, "2017-10-31": 3.893, "2017-07-31": "9.80700", "2017-04-30": 3.341, "2017-01-31": 2.408, "2016-10-31": 2.477, "2016-07-31": "2.47100", "2016-04-30": 1.62, "2016-01-31": 2.42, "2015-10-31": 1.636, "2015-07-31": "1.73700", "2015-04-30": 1.015, "2015-01-31": 3.625, "2014-10-31": 1.035, "2014-07-31": "1.63200", "2014-04-30": 1.599, "2014-01-31": 1.581, "2013-10-31": 1.376, "2013-07-31": "1.04400", "2013-04-30": 1.105, "2013-01-31": 1.105, "2012-10-31": 1.024, "2012-07-31": "1.03600", "2012-04-30": 1.135, "2012-01-31": 1.136, "2011-10-31": 1.044, "2011-07-31": "0.47700", "2011-04-30": 0.761, "2011-01-31": 0.248, "2010-10-31": 0.247, "2010-07-31": "0.81000", "2010-04-30": 0.495, "2010-01-31": 0.456, "2009-10-31": 0.576, "2009-07-31": "0.50400", "2009-04-30": 0.264, "2009-01-31": 0.24, "2008-10-31": 0.249, "2008-07-31": "0.50300", "2008-04-30": 0.415, "2008-01-31": 0.458, "2007-10-31": 0.278, "2007-07-31": "0.28100", "2007-04-30": 0.071, "2007-01-31": 0.081, "2006-10-31": 0.071, "2006-07-31": "0.30300", "2006-04-30": 0, "2006-01-31": 0, "2005-10-31": 0, "2005-07-31": "", "2005-04-30": 0, "2005-01-31": 0}, "Common Stock Dividends Paid": {"2020-10-31": -11.812, "2020-07-31": "-11.77900", "2020-04-30": -11.773, "2020-01-31": -11.773, "2019-10-31": -11.772, "2019-07-31": "-10.63300", "2019-04-30": -10.622, "2019-01-31": -10.615, "2018-10-31": -10.601, "2018-07-31": "-9.59200", "2018-04-30": -9.757, "2018-01-31": -9.788, "2017-10-31": -9.923, "2017-07-31": "-9.31200", "2017-04-30": -9.351, "2017-01-31": -9.419, "2016-10-31": -9.411, "2016-07-31": "-8.57700", "2016-04-30": -8.598, "2016-01-31": -8.607, "2015-10-31": -8.596, "2015-07-31": "-7.72600", "2015-04-30": -7.777, "2015-01-31": -7.746, "2014-10-31": -7.738, "2014-07-31": "-6.91400", "2014-04-30": -6.927, "2014-01-31": -6.328, "2013-10-31": -6.927, "2013-07-31": "-6.91300", "2013-04-30": -5.722, "2013-01-31": -6.323, "2012-10-31": -6.32, "2012-07-31": "-6.32000", "2012-04-30": -5.721, "2012-01-31": -5.712, "2011-10-31": -5.709, "2011-07-31": "-5.70700", "2011-04-30": -5.126, "2011-01-31": -5.123, "2010-10-31": -5.121, "2010-07-31": "-5.09700", "2010-04-30": -4.328, "2010-01-31": -4.328, "2009-10-31": -4.327, "2009-07-31": "-4.32500", "2009-04-30": -3.815, "2009-01-31": -3.812, "2008-10-31": -3.811, "2008-07-31": "-3.80800", "2008-04-30": -3.297, "2008-01-31": -3.297, "2007-10-31": -3.294, "2007-07-31": "-3.29200", "2007-04-30": -2.528, "2007-01-31": -2.527, "2006-10-31": -2.523, "2006-07-31": "-2.52000", "2006-04-30": -2.267, "2006-01-31": -2.266, "2005-10-31": -2.264, "2005-07-31": "-2.26300", "2005-04-30": -2.006, "2005-01-31": -7.765}}, "financial ratios": {"Current Ratio": {"2020-04-30": "0.36420", "2019-04-30": "0.69480", "2018-04-30": "0.78140", "2017-04-30": "0.82060", "2016-04-30": "0.84080", "2015-04-30": "0.83660", "2014-04-30": "0.99660", "2013-04-30": "0.68590", "2012-04-30": "0.91080", "2011-04-30": "0.99790", "2010-04-30": "1.28730", "2009-04-30": "1.28690", "2008-04-30": "1.20900", "2007-04-30": "1.02710", "2006-04-30": "0.78660", "2005-04-30": "0.83720"}, "Long-term Debt / Capital": {"2020-04-30": "0.30300", "2019-04-30": "0.47670", "2018-04-30": "0.50400", "2017-04-30": "0.43250", "2016-04-30": "0.43170", "2015-04-30": "0.48920", "2014-04-30": "0.54830", "2013-04-30": "0.52020", "2012-04-30": "0.56890", "2011-04-30": "0.62690", "2010-04-30": "0.15810", "2009-04-30": "0.18890", "2008-04-30": "0.21890", "2007-04-30": "0.25850", "2006-04-30": "0.16910", "2005-04-30": "0.20780"}, "Debt/Equity Ratio": {"2020-04-30": "0.85490", "2019-04-30": "0.97640", "2018-04-30": "1.05940", "2017-04-30": "0.77580", "2016-04-30": "0.77370", "2015-04-30": "0.97530", "2014-04-30": "1.21460", "2013-04-30": "1.20870", "2012-04-30": "1.34110", "2011-04-30": "1.68470", "2010-04-30": "0.21760", "2009-04-30": "0.27230", "2008-04-30": "0.33330", "2007-04-30": "0.43170", "2006-04-30": "0.30230", "2005-04-30": "0.32120"}, "Gross Margin": {"2020-04-30": "23.37460", "2019-04-30": "20.89960", "2018-04-30": "21.08650", "2017-04-30": "22.39580", "2016-04-30": "22.65660", "2015-04-30": "18.53670", "2014-04-30": "15.58640", "2013-04-30": "14.77170", "2012-04-30": "14.36350", "2011-04-30": "15.63500", "2010-04-30": "17.08730", "2009-04-30": "15.42700", "2008-04-30": "14.20050", "2007-04-30": "14.49460", "2006-04-30": "15.06730", "2005-04-30": "16.38710"}, "Operating Margin": {"2020-04-30": "4.31010", "2019-04-30": "3.41130", "2018-04-30": "3.16260", "2017-04-30": "4.14570", "2016-04-30": "5.46020", "2015-04-30": "4.16170", "2014-04-30": "2.97900", "2013-04-30": "2.74290", "2012-04-30": "3.12980", "2011-04-30": "3.39090", "2010-04-30": "4.15160", "2009-04-30": "3.19170", "2008-04-30": "2.96620", "2007-04-30": "2.70410", "2006-04-30": "3.07710", "2005-04-30": "2.80190"}, "EBIT Margin": {"2020-04-30": "4.31010", "2019-04-30": "3.41130", "2018-04-30": "3.16260", "2017-04-30": "4.14570", "2016-04-30": "5.46020", "2015-04-30": "4.16170", "2014-04-30": "2.97900", "2013-04-30": "2.74290", "2012-04-30": "3.12980", "2011-04-30": "3.39090", "2010-04-30": "4.15160", "2009-04-30": "3.19170", "2008-04-30": "2.96620", "2007-04-30": "2.70410", "2006-04-30": "3.07710", "2005-04-30": "2.80190"}, "EBITDA Margin": {"2020-04-30": "7.04760", "2019-04-30": "6.02430", "2018-04-30": "5.79600", "2017-04-30": "6.77850", "2016-04-30": "7.86030", "2015-04-30": "6.17160", "2014-04-30": "4.65190", "2013-04-30": "4.28780", "2012-04-30": "4.51650", "2011-04-30": "4.86980", "2010-04-30": "5.74200", "2009-04-30": "4.66820", "2008-04-30": "4.37360", "2007-04-30": "4.30460", "2006-04-30": "4.75980", "2005-04-30": "4.65600"}, "Pre-Tax Profit Margin": {"2020-04-30": "3.72790", "2019-04-30": "2.81630", "2018-04-30": "2.55550", "2017-04-30": "3.59240", "2016-04-30": "4.89610", "2015-04-30": "3.63100", "2014-04-30": "2.46990", "2013-04-30": "2.25650", "2012-04-30": "2.62620", "2011-04-30": "2.68380", "2010-04-30": "3.91590", "2009-04-30": "2.96510", "2008-04-30": "2.76400", "2007-04-30": "2.42630", "2006-04-30": "2.82240", "2005-04-30": "2.41660"}, "Net Profit Margin": {"2020-04-30": "2.87560", "2019-04-30": "2.17990", "2018-04-30": "3.78860", "2017-04-30": "2.36440", "2016-04-30": "3.17300", "2015-04-30": "2.32550", "2014-04-30": "1.61750", "2013-04-30": "1.43180", "2012-04-30": "1.67140", "2011-04-30": "1.67910", "2010-04-30": "2.52230", "2009-04-30": "1.82690", "2008-04-30": "1.75280", "2007-04-30": "1.53750", "2006-04-30": "1.73140", "2005-04-30": "1.31850"}, "Asset Turnover": {"2020-04-30": "2.32650", "2019-04-30": "2.50660", "2018-04-30": "2.41820", "2017-04-30": "2.48550", "2016-04-30": "2.61250", "2015-04-30": "3.14470", "2014-04-30": "3.40160", "2013-04-30": "3.65460", "2012-04-30": "3.93720", "2011-04-30": "3.49810", "2010-04-30": "3.33900", "2009-04-30": "3.71470", "2008-04-30": "3.97250", "2007-04-30": "3.56460", "2006-04-30": "3.53170", "2005-04-30": "3.20070"}, "Inventory Turnover Ratio": {"2020-04-30": "29.78980", "2019-04-30": "27.09560", "2018-04-30": "27.40010", "2017-04-30": "28.88970", "2016-04-30": "26.87210", "2015-04-30": "32.06510", "2014-04-30": "32.31040", "2013-04-30": "32.60850", "2012-04-30": "35.03700", "2011-04-30": "29.86290", "2010-04-30": "30.76990", "2009-04-30": "37.23830", "2008-04-30": "33.37670", "2007-04-30": "31.37560", "2006-04-30": "30.81660", "2005-04-30": "30.91500"}, "Receiveable Turnover": {"2020-04-30": "145.25460", "2019-04-30": "140.11640", "2018-04-30": "87.65680", "2017-04-30": "118.87860", "2016-04-30": "169.11450", "2015-04-30": "185.67640", "2014-04-30": "204.63160", "2013-04-30": "236.03000", "2012-04-30": "183.29150", "2011-04-30": "88.70200", "2010-04-30": "202.38680", "2009-04-30": "244.10750", "2008-04-30": "198.38850", "2007-04-30": "249.02160", "2006-04-30": "248.06280", "2005-04-30": "207.90110"}, "Days Sales In Receivables": {"2020-04-30": "2.51280", "2019-04-30": "2.60500", "2018-04-30": "4.16400", "2017-04-30": "3.07040", "2016-04-30": "2.15830", "2015-04-30": "1.96580", "2014-04-30": "1.78370", "2013-04-30": "1.54640", "2012-04-30": "1.99140", "2011-04-30": "4.11490", "2010-04-30": "1.80350", "2009-04-30": "1.49520", "2008-04-30": "1.83980", "2007-04-30": "1.46570", "2006-04-30": "1.47140", "2005-04-30": "1.75560"}, "ROE - Return On Equity": {"2020-04-30": "16.05680", "2019-04-30": "14.47260", "2018-04-30": "25.00930", "2017-04-30": "14.90690", "2016-04-30": "20.85740", "2015-04-30": "20.63780", "2014-04-30": "18.03310", "2013-04-30": "17.23640", "2012-04-30": "23.07940", "2011-04-30": "23.42760", "2010-04-30": "14.18890", "2009-04-30": "11.88440", "2008-04-30": "13.11120", "2007-04-30": "11.09540", "2006-04-30": "12.08320", "2005-04-30": "9.05040"}, "Return On Tangible Equity": {"2020-04-30": "17.80180", "2019-04-30": "16.29070", "2018-04-30": "28.11100", "2017-04-30": "16.77850", "2016-04-30": "23.66560", "2015-04-30": "24.14220", "2014-04-30": "21.75830", "2013-04-30": "21.29500", "2012-04-30": "29.07740", "2011-04-30": "29.95780", "2010-04-30": "15.25380", "2009-04-30": "12.78850", "2008-04-30": "14.16820", "2007-04-30": "12.07870", "2006-04-30": "12.42550", "2005-04-30": "9.13190"}, "ROA - Return On Assets": {"2020-04-30": "6.69000", "2019-04-30": "5.46410", "2018-04-30": "9.16170", "2017-04-30": "5.87680", "2016-04-30": "8.28940", "2015-04-30": "7.31300", "2014-04-30": "5.50220", "2013-04-30": "5.23250", "2012-04-30": "6.58050", "2011-04-30": "5.87370", "2010-04-30": "8.42200", "2009-04-30": "6.78630", "2008-04-30": "6.96280", "2007-04-30": "5.62270", "2006-04-30": "6.39280", "2005-04-30": "4.87530"}, "ROI - Return On Investment": {"2020-04-30": "11.19080", "2019-04-30": "7.57370", "2018-04-30": "12.40420", "2017-04-30": "8.45980", "2016-04-30": "11.85430", "2015-04-30": "10.54160", "2014-04-30": "8.14560", "2013-04-30": "8.26960", "2012-04-30": "9.94840", "2011-04-30": "8.74050", "2010-04-30": "11.94620", "2009-04-30": "9.63980", "2008-04-30": "10.24120", "2007-04-30": "8.22720", "2006-04-30": "10.03940", "2005-04-30": "7.16970"}, "Book Value Per Share": {"2020-04-30": "44.64500", "2019-04-30": "38.42380", "2018-04-30": "34.47260", "2017-04-30": "30.71300", "2016-04-30": "27.74130", "2015-04-30": "22.50760", "2014-04-30": "18.26330", "2013-04-30": "15.70440", "2012-04-30": "13.26800", "2011-04-30": "10.63810", "2010-04-30": "16.18660", "2009-04-30": "14.18150", "2008-04-30": "12.76230", "2007-04-30": "11.31140", "2006-04-30": "10.38710", "2005-04-30": "9.34720"}, "Operating Cash Flow Per Share": {"2020-04-30": -0.7887, "2019-04-30": 3.3415, "2018-04-30": -0.5949, "2017-04-30": -0.3787, "2016-04-30": 3.0669, "2015-04-30": 0.8331, "2014-04-30": 0.6687, "2013-04-30": -0.2667, "2012-04-30": 1.5388, "2011-04-30": 1.9488, "2010-04-30": 0.8421, "2009-04-30": -0.1375, "2008-04-30": 1.2496, "2007-04-30": -0.6816, "2006-04-30": 0.3439, "2005-04-30": 2.5766}, "Free Cash Flow Per Share": {"2020-04-30": -1.9204, "2019-04-30": 7.8091, "2018-04-30": -4.7546, "2017-04-30": -1.3896, "2016-04-30": 2.387, "2015-04-30": -0.4667, "2014-04-30": 0.6273, "2013-04-30": -1.8634, "2012-04-30": 0.3011, "2011-04-30": -0.5336, "2010-04-30": 0.9604, "2009-04-30": -1.1938, "2008-04-30": 1.427, "2007-04-30": -0.5209, "2006-04-30": 0.2965, "2005-04-30": 0.7272}}, "financial ratios, quarterly": {"Current Ratio": {"2020-10-31": "1.29680", "2020-07-31": "1.04530", "2020-04-30": "0.36420", "2020-01-31": "0.35270", "2019-10-31": "0.36470", "2019-07-31": "0.76180", "2019-04-30": "0.69480", "2019-01-31": "0.75750", "2018-10-31": "0.81150", "2018-07-31": "0.77360", "2018-04-30": "0.78140", "2018-01-31": "1.03260", "2017-10-31": "1.23220", "2017-07-31": "0.99420", "2017-04-30": "0.82060", "2017-01-31": "0.97140", "2016-10-31": "1.10070", "2016-07-31": "1.03620", "2016-04-30": "0.84080", "2016-01-31": "0.84700", "2015-10-31": "0.80710", "2015-07-31": "0.81370", "2015-04-30": "0.83660", "2015-01-31": "0.78900", "2014-10-31": "0.81030", "2014-07-31": "0.91920", "2014-04-30": "0.99660", "2014-01-31": "1.08170", "2013-10-31": "1.02830", "2013-07-31": "1.10290", "2013-04-30": "0.68590", "2013-01-31": "0.71160", "2012-10-31": "0.82560", "2012-07-31": "0.92160", "2012-04-30": "0.91080", "2012-01-31": "0.92260", "2011-10-31": "0.96690", "2011-07-31": "0.98390", "2011-04-30": "0.99790", "2011-01-31": "1.02700", "2010-10-31": "1.34270", "2010-07-31": "1.12400", "2010-04-30": "1.28730", "2010-01-31": "1.34400", "2009-10-31": "1.41560", "2009-07-31": "1.36810", "2009-04-30": "1.28690", "2009-01-31": "1.30720", "2008-10-31": "1.31620", "2008-07-31": "1.22450", "2008-04-30": "1.20900", "2008-01-31": "1.21400", "2007-10-31": "1.15170", "2007-07-31": "1.07690", "2007-04-30": "1.02710", "2007-01-31": "0.74150", "2006-10-31": "0.71460", "2006-07-31": "0.76500", "2006-04-30": "0.78660", "2006-01-31": "0.69580", "2005-10-31": "0.84960", "2005-07-31": "0.82950", "2005-04-30": "0.83720", "2005-01-31": "0.91470"}, "Long-term Debt / Capital": {"2020-10-31": "0.42270", "2020-07-31": "0.42260", "2020-04-30": "0.30300", "2020-01-31": "0.31040", "2019-10-31": "0.31400", "2019-07-31": "0.46670", "2019-04-30": "0.47670", "2019-01-31": "0.48100", "2018-10-31": "0.48620", "2018-07-31": "0.49860", "2018-04-30": "0.50400", "2018-01-31": "0.49420", "2017-10-31": "0.52960", "2017-07-31": "0.47540", "2017-04-30": "0.43250", "2017-01-31": "0.42950", "2016-10-31": "0.43280", "2016-07-31": "0.43160", "2016-04-30": "0.43170", "2016-01-31": "0.44320", "2015-10-31": "0.45140", "2015-07-31": "0.47250", "2015-04-30": "0.48920", "2015-01-31": "0.50200", "2014-10-31": "0.51390", "2014-07-31": "0.53160", "2014-04-30": "0.54830", "2014-01-31": "0.54890", "2013-10-31": "0.53730", "2013-07-31": "0.55160", "2013-04-30": "0.52020", "2013-01-31": "0.53110", "2012-10-31": "0.53550", "2012-07-31": "0.55070", "2012-04-30": "0.56890", "2012-01-31": "0.58090", "2011-10-31": "0.58740", "2011-07-31": "0.60690", "2011-04-30": "0.62690", "2011-01-31": "0.63800", "2010-10-31": "0.64320", "2010-07-31": "0.11340", "2010-04-30": "0.15810", "2010-01-31": "0.16220", "2009-10-31": "0.16610", "2009-07-31": "0.17020", "2009-04-30": "0.18890", "2009-01-31": "0.19260", "2008-10-31": "0.19520", "2008-07-31": "0.20120", "2008-04-30": "0.21890", "2008-01-31": "0.22710", "2007-10-31": "0.23050", "2007-07-31": "0.23820", "2007-04-30": "0.25850", "2007-01-31": "0.21560", "2006-10-31": "0.21620", "2006-07-31": "0.14940", "2006-04-30": "0.16910", "2006-01-31": "0.17700", "2005-10-31": "0.17880", "2005-07-31": "0.18530", "2005-04-30": "0.20780", "2005-01-31": "0.21540"}, "Debt/Equity Ratio": {"2020-10-31": "0.73350", "2020-07-31": "0.73320", "2020-04-30": "0.85490", "2020-01-31": "0.86170", "2019-10-31": "0.84370", "2019-07-31": "0.92150", "2019-04-30": "0.97640", "2019-01-31": "0.97460", "2018-10-31": "0.95750", "2018-07-31": "1.02750", "2018-04-30": "1.05940", "2018-01-31": "0.98860", "2017-10-31": "1.13920", "2017-07-31": "0.91960", "2017-04-30": "0.77580", "2017-01-31": "0.76540", "2016-10-31": "0.77580", "2016-07-31": "0.77270", "2016-04-30": "0.77370", "2016-01-31": "0.81360", "2015-10-31": "0.83810", "2015-07-31": "0.91200", "2015-04-30": "0.97530", "2015-01-31": "1.03950", "2014-10-31": "1.06720", "2014-07-31": "1.13540", "2014-04-30": "1.21460", "2014-01-31": "1.22820", "2013-10-31": "1.17340", "2013-07-31": "1.25460", "2013-04-30": "1.20870", "2013-01-31": "1.25570", "2012-10-31": "1.17600", "2012-07-31": "1.24550", "2012-04-30": "1.34110", "2012-01-31": "1.39780", "2011-10-31": "1.43600", "2011-07-31": "1.54590", "2011-04-30": "1.68470", "2011-01-31": "1.78930", "2010-10-31": "1.81680", "2010-07-31": "0.19260", "2010-04-30": "0.21760", "2010-01-31": "0.22580", "2009-10-31": "0.23190", "2009-07-31": "0.23870", "2009-04-30": "0.27230", "2009-01-31": "0.28560", "2008-10-31": "0.29040", "2008-07-31": "0.30380", "2008-04-30": "0.33330", "2008-01-31": "0.35630", "2007-10-31": "0.37510", "2007-07-31": "0.39210", "2007-04-30": "0.43170", "2007-01-31": "0.37470", "2006-10-31": "0.37710", "2006-07-31": "0.28220", "2006-04-30": "0.30230", "2006-01-31": "0.32350", "2005-10-31": "0.27470", "2005-07-31": "0.28680", "2005-04-30": "0.32120", "2005-01-31": "0.34970"}, "Gross Margin": {"2020-10-31": "28.51030", "2020-07-31": "29.61980", "2020-04-30": "28.96330", "2020-01-31": "22.10050", "2019-10-31": "22.39380", "2019-07-31": "21.53660", "2019-04-30": "20.76620", "2019-01-31": "22.96130", "2018-10-31": "20.10720", "2018-07-31": "20.15770", "2018-04-30": "19.39240", "2018-01-31": "20.43820", "2017-10-31": "21.71370", "2017-07-31": "22.76770", "2017-04-30": "21.56660", "2017-01-31": "22.01300", "2016-10-31": "23.09920", "2016-07-31": "22.83130", "2016-04-30": "24.52510", "2016-01-31": "23.70260", "2015-10-31": "23.01730", "2015-07-31": "20.07440", "2015-04-30": "20.95360", "2015-01-31": "20.99610", "2014-10-31": "17.26720", "2014-07-31": "16.18870", "2014-04-30": "14.77520", "2014-01-31": "15.45710", "2013-10-31": "15.83850", "2013-07-31": "16.19200", "2013-04-30": "14.10520", "2013-01-31": "15.01990", "2012-10-31": "14.61110", "2012-07-31": "15.36020", "2012-04-30": "13.99370", "2012-01-31": "14.48750", "2011-10-31": "14.74980", "2011-07-31": "14.23720", "2011-04-30": "14.01670", "2011-01-31": "14.73810", "2010-10-31": "16.84870", "2010-07-31": "17.17820", "2010-04-30": "16.04190", "2010-01-31": "15.84740", "2009-10-31": "17.86760", "2009-07-31": "18.53000", "2009-04-30": "19.49280", "2009-01-31": "18.97690", "2008-10-31": "13.74080", "2008-07-31": "12.70760", "2008-04-30": "13.13230", "2008-01-31": "13.86470", "2007-10-31": "15.06090", "2007-07-31": "14.72230", "2007-04-30": "15.23670", "2007-01-31": "15.17910", "2006-10-31": "14.44910", "2006-07-31": "13.28190", "2006-04-30": "14.10950", "2006-01-31": "14.78660", "2005-10-31": "15.01220", "2005-07-31": "16.36490", "2005-04-30": "15.69170", "2005-01-31": "16.59650"}, "Operating Margin": {"2020-10-31": "7.09050", "2020-07-31": "8.15170", "2020-04-30": "5.09630", "2020-01-31": "2.50190", "2019-10-31": "4.85590", "2019-07-31": "4.79840", "2019-04-30": "1.98940", "2019-01-31": "3.29110", "2018-10-31": "4.12840", "2018-07-31": "3.99990", "2018-04-30": "1.52720", "2018-01-31": "1.93910", "2017-10-31": "4.20440", "2017-07-31": "4.92330", "2017-04-30": "2.90730", "2017-01-31": "2.60770", "2016-10-31": "5.18500", "2016-07-31": "5.67550", "2016-04-30": "5.03430", "2016-01-31": "4.32470", "2015-10-31": "6.92120", "2015-07-31": "5.28470", "2015-04-30": "4.34400", "2015-01-31": "4.29630", "2014-10-31": "4.14960", "2014-07-31": "3.94320", "2014-04-30": "1.97650", "2014-01-31": "1.63860", "2013-10-31": "3.48930", "2013-07-31": "4.53700", "2013-04-30": "1.88730", "2013-01-31": "1.90000", "2012-10-31": "3.24980", "2012-07-31": "3.80230", "2012-04-30": "2.49240", "2012-01-31": "2.21050", "2011-10-31": "3.79540", "2011-07-31": "3.86750", "2011-04-30": "2.88700", "2011-01-31": "2.20170", "2010-10-31": "4.00680", "2010-07-31": "4.55370", "2010-04-30": "3.01110", "2010-01-31": "2.72340", "2009-10-31": "4.92000", "2009-07-31": "5.87710", "2009-04-30": "3.33150", "2009-01-31": "2.95090", "2008-10-31": "3.32600", "2008-07-31": "3.12420", "2008-04-30": "2.00660", "2008-01-31": "1.94470", "2007-10-31": "3.89200", "2007-07-31": "3.94260", "2007-04-30": "2.93850", "2007-01-31": "2.19500", "2006-10-31": "2.92750", "2006-07-31": "2.71160", "2006-04-30": "2.24000", "2006-01-31": "1.70000", "2005-10-31": "3.85490", "2005-07-31": "4.33620", "2005-04-30": "2.21640", "2005-01-31": "2.19160"}, "EBIT Margin": {"2020-10-31": "7.09050", "2020-07-31": "8.15170", "2020-04-30": "5.09630", "2020-01-31": "2.50190", "2019-10-31": "4.85590", "2019-07-31": "4.79840", "2019-04-30": "1.98950", "2019-01-31": "3.29110", "2018-10-31": "4.12840", "2018-07-31": "3.99990", "2018-04-30": "1.52720", "2018-01-31": "1.93910", "2017-10-31": "4.20440", "2017-07-31": "4.92330", "2017-04-30": "2.90730", "2017-01-31": "2.60770", "2016-10-31": "5.18500", "2016-07-31": "5.67550", "2016-04-30": "5.03430", "2016-01-31": "4.32470", "2015-10-31": "6.92120", "2015-07-31": "5.28470", "2015-04-30": "4.34400", "2015-01-31": "4.29630", "2014-10-31": "4.14960", "2014-07-31": "3.94320", "2014-04-30": "1.97650", "2014-01-31": "1.63860", "2013-10-31": "3.48930", "2013-07-31": "4.53700", "2013-04-30": "1.88730", "2013-01-31": "1.90000", "2012-10-31": "3.24980", "2012-07-31": "3.80230", "2012-04-30": "2.49240", "2012-01-31": "2.21050", "2011-10-31": "3.79540", "2011-07-31": "3.86750", "2011-04-30": "2.88700", "2011-01-31": "2.20170", "2010-10-31": "4.00680", "2010-07-31": "4.55370", "2010-04-30": "3.01110", "2010-01-31": "2.72340", "2009-10-31": "4.92000", "2009-07-31": "5.87710", "2009-04-30": "3.33150", "2009-01-31": "2.95090", "2008-10-31": "3.32600", "2008-07-31": "3.12420", "2008-04-30": "2.00660", "2008-01-31": "1.94470", "2007-10-31": "3.89200", "2007-07-31": "3.94260", "2007-04-30": "2.93850", "2007-01-31": "2.19500", "2006-10-31": "2.92750", "2006-07-31": "2.71160", "2006-04-30": "2.24000", "2006-01-31": "1.70000", "2005-10-31": "3.85490", "2005-07-31": "4.33620", "2005-04-30": "2.21640", "2005-01-31": "2.19160"}, "EBITDA Margin": {"2020-10-31": "", "2020-07-31": "", "2020-04-30": "", "2020-01-31": "", "2019-10-31": "", "2019-07-31": "", "2019-04-30": "", "2019-01-31": "", "2018-10-31": "", "2018-07-31": "", "2018-04-30": "", "2018-01-31": "", "2017-10-31": "", "2017-07-31": "", "2017-04-30": "", "2017-01-31": "", "2016-10-31": "", "2016-07-31": "", "2016-04-30": "", "2016-01-31": "", "2015-10-31": "", "2015-07-31": "", "2015-04-30": "", "2015-01-31": "", "2014-10-31": "", "2014-07-31": "", "2014-04-30": "", "2014-01-31": "", "2013-10-31": "", "2013-07-31": "", "2013-04-30": "", "2013-01-31": "", "2012-10-31": "", "2012-07-31": "", "2012-04-30": "", "2012-01-31": "", "2011-10-31": "", "2011-07-31": "", "2011-04-30": "", "2011-01-31": "", "2010-10-31": "", "2010-07-31": "", "2010-04-30": "", "2010-01-31": "", "2009-10-31": "", "2009-07-31": "", "2009-04-30": "", "2009-01-31": "", "2008-10-31": "", "2008-07-31": "", "2008-04-30": "", "2008-01-31": "", "2007-10-31": "", "2007-07-31": "", "2007-04-30": "", "2007-01-31": "", "2006-10-31": "", "2006-07-31": "", "2006-04-30": "", "2006-01-31": "", "2005-10-31": "", "2005-07-31": "", "2005-04-30": "", "2005-01-31": ""}, "Pre-Tax Profit Margin": {"2020-10-31": "6.61060", "2020-07-31": "7.51480", "2020-04-30": "4.33460", "2020-01-31": "1.91440", "2019-10-31": "4.34600", "2019-07-31": "4.27610", "2019-04-30": "1.35830", "2019-01-31": "2.64130", "2018-10-31": "3.56930", "2018-07-31": "3.44340", "2018-04-30": "0.89920", "2018-01-31": "1.28350", "2017-10-31": "3.60190", "2017-07-31": "4.38000", "2017-04-30": "2.34610", "2017-01-31": "2.01110", "2016-10-31": "4.66020", "2016-07-31": "5.14050", "2016-04-30": "4.40590", "2016-01-31": "3.67770", "2015-10-31": "6.40110", "2015-07-31": "4.79240", "2015-04-30": "3.72920", "2015-01-31": "3.68680", "2014-10-31": "3.66780", "2014-07-31": "3.48470", "2014-04-30": "1.43890", "2014-01-31": "1.07310", "2013-10-31": "2.99840", "2013-07-31": "4.08420", "2013-04-30": "1.39190", "2013-01-31": "1.37280", "2012-10-31": "2.79800", "2012-07-31": "3.32570", "2012-04-30": "1.99300", "2012-01-31": "1.65760", "2011-10-31": "3.30300", "2011-07-31": "3.39080", "2011-04-30": "2.31470", "2011-01-31": "1.55350", "2010-10-31": "2.55850", "2010-07-31": "4.36810", "2010-04-30": "2.77600", "2010-01-31": "2.47680", "2009-10-31": "4.68560", "2009-07-31": "5.64940", "2009-04-30": "3.00420", "2009-01-31": "2.62620", "2008-10-31": "3.15240", "2008-07-31": "2.96060", "2008-04-30": "1.77870", "2008-01-31": "1.74400", "2007-10-31": "3.69440", "2007-07-31": "3.75930", "2007-04-30": "2.61750", "2007-01-31": "1.88200", "2006-10-31": "2.66040", "2006-07-31": "2.49300", "2006-04-30": "1.94570", "2006-01-31": "1.43860", "2005-10-31": "3.64750", "2005-07-31": "4.07480", "2005-04-30": "1.85370", "2005-01-31": "1.76100"}, "Net Profit Margin": {"2020-10-31": "5.05360", "2020-07-31": "5.72880", "2020-04-30": "3.42500", "2020-01-31": "1.51050", "2019-10-31": "3.29560", "2019-07-31": "3.26710", "2019-04-30": "1.15740", "2019-01-31": "2.04260", "2018-10-31": "2.62470", "2018-07-31": "2.71300", "2018-04-30": "0.92210", "2018-01-31": "9.39180", "2017-10-31": "2.27130", "2017-07-31": "2.71080", "2017-04-30": "1.62900", "2017-01-31": "1.29010", "2016-10-31": "2.97800", "2016-07-31": "3.42080", "2016-04-30": "2.97190", "2016-01-31": "2.43300", "2015-10-31": "4.10650", "2015-07-31": "3.01700", "2015-04-30": "2.49980", "2015-01-31": "2.35170", "2014-10-31": "2.31930", "2014-07-31": "2.18650", "2014-04-30": "1.09100", "2014-01-31": "0.70680", "2013-10-31": "1.95600", "2013-07-31": "2.54380", "2013-04-30": "0.91020", "2013-01-31": "0.93020", "2012-10-31": "1.71890", "2012-07-31": "2.08910", "2012-04-30": "1.31630", "2012-01-31": "1.05760", "2011-10-31": "2.11120", "2011-07-31": "2.10220", "2011-04-30": "1.46950", "2011-01-31": "0.93690", "2010-10-31": "1.60740", "2010-07-31": "2.73750", "2010-04-30": "1.85920", "2010-01-31": "1.54720", "2009-10-31": "2.90850", "2009-07-31": "3.72010", "2009-04-30": "1.76070", "2009-01-31": "1.65090", "2008-10-31": "1.96540", "2008-07-31": "1.83660", "2008-04-30": "1.18070", "2008-01-31": "1.12890", "2007-10-31": "2.32700", "2007-07-31": "2.32740", "2007-04-30": "1.65030", "2007-01-31": "1.22300", "2006-10-31": "1.70700", "2006-07-31": "1.54240", "2006-04-30": "1.19530", "2006-01-31": "0.87100", "2005-10-31": "2.30240", "2005-07-31": "2.43580", "2005-04-30": "1.04170", "2005-01-31": "0.37760"}, "Asset Turnover": {"2020-10-31": "0.51250", "2020-07-31": "0.51350", "2020-04-30": "0.45970", "2020-01-31": "0.57320", "2019-10-31": "0.64350", "2019-07-31": "0.68460", "2019-04-30": "0.58380", "2019-01-31": "0.57150", "2018-10-31": "0.71580", "2018-07-31": "0.73440", "2018-04-30": "0.60200", "2018-01-31": "0.59500", "2017-10-31": "0.62970", "2017-07-31": "0.66310", "2017-04-30": "0.61140", "2017-01-31": "0.59470", "2016-10-31": "0.65040", "2016-07-31": "0.68260", "2016-04-30": "0.58070", "2016-01-31": "0.58640", "2015-10-31": "0.73160", "2015-07-31": "0.80200", "2015-04-30": "0.66960", "2015-01-31": "0.70030", "2014-10-31": "0.89520", "2014-07-31": "0.96040", "2014-04-30": "0.83280", "2014-01-31": "0.80410", "2013-10-31": "0.92200", "2013-07-31": "0.96460", "2013-04-30": "0.91150", "2013-01-31": "0.85930", "2012-10-31": "1.02690", "2012-07-31": "1.01240", "2012-04-30": "0.98740", "2012-01-31": "0.91610", "2011-10-31": "1.04950", "2011-07-31": "1.09640", "2011-04-30": "0.96180", "2011-01-31": "0.89570", "2010-10-31": "0.89760", "2010-07-31": "0.94160", "2010-04-30": "0.84950", "2010-01-31": "0.82430", "2009-10-31": "0.86040", "2009-07-31": "0.91480", "2009-04-30": "0.69960", "2009-01-31": "0.70190", "2008-10-31": "1.14530", "2008-07-31": "1.24690", "2008-04-30": "1.00070", "2008-01-31": "0.97740", "2007-10-31": "1.00470", "2007-07-31": "1.09700", "2007-04-30": "0.88930", "2007-01-31": "0.88110", "2006-10-31": "0.96860", "2006-07-31": "1.10930", "2006-04-30": "0.88240", "2006-01-31": "0.85520", "2005-10-31": "1.06190", "2005-07-31": "0.94830", "2005-04-30": "0.80930", "2005-01-31": "0.76710"}, "Inventory Turnover Ratio": {"2020-10-31": "6.34060", "2020-07-31": "6.20410", "2020-04-30": "5.45670", "2020-01-31": "6.65440", "2019-10-31": "7.11210", "2019-07-31": "7.52840", "2019-04-30": "6.32150", "2019-01-31": "6.28870", "2018-10-31": "7.83970", "2018-07-31": "7.83190", "2018-04-30": "6.96790", "2018-01-31": "6.39590", "2017-10-31": "6.97650", "2017-07-31": "7.15590", "2017-04-30": "7.18220", "2017-01-31": "6.58280", "2016-10-31": "7.09660", "2016-07-31": "7.38820", "2016-04-30": "5.82830", "2016-01-31": "6.29750", "2015-10-31": "7.25290", "2015-07-31": "7.60390", "2015-04-30": "6.62500", "2015-01-31": "7.84950", "2014-10-31": "8.90760", "2014-07-31": "8.79230", "2014-04-30": "7.98670", "2014-01-31": "7.93010", "2013-10-31": "8.49140", "2013-07-31": "8.61720", "2013-04-30": "8.19690", "2013-01-31": "7.63090", "2012-10-31": "9.15510", "2012-07-31": "8.85670", "2012-04-30": "8.82500", "2012-01-31": "8.33760", "2011-10-31": "9.50530", "2011-07-31": "9.80260", "2011-04-30": "8.36880", "2011-01-31": "8.69700", "2010-10-31": "9.17170", "2010-07-31": "9.15080", "2010-04-30": "7.92750", "2010-01-31": "8.32310", "2009-10-31": "8.06510", "2009-07-31": "8.36780", "2009-04-30": "6.67650", "2009-01-31": "6.94850", "2008-10-31": "11.05960", "2008-07-31": "9.82110", "2008-04-30": "8.51270", "2008-01-31": "8.53410", "2007-10-31": "8.85480", "2007-07-31": "9.37300", "2007-04-30": "7.75980", "2007-01-31": "8.07160", "2006-10-31": "8.52500", "2006-07-31": "8.89910", "2006-04-30": "7.78620", "2006-01-31": "7.44890", "2005-10-31": "9.90630", "2005-07-31": "9.03230", "2005-04-30": "7.88140", "2005-01-31": "6.53820"}, "Receiveable Turnover": {"2020-10-31": "39.49290", "2020-07-31": "37.82810", "2020-04-30": "28.69980", "2020-01-31": "32.83290", "2019-10-31": "37.62290", "2019-07-31": "48.09530", "2019-04-30": "32.63470", "2019-01-31": "36.27870", "2018-10-31": "39.82810", "2018-07-31": "29.11950", "2018-04-30": "21.82290", "2018-01-31": "27.48890", "2017-10-31": "50.56330", "2017-07-31": "45.54180", "2017-04-30": "29.24160", "2017-01-31": "38.84720", "2016-10-31": "54.86500", "2016-07-31": "57.04750", "2016-04-30": "37.58740", "2016-01-31": "40.21310", "2015-10-31": "60.28510", "2015-07-31": "60.87220", "2015-04-30": "39.53570", "2015-01-31": "70.12970", "2014-10-31": "69.28570", "2014-07-31": "75.53940", "2014-04-30": "50.10090", "2014-01-31": "46.53120", "2013-10-31": "78.88110", "2013-07-31": "81.59380", "2013-04-30": "58.87140", "2013-01-31": "45.72840", "2012-10-31": "64.64810", "2012-07-31": "87.90360", "2012-04-30": "45.96850", "2012-01-31": "42.36060", "2011-10-31": "90.24490", "2011-07-31": "83.88920", "2011-04-30": "24.39000", "2011-01-31": "26.07390", "2010-10-31": "52.40040", "2010-07-31": "104.50600", "2010-04-30": "51.49290", "2010-01-31": "48.67760", "2009-10-31": "64.09350", "2009-07-31": "122.06530", "2009-04-30": "45.97670", "2009-01-31": "54.79540", "2008-10-31": "67.30130", "2008-07-31": "74.85420", "2008-04-30": "49.97660", "2008-01-31": "60.51790", "2007-10-31": "85.66250", "2007-07-31": "83.67730", "2007-04-30": "62.12730", "2007-01-31": "53.61640", "2006-10-31": "79.17130", "2006-07-31": "109.08740", "2006-04-30": "61.97760", "2006-01-31": "49.14600", "2005-10-31": "108.35360", "2005-07-31": "104.07740", "2005-04-30": "52.56480", "2005-01-31": "34.42610"}, "Days Sales In Receivables": {"2020-10-31": "2.27890", "2020-07-31": "2.37920", "2020-04-30": "3.13590", "2020-01-31": "2.74120", "2019-10-31": "2.39220", "2019-07-31": "1.87130", "2019-04-30": "2.75780", "2019-01-31": "2.48080", "2018-10-31": "2.25970", "2018-07-31": "3.09070", "2018-04-30": "4.12410", "2018-01-31": "3.27400", "2017-10-31": "1.77990", "2017-07-31": "1.97620", "2017-04-30": "3.07780", "2017-01-31": "2.31680", "2016-10-31": "1.64040", "2016-07-31": "1.57760", "2016-04-30": "2.39440", "2016-01-31": "2.23810", "2015-10-31": "1.49290", "2015-07-31": "1.47850", "2015-04-30": "2.27640", "2015-01-31": "1.28330", "2014-10-31": "1.29900", "2014-07-31": "1.19140", "2014-04-30": "1.79640", "2014-01-31": "1.93420", "2013-10-31": "1.14100", "2013-07-31": "1.10300", "2013-04-30": "1.52880", "2013-01-31": "1.96810", "2012-10-31": "1.39220", "2012-07-31": "1.02380", "2012-04-30": "1.95790", "2012-01-31": "2.12460", "2011-10-31": "0.99730", "2011-07-31": "1.07280", "2011-04-30": "3.69000", "2011-01-31": "3.45170", "2010-10-31": "1.71750", "2010-07-31": "0.86120", "2010-04-30": "1.74780", "2010-01-31": "1.84890", "2009-10-31": "1.40420", "2009-07-31": "0.73730", "2009-04-30": "1.95750", "2009-01-31": "1.64250", "2008-10-31": "1.33730", "2008-07-31": "1.20230", "2008-04-30": "1.80080", "2008-01-31": "1.48720", "2007-10-31": "1.05060", "2007-07-31": "1.07560", "2007-04-30": "1.44860", "2007-01-31": "1.67860", "2006-10-31": "1.13680", "2006-07-31": "0.82500", "2006-04-30": "1.45210", "2006-01-31": "1.83130", "2005-10-31": "0.83060", "2005-07-31": "0.86470", "2005-04-30": "1.71220", "2005-01-31": "2.61430"}, "ROE - Return On Equity": {"2020-10-31": "6.02110", "2020-07-31": "6.88610", "2020-04-30": "3.77870", "2020-01-31": "2.13770", "2019-10-31": "5.24900", "2019-07-31": "5.76240", "2019-04-30": "1.78960", "2019-01-31": "3.00780", "2018-10-31": "4.90870", "2018-07-31": "5.40730", "2018-04-30": "1.51530", "2018-01-31": "14.51080", "2017-10-31": "4.23780", "2017-07-31": "4.86560", "2017-04-30": "2.52620", "2017-01-31": "1.87860", "2016-10-31": "4.76730", "2016-07-31": "5.86510", "2016-04-30": "4.34200", "2016-01-31": "3.65240", "2015-10-31": "7.82960", "2015-07-31": "6.60390", "2015-04-30": "4.72370", "2015-01-31": "4.68580", "2014-10-31": "6.23280", "2014-07-31": "6.66040", "2014-04-30": "2.97780", "2014-01-31": "1.80310", "2013-10-31": "5.69680", "2013-07-31": "8.23220", "2013-04-30": "2.73300", "2013-01-31": "2.65010", "2012-10-31": "5.73940", "2012-07-31": "7.16500", "2012-04-30": "4.55870", "2012-01-31": "3.43860", "2011-10-31": "7.95510", "2011-07-31": "8.95980", "2011-04-30": "5.63760", "2011-01-31": "3.34270", "2010-10-31": "5.75810", "2010-07-31": "4.34340", "2010-04-30": "2.66100", "2010-01-31": "2.13930", "2009-10-31": "4.23840", "2009-07-31": "5.79960", "2009-04-30": "2.15730", "2009-01-31": "1.97830", "2008-10-31": "3.91520", "2008-07-31": "4.27500", "2008-04-30": "2.21800", "2008-01-31": "2.02810", "2007-10-31": "4.43330", "2007-07-31": "4.99700", "2007-04-30": "3.14190", "2007-01-31": "1.99800", "2006-10-31": "3.09750", "2006-07-31": "3.17240", "2006-04-30": "2.13610", "2006-01-31": "1.46760", "2005-10-31": "4.39750", "2005-07-31": "4.52020", "2005-04-30": "1.60660", "2005-01-31": "1.58790"}, "Return On Tangible Equity": {"2020-10-31": "6.59200", "2020-07-31": "7.58360", "2020-04-30": "4.18930", "2020-01-31": "2.37320", "2019-10-31": "5.83830", "2019-07-31": "6.44260", "2019-04-30": "2.01450", "2019-01-31": "3.35780", "2018-10-31": "5.47620", "2018-07-31": "6.06390", "2018-04-30": "1.70330", "2018-01-31": "16.18770", "2017-10-31": "4.81000", "2017-07-31": "5.49070", "2017-04-30": "2.84340", "2017-01-31": "2.10380", "2016-10-31": "5.34480", "2016-07-31": "6.60540", "2016-04-30": "4.92660", "2016-01-31": "4.16310", "2015-10-31": "8.95700", "2015-07-31": "7.64120", "2015-04-30": "5.52580", "2015-01-31": "5.52180", "2014-10-31": "7.40920", "2014-07-31": "8.01260", "2014-04-30": "3.59300", "2014-01-31": "2.17530", "2013-10-31": "6.88860", "2013-07-31": "9.98640", "2013-04-30": "3.37660", "2013-01-31": "3.29820", "2012-10-31": "7.02370", "2012-07-31": "8.86340", "2012-04-30": "5.74350", "2012-01-31": "4.38000", "2011-10-31": "10.20750", "2011-07-31": "11.74320", "2011-04-30": "7.20900", "2011-01-31": "4.30970", "2010-10-31": "7.03230", "2010-07-31": "4.65590", "2010-04-30": "2.86070", "2010-01-31": "2.29880", "2009-10-31": "4.53340", "2009-07-31": "6.21540", "2009-04-30": "2.32150", "2009-01-31": "2.13150", "2008-10-31": "4.21990", "2008-07-31": "4.61200", "2008-04-30": "2.39680", "2008-01-31": "2.19100", "2007-10-31": "4.79590", "2007-07-31": "5.41980", "2007-04-30": "3.42040", "2007-01-31": "2.17350", "2006-10-31": "3.36080", "2006-07-31": "3.25970", "2006-04-30": "2.19660", "2006-01-31": "1.46760", "2005-10-31": "4.39750", "2005-07-31": "4.52020", "2005-04-30": "1.62100", "2005-01-31": "1.58790"}, "ROA - Return On Assets": {"2020-10-31": "2.59000", "2020-07-31": "2.94200", "2020-04-30": "1.57440", "2020-01-31": "0.86590", "2019-10-31": "2.12060", "2019-07-31": "2.23670", "2019-04-30": "0.67570", "2019-01-31": "1.16740", "2018-10-31": "1.87880", "2018-07-31": "1.99240", "2018-04-30": "0.55510", "2018-01-31": "5.58800", "2017-10-31": "1.43030", "2017-07-31": "1.79760", "2017-04-30": "0.99590", "2017-01-31": "0.76720", "2016-10-31": "1.93680", "2016-07-31": "2.33510", "2016-04-30": "1.72570", "2016-01-31": "1.42660", "2015-10-31": "3.00410", "2015-07-31": "2.41960", "2015-04-30": "1.67380", "2015-01-31": "1.64680", "2014-10-31": "2.07620", "2014-07-31": "2.10000", "2014-04-30": "0.90860", "2014-01-31": "0.56840", "2013-10-31": "1.80350", "2013-07-31": "2.45370", "2013-04-30": "0.82970", "2013-01-31": "0.79930", "2012-10-31": "1.76510", "2012-07-31": "2.11500", "2012-04-30": "1.29980", "2012-01-31": "0.96880", "2011-10-31": "2.21570", "2011-07-31": "2.30480", "2011-04-30": "1.41340", "2011-01-31": "0.83920", "2010-10-31": "1.44280", "2010-07-31": "2.57780", "2010-04-30": "1.57940", "2010-01-31": "1.27540", "2009-10-31": "2.50250", "2009-07-31": "3.40310", "2009-04-30": "1.23190", "2009-01-31": "1.15870", "2008-10-31": "2.25090", "2008-07-31": "2.29010", "2008-04-30": "1.17790", "2008-01-31": "1.09100", "2007-10-31": "2.33930", "2007-07-31": "2.56810", "2007-04-30": "1.59220", "2007-01-31": "1.07960", "2006-10-31": "1.65230", "2006-07-31": "1.73000", "2006-04-30": "1.13010", "2006-01-31": "0.80950", "2005-10-31": "2.46720", "2005-07-31": "2.44230", "2005-04-30": "0.86540", "2005-01-31": "0.86460"}, "ROI - Return On Investment": {"2020-10-31": "3.47580", "2020-07-31": "3.97600", "2020-04-30": "2.63350", "2020-01-31": "1.47410", "2019-10-31": "3.60050", "2019-07-31": "3.07290", "2019-04-30": "0.93650", "2019-01-31": "1.56110", "2018-10-31": "2.52230", "2018-07-31": "2.71100", "2018-04-30": "0.75160", "2018-01-31": "7.33950", "2017-10-31": "1.99340", "2017-07-31": "2.55240", "2017-04-30": "1.43370", "2017-01-31": "1.07180", "2016-10-31": "2.70420", "2016-07-31": "3.33380", "2016-04-30": "2.46780", "2016-01-31": "2.03350", "2015-10-31": "4.29540", "2015-07-31": "3.48390", "2015-04-30": "2.41280", "2015-01-31": "2.33350", "2014-10-31": "3.02960", "2014-07-31": "3.11990", "2014-04-30": "1.34510", "2014-01-31": "0.81340", "2013-10-31": "2.63580", "2013-07-31": "3.69100", "2013-04-30": "1.31120", "2013-01-31": "1.24270", "2012-10-31": "2.66590", "2012-07-31": "3.21910", "2012-04-30": "1.96500", "2012-01-31": "1.44110", "2011-10-31": "3.28230", "2011-07-31": "3.52240", "2011-04-30": "2.10330", "2011-01-31": "1.21000", "2010-10-31": "2.05440", "2010-07-31": "3.85060", "2010-04-30": "2.24040", "2010-01-31": "1.79220", "2009-10-31": "3.53440", "2009-07-31": "4.81270", "2009-04-30": "1.74990", "2009-01-31": "1.59720", "2008-10-31": "3.15100", "2008-07-31": "3.41470", "2008-04-30": "1.73250", "2008-01-31": "1.56750", "2007-10-31": "3.41160", "2007-07-31": "3.80660", "2007-04-30": "2.32970", "2007-01-31": "1.56710", "2006-10-31": "2.42790", "2006-07-31": "2.69850", "2006-04-30": "1.77480", "2006-01-31": "1.20780", "2005-10-31": "3.61100", "2005-07-31": "3.68250", "2005-04-30": "1.27270", "2005-01-31": "1.24590"}, "Book Value Per Share": {"2020-10-31": "50.35370", "2020-07-31": "47.45030", "2020-04-30": "44.64460", "2020-01-31": "43.17580", "2019-10-31": "42.45120", "2019-07-31": "40.48650", "2019-04-30": "38.42380", "2019-01-31": "37.97070", "2018-10-31": "37.07360", "2018-07-31": "35.48840", "2018-04-30": "34.47260", "2018-01-31": "35.42740", "2017-10-31": "30.74370", "2017-07-31": "30.78110", "2017-04-30": "30.71300", "2017-01-31": "31.00940", "2016-10-31": "30.60430", "2016-07-31": "29.32730", "2016-04-30": "27.74130", "2016-01-31": "26.71200", "2015-10-31": "25.87760", "2015-07-31": "24.00490", "2015-04-30": "22.50760", "2015-01-31": "21.59760", "2014-10-31": "20.65900", "2014-07-31": "19.46130", "2014-04-30": "18.26330", "2014-01-31": "18.23300", "2013-10-31": "17.98720", "2013-07-31": "17.01400", "2013-04-30": "15.70440", "2013-01-31": "15.22270", "2012-10-31": "14.94500", "2012-07-31": "14.22200", "2012-04-30": "13.26800", "2012-01-31": "12.75310", "2011-10-31": "12.42860", "2011-07-31": "11.55370", "2011-04-30": "10.63810", "2011-01-31": "10.14910", "2010-10-31": "9.93170", "2010-07-31": "22.68180", "2010-04-30": "16.18660", "2010-01-31": "15.82940", "2009-10-31": "15.56690", "2009-07-31": "14.97710", "2009-04-30": "14.18150", "2009-01-31": "13.94450", "2008-10-31": "13.73390", "2008-07-31": "13.26090", "2008-04-30": "12.76230", "2008-01-31": "12.53030", "2007-10-31": "12.32520", "2007-07-31": "11.83270", "2007-04-30": "11.31140", "2007-01-31": "11.15950", "2006-10-31": "10.97990", "2006-07-31": "10.68560", "2006-04-30": "10.38710", "2006-01-31": "10.22340", "2005-10-31": "10.11990", "2005-07-31": "9.72100", "2005-04-30": "9.34720", "2005-01-31": "9.23940"}, "Operating Cash Flow Per Share": {"2020-10-31": 5.354, "2020-07-31": "9.45300", "2020-04-30": 2.8006, "2020-01-31": 2.3757, "2019-10-31": 3.5655, "2019-07-31": "4.82010", "2019-04-30": 4.1448, "2019-01-31": 1.9857, "2018-10-31": 4.162, "2018-07-31": "4.05810", "2018-04-30": 3.2104, "2018-01-31": 1.4723, "2017-10-31": 3.3105, "2017-07-31": "3.01590", "2017-04-30": 3.6352, "2017-01-31": 1.9156, "2016-10-31": 1.9819, "2016-07-31": "4.07130", "2016-04-30": 3.1201, "2016-01-31": 2.5147, "2015-10-31": 3.6727, "2015-07-31": "2.67520", "2015-04-30": 2.7841, "2015-01-31": 1.4364, "2014-10-31": 1.7123, "2014-07-31": "2.98300", "2014-04-30": 2.6704, "2014-01-31": 0.6471, "2013-10-31": 1.2051, "2013-07-31": "3.56010", "2013-04-30": 2.377, "2013-01-31": 0.9334, "2012-10-31": 1.3416, "2012-07-31": "2.76200", "2012-04-30": 1.8497, "2012-01-31": 0.9115, "2011-10-31": 0.6709, "2011-07-31": "4.24860", "2011-04-30": 1.3721, "2011-01-31": 0.8793, "2010-10-31": 1.8663, "2010-07-31": "2.02420", "2010-04-30": 0.9817, "2010-01-31": 0.6806, "2009-10-31": 1.0704, "2009-07-31": "1.46040", "2009-04-30": 1.2815, "2009-01-31": 0.648, "2008-10-31": 0.2125, "2008-07-31": "1.20900", "2008-04-30": 1.091, "2008-01-31": 0.3683, "2007-10-31": 0.8091, "2007-07-31": "1.22010", "2007-04-30": 1.1782, "2007-01-31": 0.4236, "2006-10-31": 0.3263, "2006-07-31": "0.31080", "2006-04-30": 1.4818, "2006-01-31": -0.0343, "2005-10-31": 0.2723, "2005-07-31": "1.20070", "2005-04-30": 1.0221, "2005-01-31": 1.5545}, "Free Cash Flow Per Share": {"2020-10-31": 2.3318, "2020-07-31": "8.28630", "2020-04-30": 0.8261, "2020-01-31": -0.877, "2019-10-31": -0.1883, "2019-07-31": "2.13180", "2019-04-30": 1.9016, "2019-01-31": -1.0341, "2018-10-31": 1.4728, "2018-07-31": "1.47270", "2018-04-30": -0.6612, "2018-01-31": -3.2056, "2017-10-31": -0.8296, "2017-07-31": "0.70030", "2017-04-30": 0.9266, "2017-01-31": -1.1314, "2016-10-31": -1.0549, "2016-07-31": "2.01820", "2016-04-30": 1.1218, "2016-01-31": -0.061, "2015-10-31": 0.922, "2015-07-31": "0.16530", "2015-04-30": 1.0425, "2015-01-31": -1.0124, "2014-10-31": -0.99, "2014-07-31": "0.72100", "2014-04-30": 0.9893, "2014-01-31": -1.3571, "2013-10-31": -1.11, "2013-07-31": "1.70560", "2013-04-30": 0.744, "2013-01-31": -1.1322, "2012-10-31": -0.9255, "2012-07-31": "0.91420", "2012-04-30": 0.3998, "2012-01-31": -0.8908, "2011-10-31": -1.0626, "2011-07-31": "3.01750", "2011-04-30": 0.4227, "2011-01-31": -1.1042, "2010-10-31": 0.5827, "2010-07-31": "1.26160", "2010-04-30": 0.4505, "2010-01-31": 0.0925, "2009-10-31": 0.293, "2009-07-31": "0.86040", "2009-04-30": 0.5746, "2009-01-31": -0.0823, "2008-10-31": -0.4814, "2008-07-31": "0.72510", "2008-04-30": 0.8872, "2008-01-31": -0.0605, "2007-10-31": 0.3362, "2007-07-31": "0.76690", "2007-04-30": 0.7476, "2007-01-31": 0.055, "2006-10-31": -0.1578, "2006-07-31": "-0.14200", "2006-04-30": 1.1934, "2006-01-31": -0.5246, "2005-10-31": -0.3326, "2005-07-31": "0.68750", "2005-04-30": 0.4944, "2005-01-31": 0.2328}}, "revenue": {"Casey's General Stores Annual Revenue (Millions of US $)": {"2020": "$9,175", "2019": "$9,353", "2018": "$8,391", "2017": "$7,507", "2016": "$7,122", "2015": "$7,767", "2014": "$7,840", "2013": "$7,251", "2012": "$6,988", "2011": "$5,635", "2010": "$4,637", "2009": "$4,691", "2008": "$4,843", "2007": "$4,025", "2006": "$3,492", "2005": "$2,788"}, "Casey's General Stores Quarterly Revenue (Millions of US $)": {"2020-10-31": "$2,216", "2020-07-31": "$2,105", "2020-04-30": "$1,813", "2020-01-31": "$2,248", "2019-10-31": "$2,488", "2019-07-31": "$2,627", "2019-04-30": "$2,178", "2019-01-31": "$2,048", "2018-10-31": "$2,538", "2018-07-31": "$2,588", "2018-04-30": "$2,089", "2018-01-31": "$2,055", "2017-10-31": "$2,154", "2017-07-31": "$2,094", "2017-04-30": "$1,846", "2017-01-31": "$1,770", "2016-10-31": "$1,920", "2016-07-31": "$1,970", "2016-04-30": "$1,583", "2016-01-31": "$1,566", "2015-10-31": "$1,925", "2015-07-31": "$2,049", "2015-04-30": "$1,654", "2015-01-31": "$1,672", "2014-10-31": "$2,150", "2014-07-31": "$2,291", "2014-04-30": "$1,920", "2014-01-31": "$1,790", "2013-10-31": "$2,016", "2013-07-31": "$2,115", "2013-04-30": "$1,809", "2013-01-31": "$1,662", "2012-10-31": "$1,912", "2012-07-31": "$1,868", "2012-04-30": "$1,753", "2012-01-31": "$1,579", "2011-10-31": "$1,783", "2011-07-31": "$1,874", "2011-04-30": "$1,549", "2011-01-31": "$1,374", "2010-10-31": "$1,350", "2010-07-31": "$1,362", "2010-04-30": "$1,180", "2010-01-31": "$1,114", "2009-10-31": "$1,155", "2009-07-31": "$1,188", "2009-04-30": "$883", "2009-01-31": "$849", "2008-10-31": "$1,391", "2008-07-31": "$1,567", "2008-04-30": "$1,220", "2008-01-31": "$1,155", "2007-10-31": "$1,189", "2007-07-31": "$1,279", "2007-04-30": "$1,004", "2007-01-31": "$919", "2006-10-31": "$1,006", "2006-07-31": "$1,096", "2006-04-30": "$873", "2006-01-31": "$798", "2005-10-31": "$964", "2005-07-31": "$858", "2005-04-30": "$705", "2005-01-31": "$653"}}, "gross-profit": {"Casey's General Stores Annual Gross Profit (Millions of US $)": {"2020": "$2,145", "2019": "$1,955", "2018": "$1,769", "2017": "$1,681", "2016": "$1,614", "2015": "$1,440", "2014": "$1,222", "2013": "$1,071", "2012": "$1,004", "2011": "$881", "2010": "$792", "2009": "$724", "2008": "$688", "2007": "$583", "2006": "$526", "2005": "$457"}, "Casey's General Stores Quarterly Gross Profit (Millions of US $)": {"2020-10-31": "$632", "2020-07-31": "$624", "2020-04-30": "$525", "2020-01-31": "$497", "2019-10-31": "$557", "2019-07-31": "$566", "2019-04-30": "$452", "2019-01-31": "$470", "2018-10-31": "$510", "2018-07-31": "$522", "2018-04-30": "$405", "2018-01-31": "$420", "2017-10-31": "$468", "2017-07-31": "$477", "2017-04-30": "$398", "2017-01-31": "$390", "2016-10-31": "$444", "2016-07-31": "$450", "2016-04-30": "$388", "2016-01-31": "$371", "2015-10-31": "$443", "2015-07-31": "$411", "2015-04-30": "$347", "2015-01-31": "$351", "2014-10-31": "$371", "2014-07-31": "$371", "2014-04-30": "$284", "2014-01-31": "$277", "2013-10-31": "$319", "2013-07-31": "$342", "2013-04-30": "$255", "2013-01-31": "$250", "2012-10-31": "$279", "2012-07-31": "$287", "2012-04-30": "$245", "2012-01-31": "$229", "2011-10-31": "$263", "2011-07-31": "$267", "2011-04-30": "$217", "2011-01-31": "$203", "2010-10-31": "$227", "2010-07-31": "$234", "2010-04-30": "$189", "2010-01-31": "$177", "2009-10-31": "$206", "2009-07-31": "$220", "2009-04-30": "$172", "2009-01-31": "$161", "2008-10-31": "$191", "2008-07-31": "$199", "2008-04-30": "$160", "2008-01-31": "$160", "2007-10-31": "$179", "2007-07-31": "$188", "2007-04-30": "$153", "2007-01-31": "$140", "2006-10-31": "$145", "2006-07-31": "$146", "2006-04-30": "$123", "2006-01-31": "$118", "2005-10-31": "$145", "2005-07-31": "$140", "2005-04-30": "$111", "2005-01-31": "$108"}}, "operating-income": {"Casey's General Stores Annual Operating Income (Millions of US $)": {"2020": "$395", "2019": "$319", "2018": "$265", "2017": "$311", "2016": "$389", "2015": "$323", "2014": "$234", "2013": "$199", "2012": "$219", "2011": "$191", "2010": "$193", "2009": "$150", "2008": "$144", "2007": "$109", "2006": "$107", "2005": "$78"}, "Casey's General Stores Quarterly Operating Income (Millions of US $)": {"2020-10-31": "$157", "2020-07-31": "$172", "2020-04-30": "$92", "2020-01-31": "$56", "2019-10-31": "$121", "2019-07-31": "$126", "2019-04-30": "$43", "2019-01-31": "$67", "2018-10-31": "$105", "2018-07-31": "$104", "2018-04-30": "$32", "2018-01-31": "$40", "2017-10-31": "$91", "2017-07-31": "$103", "2017-04-30": "$54", "2017-01-31": "$46", "2016-10-31": "$100", "2016-07-31": "$112", "2016-04-30": "$80", "2016-01-31": "$68", "2015-10-31": "$133", "2015-07-31": "$108", "2015-04-30": "$72", "2015-01-31": "$72", "2014-10-31": "$89", "2014-07-31": "$90", "2014-04-30": "$38", "2014-01-31": "$29", "2013-10-31": "$70", "2013-07-31": "$96", "2013-04-30": "$34", "2013-01-31": "$32", "2012-10-31": "$62", "2012-07-31": "$71", "2012-04-30": "$44", "2012-01-31": "$35", "2011-10-31": "$68", "2011-07-31": "$72", "2011-04-30": "$45", "2011-01-31": "$30", "2010-10-31": "$54", "2010-07-31": "$62", "2010-04-30": "$36", "2010-01-31": "$30", "2009-10-31": "$57", "2009-07-31": "$70", "2009-04-30": "$29", "2009-01-31": "$25", "2008-10-31": "$46", "2008-07-31": "$49", "2008-04-30": "$24", "2008-01-31": "$22", "2007-10-31": "$46", "2007-07-31": "$50", "2007-04-30": "$30", "2007-01-31": "$20", "2006-10-31": "$29", "2006-07-31": "$30", "2006-04-30": "$20", "2006-01-31": "$14", "2005-10-31": "$37", "2005-07-31": "$37", "2005-04-30": "$16", "2005-01-31": "$14"}}, "ebitda": {"Casey's General Stores Annual EBITDA (Millions of US $)": {"2020": "$647", "2019": "$563", "2018": "$486", "2017": "$509", "2016": "$560", "2015": "$479", "2014": "$365", "2013": "$311", "2012": "$316", "2011": "$274", "2010": "$266", "2009": "$219", "2008": "$212", "2007": "$173", "2006": "$166", "2005": "$130"}, "Casey's General Stores Quarterly EBITDA (Millions of US $)": {"2020-10-31": "$221", "2020-07-31": "$237", "2020-04-30": "$158", "2020-01-31": "$120", "2019-10-31": "$184", "2019-07-31": "$186", "2019-04-30": "$106", "2019-01-31": "$129", "2018-10-31": "$166", "2018-07-31": "$162", "2018-04-30": "$89", "2018-01-31": "$97", "2017-10-31": "$145", "2017-07-31": "$155", "2017-04-30": "$106", "2017-01-31": "$97", "2016-10-31": "$148", "2016-07-31": "$158", "2016-04-30": "$125", "2016-01-31": "$112", "2015-10-31": "$175", "2015-07-31": "$148", "2015-04-30": "$114", "2015-01-31": "$112", "2014-10-31": "$127", "2014-07-31": "$127", "2014-04-30": "$73", "2014-01-31": "$62", "2013-10-31": "$103", "2013-07-31": "$127", "2013-04-30": "$64", "2013-01-31": "$60", "2012-10-31": "$89", "2012-07-31": "$98", "2012-04-30": "$69", "2012-01-31": "$59", "2011-10-31": "$91", "2011-07-31": "$96", "2011-04-30": "$67", "2011-01-31": "$51", "2010-10-31": "$74", "2010-07-31": "$82", "2010-04-30": "$54", "2010-01-31": "$49", "2009-10-31": "$75", "2009-07-31": "$88", "2009-04-30": "$47", "2009-01-31": "$42", "2008-10-31": "$64", "2008-07-31": "$66", "2008-04-30": "$42", "2008-01-31": "$39", "2007-10-31": "$64", "2007-07-31": "$67", "2007-04-30": "$46", "2007-01-31": "$36", "2006-10-31": "$45", "2006-07-31": "$46", "2006-04-30": "$36", "2006-01-31": "$28", "2005-10-31": "$52", "2005-07-31": "$51", "2005-04-30": "$29", "2005-01-31": "$27"}}, "net-income": {"Casey's General Stores Annual Net Income (Millions of US $)": {"2020": "$264", "2019": "$204", "2018": "$318", "2017": "$177", "2016": "$226", "2015": "$181", "2014": "$127", "2013": "$104", "2012": "$117", "2011": "$95", "2010": "$117", "2009": "$86", "2008": "$85", "2007": "$62", "2006": "$60", "2005": "$37"}, "Casey's General Stores Quarterly Net Income (Millions of US $)": {"2020-10-31": "$112", "2020-07-31": "$121", "2020-04-30": "$62", "2020-01-31": "$34", "2019-10-31": "$82", "2019-07-31": "$86", "2019-04-30": "$25", "2019-01-31": "$42", "2018-10-31": "$67", "2018-07-31": "$70", "2018-04-30": "$19", "2018-01-31": "$193", "2017-10-31": "$49", "2017-07-31": "$57", "2017-04-30": "$30", "2017-01-31": "$23", "2016-10-31": "$57", "2016-07-31": "$67", "2016-04-30": "$47", "2016-01-31": "$38", "2015-10-31": "$79", "2015-07-31": "$62", "2015-04-30": "$41", "2015-01-31": "$39", "2014-10-31": "$50", "2014-07-31": "$50", "2014-04-30": "$21", "2014-01-31": "$13", "2013-10-31": "$39", "2013-07-31": "$54", "2013-04-30": "$16", "2013-01-31": "$15", "2012-10-31": "$33", "2012-07-31": "$39", "2012-04-30": "$23", "2012-01-31": "$17", "2011-10-31": "$38", "2011-07-31": "$39", "2011-04-30": "$23", "2011-01-31": "$13", "2010-10-31": "$22", "2010-07-31": "$37", "2010-04-30": "$22", "2010-01-31": "$17", "2009-10-31": "$34", "2009-07-31": "$44", "2009-04-30": "$16", "2009-01-31": "$14", "2008-10-31": "$27", "2008-07-31": "$29", "2008-04-30": "$14", "2008-01-31": "$13", "2007-10-31": "$28", "2007-07-31": "$30", "2007-04-30": "$17", "2007-01-31": "$11", "2006-10-31": "$17", "2006-07-31": "$17", "2006-04-30": "$10", "2006-01-31": "$7", "2005-10-31": "$22", "2005-07-31": "$21", "2005-04-30": "$7", "2005-01-31": "$2"}}, "eps-earnings-per-share-diluted": {"Casey's General Stores Annual EPS": {"2020": "$7.10", "2019": "$5.51", "2018": "$8.34", "2017": "$4.48", "2016": "$5.73", "2015": "$4.62", "2014": "$3.26", "2013": "$2.69", "2012": "$3.04", "2011": "$2.22", "2010": "$2.29", "2009": "$1.68", "2008": "$1.67", "2007": "$1.22", "2006": "$1.19", "2005": "$0.73"}, "Casey's General Stores Quarterly EPS": {"2020-10-31": "$3.00", "2020-07-31": "$3.24", "2020-04-30": "$1.67", "2020-01-31": "$0.91", "2019-10-31": "$2.21", "2019-07-31": "$2.31", "2019-04-30": "$0.68", "2019-01-31": "$1.13", "2018-10-31": "$1.80", "2018-07-31": "$1.90", "2018-04-30": "$0.52", "2018-01-31": "$5.08", "2017-10-31": "$1.28", "2017-07-31": "$1.46", "2017-04-30": "$0.76", "2017-01-31": "$0.58", "2016-10-31": "$1.44", "2016-07-31": "$1.70", "2016-04-30": "$1.19", "2016-01-31": "$0.97", "2015-10-31": "$2.00", "2015-07-31": "$1.57", "2015-04-30": "$1.05", "2015-01-31": "$1.01", "2014-10-31": "$1.28", "2014-07-31": "$1.28", "2014-04-30": "$0.53", "2014-01-31": "$0.33", "2013-10-31": "$1.01", "2013-07-31": "$1.39", "2013-04-30": "$0.43", "2013-01-31": "$0.40", "2012-10-31": "$0.85", "2012-07-31": "$1.01", "2012-04-30": "$0.60", "2012-01-31": "$0.43", "2011-10-31": "$0.98", "2011-07-31": "$1.03", "2011-04-30": "$0.64", "2011-01-31": "$0.34", "2010-10-31": "$0.51", "2010-07-31": "$0.73", "2010-04-30": "$0.42", "2010-01-31": "$0.34", "2009-10-31": "$0.66", "2009-07-31": "$0.87", "2009-04-30": "$0.29", "2009-01-31": "$0.28", "2008-10-31": "$0.54", "2008-07-31": "$0.57", "2008-04-30": "$0.28", "2008-01-31": "$0.26", "2007-10-31": "$0.54", "2007-07-31": "$0.59", "2007-04-30": "$0.33", "2007-01-31": "$0.22", "2006-10-31": "$0.34", "2006-07-31": "$0.33", "2006-04-30": "$0.20", "2006-01-31": "$0.14", "2005-10-31": "$0.44", "2005-07-31": "$0.41", "2005-04-30": "$0.14", "2005-01-31": "$0.05"}}, "shares-outstanding": {"Casey's General Stores Annual Shares Outstanding (Millions of Shares)": {"2020": "37", "2019": "37", "2018": "38", "2017": "40", "2016": "39", "2015": "39", "2014": "39", "2013": "39", "2012": "38", "2011": "43", "2010": "51", "2009": "51", "2008": "51", "2007": "51", "2006": "51", "2005": "50"}, "Casey's General Stores Quarterly Shares Outstanding (Millions of Shares)": {"2020-10-31": "37", "2020-07-31": "37", "2020-04-30": "37", "2020-01-31": "37", "2019-10-31": "37", "2019-07-31": "37", "2019-04-30": "37", "2019-01-31": "37", "2018-10-31": "37", "2018-07-31": "37", "2018-04-30": "38", "2018-01-31": "38", "2017-10-31": "38", "2017-07-31": "39", "2017-04-30": "40", "2017-01-31": "40", "2016-10-31": "40", "2016-07-31": "40", "2016-04-30": "39", "2016-01-31": "39", "2015-10-31": "39", "2015-07-31": "39", "2015-04-30": "39", "2015-01-31": "39", "2014-10-31": "39", "2014-07-31": "39", "2014-04-30": "39", "2014-01-31": "39", "2013-10-31": "39", "2013-07-31": "39", "2013-04-30": "39", "2013-01-31": "39", "2012-10-31": "39", "2012-07-31": "39", "2012-04-30": "38", "2012-01-31": "38", "2011-10-31": "38", "2011-07-31": "38", "2011-04-30": "43", "2011-01-31": "38", "2010-10-31": "43", "2010-07-31": "51", "2010-04-30": "51", "2010-01-31": "51", "2009-10-31": "51", "2009-07-31": "51", "2009-04-30": "51", "2009-01-31": "51", "2008-10-31": "51", "2008-07-31": "51", "2008-04-30": "51", "2008-01-31": "51", "2007-10-31": "51", "2007-07-31": "51", "2007-04-30": "51", "2007-01-31": "51", "2006-10-31": "51", "2006-07-31": "51", "2006-04-30": "51", "2006-01-31": "51", "2005-10-31": "50", "2005-07-31": "50", "2005-04-30": "50", "2005-01-31": "50"}}, "total-assets": {"Casey's General Stores Annual Total Assets (Millions of US $)": {"2020": "$3,944", "2019": "$3,731", "2018": "$3,470", "2017": "$3,020", "2016": "$2,726", "2015": "$2,470", "2014": "$2,305", "2013": "$1,984", "2012": "$1,775", "2011": "$1,611", "2010": "$1,389", "2009": "$1,263", "2008": "$1,219", "2007": "$1,129", "2006": "$989", "2005": "$871"}, "Casey's General Stores Quarterly Total Assets (Millions of US $)": {"2020-10-31": "$4,324", "2020-07-31": "$4,099", "2020-04-30": "$3,944", "2020-01-31": "$3,922", "2019-10-31": "$3,866", "2019-07-31": "$3,837", "2019-04-30": "$3,731", "2019-01-31": "$3,584", "2018-10-31": "$3,546", "2018-07-31": "$3,525", "2018-04-30": "$3,470", "2018-01-31": "$3,453", "2017-10-31": "$3,420", "2017-07-31": "$3,157", "2017-04-30": "$3,020", "2017-01-31": "$2,976", "2016-10-31": "$2,952", "2016-07-31": "$2,886", "2016-04-30": "$2,726", "2016-01-31": "$2,671", "2015-10-31": "$2,631", "2015-07-31": "$2,554", "2015-04-30": "$2,470", "2015-01-31": "$2,388", "2014-10-31": "$2,402", "2014-07-31": "$2,386", "2014-04-30": "$2,305", "2014-01-31": "$2,226", "2013-10-31": "$2,186", "2013-07-31": "$2,192", "2013-04-30": "$1,984", "2013-01-31": "$1,934", "2012-10-31": "$1,862", "2012-07-31": "$1,845", "2012-04-30": "$1,775", "2012-01-31": "$1,724", "2011-10-31": "$1,698", "2011-07-31": "$1,709", "2011-04-30": "$1,611", "2011-01-31": "$1,534", "2010-10-31": "$1,504", "2010-07-31": "$1,446", "2010-04-30": "$1,389", "2010-01-31": "$1,352", "2009-10-31": "$1,342", "2009-07-31": "$1,299", "2009-04-30": "$1,263", "2009-01-31": "$1,210", "2008-10-31": "$1,214", "2008-07-31": "$1,257", "2008-04-30": "$1,219", "2008-01-31": "$1,181", "2007-10-31": "$1,184", "2007-07-31": "$1,166", "2007-04-30": "$1,129", "2007-01-31": "$1,043", "2006-10-31": "$1,039", "2006-07-31": "$988", "2006-04-30": "$989", "2006-01-31": "$933", "2005-10-31": "$908", "2005-07-31": "$904", "2005-04-30": "$871", "2005-01-31": "$851"}}, "cash-on-hand": {"Casey's General Stores Annual Cash on Hand (Millions of US $)": {"2020": "$78", "2019": "$63", "2018": "$54", "2017": "$77", "2016": "$76", "2015": "$49", "2014": "$122", "2013": "$41", "2012": "$56", "2011": "$60", "2010": "$152", "2009": "$146", "2008": "$155", "2007": "$107", "2006": "$75", "2005": "$49"}, "Casey's General Stores Quarterly Cash on Hand (Millions of US $)": {"2020-10-31": "$405", "2020-07-31": "$247", "2020-04-30": "$78", "2020-01-31": "$44", "2019-10-31": "$44", "2019-07-31": "$97", "2019-04-30": "$63", "2019-01-31": "$34", "2018-10-31": "$52", "2018-07-31": "$45", "2018-04-30": "$54", "2018-01-31": "$139", "2017-10-31": "$285", "2017-07-31": "$159", "2017-04-30": "$77", "2017-01-31": "$116", "2016-10-31": "$178", "2016-07-31": "$189", "2016-04-30": "$76", "2016-01-31": "$54", "2015-10-31": "$66", "2015-07-31": "$47", "2015-04-30": "$49", "2015-01-31": "$44", "2014-10-31": "$72", "2014-07-31": "$117", "2014-04-30": "$122", "2014-01-31": "$102", "2013-10-31": "$113", "2013-07-31": "$191", "2013-04-30": "$41", "2013-01-31": "$27", "2012-10-31": "$39", "2012-07-31": "$90", "2012-04-30": "$56", "2012-01-31": "$46", "2011-10-31": "$86", "2011-07-31": "$139", "2011-04-30": "$60", "2011-01-31": "$64", "2010-10-31": "$188", "2010-07-31": "$198", "2010-04-30": "$152", "2010-01-31": "$153", "2009-10-31": "$178", "2009-07-31": "$171", "2009-04-30": "$146", "2009-01-31": "$127", "2008-10-31": "$138", "2008-07-31": "$171", "2008-04-30": "$155", "2008-01-31": "$133", "2007-10-31": "$146", "2007-07-31": "$132", "2007-04-30": "$107", "2007-01-31": "$33", "2006-10-31": "$32", "2006-07-31": "$60", "2006-04-30": "$75", "2006-01-31": "$24", "2005-10-31": "$55", "2005-07-31": "$72", "2005-04-30": "$49", "2005-01-31": "$29"}}, "long-term-debt": {"Casey's General Stores Annual Long Term Debt (Millions of US $)": {"2020": "$715", "2019": "$1,283", "2018": "$1,292", "2017": "$907", "2016": "$823", "2015": "$838", "2014": "$854", "2013": "$653", "2012": "$668", "2011": "$679", "2010": "$155", "2009": "$168", "2008": "$181", "2007": "$200", "2006": "$107", "2005": "$123"}, "Casey's General Stores Quarterly Long Term Debt (Millions of US $)": {"2020-10-31": "$1,362", "2020-07-31": "$1,282", "2020-04-30": "$715", "2020-01-31": "$715", "2019-10-31": "$715", "2019-07-31": "$1,303", "2019-04-30": "$1,283", "2019-01-31": "$1,289", "2018-10-31": "$1,284", "2018-07-31": "$1,292", "2018-04-30": "$1,292", "2018-01-31": "$1,299", "2017-10-31": "$1,300", "2017-07-31": "$1,057", "2017-04-30": "$907", "2017-01-31": "$915", "2016-10-31": "$915", "2016-07-31": "$872", "2016-04-30": "$823", "2016-01-31": "$830", "2015-10-31": "$831", "2015-07-31": "$838", "2015-04-30": "$838", "2015-01-31": "$846", "2014-10-31": "$846", "2014-07-31": "$854", "2014-04-30": "$854", "2014-01-31": "$854", "2013-10-31": "$804", "2013-07-31": "$804", "2013-04-30": "$653", "2013-01-31": "$661", "2012-10-31": "$660", "2012-07-31": "$668", "2012-04-30": "$668", "2012-01-31": "$673", "2011-10-31": "$673", "2011-07-31": "$679", "2011-04-30": "$679", "2011-01-31": "$679", "2010-10-31": "$679", "2010-07-31": "$110", "2010-04-30": "$155", "2010-01-31": "$156", "2009-10-31": "$158", "2009-07-31": "$156", "2009-04-30": "$168", "2009-01-31": "$169", "2008-10-31": "$169", "2008-07-31": "$170", "2008-04-30": "$181", "2008-01-31": "$187", "2007-10-31": "$187", "2007-07-31": "$187", "2007-04-30": "$200", "2007-01-31": "$155", "2006-10-31": "$153", "2006-07-31": "$95", "2006-04-30": "$107", "2006-01-31": "$111", "2005-10-31": "$111", "2005-07-31": "$111", "2005-04-30": "$123", "2005-01-31": "$127"}}, "total-liabilities": {"Casey's General Stores Annual Total Liabilities (Millions of US $)": {"2020": "$2,301", "2019": "$2,323", "2018": "$2,199", "2017": "$1,829", "2016": "$1,643", "2015": "$1,595", "2014": "$1,602", "2013": "$1,382", "2012": "$1,269", "2011": "$1,207", "2010": "$564", "2009": "$542", "2008": "$572", "2007": "$557", "2006": "$466", "2005": "$402"}, "Casey's General Stores Quarterly Total Liabilities (Millions of US $)": {"2020-10-31": "$2,464", "2020-07-31": "$2,348", "2020-04-30": "$2,301", "2020-01-31": "$2,333", "2019-10-31": "$2,304", "2019-07-31": "$2,348", "2019-04-30": "$2,323", "2019-01-31": "$2,193", "2018-10-31": "$2,189", "2018-07-31": "$2,226", "2018-04-30": "$2,199", "2018-01-31": "$2,123", "2017-10-31": "$2,266", "2017-07-31": "$1,991", "2017-04-30": "$1,829", "2017-01-31": "$1,761", "2016-10-31": "$1,753", "2016-07-31": "$1,737", "2016-04-30": "$1,643", "2016-01-31": "$1,627", "2015-10-31": "$1,621", "2015-07-31": "$1,618", "2015-04-30": "$1,595", "2015-01-31": "$1,548", "2014-10-31": "$1,602", "2014-07-31": "$1,633", "2014-04-30": "$1,602", "2014-01-31": "$1,524", "2013-10-31": "$1,494", "2013-07-31": "$1,539", "2013-04-30": "$1,382", "2013-01-31": "$1,351", "2012-10-31": "$1,289", "2012-07-31": "$1,301", "2012-04-30": "$1,269", "2012-01-31": "$1,238", "2011-10-31": "$1,225", "2011-07-31": "$1,269", "2011-04-30": "$1,207", "2011-01-31": "$1,149", "2010-10-31": "$1,127", "2010-07-31": "$588", "2010-04-30": "$564", "2010-01-31": "$546", "2009-10-31": "$550", "2009-07-31": "$537", "2009-04-30": "$542", "2009-01-31": "$501", "2008-10-31": "$516", "2008-07-31": "$584", "2008-04-30": "$572", "2008-01-31": "$546", "2007-10-31": "$559", "2007-07-31": "$567", "2007-04-30": "$557", "2007-01-31": "$480", "2006-10-31": "$485", "2006-07-31": "$449", "2006-04-30": "$466", "2006-01-31": "$419", "2005-10-31": "$398", "2005-07-31": "$416", "2005-04-30": "$402", "2005-01-31": "$388"}}, "total-share-holder-equity": {"Casey's General Stores Annual Share Holder Equity (Millions of US $)": {"2020": "$1,643", "2019": "$1,409", "2018": "$1,271", "2017": "$1,191", "2016": "$1,083", "2015": "$875", "2014": "$703", "2013": "$602", "2012": "$506", "2011": "$404", "2010": "$824", "2009": "$721", "2008": "$647", "2007": "$572", "2006": "$523", "2005": "$469"}, "Casey's General Stores Quarterly Share Holder Equity (Millions of US $)": {"2020-10-31": "$1,860", "2020-07-31": "$1,751", "2020-04-30": "$1,643", "2020-01-31": "$1,589", "2019-10-31": "$1,562", "2019-07-31": "$1,489", "2019-04-30": "$1,409", "2019-01-31": "$1,391", "2018-10-31": "$1,357", "2018-07-31": "$1,299", "2018-04-30": "$1,271", "2018-01-31": "$1,330", "2017-10-31": "$1,154", "2017-07-31": "$1,167", "2017-04-30": "$1,191", "2017-01-31": "$1,216", "2016-10-31": "$1,199", "2016-07-31": "$1,149", "2016-04-30": "$1,083", "2016-01-31": "$1,043", "2015-10-31": "$1,009", "2015-07-31": "$936", "2015-04-30": "$875", "2015-01-31": "$839", "2014-10-31": "$800", "2014-07-31": "$752", "2014-04-30": "$703", "2014-01-31": "$702", "2013-10-31": "$692", "2013-07-31": "$653", "2013-04-30": "$602", "2013-01-31": "$583", "2012-10-31": "$573", "2012-07-31": "$545", "2012-04-30": "$506", "2012-01-31": "$486", "2011-10-31": "$473", "2011-07-31": "$440", "2011-04-30": "$404", "2011-01-31": "$385", "2010-10-31": "$377", "2010-07-31": "$858", "2010-04-30": "$824", "2010-01-31": "$806", "2009-10-31": "$793", "2009-07-31": "$762", "2009-04-30": "$721", "2009-01-31": "$709", "2008-10-31": "$698", "2008-07-31": "$673", "2008-04-30": "$647", "2008-01-31": "$635", "2007-10-31": "$625", "2007-07-31": "$599", "2007-04-30": "$572", "2007-01-31": "$564", "2006-10-31": "$554", "2006-07-31": "$539", "2006-04-30": "$523", "2006-01-31": "$515", "2005-10-31": "$509", "2005-07-31": "$489", "2005-04-30": "$469", "2005-01-31": "$464"}}, "profit-margins": {"current": "3.92%"}, "gross margin": {"2020-10-31": "27.18%", "2020-07-31": "25.46%", "2020-04-30": "23.38%", "2020-01-31": "21.72%", "2019-10-31": "21.89%", "2019-07-31": "21.28%", "2019-04-30": "20.89%", "2019-01-31": "20.59%", "2018-10-31": "20.03%", "2018-07-31": "20.43%", "2018-04-30": "21.09%", "2018-01-31": "21.63%", "2017-10-31": "22.04%", "2017-07-31": "22.40%", "2017-04-30": "22.41%", "2017-01-31": "23.08%", "2016-10-31": "23.48%", "2016-07-31": "23.45%", "2016-04-30": "22.64%", "2016-01-31": "21.85%", "2015-10-31": "21.26%", "2015-07-31": "19.67%", "2015-04-30": "18.54%", "2015-01-31": "17.14%", "2014-10-31": "15.99%", "2014-07-31": "15.60%", "2014-04-30": "15.58%", "2014-01-31": "15.43%", "2013-10-31": "15.34%", "2013-07-31": "15.02%", "2013-04-30": "14.77%", "2013-01-31": "14.75%", "2012-10-31": "14.62%", "2012-07-31": "14.66%", "2012-04-30": "14.37%", "2012-01-31": "14.38%", "2011-10-31": "14.44%", "2011-07-31": "14.87%", "2011-04-30": "15.63%", "2011-01-31": "16.20%", "2010-10-31": "16.52%", "2010-07-31": "16.75%", "2010-04-30": "17.08%", "2010-01-31": "17.86%", "2009-10-31": "18.63%", "2009-07-31": "17.26%", "2009-04-30": "15.42%", "2009-01-31": "14.14%", "2008-10-31": "13.31%", "2008-07-31": "13.60%", "2008-04-30": "14.19%", "2008-01-31": "14.70%", "2007-10-31": "15.03%", "2007-07-31": "14.88%", "2007-04-30": "14.51%", "2007-01-31": "14.23%", "2006-10-31": "14.10%", "2006-07-31": "14.26%", "2006-04-30": "15.06%", "2006-01-31": "15.46%", "2005-10-31": "15.85%"}, "operating margin": {"2020-10-31": "5.69%", "2020-07-31": "5.10%", "2020-04-30": "4.30%", "2020-01-31": "3.63%", "2019-10-31": "3.82%", "2019-07-31": "3.63%", "2019-04-30": "3.41%", "2019-01-31": "3.33%", "2018-10-31": "3.03%", "2018-07-31": "3.00%", "2018-04-30": "3.17%", "2018-01-31": "3.53%", "2017-10-31": "3.74%", "2017-07-31": "3.97%", "2017-04-30": "4.16%", "2017-01-31": "4.67%", "2016-10-31": "5.11%", "2016-07-31": "5.58%", "2016-04-30": "5.46%", "2016-01-31": "5.30%", "2015-10-31": "5.27%", "2015-07-31": "4.53%", "2015-04-30": "4.16%", "2015-01-31": "3.60%", "2014-10-31": "3.02%", "2014-07-31": "2.83%", "2014-04-30": "2.97%", "2014-01-31": "2.96%", "2013-10-31": "3.05%", "2013-07-31": "2.99%", "2013-04-30": "2.74%", "2013-01-31": "2.90%", "2012-10-31": "2.98%", "2012-07-31": "3.12%", "2012-04-30": "3.13%", "2012-01-31": "3.24%", "2011-10-31": "3.27%", "2011-07-31": "3.27%", "2011-04-30": "3.39%", "2011-01-31": "3.46%", "2010-10-31": "3.64%", "2010-07-31": "3.85%", "2010-04-30": "4.16%", "2010-01-31": "4.29%", "2009-10-31": "4.44%", "2009-07-31": "3.94%", "2009-04-30": "3.18%", "2009-01-31": "2.86%", "2008-10-31": "2.64%", "2008-07-31": "2.75%", "2008-04-30": "2.93%", "2008-01-31": "3.20%", "2007-10-31": "3.32%", "2007-07-31": "3.07%", "2007-04-30": "2.71%", "2007-01-31": "2.54%", "2006-10-31": "2.46%", "2006-07-31": "2.71%", "2006-04-30": "3.09%", "2006-01-31": "3.13%", "2005-10-31": "3.27%"}, "ebitda margin": {"2020-10-31": "8.78%", "2020-07-31": "8.08%", "2020-04-30": "7.06%", "2020-01-31": "6.25%", "2019-10-31": "6.48%", "2019-07-31": "6.25%", "2019-04-30": "6.02%", "2019-01-31": "5.89%", "2018-10-31": "5.54%", "2018-07-31": "5.55%", "2018-04-30": "5.79%", "2018-01-31": "6.17%", "2017-10-31": "6.40%", "2017-07-31": "6.63%", "2017-04-30": "6.78%", "2017-01-31": "7.29%", "2016-10-31": "7.71%", "2016-07-31": "8.09%", "2016-04-30": "7.86%", "2016-01-31": "7.63%", "2015-10-31": "7.52%", "2015-07-31": "6.66%", "2015-04-30": "6.18%", "2015-01-31": "5.46%", "2014-10-31": "4.77%", "2014-07-31": "4.55%", "2014-04-30": "4.66%", "2014-01-31": "4.61%", "2013-10-31": "4.66%", "2013-07-31": "4.53%", "2013-04-30": "4.29%", "2013-01-31": "4.39%", "2012-10-31": "4.43%", "2012-07-31": "4.54%", "2012-04-30": "4.51%", "2012-01-31": "4.61%", "2011-10-31": "4.64%", "2011-07-31": "4.69%", "2011-04-30": "4.86%", "2011-01-31": "4.96%", "2010-10-31": "5.17%", "2010-07-31": "5.40%", "2010-04-30": "5.74%", "2010-01-31": "5.97%", "2009-10-31": "6.18%", "2009-07-31": "5.59%", "2009-04-30": "4.67%", "2009-01-31": "4.26%", "2008-10-31": "3.96%", "2008-07-31": "4.11%", "2008-04-30": "4.38%", "2008-01-31": "4.67%", "2007-10-31": "4.85%", "2007-07-31": "4.61%", "2007-04-30": "4.30%", "2007-01-31": "4.19%", "2006-10-31": "4.11%", "2006-07-31": "4.34%", "2006-04-30": "4.78%", "2006-01-31": "4.81%", "2005-10-31": "5.00%"}, "pre tax profit margin": {"2020-10-31": "5.08%", "2020-07-31": "4.48%", "2020-04-30": "3.73%", "2020-01-31": "3.07%", "2019-10-31": "3.25%", "2019-07-31": "3.06%", "2019-04-30": "2.82%", "2019-01-31": "2.73%", "2018-10-31": "2.43%", "2018-07-31": "2.39%", "2018-04-30": "2.56%", "2018-01-31": "2.93%", "2017-10-31": "3.17%", "2017-07-31": "3.41%", "2017-04-30": "3.58%", "2017-01-31": "4.09%", "2016-10-31": "4.52%", "2016-07-31": "5.00%", "2016-04-30": "4.90%", "2016-01-31": "4.74%", "2015-10-31": "4.73%", "2015-07-31": "4.00%", "2015-04-30": "3.64%", "2015-01-31": "3.10%", "2014-10-31": "2.53%", "2014-07-31": "2.33%", "2014-04-30": "2.46%", "2014-01-31": "2.46%", "2013-10-31": "2.55%", "2013-07-31": "2.49%", "2013-04-30": "2.25%", "2013-01-31": "2.40%", "2012-10-31": "2.47%", "2012-07-31": "2.61%", "2012-04-30": "2.63%", "2012-01-31": "2.73%", "2011-10-31": "2.74%", "2011-07-31": "2.54%", "2011-04-30": "2.68%", "2011-01-31": "2.81%", "2010-10-31": "3.10%", "2010-07-31": "3.62%", "2010-04-30": "3.92%", "2010-01-31": "4.06%", "2009-10-31": "4.17%", "2009-07-31": "3.71%", "2009-04-30": "2.96%", "2009-01-31": "2.67%", "2008-10-31": "2.48%", "2008-07-31": "2.57%", "2008-04-30": "2.77%", "2008-01-31": "2.98%", "2007-10-31": "3.07%", "2007-07-31": "2.80%", "2007-04-30": "2.41%", "2007-01-31": "2.26%", "2006-10-31": "2.17%", "2006-07-31": "2.41%", "2006-04-30": "2.81%", "2006-01-31": "2.83%", "2005-10-31": "2.99%"}, "net profit margin": {"2020-10-31": "3.93%", "2020-07-31": "3.46%", "2020-04-30": "2.88%", "2020-01-31": "2.38%", "2019-10-31": "2.52%", "2019-07-31": "2.34%", "2019-04-30": "2.18%", "2019-01-31": "2.14%", "2018-10-31": "3.76%", "2018-07-31": "3.72%", "2018-04-30": "3.79%", "2018-01-31": "4.04%", "2017-10-31": "2.02%", "2017-07-31": "2.19%", "2017-04-30": "2.36%", "2017-01-31": "2.68%", "2016-10-31": "2.97%", "2016-07-31": "3.28%", "2016-04-30": "3.17%", "2016-01-31": "3.06%", "2015-10-31": "3.03%", "2015-07-31": "2.55%", "2015-04-30": "2.32%", "2015-01-31": "1.99%", "2014-10-31": "1.64%", "2014-07-31": "1.53%", "2014-04-30": "1.62%", "2014-01-31": "1.58%", "2013-10-31": "1.63%", "2013-07-31": "1.57%", "2013-04-30": "1.42%", "2013-01-31": "1.53%", "2012-10-31": "1.57%", "2012-07-31": "1.68%", "2012-04-30": "1.67%", "2012-01-31": "1.72%", "2011-10-31": "1.72%", "2011-07-31": "1.58%", "2011-04-30": "1.69%", "2011-01-31": "1.79%", "2010-10-31": "1.96%", "2010-07-31": "2.29%", "2010-04-30": "2.52%", "2010-01-31": "2.56%", "2009-10-31": "2.65%", "2009-07-31": "2.34%", "2009-04-30": "1.83%", "2009-01-31": "1.67%", "2008-10-31": "1.56%", "2008-07-31": "1.64%", "2008-04-30": "1.76%", "2008-01-31": "1.90%", "2007-10-31": "1.96%", "2007-07-31": "1.78%", "2007-04-30": "1.54%", "2007-01-31": "1.41%", "2006-10-31": "1.35%", "2006-07-31": "1.50%", "2006-04-30": "1.72%", "2006-01-31": "1.71%", "2005-10-31": "1.64%"}, "pe ratio": {"current": "22.00", "2021-02-05": "22.00", "2020-10-31": "19.08", "2020-07-31": "19.75", "2020-04-30": "21.20", "2020-01-31": "26.12", "2019-10-31": "26.72", "2019-07-31": "27.03", "2019-04-30": "23.69", "2019-01-31": "23.72", "2018-10-31": "13.33", "2018-07-31": "12.22", "2018-04-30": "11.33", "2018-01-31": "13.76", "2017-10-31": "27.31", "2017-07-31": "24.43", "2017-04-30": "24.21", "2017-01-31": "22.60", "2016-10-31": "20.55", "2016-07-31": "21.92", "2016-04-30": "18.77", "2016-01-31": "20.70", "2015-10-31": "18.04", "2015-07-31": "19.87", "2015-04-30": "16.72", "2015-01-31": "20.55", "2014-10-31": "21.62", "2014-07-31": "18.57", "2014-04-30": "18.71", "2014-01-31": "18.61", "2013-10-31": "19.59", "2013-07-31": "18.89", "2013-04-30": "18.89", "2013-01-31": "17.80", "2012-10-31": "16.55", "2012-07-31": "18.20", "2012-04-30": "17.09", "2012-01-31": "15.41", "2011-10-31": "15.40", "2011-07-31": "16.59", "2011-04-30": "16.31", "2011-01-31": "19.20", "2010-10-31": "18.67", "2010-07-31": "15.98", "2010-04-30": "15.11", "2010-01-31": "12.64", "2009-10-31": "13.32", "2009-07-31": "12.25", "2009-04-30": "13.94", "2009-01-31": "11.30", "2008-10-31": "16.20", "2008-07-31": "13.16", "2008-04-30": "11.66", "2008-01-31": "13.26", "2007-10-31": "14.85", "2007-07-31": "14.71", "2007-04-30": "17.95", "2007-01-31": "20.16", "2006-10-31": "20.64"}, "price sales": {"2021-02-05": "0.86", "2020-10-31": "0.75", "2020-07-31": "0.68", "2020-04-30": "0.61", "2020-01-31": "0.62", "2019-10-31": "0.67", "2019-07-31": "0.63", "2019-04-30": "0.52", "2019-01-31": "0.51", "2018-10-31": "0.50", "2018-07-31": "0.46", "2018-04-30": "0.43", "2018-01-31": "0.56", "2017-10-31": "0.55", "2017-07-31": "0.54", "2017-04-30": "0.57", "2017-01-31": "0.61", "2016-10-31": "0.61", "2016-07-31": "0.72", "2016-04-30": "0.60", "2016-01-31": "0.63", "2015-10-31": "0.55", "2015-07-31": "0.51", "2015-04-30": "0.39", "2015-01-31": "0.42", "2014-10-31": "0.37", "2014-07-31": "0.30", "2014-04-30": "0.32", "2014-01-31": "0.32", "2013-10-31": "0.35", "2013-07-31": "0.32", "2013-04-30": "0.29", "2013-01-31": "0.27", "2012-10-31": "0.26", "2012-07-31": "0.30", "2012-04-30": "0.29", "2012-01-31": "0.27", "2011-10-31": "0.27", "2011-07-31": "0.27", "2011-04-30": "0.27", "2011-01-31": "0.33", "2010-10-31": "0.36", "2010-07-31": "0.37", "2010-04-30": "0.38", "2010-01-31": "0.32", "2009-10-31": "0.35", "2009-07-31": "0.29", "2009-04-30": "0.26", "2009-01-31": "0.19", "2008-10-31": "0.26", "2008-07-31": "0.22", "2008-04-30": "0.20", "2008-01-31": "0.25", "2007-10-31": "0.29", "2007-07-31": "0.26", "2007-04-30": "0.28", "2007-01-31": "0.29", "2006-10-31": "0.28"}, "price book": {"current": "3.85", "2021-02-05": "3.85", "2020-10-31": "3.34", "2020-07-31": "3.34", "2020-04-30": "3.37", "2020-01-31": "3.70", "2019-10-31": "3.98", "2019-07-31": "3.95", "2019-04-30": "3.40", "2019-01-31": "3.34", "2018-10-31": "3.34", "2018-07-31": "3.02", "2018-04-30": "2.74", "2018-01-31": "3.33", "2017-10-31": "3.62", "2017-07-31": "3.37", "2017-04-30": "3.53", "2017-01-31": "3.58", "2016-10-31": "3.56", "2016-07-31": "4.38", "2016-04-30": "3.88", "2016-01-31": "4.33", "2015-10-31": "3.93", "2015-07-31": "4.06", "2015-04-30": "3.48", "2015-01-31": "4.02", "2014-10-31": "3.76", "2014-07-31": "3.22", "2014-04-30": "3.54", "2014-01-31": "3.54", "2013-10-31": "3.80", "2013-07-31": "3.64", "2013-04-30": "3.44", "2013-01-31": "3.35", "2012-10-31": "3.20", "2012-07-31": "3.86", "2012-04-30": "3.92", "2012-01-31": "3.67", "2011-10-31": "3.66", "2011-07-31": "3.56", "2011-04-30": "3.34", "2011-01-31": "3.80", "2010-10-31": "3.78", "2010-07-31": "1.52", "2010-04-30": "2.15", "2010-01-31": "1.74", "2009-10-31": "1.81", "2009-07-31": "1.64", "2009-04-30": "1.67", "2009-01-31": "1.35", "2008-10-31": "1.95", "2008-07-31": "1.64", "2008-04-30": "1.53", "2008-01-31": "1.82", "2007-10-31": "2.02", "2007-07-31": "1.84", "2007-04-30": "1.94", "2007-01-31": "1.99", "2006-10-31": "1.92", "2006-07-31": "1.83", "2006-04-30": "1.78", "2006-01-31": "2.15"}, "price fcf": {"2021-02-05": "", "2020-10-31": "$10.57", "2020-07-31": "$8.05", "2020-04-30": "$1.89", "2020-01-31": "$2.97", "2019-10-31": "$2.81", "2019-07-31": "$4.47", "2019-04-30": "$3.81", "2019-01-31": "$1.25", "2018-10-31": "$-0.92", "2018-07-31": "$-3.22", "2018-04-30": "$-4.00", "2018-01-31": "$-2.41", "2017-10-31": "$-0.33", "2017-07-31": "$-0.56", "2017-04-30": "$0.76", "2017-01-31": "$0.95", "2016-10-31": "$2.02", "2016-07-31": "$4.00", "2016-04-30": "$2.15", "2016-01-31": "$2.07", "2015-10-31": "$1.12", "2015-07-31": "$-0.79", "2015-04-30": "$-0.24", "2015-01-31": "$-0.29", "2014-10-31": "$-0.64", "2014-07-31": "$-0.76", "2014-04-30": "$0.23", "2014-01-31": "$-0.02", "2013-10-31": "$0.21", "2013-07-31": "$0.39", "2013-04-30": "$-0.40", "2013-01-31": "$-0.74", "2012-10-31": "$-0.50", "2012-07-31": "$-0.64", "2012-04-30": "$1.46", "2012-01-31": "$1.49", "2011-10-31": "$1.27", "2011-07-31": "$2.92", "2011-04-30": "$1.16", "2011-01-31": "$1.19", "2010-10-31": "$2.39", "2010-07-31": "$2.10", "2010-04-30": "$1.70", "2010-01-31": "$1.82", "2009-10-31": "$1.65", "2009-07-31": "$0.87", "2009-04-30": "$0.74", "2009-01-31": "$1.05", "2008-10-31": "$1.07", "2008-07-31": "$1.89", "2008-04-30": "$1.93", "2008-01-31": "$1.79", "2007-10-31": "$1.91", "2007-07-31": "$1.41", "2007-04-30": "$0.50", "2007-01-31": "$0.95", "2006-10-31": "$0.72"}, "net worth": {"value": "$7.17B"}, "current ratio": {"current": "1.30", "2020-10-31": "1.30", "2020-07-31": "1.05", "2020-04-30": "0.36", "2020-01-31": "0.35", "2019-10-31": "0.37", "2019-07-31": "0.76", "2019-04-30": "0.70", "2019-01-31": "0.76", "2018-10-31": "0.81", "2018-07-31": "0.77", "2018-04-30": "0.78", "2018-01-31": "1.03", "2017-10-31": "1.23", "2017-07-31": "0.99", "2017-04-30": "0.82", "2017-01-31": "0.97", "2016-10-31": "1.10", "2016-07-31": "1.04", "2016-04-30": "0.84", "2016-01-31": "0.85", "2015-10-31": "0.81", "2015-07-31": "0.81", "2015-04-30": "0.84", "2015-01-31": "0.79", "2014-10-31": "0.81", "2014-07-31": "0.92", "2014-04-30": "1.00", "2014-01-31": "1.08", "2013-10-31": "1.03", "2013-07-31": "1.10", "2013-04-30": "0.69", "2013-01-31": "0.71", "2012-10-31": "0.83", "2012-07-31": "0.92", "2012-04-30": "0.91", "2012-01-31": "0.92", "2011-10-31": "0.97", "2011-07-31": "0.98", "2011-04-30": "1.00", "2011-01-31": "1.03", "2010-10-31": "1.34", "2010-07-31": "1.12", "2010-04-30": "1.29", "2010-01-31": "1.34", "2009-10-31": "1.42", "2009-07-31": "1.37", "2009-04-30": "1.29", "2009-01-31": "1.31", "2008-10-31": "1.32", "2008-07-31": "1.23", "2008-04-30": "1.21", "2008-01-31": "1.21", "2007-10-31": "1.15", "2007-07-31": "1.08", "2007-04-30": "1.03", "2007-01-31": "0.74", "2006-10-31": "0.72", "2006-07-31": "0.77", "2006-04-30": "0.79", "2006-01-31": "0.70", "2005-10-31": "0.85", "2005-07-31": "0.83", "2005-04-30": "0.84", "2005-01-31": "0.92"}, "quick ratio": {"2020-10-31": "0.85", "2020-07-31": "0.60", "2020-04-30": "0.14", "2020-01-31": "0.11", "2019-10-31": "0.11", "2019-07-31": "0.29", "2019-04-30": "0.23", "2019-01-31": "0.22", "2018-10-31": "0.26", "2018-07-31": "0.27", "2018-04-30": "0.31", "2018-01-31": "0.48", "2017-10-31": "0.72", "2017-07-31": "0.48", "2017-04-30": "0.35", "2017-01-31": "0.43", "2016-10-31": "0.56", "2016-07-31": "0.55", "2016-04-30": "0.31", "2016-01-31": "0.32", "2015-10-31": "0.30", "2015-07-31": "0.26", "2015-04-30": "0.30", "2015-01-31": "0.27", "2014-10-31": "0.31", "2014-07-31": "0.40", "2014-04-30": "0.47", "2014-01-31": "0.48", "2013-10-31": "0.45", "2013-07-31": "0.59", "2013-04-30": "0.21", "2013-01-31": "0.21", "2012-10-31": "0.26", "2012-07-31": "0.38", "2012-04-30": "0.35", "2012-01-31": "0.35", "2011-10-31": "0.41", "2011-07-31": "0.51", "2011-04-30": "0.46", "2011-01-31": "0.50", "2010-10-31": "0.87", "2010-07-31": "0.73", "2010-04-30": "0.77", "2010-01-31": "0.84", "2009-10-31": "0.90", "2009-07-31": "0.85", "2009-04-30": "0.81", "2009-01-31": "0.79", "2008-10-31": "0.80", "2008-07-31": "0.73", "2008-04-30": "0.73", "2008-01-31": "0.71", "2007-10-31": "0.69", "2007-07-31": "0.62", "2007-04-30": "0.56", "2007-01-31": "0.27", "2006-10-31": "0.25", "2006-07-31": "0.32", "2006-04-30": "0.39", "2006-01-31": "0.24", "2005-10-31": "0.39", "2005-07-31": "0.43", "2005-04-30": "0.39", "2005-01-31": "0.36"}, "debt equity ratio": {"current": "0.73", "2020-10-31": "1.33", "2020-07-31": "1.34", "2020-04-30": "1.40", "2020-01-31": "1.47", "2019-10-31": "1.48", "2019-07-31": "1.58", "2019-04-30": "1.65", "2019-01-31": "1.58", "2018-10-31": "1.61", "2018-07-31": "1.71", "2018-04-30": "1.73", "2018-01-31": "1.60", "2017-10-31": "1.96", "2017-07-31": "1.71", "2017-04-30": "1.54", "2017-01-31": "1.45", "2016-10-31": "1.46", "2016-07-31": "1.51", "2016-04-30": "1.52", "2016-01-31": "1.56", "2015-10-31": "1.61", "2015-07-31": "1.73", "2015-04-30": "1.82", "2015-01-31": "1.85", "2014-10-31": "2.00", "2014-07-31": "2.17", "2014-04-30": "2.28", "2014-01-31": "2.17", "2013-10-31": "2.16", "2013-07-31": "2.36", "2013-04-30": "2.29", "2013-01-31": "2.32", "2012-10-31": "2.25", "2012-07-31": "2.39", "2012-04-30": "2.51", "2012-01-31": "2.55", "2011-10-31": "2.59", "2011-07-31": "2.89", "2011-04-30": "2.99", "2011-01-31": "2.98", "2010-10-31": "2.99", "2010-07-31": "0.69", "2010-04-30": "0.69", "2010-01-31": "0.68", "2009-10-31": "0.69", "2009-07-31": "0.70", "2009-04-30": "0.75", "2009-01-31": "0.71", "2008-10-31": "0.74", "2008-07-31": "0.87", "2008-04-30": "0.88", "2008-01-31": "0.86", "2007-10-31": "0.90", "2007-07-31": "0.95", "2007-04-30": "0.97", "2007-01-31": "0.85", "2006-10-31": "0.88", "2006-07-31": "0.83", "2006-04-30": "0.89", "2006-01-31": "0.81", "2005-10-31": "0.78", "2005-07-31": "0.85", "2005-04-30": "0.86", "2005-01-31": "0.84"}, "return on equity": {"2020-10-31": "19.23%", "2020-07-31": "18.27%", "2020-04-30": "16.81%", "2020-01-31": "15.01%", "2019-10-31": "16.07%", "2019-07-31": "15.59%", "2019-04-30": "14.96%", "2019-01-31": "14.89%", "2018-10-31": "26.56%", "2018-07-31": "26.20%", "2018-04-30": "25.84%", "2018-01-31": "27.18%", "2017-10-31": "13.45%", "2017-07-31": "14.00%", "2017-04-30": "14.89%", "2017-01-31": "16.70%", "2016-10-31": "18.69%", "2016-07-31": "21.57%", "2016-04-30": "22.21%", "2016-01-31": "22.78%", "2015-10-31": "24.16%", "2015-07-31": "22.26%", "2015-04-30": "22.05%", "2015-01-31": "20.69%", "2014-10-31": "18.13%", "2014-07-31": "17.27%", "2014-04-30": "18.47%", "2014-01-31": "18.42%", "2013-10-31": "19.60%", "2013-07-31": "19.58%", "2013-04-30": "17.89%", "2013-01-31": "19.94%", "2012-10-31": "21.23%", "2012-07-31": "23.28%", "2012-04-30": "24.57%", "2012-01-31": "25.96%", "2011-10-31": "26.56%", "2011-07-31": "24.16%", "2011-04-30": "18.77%", "2011-01-31": "15.38%", "2010-10-31": "13.68%", "2010-07-31": "13.41%", "2010-04-30": "14.69%", "2010-01-31": "14.41%", "2009-10-31": "14.47%", "2009-07-31": "13.98%", "2009-04-30": "12.28%", "2009-01-31": "12.32%", "2008-10-31": "12.51%", "2008-07-31": "13.02%", "2008-04-30": "13.57%", "2008-01-31": "14.48%", "2007-10-31": "14.58%", "2007-07-31": "13.11%", "2007-04-30": "11.13%", "2007-01-31": "10.09%", "2006-10-31": "9.57%", "2006-07-31": "10.74%", "2006-04-30": "11.79%", "2006-01-31": "11.50%", "2005-10-31": "10.77%"}, "return on assets": {"2020-10-31": "8.08%", "2020-07-31": "7.55%", "2020-04-30": "6.78%", "2020-01-31": "5.91%", "2019-10-31": "6.26%", "2019-07-31": "5.99%", "2019-04-30": "5.67%", "2019-01-31": "5.61%", "2018-10-31": "9.98%", "2018-07-31": "9.55%", "2018-04-30": "9.42%", "2018-01-31": "10.08%", "2017-10-31": "5.06%", "2017-07-31": "5.52%", "2017-04-30": "5.98%", "2017-01-31": "6.72%", "2016-10-31": "7.44%", "2016-07-31": "8.47%", "2016-04-30": "8.54%", "2016-01-31": "8.52%", "2015-10-31": "8.80%", "2015-07-31": "7.83%", "2015-04-30": "7.46%", "2015-01-31": "6.75%", "2014-10-31": "5.75%", "2014-07-31": "5.40%", "2014-04-30": "5.70%", "2014-01-31": "5.68%", "2013-10-31": "5.98%", "2013-07-31": "5.92%", "2013-04-30": "5.40%", "2013-01-31": "5.93%", "2012-10-31": "6.22%", "2012-07-31": "6.65%", "2012-04-30": "6.78%", "2012-01-31": "6.94%", "2011-10-31": "6.90%", "2011-07-31": "6.10%", "2011-04-30": "6.23%", "2011-01-31": "6.40%", "2010-10-31": "6.89%", "2010-07-31": "7.96%", "2010-04-30": "8.70%", "2010-01-31": "8.45%", "2009-10-31": "8.45%", "2009-07-31": "8.10%", "2009-04-30": "6.96%", "2009-01-31": "6.86%", "2008-10-31": "6.82%", "2008-07-31": "6.94%", "2008-04-30": "7.16%", "2008-01-31": "7.55%", "2007-10-31": "7.61%", "2007-07-31": "6.85%", "2007-04-30": "5.91%", "2007-01-31": "5.42%", "2006-10-31": "5.17%", "2006-07-31": "5.87%", "2006-04-30": "6.43%", "2006-01-31": "6.31%", "2005-10-31": "5.89%"}, "return on investments": {"2020-10-31": "17.48%", "2020-07-31": "17.69%", "2020-04-30": "16.24%", "2020-01-31": "13.75%", "2019-10-31": "13.68%", "2019-07-31": "12.62%", "2019-04-30": "12.03%", "2019-01-31": "11.76%", "2018-10-31": "10.78%", "2018-07-31": "10.43%", "2018-04-30": "10.78%", "2018-01-31": "12.25%", "2017-10-31": "13.20%", "2017-07-31": "14.15%", "2017-04-30": "14.92%", "2017-01-31": "16.55%", "2016-10-31": "18.19%", "2016-07-31": "20.57%", "2016-04-30": "21.04%", "2016-01-31": "21.16%", "2015-10-31": "21.96%", "2015-07-31": "20.01%", "2015-04-30": "19.43%", "2015-01-31": "17.80%", "2014-10-31": "15.46%", "2014-07-31": "14.61%", "2014-04-30": "15.37%", "2014-01-31": "15.89%", "2013-10-31": "17.02%", "2013-07-31": "17.27%", "2013-04-30": "16.10%", "2013-01-31": "17.19%", "2012-10-31": "17.75%", "2012-07-31": "18.58%", "2012-04-30": "19.05%", "2012-01-31": "19.53%", "2011-10-31": "19.49%", "2011-07-31": "18.61%", "2011-04-30": "18.32%", "2011-01-31": "17.90%", "2010-10-31": "18.36%", "2010-07-31": "19.18%", "2010-04-30": "20.27%", "2010-01-31": "20.01%", "2009-10-31": "19.92%", "2009-07-31": "19.14%", "2009-04-30": "17.14%", "2009-01-31": "16.86%", "2008-10-31": "16.78%", "2008-07-31": "17.06%", "2008-04-30": "17.48%", "2008-01-31": "18.54%", "2007-10-31": "18.90%", "2007-07-31": "17.29%", "2007-04-30": "15.40%", "2007-01-31": "14.73%", "2006-10-31": "14.33%", "2006-07-31": "16.10%", "2006-04-30": "17.45%", "2006-01-31": "17.06%", "2005-10-31": "17.31%"}, "return on tangible equity": {"2020-10-31": "21.22%", "2020-07-31": "20.25%", "2020-04-30": "18.69%", "2020-01-31": "16.76%", "2019-10-31": "17.96%", "2019-07-31": "17.44%", "2019-04-30": "16.75%", "2019-01-31": "16.67%", "2018-10-31": "29.72%", "2018-07-31": "29.44%", "2018-04-30": "29.08%", "2018-01-31": "30.60%", "2017-10-31": "15.16%", "2017-07-31": "15.73%", "2017-04-30": "16.73%", "2017-01-31": "18.79%", "2016-10-31": "21.11%", "2016-07-31": "24.50%", "2016-04-30": "25.39%", "2016-01-31": "26.24%", "2015-10-31": "28.05%", "2015-07-31": "26.10%", "2015-04-30": "26.11%", "2015-01-31": "24.68%", "2014-10-31": "21.76%", "2014-07-31": "20.83%", "2014-04-30": "22.32%", "2014-01-31": "22.38%", "2013-10-31": "23.98%", "2013-07-31": "24.03%", "2013-04-30": "22.09%", "2013-01-31": "24.73%", "2012-10-31": "26.49%", "2012-07-31": "29.40%", "2012-04-30": "31.47%", "2012-01-31": "33.40%", "2011-10-31": "34.27%", "2011-07-31": "30.84%", "2011-04-30": "22.04%", "2011-01-31": "17.29%", "2010-10-31": "14.93%", "2010-07-31": "14.38%", "2010-04-30": "15.76%", "2010-01-31": "15.46%", "2009-10-31": "15.54%", "2009-07-31": "15.04%", "2009-04-30": "13.23%", "2009-01-31": "13.29%", "2008-10-31": "13.50%", "2008-07-31": "14.07%", "2008-04-30": "14.67%", "2008-01-31": "15.69%", "2007-10-31": "15.82%", "2007-07-31": "14.23%", "2007-04-30": "11.93%", "2007-01-31": "10.67%", "2006-10-31": "9.91%", "2006-07-31": "10.89%", "2006-04-30": "11.87%", "2006-01-31": "11.53%", "2005-10-31": "10.79%"}, "dividend yield history": {"last payout": "$1.36", "last yield": "0.70%"}}