{"ticker": "CAT", "price": {"title": "Caterpillar Historical Annual Stock Price Data", "value": 198.35, "historical": {"2021": {"Average Stock Price": "191.5879", "Year Open": "182.1500", "Year High": "198.3500", "Year Low": "180.6300", "Year Close": "198.3500", "Annual % Change": "8.97%"}, "2020": {"Average Stock Price": "139.2155", "Year Open": "150.5300", "Year High": "182.2100", "Year Low": "91.8500", "Year Close": "182.0200", "Annual % Change": "23.25%"}, "2019": {"Average Stock Price": "132.8953", "Year Open": "126.3800", "Year High": "148.5000", "Year Low": "113.3800", "Year Close": "147.6800", "Annual % Change": "16.22%"}, "2018": {"Average Stock Price": "144.6332", "Year Open": "157.0400", "Year High": "170.8900", "Year Low": "112.3400", "Year Close": "127.0700", "Annual % Change": "-19.36%"}, "2017": {"Average Stock Price": "112.5995", "Year Open": "93.9900", "Year High": "158.4200", "Year Low": "91.3900", "Year Close": "157.5800", "Annual % Change": "69.92%"}, "2016": {"Average Stock Price": "78.6980", "Year Open": "67.9900", "Year High": "97.3300", "Year Low": "57.9100", "Year Close": "92.7400", "Annual % Change": "36.46%"}, "2015": {"Average Stock Price": "78.7915", "Year Open": "91.8800", "Year High": "91.8800", "Year Low": "63.7900", "Year Close": "67.9600", "Annual % Change": "-25.75%"}, "2014": {"Average Stock Price": "100.7187", "Year Open": "89.8700", "Year High": "111.4000", "Year Low": "86.1700", "Year Close": "91.5300", "Annual % Change": "0.79%"}, "2013": {"Average Stock Price": "86.9648", "Year Open": "93.5000", "Year High": "99.4900", "Year Low": "80.4300", "Year Close": "90.8100", "Annual % Change": "1.34%"}, "2012": {"Average Stock Price": "93.8657", "Year Open": "93.9800", "Year High": "116.2000", "Year Low": "79.6400", "Year Close": "89.6085", "Annual % Change": "-1.09%"}, "2011": {"Average Stock Price": "96.8598", "Year Open": "94.1500", "Year High": "115.4100", "Year Low": "70.5500", "Year Close": "90.6000", "Annual % Change": "-3.27%"}, "2010": {"Average Stock Price": "69.1681", "Year Open": "58.5500", "Year High": "94.6300", "Year Low": "50.7800", "Year Close": "93.6600", "Annual % Change": "64.34%"}, "2009": {"Average Stock Price": "42.0197", "Year Open": "46.9100", "Year High": "60.4000", "Year Low": "22.1700", "Year Close": "56.9900", "Annual % Change": "27.58%"}, "2008": {"Average Stock Price": "64.9185", "Year Open": "70.6300", "Year High": "85.2800", "Year Low": "32.7800", "Year Close": "44.6700", "Annual % Change": "-38.44%"}, "2007": {"Average Stock Price": "72.6705", "Year Open": "61.1600", "Year High": "86.9800", "Year Low": "58.1700", "Year Close": "72.5600", "Annual % Change": "18.31%"}, "2006": {"Average Stock Price": "68.7076", "Year Open": "57.8000", "Year High": "81.1400", "Year Low": "57.8000", "Year Close": "61.3300", "Annual % Change": "6.16%"}, "2005": {"Average Stock Price": "50.8699", "Year Open": "47.5350", "Year High": "59.6400", "Year Low": "41.7300", "Year Close": "57.7700", "Annual % Change": "18.49%"}, "2004": {"Average Stock Price": "39.8557", "Year Open": "41.3250", "Year High": "49.2350", "Year Low": "34.8100", "Year Close": "48.7550", "Annual % Change": "17.45%"}, "2003": {"Average Stock Price": "30.4009", "Year Open": "23.8750", "Year High": "42.3750", "Year Low": "21.0200", "Year Close": "41.5100", "Annual % Change": "81.58%"}, "2002": {"Average Stock Price": "24.0134", "Year Open": "25.8250", "Year High": "29.8950", "Year Low": "16.9300", "Year Close": "22.8600", "Annual % Change": "-12.50%"}, "2001": {"Average Stock Price": "24.3353", "Year Open": "23.1550", "Year High": "28.1000", "Year Low": "20.0450", "Year Close": "26.1250", "Annual % Change": "10.44%"}, "2000": {"Average Stock Price": "19.3038", "Year Open": "24.3150", "Year High": "26.6550", "Year Low": "14.9050", "Year Close": "23.6550", "Annual % Change": "0.53%"}, "1999": {"Average Stock Price": "27.1030", "Year Open": "23.6900", "Year High": "32.7500", "Year Low": "21.5650", "Year Close": "23.5300", "Annual % Change": "2.30%"}, "1998": {"Average Stock Price": "25.2293", "Year Open": "24.5000", "Year High": "30.3450", "Year Low": "20.1250", "Year Close": "23.0000", "Annual % Change": "-5.15%"}, "1997": {"Average Stock Price": "24.4569", "Year Open": "18.2500", "Year High": "30.5000", "Year Low": "18.2500", "Year Close": "24.2500", "Annual % Change": "28.90%"}, "1996": {"Average Stock Price": "17.2845", "Year Open": "14.8750", "Year High": "20.0313", "Year Low": "13.5625", "Year Close": "18.8125", "Annual % Change": "28.09%"}, "1995": {"Average Stock Price": "14.7506", "Year Open": "13.7500", "Year High": "18.4700", "Year Low": "12.0950", "Year Close": "14.6875", "Annual % Change": "6.57%"}, "1994": {"Average Stock Price": "13.5357", "Year Open": "11.1725", "Year High": "15.0938", "Year Low": "11.1725", "Year Close": "13.7825", "Annual % Change": "23.89%"}, "1993": {"Average Stock Price": "9.1446", "Year Open": "6.7975", "Year High": "11.5475", "Year Low": "6.7975", "Year Close": "11.1250", "Annual % Change": "65.98%"}, "1992": {"Average Stock Price": "6.4992", "Year Open": "5.4525", "Year High": "7.7188", "Year Low": "5.2188", "Year Close": "6.7025", "Annual % Change": "22.20%"}, "1991": {"Average Stock Price": "5.9538", "Year Open": "5.8275", "Year High": "7.0775", "Year Low": "4.8750", "Year Close": "5.4850", "Annual % Change": "-6.64%"}, "1990": {"Average Stock Price": "6.5864", "Year Open": "7.3600", "Year High": "8.4688", "Year Low": "4.8125", "Year Close": "5.8750", "Annual % Change": "-18.80%"}, "1989": {"Average Stock Price": "7.5178", "Year Open": "7.9525", "Year High": "8.4688", "Year Low": "6.6563", "Year Close": "7.2350", "Annual % Change": "-9.02%"}, "1988": {"Average Stock Price": "7.7041", "Year Open": "7.8275", "Year High": "8.5475", "Year Low": "6.7650", "Year Close": "7.9525", "Annual % Change": "2.61%"}, "1987": {"Average Stock Price": "6.8723", "Year Open": "5.0313", "Year High": "9.2350", "Year Low": "5.0313", "Year Close": "7.7500", "Annual % Change": "54.54%"}, "1986": {"Average Stock Price": "5.7704", "Year Open": "5.1875", "Year High": "6.9063", "Year Low": "4.5938", "Year Close": "5.0150", "Annual % Change": "-4.48%"}, "1985": {"Average Stock Price": "4.3439", "Year Open": "3.8750", "Year High": "5.3600", "Year Low": "3.6725", "Year Close": "5.2500", "Annual % Change": "35.48%"}, "1984": {"Average Stock Price": "4.9977", "Year Open": "5.7350", "Year High": "6.5775", "Year Low": "3.5775", "Year Close": "3.8750", "Annual % Change": "-34.39%"}, "1983": {"Average Stock Price": "5.5141", "Year Open": "5.0775", "Year High": "6.1250", "Year Low": "4.6875", "Year Close": "5.9063", "Annual % Change": "17.77%"}, "1982": {"Average Stock Price": "5.2646", "Year Open": "6.7975", "Year High": "6.8125", "Year Low": "4.1875", "Year Close": "5.0150", "Annual % Change": "-27.71%"}, "1981": {"Average Stock Price": "7.5942", "Year Open": "7.2500", "Year High": "9.0938", "Year Low": "6.2500", "Year Close": "6.9375", "Annual % Change": "-4.31%"}, "1980": {"Average Stock Price": "6.7290", "Year Open": "6.6563", "Year High": "8.0000", "Year Low": "5.4688", "Year Close": "7.2500", "Annual % Change": "7.41%"}, "1979": {"Average Stock Price": "7.0053", "Year Open": "7.3275", "Year High": "7.8125", "Year Low": "6.1400", "Year Close": "6.7500", "Annual % Change": "-8.09%"}, "1978": {"Average Stock Price": "6.9174", "Year Open": "6.7188", "Year High": "8.0475", "Year Low": "5.7025", "Year Close": "7.3438", "Annual % Change": "7.05%"}, "1977": {"Average Stock Price": "6.7559", "Year Open": "7.1725", "Year High": "7.4225", "Year Low": "6.0938", "Year Close": "6.8600", "Annual % Change": "-5.38%"}, "1976": {"Average Stock Price": "7.1282", "Year Open": "5.9267", "Year High": "7.7650", "Year Low": "5.9267", "Year Close": "7.2500", "Annual % Change": "24.73%"}, "1975": {"Average Stock Price": "5.4206", "Year Open": "4.1042", "Year High": "6.2392", "Year Low": "4.0733", "Year Close": "5.8125", "Annual % Change": "43.81%"}, "1974": {"Average Stock Price": "4.6121", "Year Open": "5.5417", "Year High": "5.7292", "Year Low": "3.3642", "Year Close": "4.0417", "Annual % Change": "-27.61%"}, "1973": {"Average Stock Price": "5.3420", "Year Open": "5.6250", "Year High": "6.4167", "Year Low": "4.4683", "Year Close": "5.5833", "Annual % Change": "0.75%"}, "1972": {"Average Stock Price": "4.8681", "Year Open": "3.9375", "Year High": "5.7500", "Year Low": "3.9267", "Year Close": "5.5417", "Annual % Change": "40.74%"}, "1971": {"Average Stock Price": "4.0420", "Year Open": "3.5208", "Year High": "4.6458", "Year Low": "3.1875", "Year Close": "3.9375", "Annual % Change": "10.53%"}, "1970": {"Average Stock Price": "3.0779", "Year Open": "3.4583", "Year High": "3.6875", "Year Low": "2.5208", "Year Close": "3.5625", "Annual % Change": "0.59%"}, "1969": {"Average Stock Price": "3.8943", "Year Open": "3.6983", "Year High": "4.5625", "Year Low": "3.2183", "Year Close": "3.5417", "Annual % Change": "-2.59%"}, "1968": {"Average Stock Price": "3.4870", "Year Open": "3.4483", "Year High": "4.0208", "Year Low": "3.0417", "Year Close": "3.6358", "Annual % Change": "0.60%"}, "1967": {"Average Stock Price": "3.6587", "Year Open": "2.8642", "Year High": "4.1667", "Year Low": "2.8642", "Year Close": "3.6142", "Annual % Change": "23.91%"}, "1966": {"Average Stock Price": "3.3873", "Year Open": "4.0733", "Year High": "4.2392", "Year Low": "2.8017", "Year Close": "2.9167", "Annual % Change": "-29.65%"}, "1965": {"Average Stock Price": "3.7028", "Year Open": "3.4067", "Year High": "4.4583", "Year Low": "3.2183", "Year Close": "4.1458", "Annual % Change": "20.61%"}, "1964": {"Average Stock Price": "3.9616", "Year Open": "4.0733", "Year High": "5.5208", "Year Low": "2.6458", "Year Close": "3.4375", "Annual % Change": "-14.06%"}, "1963": {"Average Stock Price": "3.4875", "Year Open": "3.0833", "Year High": "4.0733", "Year Low": "2.9058", "Year Close": "4.0000", "Annual % Change": "28.44%"}}}, "market cap": {"value": "$107.17B"}, "income statement": {"Revenue": {"2020-12-31": "41748.00000", "2019-12-31": "53800.00000", "2018-12-31": "54722.00000", "2017-12-31": "45462.00000", "2016-12-31": "38537.00000", "2015-12-31": "47011.00000", "2014-12-31": "55184.00000", "2013-12-31": "55656.00000", "2012-12-31": "65875.00000", "2011-12-31": "60138.00000", "2010-12-31": "42588.00000", "2009-12-31": "32396.00000", "2008-12-31": "51324.00000", "2007-12-31": "44958.00000", "2006-12-31": "41517.00000", "2005-12-31": "36339.00000"}, "Cost Of Goods Sold": {"2020-12-31": "29082.00000", "2019-12-31": "36630.00000", "2018-12-31": "36997.00000", "2017-12-31": "31260.00000", "2016-12-31": "28044.00000", "2015-12-31": "33546.00000", "2014-12-31": "40718.00000", "2013-12-31": "40727.00000", "2012-12-31": "47055.00000", "2011-12-31": "43578.00000", "2010-12-31": "30367.00000", "2009-12-31": "23886.00000", "2008-12-31": "38415.00000", "2007-12-31": "32626.00000", "2006-12-31": "29549.00000", "2005-12-31": "26558.00000"}, "Gross Profit": {"2020-12-31": "12666.00000", "2019-12-31": "17170.00000", "2018-12-31": "17725.00000", "2017-12-31": "14202.00000", "2016-12-31": "10493.00000", "2015-12-31": "13465.00000", "2014-12-31": "14466.00000", "2013-12-31": "14929.00000", "2012-12-31": "18820.00000", "2011-12-31": "16560.00000", "2010-12-31": "12221.00000", "2009-12-31": "8510.00000", "2008-12-31": "12909.00000", "2007-12-31": "12332.00000", "2006-12-31": "11968.00000", "2005-12-31": "9781.00000"}, "Research And Development Expenses": {"2020-12-31": "1415.00000", "2019-12-31": "1693.00000", "2018-12-31": "1850.00000", "2017-12-31": "1842.00000", "2016-12-31": "1853.00000", "2015-12-31": "2119.00000", "2014-12-31": "2380.00000", "2013-12-31": "2046.00000", "2012-12-31": "2466.00000", "2011-12-31": "2297.00000", "2010-12-31": "1905.00000", "2009-12-31": "1421.00000", "2008-12-31": "1728.00000", "2007-12-31": "1404.00000", "2006-12-31": "1347.00000", "2005-12-31": "1084.00000"}, "SG&A Expenses": {"2020-12-31": "4642.00000", "2019-12-31": "5162.00000", "2018-12-31": "5478.00000", "2017-12-31": "4999.00000", "2016-12-31": "4383.00000", "2015-12-31": "4951.00000", "2014-12-31": "6529.00000", "2013-12-31": "5547.00000", "2012-12-31": "5919.00000", "2011-12-31": "5203.00000", "2010-12-31": "4248.00000", "2009-12-31": "3645.00000", "2008-12-31": "4399.00000", "2007-12-31": "3821.00000", "2006-12-31": "3706.00000", "2005-12-31": "3190.00000"}, "Other Operating Income Or Expenses": {"2020-12-31": "-1467.00000", "2019-12-31": "-1271.00000", "2018-12-31": "-1382.00000", "2017-12-31": "-2255.00000", "2016-12-31": "-1904.00000", "2015-12-31": "-2023.00000", "2014-12-31": "-1619.00000", "2013-12-31": "-981.00000", "2012-12-31": "-485.00000", "2011-12-31": "-1081.00000", "2010-12-31": "-1191.00000", "2009-12-31": "-1822.00000", "2008-12-31": "-1181.00000", "2007-12-31": "-1054.00000", "2006-12-31": "-971.00000", "2005-12-31": "-955.00000"}, "Operating Expenses": {"2020-12-31": "37195.00000", "2019-12-31": "45510.00000", "2018-12-31": "46429.00000", "2017-12-31": "41002.00000", "2016-12-31": "37375.00000", "2015-12-31": "43226.00000", "2014-12-31": "51870.00000", "2013-12-31": "50028.00000", "2012-12-31": "57302.00000", "2011-12-31": "52985.00000", "2010-12-31": "38625.00000", "2009-12-31": "31819.00000", "2008-12-31": "46876.00000", "2007-12-31": "40037.00000", "2006-12-31": "36596.00000", "2005-12-31": "32555.00000"}, "Operating Income": {"2020-12-31": "4553.00000", "2019-12-31": "8290.00000", "2018-12-31": "8293.00000", "2017-12-31": "4460.00000", "2016-12-31": "1162.00000", "2015-12-31": "3785.00000", "2014-12-31": "3314.00000", "2013-12-31": "5628.00000", "2012-12-31": "8573.00000", "2011-12-31": "7153.00000", "2010-12-31": "3963.00000", "2009-12-31": "577.00000", "2008-12-31": "4448.00000", "2007-12-31": "4921.00000", "2006-12-31": "4921.00000", "2005-12-31": "3784.00000"}, "Total Non-Operating Income/Expense": {"2020-12-31": "-558.00000", "2019-12-31": "-478.00000", "2018-12-31": "-471.00000", "2017-12-31": "-378.00000", "2016-12-31": "-1023.00000", "2015-12-31": "-346.00000", "2014-12-31": "-162.00000", "2013-12-31": "-500.00000", "2012-12-31": "-337.00000", "2011-12-31": "-428.00000", "2010-12-31": "-213.00000", "2009-12-31": "-8.00000", "2008-12-31": "53.00000", "2007-12-31": "69.00000", "2006-12-31": "-60.00000", "2005-12-31": "117.00000"}, "Pre-Tax Income": {"2020-12-31": "3995.00000", "2019-12-31": "7812.00000", "2018-12-31": "7822.00000", "2017-12-31": "4082.00000", "2016-12-31": "139.00000", "2015-12-31": "3439.00000", "2014-12-31": "3152.00000", "2013-12-31": "5128.00000", "2012-12-31": "8236.00000", "2011-12-31": "6725.00000", "2010-12-31": "3750.00000", "2009-12-31": "569.00000", "2008-12-31": "4501.00000", "2007-12-31": "4990.00000", "2006-12-31": "4861.00000", "2005-12-31": "3901.00000"}, "Income Taxes": {"2020-12-31": "1006.00000", "2019-12-31": "1746.00000", "2018-12-31": "1698.00000", "2017-12-31": "3339.00000", "2016-12-31": "192.00000", "2015-12-31": "916.00000", "2014-12-31": "692.00000", "2013-12-31": "1319.00000", "2012-12-31": "2528.00000", "2011-12-31": "1720.00000", "2010-12-31": "968.00000", "2009-12-31": "-270.00000", "2008-12-31": "953.00000", "2007-12-31": "1485.00000", "2006-12-31": "1405.00000", "2005-12-31": "1120.00000"}, "Income After Taxes": {"2020-12-31": "2989.00000", "2019-12-31": "6066.00000", "2018-12-31": "6124.00000", "2017-12-31": "743.00000", "2016-12-31": "-53.00000", "2015-12-31": "2523.00000", "2014-12-31": "2460.00000", "2013-12-31": "3809.00000", "2012-12-31": "5708.00000", "2011-12-31": "5005.00000", "2010-12-31": "2782.00000", "2009-12-31": "839.00000", "2008-12-31": "3548.00000", "2007-12-31": "3505.00000", "2006-12-31": "3456.00000", "2005-12-31": "2781.00000"}, "Other Income": {"2020-12-31": "", "2019-12-31": "", "2018-12-31": "", "2017-12-31": "", "2016-12-31": "", "2015-12-31": "", "2014-12-31": "", "2013-12-31": "", "2012-12-31": "", "2011-12-31": "", "2010-12-31": "", "2009-12-31": "", "2008-12-31": "", "2007-12-31": "", "2006-12-31": "", "2005-12-31": ""}, "Income From Continuous Operations": {"2020-12-31": "3003.00000", "2019-12-31": "6094.00000", "2018-12-31": "6148.00000", "2017-12-31": "759.00000", "2016-12-31": "-59.00000", "2015-12-31": "2523.00000", "2014-12-31": "2468.00000", "2013-12-31": "3803.00000", "2012-12-31": "5722.00000", "2011-12-31": "4981.00000", "2010-12-31": "2758.00000", "2009-12-31": "827.00000", "2008-12-31": "3585.00000", "2007-12-31": "3578.00000", "2006-12-31": "3537.00000", "2005-12-31": "2854.00000"}, "Income From Discontinued Operations": {"2020-12-31": "", "2019-12-31": "", "2018-12-31": "", "2017-12-31": "", "2016-12-31": "", "2015-12-31": "", "2014-12-31": "", "2013-12-31": "", "2012-12-31": "", "2011-12-31": "", "2010-12-31": "", "2009-12-31": "", "2008-12-31": "", "2007-12-31": "", "2006-12-31": "", "2005-12-31": ""}, "Net Income": {"2020-12-31": "2998.00000", "2019-12-31": "6093.00000", "2018-12-31": "6147.00000", "2017-12-31": "754.00000", "2016-12-31": "-67.00000", "2015-12-31": "2512.00000", "2014-12-31": "2452.00000", "2013-12-31": "3789.00000", "2012-12-31": "5681.00000", "2011-12-31": "4928.00000", "2010-12-31": "2700.00000", "2009-12-31": "895.00000", "2008-12-31": "3557.00000", "2007-12-31": "3541.00000", "2006-12-31": "3537.00000", "2005-12-31": "2854.00000"}, "EBITDA": {"2020-12-31": "7574.00000", "2019-12-31": "11621.00000", "2018-12-31": "11781.00000", "2017-12-31": "7983.00000", "2016-12-31": "4792.00000", "2015-12-31": "7418.00000", "2014-12-31": "7101.00000", "2013-12-31": "9442.00000", "2012-12-31": "12763.00000", "2011-12-31": "10506.00000", "2010-12-31": "7173.00000", "2009-12-31": "3958.00000", "2008-12-31": "7581.00000", "2007-12-31": "7850.00000", "2006-12-31": "7546.00000", "2005-12-31": "6029.00000"}, "EBIT": {"2020-12-31": "5142.00000", "2019-12-31": "9044.00000", "2018-12-31": "9015.00000", "2017-12-31": "5106.00000", "2016-12-31": "1758.00000", "2015-12-31": "4372.00000", "2014-12-31": "3938.00000", "2013-12-31": "6355.00000", "2012-12-31": "9370.00000", "2011-12-31": "7979.00000", "2010-12-31": "4877.00000", "2009-12-31": "1622.00000", "2008-12-31": "5601.00000", "2007-12-31": "6053.00000", "2006-12-31": "5944.00000", "2005-12-31": "4552.00000"}, "Basic Shares Outstanding": {"2020-12-31": "544.10000", "2019-12-31": "561.60000", "2018-12-31": "591.40000", "2017-12-31": "591.80000", "2016-12-31": "584.30000", "2015-12-31": "594.30000", "2014-12-31": "617.20000", "2013-12-31": "645.20000", "2012-12-31": "652.60000", "2011-12-31": "645.00000", "2010-12-31": "631.50000", "2009-12-31": "615.20000", "2008-12-31": "610.50000", "2007-12-31": "638.20000", "2006-12-31": "658.70000", "2005-12-31": "678.40000"}, "Shares Outstanding": {"2020-12-31": "548.60000", "2019-12-31": "567.50000", "2018-12-31": "599.40000", "2017-12-31": "599.30000", "2016-12-31": "584.30000", "2015-12-31": "601.30000", "2014-12-31": "628.90000", "2013-12-31": "658.60000", "2012-12-31": "669.60000", "2011-12-31": "666.10000", "2010-12-31": "650.40000", "2009-12-31": "626.00000", "2008-12-31": "627.90000", "2007-12-31": "659.50000", "2006-12-31": "683.80000", "2005-12-31": "705.80000"}, "Basic EPS": {"2020-12-31": "5.51000", "2019-12-31": "10.85000", "2018-12-31": "10.39000", "2017-12-31": "1.27000", "2016-12-31": "-0.11000", "2015-12-31": "4.23000", "2014-12-31": "3.97000", "2013-12-31": "5.87000", "2012-12-31": "8.71000", "2011-12-31": "7.64000", "2010-12-31": "4.28000", "2009-12-31": "1.45000", "2008-12-31": "5.83000", "2007-12-31": "5.55000", "2006-12-31": "5.37000", "2005-12-31": "4.21000"}, "EPS - Earnings Per Share": {"2020-12-31": "5.46000", "2019-12-31": "10.74000", "2018-12-31": "10.26000", "2017-12-31": "1.26000", "2016-12-31": "-0.11000", "2015-12-31": "4.18000", "2014-12-31": "3.90000", "2013-12-31": "5.75000", "2012-12-31": "8.48000", "2011-12-31": "7.40000", "2010-12-31": "4.15000", "2009-12-31": "1.43000", "2008-12-31": "5.66000", "2007-12-31": "5.37000", "2006-12-31": "5.17000", "2005-12-31": "4.04000"}}, "income statement, quarterly": {"Revenue": {"2020-12-31": "11235.00000", "2020-09-30": "9881.00000", "2020-06-30": "9997.00000", "2020-03-31": "10635.00000", "2019-12-31": "13144.00000", "2019-09-30": "12758.00000", "2019-06-30": "14432.00000", "2019-03-31": "13466.00000", "2018-12-31": "14342.00000", "2018-09-30": "13510.00000", "2018-06-30": "14011.00000", "2018-03-31": "12859.00000", "2017-12-31": "12896.00000", "2017-09-30": "11413.00000", "2017-06-30": "11331.00000", "2017-03-31": "9822.00000", "2016-12-31": "9574.00000", "2016-09-30": "9160.00000", "2016-06-30": "10342.00000", "2016-03-31": "9461.00000", "2015-12-31": "11030.00000", "2015-09-30": "10962.00000", "2015-06-30": "12317.00000", "2015-03-31": "12702.00000", "2014-12-31": "14244.00000", "2014-09-30": "13549.00000", "2014-06-30": "14150.00000", "2014-03-31": "13241.00000", "2013-12-31": "14402.00000", "2013-09-30": "13423.00000", "2013-06-30": "14621.00000", "2013-03-31": "13210.00000", "2012-12-31": "16075.00000", "2012-09-30": "16445.00000", "2012-06-30": "17374.00000", "2012-03-31": "15981.00000", "2011-12-31": "17243.00000", "2011-09-30": "15716.00000", "2011-06-30": "14230.00000", "2011-03-31": "12949.00000", "2010-12-31": "12807.00000", "2010-09-30": "11134.00000", "2010-06-30": "10409.00000", "2010-03-31": "8238.00000", "2009-12-31": "7898.00000", "2009-09-30": "7298.00000", "2009-06-30": "7975.00000", "2009-03-31": "9225.00000", "2008-12-31": "12923.00000", "2008-09-30": "12981.00000", "2008-06-30": "13624.00000", "2008-03-31": "11796.00000", "2007-12-31": "12144.00000", "2007-09-30": "11442.00000", "2007-06-30": "11356.00000", "2007-03-31": "10016.00000", "2006-12-31": "11003.00000", "2006-09-30": "10517.00000", "2006-06-30": "10605.00000", "2006-03-31": "9392.00000", "2005-12-31": "9663.00000", "2005-09-30": "8977.00000", "2005-06-30": "9360.00000", "2005-03-31": "8339.00000"}, "Cost Of Goods Sold": {"2020-12-31": "7784.00000", "2020-09-30": "6919.00000", "2020-06-30": "7113.00000", "2020-03-31": "7266.00000", "2019-12-31": "9117.00000", "2019-09-30": "8569.00000", "2019-06-30": "9941.00000", "2019-03-31": "9003.00000", "2018-12-31": "9987.00000", "2018-09-30": "9022.00000", "2018-06-30": "9422.00000", "2018-03-31": "8566.00000", "2017-12-31": "8965.00000", "2017-09-30": "7678.00000", "2017-06-30": "7816.00000", "2017-03-31": "6801.00000", "2016-12-31": "7276.00000", "2016-09-30": "6527.00000", "2016-06-30": "7419.00000", "2016-03-31": "6822.00000", "2015-12-31": "8240.00000", "2015-09-30": "7872.00000", "2015-06-30": "8674.00000", "2015-03-31": "8760.00000", "2014-12-31": "11450.00000", "2014-09-30": "9634.00000", "2014-06-30": "10197.00000", "2014-03-31": "9437.00000", "2013-12-31": "10541.00000", "2013-09-30": "9774.00000", "2013-06-30": "10773.00000", "2013-03-31": "9639.00000", "2012-12-31": "11899.00000", "2012-09-30": "11639.00000", "2012-06-30": "12280.00000", "2012-03-31": "11237.00000", "2011-12-31": "12763.00000", "2011-09-30": "11455.00000", "2011-06-30": "10303.00000", "2011-03-31": "9057.00000", "2010-12-31": "9349.00000", "2010-09-30": "7752.00000", "2010-06-30": "7372.00000", "2010-03-31": "5894.00000", "2009-12-31": "5852.00000", "2009-09-30": "5255.00000", "2009-06-30": "5752.00000", "2009-03-31": "7027.00000", "2008-12-31": "10066.00000", "2008-09-30": "9704.00000", "2008-06-30": "10036.00000", "2008-03-31": "8609.00000", "2007-12-31": "8920.00000", "2007-09-30": "8270.00000", "2007-06-30": "8300.00000", "2007-03-31": "7136.00000", "2006-12-31": "7971.00000", "2006-09-30": "7610.00000", "2006-06-30": "7416.00000", "2006-03-31": "6552.00000", "2005-12-31": "6906.00000", "2005-09-30": "6547.00000", "2005-06-30": "6890.00000", "2005-03-31": "6215.00000"}, "Gross Profit": {"2020-12-31": "3451.00000", "2020-09-30": "2962.00000", "2020-06-30": "2884.00000", "2020-03-31": "3369.00000", "2019-12-31": "4027.00000", "2019-09-30": "4189.00000", "2019-06-30": "4491.00000", "2019-03-31": "4463.00000", "2018-12-31": "4355.00000", "2018-09-30": "4488.00000", "2018-06-30": "4589.00000", "2018-03-31": "4293.00000", "2017-12-31": "3931.00000", "2017-09-30": "3735.00000", "2017-06-30": "3515.00000", "2017-03-31": "3021.00000", "2016-12-31": "2298.00000", "2016-09-30": "2633.00000", "2016-06-30": "2923.00000", "2016-03-31": "2639.00000", "2015-12-31": "2790.00000", "2015-09-30": "3090.00000", "2015-06-30": "3643.00000", "2015-03-31": "3942.00000", "2014-12-31": "2794.00000", "2014-09-30": "3915.00000", "2014-06-30": "3953.00000", "2014-03-31": "3804.00000", "2013-12-31": "3861.00000", "2013-09-30": "3649.00000", "2013-06-30": "3848.00000", "2013-03-31": "3571.00000", "2012-12-31": "4176.00000", "2012-09-30": "4806.00000", "2012-06-30": "5094.00000", "2012-03-31": "4744.00000", "2011-12-31": "4480.00000", "2011-09-30": "4261.00000", "2011-06-30": "3927.00000", "2011-03-31": "3892.00000", "2010-12-31": "3458.00000", "2010-09-30": "3382.00000", "2010-06-30": "3037.00000", "2010-03-31": "2344.00000", "2009-12-31": "2046.00000", "2009-09-30": "2043.00000", "2009-06-30": "2223.00000", "2009-03-31": "2198.00000", "2008-12-31": "2857.00000", "2008-09-30": "3277.00000", "2008-06-30": "3588.00000", "2008-03-31": "3187.00000", "2007-12-31": "3224.00000", "2007-09-30": "3172.00000", "2007-06-30": "3056.00000", "2007-03-31": "2880.00000", "2006-12-31": "3032.00000", "2006-09-30": "2907.00000", "2006-06-30": "3189.00000", "2006-03-31": "2840.00000", "2005-12-31": "2757.00000", "2005-09-30": "2430.00000", "2005-06-30": "2470.00000", "2005-03-31": "2124.00000"}, "Research And Development Expenses": {"2020-12-31": "374.00000", "2020-09-30": "344.00000", "2020-06-30": "341.00000", "2020-03-31": "356.00000", "2019-12-31": "386.00000", "2019-09-30": "431.00000", "2019-06-30": "441.00000", "2019-03-31": "435.00000", "2018-12-31": "466.00000", "2018-09-30": "479.00000", "2018-06-30": "462.00000", "2018-03-31": "443.00000", "2017-12-31": "498.00000", "2017-09-30": "461.00000", "2017-06-30": "458.00000", "2017-03-31": "425.00000", "2016-12-31": "424.00000", "2016-09-30": "453.00000", "2016-06-30": "468.00000", "2016-03-31": "508.00000", "2015-12-31": "572.00000", "2015-09-30": "513.00000", "2015-06-30": "510.00000", "2015-03-31": "524.00000", "2014-12-31": "823.00000", "2014-09-30": "533.00000", "2014-06-30": "516.00000", "2014-03-31": "508.00000", "2013-12-31": "467.00000", "2013-09-30": "469.00000", "2013-06-30": "548.00000", "2013-03-31": "562.00000", "2012-12-31": "613.00000", "2012-09-30": "634.00000", "2012-06-30": "632.00000", "2012-03-31": "587.00000", "2011-12-31": "604.00000", "2011-09-30": "584.00000", "2011-06-30": "584.00000", "2011-03-31": "525.00000", "2010-12-31": "543.00000", "2010-09-30": "510.00000", "2010-06-30": "450.00000", "2010-03-31": "402.00000", "2009-12-31": "355.00000", "2009-09-30": "327.00000", "2009-06-30": "351.00000", "2009-03-31": "388.00000", "2008-12-31": "507.00000", "2008-09-30": "437.00000", "2008-06-30": "415.00000", "2008-03-31": "369.00000", "2007-12-31": "357.00000", "2007-09-30": "357.00000", "2007-06-30": "350.00000", "2007-03-31": "340.00000", "2006-12-31": "368.00000", "2006-09-30": "329.00000", "2006-06-30": "343.00000", "2006-03-31": "307.00000", "2005-12-31": "290.00000", "2005-09-30": "285.00000", "2005-06-30": "268.00000", "2005-03-31": "241.00000"}, "SG&A Expenses": {"2020-12-31": "1216.00000", "2020-09-30": "1126.00000", "2020-06-30": "1179.00000", "2020-03-31": "1121.00000", "2019-12-31": "1283.00000", "2019-09-30": "1251.00000", "2019-06-30": "1309.00000", "2019-03-31": "1319.00000", "2018-12-31": "1463.00000", "2018-09-30": "1299.00000", "2018-06-30": "1440.00000", "2018-03-31": "1276.00000", "2017-12-31": "1380.00000", "2017-09-30": "1254.00000", "2017-06-30": "1304.00000", "2017-03-31": "1061.00000", "2016-12-31": "1180.00000", "2016-09-30": "992.00000", "2016-06-30": "1123.00000", "2016-03-31": "1088.00000", "2015-12-31": "1255.00000", "2015-09-30": "1129.00000", "2015-06-30": "1318.00000", "2015-03-31": "1249.00000", "2014-12-31": "2354.00000", "2014-09-30": "1446.00000", "2014-06-30": "1437.00000", "2014-03-31": "1292.00000", "2013-12-31": "1417.00000", "2013-09-30": "1319.00000", "2013-06-30": "1421.00000", "2013-03-31": "1390.00000", "2012-12-31": "1591.00000", "2012-09-30": "1471.00000", "2012-06-30": "1517.00000", "2012-03-31": "1340.00000", "2011-12-31": "1487.00000", "2011-09-30": "1360.00000", "2011-06-30": "1257.00000", "2011-03-31": "1099.00000", "2010-12-31": "1109.00000", "2010-09-30": "1148.00000", "2010-06-30": "1059.00000", "2010-03-31": "932.00000", "2009-12-31": "942.00000", "2009-09-30": "907.00000", "2009-06-30": "914.00000", "2009-03-31": "882.00000", "2008-12-31": "1305.00000", "2008-09-30": "1061.00000", "2008-06-30": "1074.00000", "2008-03-31": "959.00000", "2007-12-31": "1025.00000", "2007-09-30": "938.00000", "2007-06-30": "968.00000", "2007-03-31": "890.00000", "2006-12-31": "1016.00000", "2006-09-30": "988.00000", "2006-06-30": "881.00000", "2006-03-31": "821.00000", "2005-12-31": "882.00000", "2005-09-30": "775.00000", "2005-06-30": "789.00000", "2005-03-31": "744.00000"}, "Other Operating Income Or Expenses": {"2020-12-31": "-353.00000", "2020-09-30": "-370.00000", "2020-06-30": "-431.00000", "2020-03-31": "-313.00000", "2019-12-31": "-325.00000", "2019-09-30": "-298.00000", "2019-06-30": "-336.00000", "2019-03-31": "-312.00000", "2018-12-31": "-354.00000", "2018-09-30": "-390.00000", "2018-06-30": "-338.00000", "2018-03-31": "-300.00000", "2017-12-31": "-504.00000", "2017-09-30": "-348.00000", "2017-06-30": "-407.00000", "2017-03-31": "-996.00000", "2016-12-31": "-548.00000", "2016-09-30": "-560.00000", "2016-06-30": "-399.00000", "2016-03-31": "-397.00000", "2015-12-31": "-991.00000", "2015-09-30": "-381.00000", "2015-06-30": "-334.00000", "2015-03-31": "-317.00000", "2014-12-31": "-414.00000", "2014-09-30": "-387.00000", "2014-06-30": "-372.00000", "2014-03-31": "-446.00000", "2013-12-31": "-350.00000", "2013-09-30": "-282.00000", "2013-06-30": "-137.00000", "2013-03-31": "-212.00000", "2012-12-31": "-156.00000", "2012-09-30": "92.00000", "2012-06-30": "-131.00000", "2012-03-31": "-290.00000", "2011-12-31": "-226.00000", "2011-09-30": "-347.00000", "2011-06-30": "-276.00000", "2011-03-31": "-232.00000", "2010-12-31": "-295.00000", "2010-09-30": "-310.00000", "2010-06-30": "-317.00000", "2010-03-31": "-269.00000", "2009-12-31": "-383.00000", "2009-09-30": "-276.00000", "2009-06-30": "-339.00000", "2009-03-31": "-824.00000", "2008-12-31": "-289.00000", "2008-09-30": "-315.00000", "2008-06-30": "-295.00000", "2008-03-31": "-282.00000", "2007-12-31": "-294.00000", "2007-09-30": "-275.00000", "2007-06-30": "-246.00000", "2007-03-31": "-239.00000", "2006-12-31": "-233.00000", "2006-09-30": "-246.00000", "2006-06-30": "-230.00000", "2006-03-31": "-262.00000", "2005-12-31": "-301.00000", "2005-09-30": "-233.00000", "2005-06-30": "-208.00000", "2005-03-31": "-213.00000"}, "Operating Expenses": {"2020-12-31": "9855.00000", "2020-09-30": "8896.00000", "2020-06-30": "9213.00000", "2020-03-31": "9231.00000", "2019-12-31": "11294.00000", "2019-09-30": "10738.00000", "2019-06-30": "12219.00000", "2019-03-31": "11259.00000", "2018-12-31": "12459.00000", "2018-09-30": "11375.00000", "2018-06-30": "11844.00000", "2018-03-31": "10751.00000", "2017-12-31": "11509.00000", "2017-09-30": "9904.00000", "2017-06-30": "10147.00000", "2017-03-31": "9442.00000", "2016-12-31": "10172.00000", "2016-09-30": "8679.00000", "2016-06-30": "9557.00000", "2016-03-31": "8967.00000", "2015-12-31": "11205.00000", "2015-09-30": "10037.00000", "2015-06-30": "10984.00000", "2015-03-31": "11000.00000", "2014-12-31": "15195.00000", "2014-09-30": "12157.00000", "2014-06-30": "12675.00000", "2014-03-31": "11843.00000", "2013-12-31": "12950.00000", "2013-09-30": "12022.00000", "2013-06-30": "13064.00000", "2013-03-31": "11992.00000", "2012-12-31": "15037.00000", "2012-09-30": "13849.00000", "2012-06-30": "14758.00000", "2012-03-31": "13658.00000", "2011-12-31": "15283.00000", "2011-09-30": "13957.00000", "2011-06-30": "12629.00000", "2011-03-31": "11116.00000", "2010-12-31": "11516.00000", "2010-09-30": "9947.00000", "2010-06-30": "9432.00000", "2010-03-31": "7730.00000", "2009-12-31": "7770.00000", "2009-09-30": "7021.00000", "2009-06-30": "7628.00000", "2009-03-31": "9400.00000", "2008-12-31": "12466.00000", "2008-09-30": "11808.00000", "2008-06-30": "12099.00000", "2008-03-31": "10503.00000", "2007-12-31": "10889.00000", "2007-09-30": "10129.00000", "2007-06-30": "10143.00000", "2007-03-31": "8876.00000", "2006-12-31": "9857.00000", "2006-09-30": "9439.00000", "2006-06-30": "9126.00000", "2006-03-31": "8174.00000", "2005-12-31": "8596.00000", "2005-09-30": "8037.00000", "2005-06-30": "8339.00000", "2005-03-31": "7583.00000"}, "Operating Income": {"2020-12-31": "1380.00000", "2020-09-30": "985.00000", "2020-06-30": "784.00000", "2020-03-31": "1404.00000", "2019-12-31": "1850.00000", "2019-09-30": "2020.00000", "2019-06-30": "2213.00000", "2019-03-31": "2207.00000", "2018-12-31": "1883.00000", "2018-09-30": "2135.00000", "2018-06-30": "2167.00000", "2018-03-31": "2108.00000", "2017-12-31": "1387.00000", "2017-09-30": "1509.00000", "2017-06-30": "1184.00000", "2017-03-31": "380.00000", "2016-12-31": "-598.00000", "2016-09-30": "481.00000", "2016-06-30": "785.00000", "2016-03-31": "494.00000", "2015-12-31": "-175.00000", "2015-09-30": "925.00000", "2015-06-30": "1333.00000", "2015-03-31": "1702.00000", "2014-12-31": "-951.00000", "2014-09-30": "1392.00000", "2014-06-30": "1475.00000", "2014-03-31": "1398.00000", "2013-12-31": "1452.00000", "2013-09-30": "1401.00000", "2013-06-30": "1557.00000", "2013-03-31": "1218.00000", "2012-12-31": "1038.00000", "2012-09-30": "2596.00000", "2012-06-30": "2616.00000", "2012-03-31": "2323.00000", "2011-12-31": "1960.00000", "2011-09-30": "1759.00000", "2011-06-30": "1601.00000", "2011-03-31": "1833.00000", "2010-12-31": "1291.00000", "2010-09-30": "1187.00000", "2010-06-30": "977.00000", "2010-03-31": "508.00000", "2009-12-31": "128.00000", "2009-09-30": "277.00000", "2009-06-30": "347.00000", "2009-03-31": "-175.00000", "2008-12-31": "457.00000", "2008-09-30": "1173.00000", "2008-06-30": "1525.00000", "2008-03-31": "1293.00000", "2007-12-31": "1255.00000", "2007-09-30": "1313.00000", "2007-06-30": "1213.00000", "2007-03-31": "1140.00000", "2006-12-31": "1146.00000", "2006-09-30": "1078.00000", "2006-06-30": "1479.00000", "2006-03-31": "1218.00000", "2005-12-31": "1067.00000", "2005-09-30": "940.00000", "2005-06-30": "1021.00000", "2005-03-31": "756.00000"}, "Total Non-Operating Income/Expense": {"2020-12-31": "-439.00000", "2020-09-30": "-122.00000", "2020-06-30": "-106.00000", "2020-03-31": "109.00000", "2019-12-31": "-485.00000", "2019-09-30": "-15.00000", "2019-06-30": "-35.00000", "2019-03-31": "57.00000", "2018-12-31": "-516.00000", "2018-09-30": "", "2018-06-30": "19.00000", "2018-03-31": "26.00000", "2017-12-31": "-276.00000", "2017-09-30": "14.00000", "2017-06-30": "-25.00000", "2017-03-31": "-91.00000", "2016-12-31": "-750.00000", "2016-09-30": "-98.00000", "2016-06-30": "-46.00000", "2016-03-31": "-129.00000", "2015-12-31": "-72.00000", "2015-09-30": "-142.00000", "2015-06-30": "-197.00000", "2015-03-31": "65.00000", "2014-12-31": "-40.00000", "2014-09-30": "-11.00000", "2014-06-30": "-55.00000", "2014-03-31": "-56.00000", "2013-12-31": "-65.00000", "2013-09-30": "-140.00000", "2013-06-30": "-204.00000", "2013-03-31": "-91.00000", "2012-12-31": "-126.00000", "2012-09-30": "-146.00000", "2012-06-30": "-40.00000", "2012-03-31": "-25.00000", "2011-12-31": "18.00000", "2011-09-30": "-125.00000", "2011-06-30": "-251.00000", "2011-03-31": "-70.00000", "2010-12-31": "-59.00000", "2010-09-30": "-84.00000", "2010-06-30": "-31.00000", "2010-03-31": "-39.00000", "2009-12-31": "", "2009-09-30": "-25.00000", "2009-06-30": "54.00000", "2009-03-31": "-37.00000", "2008-12-31": "-95.00000", "2008-09-30": "87.00000", "2008-06-30": "13.00000", "2008-03-31": "48.00000", "2007-12-31": "65.00000", "2007-09-30": "-18.00000", "2007-06-30": "-10.00000", "2007-03-31": "32.00000", "2006-12-31": "-19.00000", "2006-09-30": "", "2006-06-30": "-16.00000", "2006-03-31": "-25.00000", "2005-12-31": "37.00000", "2005-09-30": "12.00000", "2005-06-30": "25.00000", "2005-03-31": "43.00000"}, "Pre-Tax Income": {"2020-12-31": "941.00000", "2020-09-30": "863.00000", "2020-06-30": "678.00000", "2020-03-31": "1513.00000", "2019-12-31": "1365.00000", "2019-09-30": "2005.00000", "2019-06-30": "2178.00000", "2019-03-31": "2264.00000", "2018-12-31": "1367.00000", "2018-09-30": "2135.00000", "2018-06-30": "2186.00000", "2018-03-31": "2134.00000", "2017-12-31": "1111.00000", "2017-09-30": "1523.00000", "2017-06-30": "1159.00000", "2017-03-31": "289.00000", "2016-12-31": "-1348.00000", "2016-09-30": "383.00000", "2016-06-30": "739.00000", "2016-03-31": "365.00000", "2015-12-31": "-247.00000", "2015-09-30": "783.00000", "2015-06-30": "1136.00000", "2015-03-31": "1767.00000", "2014-12-31": "-991.00000", "2014-09-30": "1381.00000", "2014-06-30": "1420.00000", "2014-03-31": "1342.00000", "2013-12-31": "1387.00000", "2013-09-30": "1261.00000", "2013-06-30": "1353.00000", "2013-03-31": "1127.00000", "2012-12-31": "912.00000", "2012-09-30": "2450.00000", "2012-06-30": "2576.00000", "2012-03-31": "2298.00000", "2011-12-31": "1978.00000", "2011-09-30": "1634.00000", "2011-06-30": "1350.00000", "2011-03-31": "1763.00000", "2010-12-31": "1232.00000", "2010-09-30": "1103.00000", "2010-06-30": "946.00000", "2010-03-31": "469.00000", "2009-12-31": "128.00000", "2009-09-30": "252.00000", "2009-06-30": "401.00000", "2009-03-31": "-212.00000", "2008-12-31": "362.00000", "2008-09-30": "1260.00000", "2008-06-30": "1538.00000", "2008-03-31": "1341.00000", "2007-12-31": "1320.00000", "2007-09-30": "1295.00000", "2007-06-30": "1203.00000", "2007-03-31": "1172.00000", "2006-12-31": "1127.00000", "2006-09-30": "1078.00000", "2006-06-30": "1463.00000", "2006-03-31": "1193.00000", "2005-12-31": "1104.00000", "2005-09-30": "952.00000", "2005-06-30": "1046.00000", "2005-03-31": "799.00000"}, "Income Taxes": {"2020-12-31": "167.00000", "2020-09-30": "187.00000", "2020-06-30": "227.00000", "2020-03-31": "425.00000", "2019-12-31": "276.00000", "2019-09-30": "518.00000", "2019-06-30": "565.00000", "2019-03-31": "387.00000", "2018-12-31": "321.00000", "2018-09-30": "415.00000", "2018-06-30": "490.00000", "2018-03-31": "472.00000", "2017-12-31": "2418.00000", "2017-09-30": "470.00000", "2017-06-30": "361.00000", "2017-03-31": "90.00000", "2016-12-31": "-180.00000", "2016-09-30": "96.00000", "2016-06-30": "184.00000", "2016-03-31": "92.00000", "2015-12-31": "-158.00000", "2015-09-30": "218.00000", "2015-06-30": "335.00000", "2015-03-31": "521.00000", "2014-12-31": "-509.00000", "2014-09-30": "364.00000", "2014-06-30": "419.00000", "2014-03-31": "418.00000", "2013-12-31": "376.00000", "2013-09-30": "310.00000", "2013-06-30": "387.00000", "2013-03-31": "246.00000", "2012-12-31": "214.00000", "2012-09-30": "753.00000", "2012-06-30": "872.00000", "2012-03-31": "689.00000", "2011-12-31": "416.00000", "2011-09-30": "474.00000", "2011-06-30": "318.00000", "2011-03-31": "512.00000", "2010-12-31": "233.00000", "2010-09-30": "295.00000", "2010-06-30": "209.00000", "2010-03-31": "231.00000", "2009-12-31": "-91.00000", "2009-09-30": "-139.00000", "2009-06-30": "40.00000", "2009-03-31": "-80.00000", "2008-12-31": "-296.00000", "2008-09-30": "395.00000", "2008-06-30": "434.00000", "2008-03-31": "420.00000", "2007-12-31": "330.00000", "2007-09-30": "395.00000", "2007-06-30": "385.00000", "2007-03-31": "375.00000", "2006-12-31": "252.00000", "2006-09-30": "334.00000", "2006-06-30": "449.00000", "2006-03-31": "370.00000", "2005-12-31": "270.00000", "2005-09-30": "303.00000", "2005-06-30": "315.00000", "2005-03-31": "232.00000"}, "Income After Taxes": {"2020-12-31": "774.00000", "2020-09-30": "676.00000", "2020-06-30": "451.00000", "2020-03-31": "1088.00000", "2019-12-31": "1089.00000", "2019-09-30": "1487.00000", "2019-06-30": "1613.00000", "2019-03-31": "1877.00000", "2018-12-31": "1046.00000", "2018-09-30": "1720.00000", "2018-06-30": "1696.00000", "2018-03-31": "1662.00000", "2017-12-31": "-1307.00000", "2017-09-30": "1053.00000", "2017-06-30": "798.00000", "2017-03-31": "199.00000", "2016-12-31": "-1168.00000", "2016-09-30": "287.00000", "2016-06-30": "555.00000", "2016-03-31": "273.00000", "2015-12-31": "-89.00000", "2015-09-30": "565.00000", "2015-06-30": "801.00000", "2015-03-31": "1246.00000", "2014-12-31": "-482.00000", "2014-09-30": "1017.00000", "2014-06-30": "1001.00000", "2014-03-31": "924.00000", "2013-12-31": "1011.00000", "2013-09-30": "951.00000", "2013-06-30": "966.00000", "2013-03-31": "881.00000", "2012-12-31": "698.00000", "2012-09-30": "1697.00000", "2012-06-30": "1704.00000", "2012-03-31": "1609.00000", "2011-12-31": "1562.00000", "2011-09-30": "1160.00000", "2011-06-30": "1032.00000", "2011-03-31": "1251.00000", "2010-12-31": "999.00000", "2010-09-30": "808.00000", "2010-06-30": "737.00000", "2010-03-31": "238.00000", "2009-12-31": "219.00000", "2009-09-30": "391.00000", "2009-06-30": "361.00000", "2009-03-31": "-132.00000", "2008-12-31": "658.00000", "2008-09-30": "865.00000", "2008-06-30": "1104.00000", "2008-03-31": "921.00000", "2007-12-31": "990.00000", "2007-09-30": "900.00000", "2007-06-30": "818.00000", "2007-03-31": "797.00000", "2006-12-31": "875.00000", "2006-09-30": "744.00000", "2006-06-30": "1014.00000", "2006-03-31": "823.00000", "2005-12-31": "834.00000", "2005-09-30": "649.00000", "2005-06-30": "731.00000", "2005-03-31": "567.00000"}, "Other Income": {"2020-12-31": "", "2020-09-30": "", "2020-06-30": "", "2020-03-31": "", "2019-12-31": "", "2019-09-30": "", "2019-06-30": "", "2019-03-31": "", "2018-12-31": "", "2018-09-30": "", "2018-06-30": "", "2018-03-31": "", "2017-12-31": "", "2017-09-30": "", "2017-06-30": "", "2017-03-31": "", "2016-12-31": "", "2016-09-30": "", "2016-06-30": "", "2016-03-31": "", "2015-12-31": "", "2015-09-30": "", "2015-06-30": "", "2015-03-31": "", "2014-12-31": "", "2014-09-30": "", "2014-06-30": "", "2014-03-31": "", "2013-12-31": "", "2013-09-30": "", "2013-06-30": "", "2013-03-31": "", "2012-12-31": "", "2012-09-30": "", "2012-06-30": "", "2012-03-31": "", "2011-12-31": "", "2011-09-30": "", "2011-06-30": "", "2011-03-31": "", "2010-12-31": "", "2010-09-30": "", "2010-06-30": "", "2010-03-31": "", "2009-12-31": "", "2009-09-30": "", "2009-06-30": "", "2009-03-31": "", "2008-12-31": "", "2008-09-30": "", "2008-06-30": "", "2008-03-31": "", "2007-12-31": "", "2007-09-30": "", "2007-06-30": "", "2007-03-31": "", "2006-12-31": "", "2006-09-30": "", "2006-06-30": "", "2006-03-31": "", "2005-12-31": "", "2005-09-30": "", "2005-06-30": "", "2005-03-31": ""}, "Income From Continuous Operations": {"2020-12-31": "780.00000", "2020-09-30": "671.00000", "2020-06-30": "459.00000", "2020-03-31": "1093.00000", "2019-12-31": "1097.00000", "2019-09-30": "1494.00000", "2019-06-30": "1619.00000", "2019-03-31": "1884.00000", "2018-12-31": "1049.00000", "2018-09-30": "1727.00000", "2018-06-30": "1705.00000", "2018-03-31": "1667.00000", "2017-12-31": "-1299.00000", "2017-09-30": "1061.00000", "2017-06-30": "803.00000", "2017-03-31": "194.00000", "2016-12-31": "-1167.00000", "2016-09-30": "283.00000", "2016-06-30": "553.00000", "2016-03-31": "272.00000", "2015-12-31": "-90.00000", "2015-09-30": "562.00000", "2015-06-30": "803.00000", "2015-03-31": "1248.00000", "2014-12-31": "-480.00000", "2014-09-30": "1021.00000", "2014-06-30": "1002.00000", "2014-03-31": "925.00000", "2013-12-31": "1006.00000", "2013-09-30": "950.00000", "2013-06-30": "965.00000", "2013-03-31": "882.00000", "2012-12-31": "700.00000", "2012-09-30": "1702.00000", "2012-06-30": "1709.00000", "2012-03-31": "1611.00000", "2011-12-31": "1562.00000", "2011-09-30": "1154.00000", "2011-06-30": "1022.00000", "2011-03-31": "1243.00000", "2010-12-31": "988.00000", "2010-09-30": "801.00000", "2010-06-30": "733.00000", "2010-03-31": "236.00000", "2009-12-31": "206.00000", "2009-09-30": "392.00000", "2009-06-30": "360.00000", "2009-03-31": "-131.00000", "2008-12-31": "663.00000", "2008-09-30": "876.00000", "2008-06-30": "1114.00000", "2008-03-31": "932.00000", "2007-12-31": "1012.00000", "2007-09-30": "927.00000", "2007-06-30": "823.00000", "2007-03-31": "816.00000", "2006-12-31": "882.00000", "2006-09-30": "769.00000", "2006-06-30": "1046.00000", "2006-03-31": "840.00000", "2005-12-31": "846.00000", "2005-09-30": "667.00000", "2005-06-30": "760.00000", "2005-03-31": "581.00000"}, "Income From Discontinued Operations": {"2020-12-31": "", "2020-09-30": "", "2020-06-30": "", "2020-03-31": "", "2019-12-31": "", "2019-09-30": "", "2019-06-30": "", "2019-03-31": "", "2018-12-31": "", "2018-09-30": "", "2018-06-30": "", "2018-03-31": "", "2017-12-31": "", "2017-09-30": "", "2017-06-30": "", "2017-03-31": "", "2016-12-31": "", "2016-09-30": "", "2016-06-30": "", "2016-03-31": "", "2015-12-31": "", "2015-09-30": "", "2015-06-30": "", "2015-03-31": "", "2014-12-31": "", "2014-09-30": "", "2014-06-30": "", "2014-03-31": "", "2013-12-31": "", "2013-09-30": "", "2013-06-30": "", "2013-03-31": "", "2012-12-31": "", "2012-09-30": "", "2012-06-30": "", "2012-03-31": "", "2011-12-31": "", "2011-09-30": "", "2011-06-30": "", "2011-03-31": "", "2010-12-31": "", "2010-09-30": "", "2010-06-30": "", "2010-03-31": "", "2009-12-31": "", "2009-09-30": "", "2009-06-30": "", "2009-03-31": "", "2008-12-31": "", "2008-09-30": "", "2008-06-30": "", "2008-03-31": "", "2007-12-31": "", "2007-09-30": "", "2007-06-30": "", "2007-03-31": "", "2006-12-31": "", "2006-09-30": "", "2006-06-30": "", "2006-03-31": "", "2005-12-31": "", "2005-09-30": "", "2005-06-30": "", "2005-03-31": ""}, "Net Income": {"2020-12-31": "780.00000", "2020-09-30": "668.00000", "2020-06-30": "458.00000", "2020-03-31": "1092.00000", "2019-12-31": "1098.00000", "2019-09-30": "1494.00000", "2019-06-30": "1620.00000", "2019-03-31": "1881.00000", "2018-12-31": "1048.00000", "2018-09-30": "1727.00000", "2018-06-30": "1707.00000", "2018-03-31": "1665.00000", "2017-12-31": "-1299.00000", "2017-09-30": "1059.00000", "2017-06-30": "802.00000", "2017-03-31": "192.00000", "2016-12-31": "-1171.00000", "2016-09-30": "283.00000", "2016-06-30": "550.00000", "2016-03-31": "271.00000", "2015-12-31": "-94.00000", "2015-09-30": "559.00000", "2015-06-30": "802.00000", "2015-03-31": "1245.00000", "2014-12-31": "-486.00000", "2014-09-30": "1017.00000", "2014-06-30": "999.00000", "2014-03-31": "922.00000", "2013-12-31": "1003.00000", "2013-09-30": "946.00000", "2013-06-30": "960.00000", "2013-03-31": "880.00000", "2012-12-31": "697.00000", "2012-09-30": "1699.00000", "2012-06-30": "1699.00000", "2012-03-31": "1586.00000", "2011-12-31": "1547.00000", "2011-09-30": "1141.00000", "2011-06-30": "1015.00000", "2011-03-31": "1225.00000", "2010-12-31": "968.00000", "2010-09-30": "792.00000", "2010-06-30": "707.00000", "2010-03-31": "233.00000", "2009-12-31": "232.00000", "2009-09-30": "404.00000", "2009-06-30": "371.00000", "2009-03-31": "-112.00000", "2008-12-31": "661.00000", "2008-09-30": "868.00000", "2008-06-30": "1106.00000", "2008-03-31": "922.00000", "2007-12-31": "975.00000", "2007-09-30": "927.00000", "2007-06-30": "823.00000", "2007-03-31": "816.00000", "2006-12-31": "882.00000", "2006-09-30": "769.00000", "2006-06-30": "1046.00000", "2006-03-31": "840.00000", "2005-12-31": "846.00000", "2005-09-30": "667.00000", "2005-06-30": "760.00000", "2005-03-31": "581.00000"}, "EBITDA": {"2020-12-31": "", "2020-09-30": "1715.00000", "2020-06-30": "1541.00000", "2020-03-31": "2193.00000", "2019-12-31": "2677.00000", "2019-09-30": "2854.00000", "2019-06-30": "3052.00000", "2019-03-31": "3038.00000", "2018-12-31": "2773.00000", "2018-09-30": "3018.00000", "2018-06-30": "3035.00000", "2018-03-31": "2955.00000", "2017-12-31": "2273.00000", "2017-09-30": "2395.00000", "2017-06-30": "2066.00000", "2017-03-31": "1249.00000", "2016-12-31": "330.00000", "2016-09-30": "1389.00000", "2016-06-30": "1687.00000", "2016-03-31": "1386.00000", "2015-12-31": "746.00000", "2015-09-30": "1825.00000", "2015-06-30": "2242.00000", "2015-03-31": "2605.00000", "2014-12-31": "-2.00000", "2014-09-30": "2347.00000", "2014-06-30": "2417.00000", "2014-03-31": "2339.00000", "2013-12-31": "2451.00000", "2013-09-30": "2358.00000", "2013-06-30": "2503.00000", "2013-03-31": "2130.00000", "2012-12-31": "2559.00000", "2012-09-30": "3513.00000", "2012-06-30": "3503.00000", "2012-03-31": "3188.00000", "2011-12-31": "2858.00000", "2011-09-30": "2628.00000", "2011-06-30": "2409.00000", "2011-03-31": "2611.00000", "2010-12-31": "2126.00000", "2010-09-30": "1979.00000", "2010-06-30": "1773.00000", "2010-03-31": "1295.00000", "2009-12-31": "1069.00000", "2009-09-30": "1094.00000", "2009-06-30": "1157.00000", "2009-03-31": "638.00000", "2008-12-31": "1283.00000", "2008-09-30": "1965.00000", "2008-06-30": "2284.00000", "2008-03-31": "2049.00000", "2007-12-31": "2044.00000", "2007-09-30": "2054.00000", "2007-06-30": "1929.00000", "2007-03-31": "1823.00000", "2006-12-31": "1797.00000", "2006-09-30": "1762.00000", "2006-06-30": "2137.00000", "2006-03-31": "1850.00000", "2005-12-31": "1648.00000", "2005-09-30": "1506.00000", "2005-06-30": "1577.00000", "2005-03-31": "1298.00000"}, "EBIT": {"2020-12-31": "1508.00000", "2020-09-30": "1122.00000", "2020-06-30": "933.00000", "2020-03-31": "1579.00000", "2019-12-31": "2033.00000", "2019-09-30": "2209.00000", "2019-06-30": "2405.00000", "2019-03-31": "2397.00000", "2018-12-31": "2072.00000", "2018-09-30": "2320.00000", "2018-06-30": "2349.00000", "2018-03-31": "2274.00000", "2017-12-31": "1549.00000", "2017-09-30": "1672.00000", "2017-06-30": "1346.00000", "2017-03-31": "539.00000", "2016-12-31": "-449.00000", "2016-09-30": "628.00000", "2016-06-30": "933.00000", "2016-03-31": "646.00000", "2015-12-31": "-28.00000", "2015-09-30": "1067.00000", "2015-06-30": "1481.00000", "2015-03-31": "1852.00000", "2014-12-31": "-797.00000", "2014-09-30": "1549.00000", "2014-06-30": "1628.00000", "2014-03-31": "1558.00000", "2013-12-31": "1627.00000", "2013-09-30": "1579.00000", "2013-06-30": "1742.00000", "2013-03-31": "1407.00000", "2012-12-31": "1236.00000", "2012-09-30": "2793.00000", "2012-06-30": "2814.00000", "2012-03-31": "2527.00000", "2011-12-31": "2163.00000", "2011-09-30": "1970.00000", "2011-06-30": "1810.00000", "2011-03-31": "2036.00000", "2010-12-31": "1511.00000", "2010-09-30": "1414.00000", "2010-06-30": "1211.00000", "2010-03-31": "741.00000", "2009-12-31": "366.00000", "2009-09-30": "533.00000", "2009-06-30": "619.00000", "2009-03-31": "104.00000", "2008-12-31": "756.00000", "2008-09-30": "1464.00000", "2008-06-30": "1804.00000", "2008-03-31": "1577.00000", "2007-12-31": "1548.00000", "2007-09-30": "1602.00000", "2007-06-30": "1492.00000", "2007-03-31": "1411.00000", "2006-12-31": "1415.00000", "2006-09-30": "1344.00000", "2006-06-30": "1735.00000", "2006-03-31": "1450.00000", "2005-12-31": "1284.00000", "2005-09-30": "1137.00000", "2005-06-30": "1205.00000", "2005-03-31": "926.00000"}, "Basic Shares Outstanding": {"2020-12-31": "544.50000", "2020-09-30": "542.30000", "2020-06-30": "541.50000", "2020-03-31": "546.80000", "2019-12-31": "561.60000", "2019-09-30": "556.30000", "2019-06-30": "567.80000", "2019-03-31": "572.40000", "2018-12-31": "591.40000", "2018-09-30": "592.10000", "2018-06-30": "596.20000", "2018-03-31": "598.00000", "2017-12-31": "591.80000", "2017-09-30": "592.90000", "2017-06-30": "590.20000", "2017-03-31": "587.50000", "2016-12-31": "584.30000", "2016-09-30": "584.70000", "2016-06-30": "584.10000", "2016-03-31": "582.80000", "2015-12-31": "594.30000", "2015-09-30": "588.40000", "2015-06-30": "603.20000", "2015-03-31": "604.90000", "2014-12-31": "617.20000", "2014-09-30": "611.50000", "2014-06-30": "626.30000", "2014-03-31": "626.70000", "2013-12-31": "645.20000", "2013-09-30": "639.30000", "2013-06-30": "649.90000", "2013-03-31": "656.20000", "2012-12-31": "652.60000", "2012-09-30": "653.60000", "2012-06-30": "652.90000", "2012-03-31": "650.00000", "2011-12-31": "645.00000", "2011-09-30": "646.60000", "2011-06-30": "645.50000", "2011-03-31": "641.40000", "2010-12-31": "631.50000", "2010-09-30": "632.60000", "2010-06-30": "629.80000", "2010-03-31": "626.40000", "2009-12-31": "615.20000", "2009-09-30": "622.40000", "2009-06-30": "611.80000", "2009-03-31": "602.10000", "2008-12-31": "610.50000", "2008-09-30": "607.00000", "2008-06-30": "614.30000", "2008-03-31": "617.50000", "2007-12-31": "638.20000", "2007-09-30": "638.30000", "2007-06-30": "640.50000", "2007-03-31": "643.90000", "2006-12-31": "658.70000", "2006-09-30": "653.20000", "2006-06-30": "662.10000", "2006-03-31": "672.00000", "2005-12-31": "678.40000", "2005-09-30": "678.80000", "2005-06-30": "678.30000", "2005-03-31": "684.10000"}, "Shares Outstanding": {"2020-12-31": "549.50000", "2020-09-30": "546.40000", "2020-06-30": "544.50000", "2020-03-31": "551.10000", "2019-12-31": "567.50000", "2019-09-30": "561.20000", "2019-06-30": "573.10000", "2019-03-31": "578.80000", "2018-12-31": "599.40000", "2018-09-30": "599.40000", "2018-06-30": "604.20000", "2018-03-31": "608.00000", "2017-12-31": "599.30000", "2017-09-30": "600.10000", "2017-06-30": "595.40000", "2017-03-31": "593.20000", "2016-12-31": "584.30000", "2016-09-30": "589.60000", "2016-06-30": "588.60000", "2016-03-31": "587.70000", "2015-12-31": "601.30000", "2015-09-30": "594.80000", "2015-06-30": "610.70000", "2015-03-31": "612.70000", "2014-12-31": "628.90000", "2014-09-30": "622.80000", "2014-06-30": "638.30000", "2014-03-31": "639.30000", "2013-12-31": "658.60000", "2013-09-30": "651.90000", "2013-06-30": "662.70000", "2013-03-31": "671.60000", "2012-12-31": "669.60000", "2012-09-30": "668.70000", "2012-06-30": "669.60000", "2012-03-31": "670.20000", "2011-12-31": "666.10000", "2011-09-30": "666.00000", "2011-06-30": "667.20000", "2011-03-31": "664.90000", "2010-12-31": "650.40000", "2010-09-30": "651.60000", "2010-06-30": "647.00000", "2010-03-31": "643.50000", "2009-12-31": "626.00000", "2009-09-30": "635.50000", "2009-06-30": "619.80000", "2009-03-31": "602.10000", "2008-12-31": "627.90000", "2008-09-30": "624.80000", "2008-06-30": "635.50000", "2008-03-31": "637.90000", "2007-12-31": "659.50000", "2007-09-30": "660.00000", "2007-06-30": "662.80000", "2007-03-31": "665.20000", "2006-12-31": "683.80000", "2006-09-30": "677.20000", "2006-06-30": "688.50000", "2006-03-31": "699.10000", "2005-12-31": "705.80000", "2005-09-30": "710.70000", "2005-06-30": "705.10000", "2005-03-31": "713.30000"}, "Basic EPS": {"2020-12-31": "1.43000", "2020-09-30": "1.23000", "2020-06-30": "0.84000", "2020-03-31": "2.00000", "2019-12-31": "2.02000", "2019-09-30": "2.69000", "2019-06-30": "2.85000", "2019-03-31": "3.29000", "2018-12-31": "1.83000", "2018-09-30": "2.92000", "2018-06-30": "2.86000", "2018-03-31": "2.78000", "2017-12-31": "-2.21000", "2017-09-30": "1.79000", "2017-06-30": "1.36000", "2017-03-31": "0.33000", "2016-12-31": "-1.99000", "2016-09-30": "0.48000", "2016-06-30": "0.94000", "2016-03-31": "0.46000", "2015-12-31": "-0.11000", "2015-09-30": "0.95000", "2015-06-30": "1.33000", "2015-03-31": "2.06000", "2014-12-31": "-0.76000", "2014-09-30": "1.66000", "2014-06-30": "1.60000", "2014-03-31": "1.47000", "2013-12-31": "1.57000", "2013-09-30": "1.48000", "2013-06-30": "1.48000", "2013-03-31": "1.34000", "2012-12-31": "1.07000", "2012-09-30": "2.60000", "2012-06-30": "2.60000", "2012-03-31": "2.44000", "2011-12-31": "2.40000", "2011-09-30": "1.76000", "2011-06-30": "1.57000", "2011-03-31": "1.91000", "2010-12-31": "1.54000", "2010-09-30": "1.25000", "2010-06-30": "1.12000", "2010-03-31": "0.37000", "2009-12-31": "0.38000", "2009-09-30": "0.65000", "2009-06-30": "0.61000", "2009-03-31": "-0.19000", "2008-12-31": "1.11000", "2008-09-30": "1.43000", "2008-06-30": "1.80000", "2008-03-31": "1.49000", "2007-12-31": "1.55000", "2007-09-30": "1.45000", "2007-06-30": "1.28000", "2007-03-31": "1.27000", "2006-12-31": "1.36000", "2006-09-30": "1.18000", "2006-06-30": "1.58000", "2006-03-31": "1.25000", "2005-12-31": "1.26000", "2005-09-30": "0.98000", "2005-06-30": "1.12000", "2005-03-31": "0.85000"}, "EPS - Earnings Per Share": {"2020-12-31": "1.42000", "2020-09-30": "1.22000", "2020-06-30": "0.84000", "2020-03-31": "1.98000", "2019-12-31": "2.00000", "2019-09-30": "2.66000", "2019-06-30": "2.83000", "2019-03-31": "3.25000", "2018-12-31": "1.82000", "2018-09-30": "2.88000", "2018-06-30": "2.82000", "2018-03-31": "2.74000", "2017-12-31": "-2.18000", "2017-09-30": "1.77000", "2017-06-30": "1.35000", "2017-03-31": "0.32000", "2016-12-31": "-1.98000", "2016-09-30": "0.48000", "2016-06-30": "0.93000", "2016-03-31": "0.46000", "2015-12-31": "-0.10000", "2015-09-30": "0.94000", "2015-06-30": "1.31000", "2015-03-31": "2.03000", "2014-12-31": "-0.74000", "2014-09-30": "1.63000", "2014-06-30": "1.57000", "2014-03-31": "1.44000", "2013-12-31": "1.54000", "2013-09-30": "1.45000", "2013-06-30": "1.45000", "2013-03-31": "1.31000", "2012-12-31": "1.03000", "2012-09-30": "2.54000", "2012-06-30": "2.54000", "2012-03-31": "2.37000", "2011-12-31": "2.33000", "2011-09-30": "1.71000", "2011-06-30": "1.52000", "2011-03-31": "1.84000", "2010-12-31": "1.48000", "2010-09-30": "1.22000", "2010-06-30": "1.09000", "2010-03-31": "0.36000", "2009-12-31": "0.38000", "2009-09-30": "0.64000", "2009-06-30": "0.60000", "2009-03-31": "-0.19000", "2008-12-31": "1.08000", "2008-09-30": "1.39000", "2008-06-30": "1.74000", "2008-03-31": "1.45000", "2007-12-31": "1.50000", "2007-09-30": "1.40000", "2007-06-30": "1.24000", "2007-03-31": "1.23000", "2006-12-31": "1.31000", "2006-09-30": "1.14000", "2006-06-30": "1.52000", "2006-03-31": "1.20000", "2005-12-31": "1.21000", "2005-09-30": "0.94000", "2005-06-30": "1.08000", "2005-03-31": "0.81000"}}, "balance sheet": {"Cash On Hand": {"2020-12-31": "9352.00000", "2019-12-31": "8284.00000", "2018-12-31": "7857.00000", "2017-12-31": "8261.00000", "2016-12-31": "7168.00000", "2015-12-31": "6460.00000", "2014-12-31": "7341.00000", "2013-12-31": "6081.00000", "2012-12-31": "5490.00000", "2011-12-31": "3057.00000", "2010-12-31": "3592.00000", "2009-12-31": "4867.00000", "2008-12-31": "2736.00000", "2007-12-31": "1122.00000", "2006-12-31": "530.00000", "2005-12-31": "1108.00000"}, "Receivables": {"2020-12-31": "16780.00000", "2019-12-31": "17904.00000", "2018-12-31": "17452.00000", "2017-12-31": "16193.00000", "2016-12-31": "14503.00000", "2015-12-31": "15686.00000", "2014-12-31": "16764.00000", "2013-12-31": "17176.00000", "2012-12-31": "18566.00000", "2011-12-31": "17725.00000", "2010-12-31": "16792.00000", "2009-12-31": "13912.00000", "2008-12-31": "18128.00000", "2007-12-31": "15752.00000", "2006-12-31": "15411.00000", "2005-12-31": "14348.00000"}, "Inventory": {"2020-12-31": "11402.00000", "2019-12-31": "11266.00000", "2018-12-31": "11529.00000", "2017-12-31": "10018.00000", "2016-12-31": "8614.00000", "2015-12-31": "9700.00000", "2014-12-31": "12205.00000", "2013-12-31": "12625.00000", "2012-12-31": "15547.00000", "2011-12-31": "14544.00000", "2010-12-31": "9587.00000", "2009-12-31": "6360.00000", "2008-12-31": "8781.00000", "2007-12-31": "7204.00000", "2006-12-31": "6351.00000", "2005-12-31": "5224.00000"}, "Pre-Paid Expenses": {"2020-12-31": "1930.00000", "2019-12-31": "1739.00000", "2018-12-31": "1765.00000", "2017-12-31": "1772.00000", "2016-12-31": "1682.00000", "2015-12-31": "1662.00000", "2014-12-31": "818.00000", "2013-12-31": "900.00000", "2012-12-31": "988.00000", "2011-12-31": "994.00000", "2010-12-31": "908.00000", "2009-12-31": "862.00000", "2008-12-31": "1017.00000", "2007-12-31": "583.00000", "2006-12-31": "638.00000", "2005-12-31": "2250.00000"}, "Other Current Assets": {"2020-12-31": "", "2019-12-31": "", "2018-12-31": "", "2017-12-31": "", "2016-12-31": "", "2015-12-31": "", "2014-12-31": "", "2013-12-31": "", "2012-12-31": "", "2011-12-31": "", "2010-12-31": "", "2009-12-31": "", "2008-12-31": "", "2007-12-31": "", "2006-12-31": "", "2005-12-31": ""}, "Total Current Assets": {"2020-12-31": "39464.00000", "2019-12-31": "39193.00000", "2018-12-31": "38603.00000", "2017-12-31": "36244.00000", "2016-12-31": "31967.00000", "2015-12-31": "33508.00000", "2014-12-31": "38867.00000", "2013-12-31": "38335.00000", "2012-12-31": "42138.00000", "2011-12-31": "37900.00000", "2010-12-31": "31810.00000", "2009-12-31": "27217.00000", "2008-12-31": "31885.00000", "2007-12-31": "25477.00000", "2006-12-31": "23663.00000", "2005-12-31": "23185.00000"}, "Property, Plant, And Equipment": {"2020-12-31": "12401.00000", "2019-12-31": "12904.00000", "2018-12-31": "13574.00000", "2017-12-31": "14155.00000", "2016-12-31": "15322.00000", "2015-12-31": "16090.00000", "2014-12-31": "16577.00000", "2013-12-31": "17075.00000", "2012-12-31": "16461.00000", "2011-12-31": "14395.00000", "2010-12-31": "12539.00000", "2009-12-31": "12386.00000", "2008-12-31": "12524.00000", "2007-12-31": "9997.00000", "2006-12-31": "8851.00000", "2005-12-31": "7988.00000"}, "Long-Term Investments": {"2020-12-31": "", "2019-12-31": "", "2018-12-31": "", "2017-12-31": "", "2016-12-31": "", "2015-12-31": "", "2014-12-31": "257.00000", "2013-12-31": "272.00000", "2012-12-31": "272.00000", "2011-12-31": "133.00000", "2010-12-31": "164.00000", "2009-12-31": "105.00000", "2008-12-31": "94.00000", "2007-12-31": "598.00000", "2006-12-31": "562.00000", "2005-12-31": "565.00000"}, "Goodwill And Intangible Assets": {"2020-12-31": "7702.00000", "2019-12-31": "7761.00000", "2018-12-31": "8114.00000", "2017-12-31": "8311.00000", "2016-12-31": "8369.00000", "2015-12-31": "9436.00000", "2014-12-31": "9770.00000", "2013-12-31": "10552.00000", "2012-12-31": "10958.00000", "2011-12-31": "11448.00000", "2010-12-31": "3419.00000", "2009-12-31": "2734.00000", "2008-12-31": "2772.00000", "2007-12-31": "2438.00000", "2006-12-31": "2291.00000", "2005-12-31": "1875.00000"}, "Other Long-Term Assets": {"2020-12-31": "3827.00000", "2019-12-31": "3340.00000", "2018-12-31": "2332.00000", "2017-12-31": "2027.00000", "2016-12-31": "1671.00000", "2015-12-31": "1998.00000", "2014-12-31": "1798.00000", "2013-12-31": "1745.00000", "2012-12-31": "1785.00000", "2011-12-31": "2107.00000", "2010-12-31": "1538.00000", "2009-12-31": "1632.00000", "2008-12-31": "1453.00000", "2007-12-31": "1922.00000", "2006-12-31": "1742.00000", "2005-12-31": "1745.00000"}, "Total Long-Term Assets": {"2020-12-31": "38860.00000", "2019-12-31": "39260.00000", "2018-12-31": "39906.00000", "2017-12-31": "40718.00000", "2016-12-31": "42737.00000", "2015-12-31": "44834.00000", "2014-12-31": "45814.00000", "2013-12-31": "46561.00000", "2012-12-31": "46832.00000", "2011-12-31": "43318.00000", "2010-12-31": "32210.00000", "2009-12-31": "32821.00000", "2008-12-31": "35897.00000", "2007-12-31": "30655.00000", "2006-12-31": "27786.00000", "2005-12-31": "24368.00000"}, "Total Assets": {"2020-12-31": "78324.00000", "2019-12-31": "78453.00000", "2018-12-31": "78509.00000", "2017-12-31": "76962.00000", "2016-12-31": "74704.00000", "2015-12-31": "78342.00000", "2014-12-31": "84681.00000", "2013-12-31": "84896.00000", "2012-12-31": "88970.00000", "2011-12-31": "81218.00000", "2010-12-31": "64020.00000", "2009-12-31": "60038.00000", "2008-12-31": "67782.00000", "2007-12-31": "56132.00000", "2006-12-31": "51449.00000", "2005-12-31": "47553.00000"}, "Total Current Liabilities": {"2020-12-31": "25717.00000", "2019-12-31": "26621.00000", "2018-12-31": "28218.00000", "2017-12-31": "26931.00000", "2016-12-31": "26132.00000", "2015-12-31": "26242.00000", "2014-12-31": "27877.00000", "2013-12-31": "27297.00000", "2012-12-31": "29415.00000", "2011-12-31": "28357.00000", "2010-12-31": "22020.00000", "2009-12-31": "18975.00000", "2008-12-31": "25625.00000", "2007-12-31": "22245.00000", "2006-12-31": "19822.00000", "2005-12-31": "19332.00000"}, "Long Term Debt": {"2020-12-31": "25999.00000", "2019-12-31": "26281.00000", "2018-12-31": "25000.00000", "2017-12-31": "23847.00000", "2016-12-31": "22818.00000", "2015-12-31": "25169.00000", "2014-12-31": "27784.00000", "2013-12-31": "26719.00000", "2012-12-31": "27752.00000", "2011-12-31": "24944.00000", "2010-12-31": "20437.00000", "2009-12-31": "21847.00000", "2008-12-31": "22834.00000", "2007-12-31": "17829.00000", "2006-12-31": "17680.00000", "2005-12-31": "15677.00000"}, "Other Non-Current Liabilities": {"2020-12-31": "4358.00000", "2019-12-31": "4323.00000", "2018-12-31": "3756.00000", "2017-12-31": "4053.00000", "2016-12-31": "3184.00000", "2015-12-31": "3203.00000", "2014-12-31": "3231.00000", "2013-12-31": "3029.00000", "2012-12-31": "3136.00000", "2011-12-31": "3559.00000", "2010-12-31": "2654.00000", "2009-12-31": "2496.00000", "2008-12-31": "2634.00000", "2007-12-31": "2003.00000", "2006-12-31": "1209.00000", "2005-12-31": ""}, "Total Long Term Liabilities": {"2020-12-31": "37229.00000", "2019-12-31": "37203.00000", "2018-12-31": "36211.00000", "2017-12-31": "36265.00000", "2016-12-31": "35359.00000", "2015-12-31": "37215.00000", "2014-12-31": "39978.00000", "2013-12-31": "36721.00000", "2012-12-31": "41973.00000", "2011-12-31": "39932.00000", "2010-12-31": "31136.00000", "2009-12-31": "32240.00000", "2008-12-31": "35967.00000", "2007-12-31": "24891.00000", "2006-12-31": "24768.00000", "2005-12-31": "19789.00000"}, "Total Liabilities": {"2020-12-31": "62946.00000", "2019-12-31": "63824.00000", "2018-12-31": "64429.00000", "2017-12-31": "63196.00000", "2016-12-31": "61491.00000", "2015-12-31": "63457.00000", "2014-12-31": "67855.00000", "2013-12-31": "64018.00000", "2012-12-31": "71388.00000", "2011-12-31": "68289.00000", "2010-12-31": "53156.00000", "2009-12-31": "51215.00000", "2008-12-31": "61592.00000", "2007-12-31": "47136.00000", "2006-12-31": "44590.00000", "2005-12-31": "39121.00000"}, "Common Stock Net": {"2020-12-31": "6230.00000", "2019-12-31": "5935.00000", "2018-12-31": "5827.00000", "2017-12-31": "5593.00000", "2016-12-31": "5277.00000", "2015-12-31": "5238.00000", "2014-12-31": "5016.00000", "2013-12-31": "4709.00000", "2012-12-31": "4481.00000", "2011-12-31": "4273.00000", "2010-12-31": "3888.00000", "2009-12-31": "3439.00000", "2008-12-31": "3057.00000", "2007-12-31": "2744.00000", "2006-12-31": "2465.00000", "2005-12-31": "1859.00000"}, "Retained Earnings (Accumulated Deficit)": {"2020-12-31": "35167.00000", "2019-12-31": "34437.00000", "2018-12-31": "30427.00000", "2017-12-31": "26301.00000", "2016-12-31": "27377.00000", "2015-12-31": "29246.00000", "2014-12-31": "33887.00000", "2013-12-31": "31854.00000", "2012-12-31": "29558.00000", "2011-12-31": "25219.00000", "2010-12-31": "21384.00000", "2009-12-31": "19711.00000", "2008-12-31": "19826.00000", "2007-12-31": "17398.00000", "2006-12-31": "14593.00000", "2005-12-31": "11808.00000"}, "Comprehensive Income": {"2020-12-31": "-888.00000", "2019-12-31": "-1567.00000", "2018-12-31": "-1684.00000", "2017-12-31": "-1192.00000", "2016-12-31": "-2039.00000", "2015-12-31": "-2035.00000", "2014-12-31": "-6431.00000", "2013-12-31": "-3898.00000", "2012-12-31": "-6433.00000", "2011-12-31": "-6328.00000", "2010-12-31": "-4051.00000", "2009-12-31": "-3764.00000", "2008-12-31": "-5579.00000", "2007-12-31": "-1808.00000", "2006-12-31": "-2847.00000", "2005-12-31": "-598.00000"}, "Other Share Holders Equity": {"2020-12-31": "", "2019-12-31": "", "2018-12-31": "", "2017-12-31": "", "2016-12-31": "", "2015-12-31": "", "2014-12-31": "", "2013-12-31": "", "2012-12-31": "", "2011-12-31": "", "2010-12-31": "", "2009-12-31": "", "2008-12-31": "", "2007-12-31": "", "2006-12-31": "", "2005-12-31": ""}, "Share Holder Equity": {"2020-12-31": "15378.00000", "2019-12-31": "14629.00000", "2018-12-31": "14080.00000", "2017-12-31": "13766.00000", "2016-12-31": "13213.00000", "2015-12-31": "14885.00000", "2014-12-31": "16826.00000", "2013-12-31": "20878.00000", "2012-12-31": "17582.00000", "2011-12-31": "12929.00000", "2010-12-31": "10864.00000", "2009-12-31": "8823.00000", "2008-12-31": "6190.00000", "2007-12-31": "8996.00000", "2006-12-31": "6859.00000", "2005-12-31": "8432.00000"}, "Total Liabilities And Share Holders Equity": {"2020-12-31": "78324.00000", "2019-12-31": "78453.00000", "2018-12-31": "78509.00000", "2017-12-31": "76962.00000", "2016-12-31": "74704.00000", "2015-12-31": "78342.00000", "2014-12-31": "84681.00000", "2013-12-31": "84896.00000", "2012-12-31": "88970.00000", "2011-12-31": "81218.00000", "2010-12-31": "64020.00000", "2009-12-31": "60038.00000", "2008-12-31": "67782.00000", "2007-12-31": "56132.00000", "2006-12-31": "51449.00000", "2005-12-31": "47553.00000"}}, "balance sheet, quarterly": {"Cash On Hand": {"2020-12-31": "9352.00000", "2020-09-30": "9315.00000", "2020-06-30": "8784.00000", "2020-03-31": "7123.00000", "2019-12-31": "8284.00000", "2019-09-30": "7906.00000", "2019-06-30": "7429.00000", "2019-03-31": "7128.00000", "2018-12-31": "7857.00000", "2018-09-30": "8007.00000", "2018-06-30": "8654.00000", "2018-03-31": "7888.00000", "2017-12-31": "8261.00000", "2017-09-30": "9591.00000", "2017-06-30": "10232.00000", "2017-03-31": "9472.00000", "2016-12-31": "7168.00000", "2016-09-30": "6113.00000", "2016-06-30": "6764.00000", "2016-03-31": "5886.00000", "2015-12-31": "6460.00000", "2015-09-30": "6046.00000", "2015-06-30": "7821.00000", "2015-03-31": "7563.00000", "2014-12-31": "7341.00000", "2014-09-30": "6082.00000", "2014-06-30": "7927.00000", "2014-03-31": "5345.00000", "2013-12-31": "6081.00000", "2013-09-30": "6357.00000", "2013-06-30": "6110.00000", "2013-03-31": "5982.00000", "2012-12-31": "5490.00000", "2012-09-30": "5689.00000", "2012-06-30": "5103.00000", "2012-03-31": "2864.00000", "2011-12-31": "3057.00000", "2011-09-30": "3229.00000", "2011-06-30": "10715.00000", "2011-03-31": "4869.00000", "2010-12-31": "3592.00000", "2010-09-30": "2265.00000", "2010-06-30": "3597.00000", "2010-03-31": "3538.00000", "2009-12-31": "4867.00000", "2009-09-30": "4188.00000", "2009-06-30": "3991.00000", "2009-03-31": "3566.00000", "2008-12-31": "2736.00000", "2008-09-30": "2138.00000", "2008-06-30": "782.00000", "2008-03-31": "777.00000", "2007-12-31": "1122.00000", "2007-09-30": "910.00000", "2007-06-30": "562.00000", "2007-03-31": "607.00000", "2006-12-31": "530.00000", "2006-09-30": "553.00000", "2006-06-30": "648.00000", "2006-03-31": "806.00000", "2005-12-31": "1108.00000", "2005-09-30": "967.00000", "2005-06-30": "749.00000", "2005-03-31": "517.00000"}, "Receivables": {"2020-12-31": "16780.00000", "2020-09-30": "15935.00000", "2020-06-30": "15915.00000", "2020-03-31": "16954.00000", "2019-12-31": "17904.00000", "2019-09-30": "17467.00000", "2019-06-30": "18535.00000", "2019-03-31": "17893.00000", "2018-12-31": "17452.00000", "2018-09-30": "16798.00000", "2018-06-30": "16897.00000", "2018-03-31": "16666.00000", "2017-12-31": "16193.00000", "2017-09-30": "15675.00000", "2017-06-30": "15595.00000", "2017-03-31": "15217.00000", "2016-12-31": "14503.00000", "2016-09-30": "14516.00000", "2016-06-30": "15527.00000", "2016-03-31": "16166.00000", "2015-12-31": "15686.00000", "2015-09-30": "15645.00000", "2015-06-30": "16425.00000", "2015-03-31": "16623.00000", "2014-12-31": "16764.00000", "2014-09-30": "17012.00000", "2014-06-30": "17524.00000", "2014-03-31": "17399.00000", "2013-12-31": "17176.00000", "2013-09-30": "17810.00000", "2013-06-30": "18342.00000", "2013-03-31": "18673.00000", "2012-12-31": "18566.00000", "2012-09-30": "18679.00000", "2012-06-30": "18826.00000", "2012-03-31": "18301.00000", "2011-12-31": "17725.00000", "2011-09-30": "17306.00000", "2011-06-30": "17033.00000", "2011-03-31": "17288.00000", "2010-12-31": "16792.00000", "2010-09-30": "15328.00000", "2010-06-30": "14434.00000", "2010-03-31": "14191.00000", "2009-12-31": "13912.00000", "2009-09-30": "13524.00000", "2009-06-30": "14644.00000", "2009-03-31": "16066.00000", "2008-12-31": "18128.00000", "2008-09-30": "17674.00000", "2008-06-30": "17322.00000", "2008-03-31": "16831.00000", "2007-12-31": "15752.00000", "2007-09-30": "15080.00000", "2007-06-30": "14656.00000", "2007-03-31": "14716.00000", "2006-12-31": "15411.00000", "2006-09-30": "14622.00000", "2006-06-30": "14900.00000", "2006-03-31": "14475.00000", "2005-12-31": "14348.00000", "2005-09-30": "13044.00000", "2005-06-30": "13066.00000", "2005-03-31": "12705.00000"}, "Inventory": {"2020-12-31": "11402.00000", "2020-09-30": "11453.00000", "2020-06-30": "11371.00000", "2020-03-31": "11748.00000", "2019-12-31": "11266.00000", "2019-09-30": "12180.00000", "2019-06-30": "12007.00000", "2019-03-31": "12340.00000", "2018-12-31": "11529.00000", "2018-09-30": "11814.00000", "2018-06-30": "11255.00000", "2018-03-31": "10947.00000", "2017-12-31": "10018.00000", "2017-09-30": "10212.00000", "2017-06-30": "9388.00000", "2017-03-31": "9082.00000", "2016-12-31": "8614.00000", "2016-09-30": "9478.00000", "2016-06-30": "9458.00000", "2016-03-31": "9849.00000", "2015-12-31": "9700.00000", "2015-09-30": "11150.00000", "2015-06-30": "11681.00000", "2015-03-31": "12099.00000", "2014-12-31": "12205.00000", "2014-09-30": "13328.00000", "2014-06-30": "13055.00000", "2014-03-31": "12888.00000", "2013-12-31": "12625.00000", "2013-09-30": "13392.00000", "2013-06-30": "13889.00000", "2013-03-31": "15074.00000", "2012-12-31": "15547.00000", "2012-09-30": "17550.00000", "2012-06-30": "17344.00000", "2012-03-31": "16511.00000", "2011-12-31": "14544.00000", "2011-09-30": "14412.00000", "2011-06-30": "11359.00000", "2011-03-31": "10676.00000", "2010-12-31": "9587.00000", "2010-09-30": "9006.00000", "2010-06-30": "7339.00000", "2010-03-31": "6990.00000", "2009-12-31": "6360.00000", "2009-09-30": "6815.00000", "2009-06-30": "7160.00000", "2009-03-31": "7992.00000", "2008-12-31": "8781.00000", "2008-09-30": "9290.00000", "2008-06-30": "8303.00000", "2008-03-31": "8082.00000", "2007-12-31": "7204.00000", "2007-09-30": "7187.00000", "2007-06-30": "7106.00000", "2007-03-31": "7131.00000", "2006-12-31": "6351.00000", "2006-09-30": "6411.00000", "2006-06-30": "6254.00000", "2006-03-31": "5858.00000", "2005-12-31": "5224.00000", "2005-09-30": "5469.00000", "2005-06-30": "5349.00000", "2005-03-31": "5230.00000"}, "Pre-Paid Expenses": {"2020-12-31": "1930.00000", "2020-09-30": "1831.00000", "2020-06-30": "1792.00000", "2020-03-31": "1761.00000", "2019-12-31": "1739.00000", "2019-09-30": "1607.00000", "2019-06-30": "1818.00000", "2019-03-31": "1765.00000", "2018-12-31": "1765.00000", "2018-09-30": "1835.00000", "2018-06-30": "1835.00000", "2018-03-31": "1856.00000", "2017-12-31": "1772.00000", "2017-09-30": "1707.00000", "2017-06-30": "1776.00000", "2017-03-31": "1777.00000", "2016-12-31": "1682.00000", "2016-09-30": "1892.00000", "2016-06-30": "1857.00000", "2016-03-31": "1847.00000", "2015-12-31": "1662.00000", "2015-09-30": "993.00000", "2015-06-30": "859.00000", "2015-03-31": "768.00000", "2014-12-31": "818.00000", "2014-09-30": "1250.00000", "2014-06-30": "1307.00000", "2014-03-31": "935.00000", "2013-12-31": "900.00000", "2013-09-30": "988.00000", "2013-06-30": "924.00000", "2013-03-31": "930.00000", "2012-12-31": "988.00000", "2012-09-30": "1088.00000", "2012-06-30": "1336.00000", "2012-03-31": "1032.00000", "2011-12-31": "994.00000", "2011-09-30": "795.00000", "2011-06-30": "669.00000", "2011-03-31": "880.00000", "2010-12-31": "908.00000", "2010-09-30": "971.00000", "2010-06-30": "965.00000", "2010-03-31": "540.00000", "2009-12-31": "862.00000", "2009-09-30": "448.00000", "2009-06-30": "441.00000", "2009-03-31": "748.00000", "2008-12-31": "1017.00000", "2008-09-30": "583.00000", "2008-06-30": "585.00000", "2008-03-31": "546.00000", "2007-12-31": "583.00000", "2007-09-30": "853.00000", "2007-06-30": "751.00000", "2007-03-31": "657.00000", "2006-12-31": "638.00000", "2006-09-30": "2107.00000", "2006-06-30": "2161.00000", "2006-03-31": "2150.00000", "2005-12-31": "2250.00000", "2005-09-30": "1301.00000", "2005-06-30": "1278.00000", "2005-03-31": "1329.00000"}, "Other Current Assets": {"2020-12-31": "", "2020-09-30": "", "2020-06-30": "", "2020-03-31": "", "2019-12-31": "", "2019-09-30": "", "2019-06-30": "", "2019-03-31": "", "2018-12-31": "", "2018-09-30": "", "2018-06-30": "", "2018-03-31": "", "2017-12-31": "", "2017-09-30": "", "2017-06-30": "", "2017-03-31": "", "2016-12-31": "", "2016-09-30": "", "2016-06-30": "", "2016-03-31": "", "2015-12-31": "", "2015-09-30": "", "2015-06-30": "", "2015-03-31": "", "2014-12-31": "", "2014-09-30": "", "2014-06-30": "", "2014-03-31": "", "2013-12-31": "", "2013-09-30": "", "2013-06-30": "", "2013-03-31": "", "2012-12-31": "", "2012-09-30": "", "2012-06-30": "", "2012-03-31": "", "2011-12-31": "", "2011-09-30": "", "2011-06-30": "", "2011-03-31": "", "2010-12-31": "", "2010-09-30": "", "2010-06-30": "", "2010-03-31": "", "2009-12-31": "", "2009-09-30": "", "2009-06-30": "", "2009-03-31": "", "2008-12-31": "", "2008-09-30": "", "2008-06-30": "", "2008-03-31": "", "2007-12-31": "", "2007-09-30": "", "2007-06-30": "", "2007-03-31": "", "2006-12-31": "", "2006-09-30": "", "2006-06-30": "", "2006-03-31": "", "2005-12-31": "", "2005-09-30": "", "2005-06-30": "", "2005-03-31": ""}, "Total Current Assets": {"2020-12-31": "39464.00000", "2020-09-30": "38534.00000", "2020-06-30": "37862.00000", "2020-03-31": "37586.00000", "2019-12-31": "39193.00000", "2019-09-30": "39160.00000", "2019-06-30": "39789.00000", "2019-03-31": "39126.00000", "2018-12-31": "38603.00000", "2018-09-30": "38454.00000", "2018-06-30": "38641.00000", "2018-03-31": "37357.00000", "2017-12-31": "36244.00000", "2017-09-30": "37185.00000", "2017-06-30": "36991.00000", "2017-03-31": "35548.00000", "2016-12-31": "31967.00000", "2016-09-30": "31999.00000", "2016-06-30": "33606.00000", "2016-03-31": "33748.00000", "2015-12-31": "33508.00000", "2015-09-30": "35280.00000", "2015-06-30": "38227.00000", "2015-03-31": "38491.00000", "2014-12-31": "38867.00000", "2014-09-30": "39042.00000", "2014-06-30": "41276.00000", "2014-03-31": "37968.00000", "2013-12-31": "38335.00000", "2013-09-30": "40088.00000", "2013-06-30": "40805.00000", "2013-03-31": "42145.00000", "2012-12-31": "42138.00000", "2012-09-30": "44639.00000", "2012-06-30": "44294.00000", "2012-03-31": "40209.00000", "2011-12-31": "37900.00000", "2011-09-30": "36864.00000", "2011-06-30": "40755.00000", "2011-03-31": "34608.00000", "2010-12-31": "31810.00000", "2010-09-30": "28577.00000", "2010-06-30": "27376.00000", "2010-03-31": "26412.00000", "2009-12-31": "27217.00000", "2009-09-30": "26223.00000", "2009-06-30": "27383.00000", "2009-03-31": "29672.00000", "2008-12-31": "31885.00000", "2008-09-30": "30524.00000", "2008-06-30": "27858.00000", "2008-03-31": "26907.00000", "2007-12-31": "25477.00000", "2007-09-30": "24922.00000", "2007-06-30": "24130.00000", "2007-03-31": "23958.00000", "2006-12-31": "23663.00000", "2006-09-30": "24096.00000", "2006-06-30": "24331.00000", "2006-03-31": "23634.00000", "2005-12-31": "23185.00000", "2005-09-30": "21362.00000", "2005-06-30": "20994.00000", "2005-03-31": "20224.00000"}, "Property, Plant, And Equipment": {"2020-12-31": "12401.00000", "2020-09-30": "12232.00000", "2020-06-30": "12357.00000", "2020-03-31": "12488.00000", "2019-12-31": "12904.00000", "2019-09-30": "12842.00000", "2019-06-30": "13172.00000", "2019-03-31": "13259.00000", "2018-12-31": "13574.00000", "2018-09-30": "13607.00000", "2018-06-30": "13752.00000", "2018-03-31": "13912.00000", "2017-12-31": "14155.00000", "2017-09-30": "14187.00000", "2017-06-30": "14420.00000", "2017-03-31": "14727.00000", "2016-12-31": "15322.00000", "2016-09-30": "15680.00000", "2016-06-30": "15916.00000", "2016-03-31": "15935.00000", "2015-12-31": "16090.00000", "2015-09-30": "15955.00000", "2015-06-30": "16136.00000", "2015-03-31": "16277.00000", "2014-12-31": "16577.00000", "2014-09-30": "16431.00000", "2014-06-30": "16690.00000", "2014-03-31": "16716.00000", "2013-12-31": "17075.00000", "2013-09-30": "16588.00000", "2013-06-30": "16352.00000", "2013-03-31": "16276.00000", "2012-12-31": "16461.00000", "2012-09-30": "15509.00000", "2012-06-30": "14928.00000", "2012-03-31": "14571.00000", "2011-12-31": "14395.00000", "2011-09-30": "13397.00000", "2011-06-30": "12430.00000", "2011-03-31": "12219.00000", "2010-12-31": "12539.00000", "2010-09-30": "12065.00000", "2010-06-30": "11763.00000", "2010-03-31": "12057.00000", "2009-12-31": "12386.00000", "2009-09-30": "12250.00000", "2009-06-30": "12226.00000", "2009-03-31": "12342.00000", "2008-12-31": "12524.00000", "2008-09-30": "11817.00000", "2008-06-30": "10394.00000", "2008-03-31": "10050.00000", "2007-12-31": "9997.00000", "2007-09-30": "9436.00000", "2007-06-30": "9127.00000", "2007-03-31": "8892.00000", "2006-12-31": "8851.00000", "2006-09-30": "8424.00000", "2006-06-30": "8281.00000", "2006-03-31": "7884.00000", "2005-12-31": "7988.00000", "2005-09-30": "7817.00000", "2005-06-30": "7593.00000", "2005-03-31": "7551.00000"}, "Long-Term Investments": {"2020-12-31": "", "2020-09-30": "", "2020-06-30": "", "2020-03-31": "", "2019-12-31": "", "2019-09-30": "", "2019-06-30": "", "2019-03-31": "", "2018-12-31": "", "2018-09-30": "", "2018-06-30": "", "2018-03-31": "", "2017-12-31": "", "2017-09-30": "", "2017-06-30": "", "2017-03-31": "", "2016-12-31": "", "2016-09-30": "", "2016-06-30": "", "2016-03-31": "", "2015-12-31": "", "2015-09-30": "231.00000", "2015-06-30": "229.00000", "2015-03-31": "230.00000", "2014-12-31": "257.00000", "2014-09-30": "265.00000", "2014-06-30": "259.00000", "2014-03-31": "266.00000", "2013-12-31": "272.00000", "2013-09-30": "278.00000", "2013-06-30": "288.00000", "2013-03-31": "270.00000", "2012-12-31": "272.00000", "2012-09-30": "199.00000", "2012-06-30": "124.00000", "2012-03-31": "139.00000", "2011-12-31": "133.00000", "2011-09-30": "121.00000", "2011-06-30": "123.00000", "2011-03-31": "140.00000", "2010-12-31": "164.00000", "2010-09-30": "160.00000", "2010-06-30": "154.00000", "2010-03-31": "133.00000", "2009-12-31": "105.00000", "2009-09-30": "101.00000", "2009-06-30": "92.00000", "2009-03-31": "92.00000", "2008-12-31": "94.00000", "2008-09-30": "100.00000", "2008-06-30": "641.00000", "2008-03-31": "563.00000", "2007-12-31": "598.00000", "2007-09-30": "551.00000", "2007-06-30": "551.00000", "2007-03-31": "554.00000", "2006-12-31": "562.00000", "2006-09-30": "606.00000", "2006-06-30": "571.00000", "2006-03-31": "546.00000", "2005-12-31": "565.00000", "2005-09-30": "563.00000", "2005-06-30": "555.00000", "2005-03-31": "558.00000"}, "Goodwill And Intangible Assets": {"2020-12-31": "7702.00000", "2020-09-30": "7667.00000", "2020-06-30": "7612.00000", "2020-03-31": "7618.00000", "2019-12-31": "7761.00000", "2019-09-30": "7772.00000", "2019-06-30": "7944.00000", "2019-03-31": "7998.00000", "2018-12-31": "8114.00000", "2018-09-30": "8209.00000", "2018-06-30": "8288.00000", "2018-03-31": "8539.00000", "2017-12-31": "8311.00000", "2017-09-30": "8371.00000", "2017-06-30": "8374.00000", "2017-03-31": "8338.00000", "2016-12-31": "8369.00000", "2016-09-30": "9178.00000", "2016-06-30": "9329.00000", "2016-03-31": "9451.00000", "2015-12-31": "9436.00000", "2015-09-30": "9387.00000", "2015-06-30": "9413.00000", "2015-03-31": "9383.00000", "2014-12-31": "9770.00000", "2014-09-30": "10011.00000", "2014-06-30": "10367.00000", "2014-03-31": "10495.00000", "2013-12-31": "10552.00000", "2013-09-30": "10686.00000", "2013-06-30": "10578.00000", "2013-03-31": "10715.00000", "2012-12-31": "10958.00000", "2012-09-30": "11538.00000", "2012-06-30": "11556.00000", "2012-03-31": "11368.00000", "2011-12-31": "11448.00000", "2011-09-30": "12307.00000", "2011-06-30": "3385.00000", "2011-03-31": "3402.00000", "2010-12-31": "3419.00000", "2010-09-30": "3458.00000", "2010-06-30": "2777.00000", "2010-03-31": "2772.00000", "2009-12-31": "2734.00000", "2009-09-30": "2746.00000", "2009-06-30": "2749.00000", "2009-03-31": "2748.00000", "2008-12-31": "2772.00000", "2008-09-30": "2770.00000", "2008-06-30": "2486.00000", "2008-03-31": "2417.00000", "2007-12-31": "2438.00000", "2007-09-30": "2393.00000", "2007-06-30": "2404.00000", "2007-03-31": "2400.00000", "2006-12-31": "2291.00000", "2006-09-30": "2523.00000", "2006-06-30": "2489.00000", "2006-03-31": "1864.00000", "2005-12-31": "1875.00000", "2005-09-30": "1913.00000", "2005-06-30": "1919.00000", "2005-03-31": "1924.00000"}, "Other Long-Term Assets": {"2020-12-31": "3827.00000", "2020-09-30": "3510.00000", "2020-06-30": "3549.00000", "2020-03-31": "3559.00000", "2019-12-31": "3340.00000", "2019-09-30": "3242.00000", "2019-06-30": "3194.00000", "2019-03-31": "3142.00000", "2018-12-31": "2332.00000", "2018-09-30": "2278.00000", "2018-06-30": "2278.00000", "2018-03-31": "2156.00000", "2017-12-31": "2027.00000", "2017-09-30": "1811.00000", "2017-06-30": "1722.00000", "2017-03-31": "1626.00000", "2016-12-31": "1671.00000", "2016-09-30": "2029.00000", "2016-06-30": "2044.00000", "2016-03-31": "2001.00000", "2015-12-31": "1998.00000", "2015-09-30": "1740.00000", "2015-06-30": "1776.00000", "2015-03-31": "1802.00000", "2014-12-31": "1798.00000", "2014-09-30": "1814.00000", "2014-06-30": "1832.00000", "2014-03-31": "1762.00000", "2013-12-31": "1745.00000", "2013-09-30": "1733.00000", "2013-06-30": "1729.00000", "2013-03-31": "1734.00000", "2012-12-31": "1785.00000", "2012-09-30": "2205.00000", "2012-06-30": "2146.00000", "2012-03-31": "2208.00000", "2011-12-31": "2107.00000", "2011-09-30": "1544.00000", "2011-06-30": "1567.00000", "2011-03-31": "1546.00000", "2010-12-31": "1538.00000", "2010-09-30": "1551.00000", "2010-06-30": "1524.00000", "2010-03-31": "2025.00000", "2009-12-31": "1632.00000", "2009-09-30": "2113.00000", "2009-06-30": "2067.00000", "2009-03-31": "1735.00000", "2008-12-31": "1453.00000", "2008-09-30": "1972.00000", "2008-06-30": "2051.00000", "2008-03-31": "1986.00000", "2007-12-31": "1922.00000", "2007-09-30": "1842.00000", "2007-06-30": "1766.00000", "2007-03-31": "1819.00000", "2006-12-31": "1742.00000", "2006-09-30": "1928.00000", "2006-06-30": "1770.00000", "2006-03-31": "1754.00000", "2005-12-31": "1745.00000", "2005-09-30": "2274.00000", "2005-06-30": "2285.00000", "2005-03-31": "2321.00000"}, "Total Long-Term Assets": {"2020-12-31": "38860.00000", "2020-09-30": "38207.00000", "2020-06-30": "38704.00000", "2020-03-31": "38308.00000", "2019-12-31": "39260.00000", "2019-09-30": "38833.00000", "2019-06-30": "39398.00000", "2019-03-31": "39600.00000", "2018-12-31": "39906.00000", "2018-09-30": "39755.00000", "2018-06-30": "40346.00000", "2018-03-31": "40657.00000", "2017-12-31": "40718.00000", "2017-09-30": "41375.00000", "2017-06-30": "41519.00000", "2017-03-31": "42001.00000", "2016-12-31": "42737.00000", "2016-09-30": "44403.00000", "2016-06-30": "44694.00000", "2016-03-31": "44559.00000", "2015-12-31": "44834.00000", "2015-09-30": "43689.00000", "2015-06-30": "44015.00000", "2015-03-31": "43999.00000", "2014-12-31": "45814.00000", "2014-09-30": "45446.00000", "2014-06-30": "46551.00000", "2014-03-31": "46429.00000", "2013-12-31": "46561.00000", "2013-09-30": "47184.00000", "2013-06-30": "46570.00000", "2013-03-31": "46598.00000", "2012-12-31": "46832.00000", "2012-09-30": "45902.00000", "2012-06-30": "44544.00000", "2012-03-31": "43699.00000", "2011-12-31": "43318.00000", "2011-09-30": "40903.00000", "2011-06-30": "32856.00000", "2011-03-31": "31779.00000", "2010-12-31": "32210.00000", "2010-09-30": "33065.00000", "2010-06-30": "31417.00000", "2010-03-31": "32424.00000", "2009-12-31": "32821.00000", "2009-09-30": "34615.00000", "2009-06-30": "34709.00000", "2009-03-31": "34768.00000", "2008-12-31": "35897.00000", "2008-09-30": "33705.00000", "2008-06-30": "32595.00000", "2008-03-31": "31297.00000", "2007-12-31": "30655.00000", "2007-09-30": "29877.00000", "2007-06-30": "29376.00000", "2007-03-31": "28290.00000", "2006-12-31": "27786.00000", "2006-09-30": "26387.00000", "2006-06-30": "25574.00000", "2006-03-31": "24323.00000", "2005-12-31": "24368.00000", "2005-09-30": "24503.00000", "2005-06-30": "23829.00000", "2005-03-31": "24123.00000"}, "Total Assets": {"2020-12-31": "78324.00000", "2020-09-30": "76741.00000", "2020-06-30": "76566.00000", "2020-03-31": "75894.00000", "2019-12-31": "78453.00000", "2019-09-30": "77993.00000", "2019-06-30": "79187.00000", "2019-03-31": "78726.00000", "2018-12-31": "78509.00000", "2018-09-30": "78209.00000", "2018-06-30": "78987.00000", "2018-03-31": "78014.00000", "2017-12-31": "76962.00000", "2017-09-30": "78560.00000", "2017-06-30": "78510.00000", "2017-03-31": "77549.00000", "2016-12-31": "74704.00000", "2016-09-30": "76402.00000", "2016-06-30": "78300.00000", "2016-03-31": "78307.00000", "2015-12-31": "78342.00000", "2015-09-30": "78969.00000", "2015-06-30": "82242.00000", "2015-03-31": "82490.00000", "2014-12-31": "84681.00000", "2014-09-30": "84488.00000", "2014-06-30": "87827.00000", "2014-03-31": "84397.00000", "2013-12-31": "84896.00000", "2013-09-30": "87272.00000", "2013-06-30": "87375.00000", "2013-03-31": "88743.00000", "2012-12-31": "88970.00000", "2012-09-30": "90541.00000", "2012-06-30": "88838.00000", "2012-03-31": "83908.00000", "2011-12-31": "81218.00000", "2011-09-30": "77767.00000", "2011-06-30": "73611.00000", "2011-03-31": "66387.00000", "2010-12-31": "64020.00000", "2010-09-30": "61642.00000", "2010-06-30": "58793.00000", "2010-03-31": "58836.00000", "2009-12-31": "60038.00000", "2009-09-30": "60838.00000", "2009-06-30": "62092.00000", "2009-03-31": "64440.00000", "2008-12-31": "67782.00000", "2008-09-30": "64229.00000", "2008-06-30": "60453.00000", "2008-03-31": "58204.00000", "2007-12-31": "56132.00000", "2007-09-30": "54799.00000", "2007-06-30": "53506.00000", "2007-03-31": "52248.00000", "2006-12-31": "51449.00000", "2006-09-30": "50483.00000", "2006-06-30": "49905.00000", "2006-03-31": "47957.00000", "2005-12-31": "47553.00000", "2005-09-30": "45865.00000", "2005-06-30": "44823.00000", "2005-03-31": "44347.00000"}, "Total Current Liabilities": {"2020-12-31": "25717.00000", "2020-09-30": "24978.00000", "2020-06-30": "25231.00000", "2020-03-31": "26516.00000", "2019-12-31": "26621.00000", "2019-09-30": "27201.00000", "2019-06-30": "27735.00000", "2019-03-31": "27388.00000", "2018-12-31": "28218.00000", "2018-09-30": "26033.00000", "2018-06-30": "28300.00000", "2018-03-31": "27402.00000", "2017-12-31": "26931.00000", "2017-09-30": "25903.00000", "2017-06-30": "28133.00000", "2017-03-31": "27635.00000", "2016-12-31": "26132.00000", "2016-09-30": "25290.00000", "2016-06-30": "27183.00000", "2016-03-31": "26215.00000", "2015-12-31": "26242.00000", "2015-09-30": "25833.00000", "2015-06-30": "25606.00000", "2015-03-31": "26566.00000", "2014-12-31": "27877.00000", "2014-09-30": "27589.00000", "2014-06-30": "29741.00000", "2014-03-31": "27295.00000", "2013-12-31": "27297.00000", "2013-09-30": "29119.00000", "2013-06-30": "29919.00000", "2013-03-31": "28974.00000", "2012-12-31": "29415.00000", "2012-09-30": "31746.00000", "2012-06-30": "31273.00000", "2012-03-31": "28849.00000", "2011-12-31": "28357.00000", "2011-09-30": "25218.00000", "2011-06-30": "23510.00000", "2011-03-31": "23147.00000", "2010-12-31": "22020.00000", "2010-09-30": "20178.00000", "2010-06-30": "19784.00000", "2010-03-31": "18417.00000", "2009-12-31": "18975.00000", "2009-09-30": "17957.00000", "2009-06-30": "19490.00000", "2009-03-31": "22089.00000", "2008-12-31": "25625.00000", "2008-09-30": "27360.00000", "2008-06-30": "26394.00000", "2008-03-31": "24316.00000", "2007-12-31": "22245.00000", "2007-09-30": "21073.00000", "2007-06-30": "19805.00000", "2007-03-31": "19950.00000", "2006-12-31": "19822.00000", "2006-09-30": "18685.00000", "2006-06-30": "21127.00000", "2006-03-31": "19699.00000", "2005-12-31": "19332.00000", "2005-09-30": "18853.00000", "2005-06-30": "17196.00000", "2005-03-31": "14787.00000"}, "Long Term Debt": {"2020-12-31": "25999.00000", "2020-09-30": "26107.00000", "2020-06-30": "26907.00000", "2020-03-31": "24369.00000", "2019-12-31": "26281.00000", "2019-09-30": "25588.00000", "2019-06-30": "24764.00000", "2019-03-31": "24240.00000", "2018-12-31": "25000.00000", "2018-09-30": "25441.00000", "2018-06-30": "23699.00000", "2018-03-31": "23165.00000", "2017-12-31": "23847.00000", "2017-09-30": "24835.00000", "2017-06-30": "23815.00000", "2017-03-31": "23725.00000", "2016-12-31": "22818.00000", "2016-09-30": "23622.00000", "2016-06-30": "23980.00000", "2016-03-31": "24470.00000", "2015-12-31": "25169.00000", "2015-09-30": "25208.00000", "2015-06-30": "27445.00000", "2015-03-31": "26803.00000", "2014-12-31": "27784.00000", "2014-09-30": "28180.00000", "2014-06-30": "27307.00000", "2014-03-31": "26801.00000", "2013-12-31": "26719.00000", "2013-09-30": "26015.00000", "2013-06-30": "25680.00000", "2013-03-31": "27240.00000", "2012-12-31": "27752.00000", "2012-09-30": "26526.00000", "2012-06-30": "27261.00000", "2012-03-31": "25191.00000", "2011-12-31": "24944.00000", "2011-09-30": "26781.00000", "2011-06-30": "25926.00000", "2011-03-31": "19895.00000", "2010-12-31": "20437.00000", "2010-09-30": "20337.00000", "2010-06-30": "20226.00000", "2010-03-31": "21548.00000", "2009-12-31": "21847.00000", "2009-09-30": "23069.00000", "2009-06-30": "23558.00000", "2009-03-31": "23466.00000", "2008-12-31": "22834.00000", "2008-09-30": "19794.00000", "2008-06-30": "17643.00000", "2008-03-31": "17654.00000", "2007-12-31": "17829.00000", "2007-09-30": "17153.00000", "2007-06-30": "17955.00000", "2007-03-31": "17017.00000", "2006-12-31": "17680.00000", "2006-09-30": "18145.00000", "2006-06-30": "15939.00000", "2006-03-31": "15370.00000", "2005-12-31": "15677.00000", "2005-09-30": "14984.00000", "2005-06-30": "15857.00000", "2005-03-31": "17909.00000"}, "Other Non-Current Liabilities": {"2020-12-31": "4358.00000", "2020-09-30": "4408.00000", "2020-06-30": "4366.00000", "2020-03-31": "4437.00000", "2019-12-31": "4323.00000", "2019-09-30": "4311.00000", "2019-06-30": "4362.00000", "2019-03-31": "4179.00000", "2018-12-31": "3756.00000", "2018-09-30": "3799.00000", "2018-06-30": "3954.00000", "2018-03-31": "3942.00000", "2017-12-31": "4053.00000", "2017-09-30": "3152.00000", "2017-06-30": "3235.00000", "2017-03-31": "3238.00000", "2016-12-31": "3184.00000", "2016-09-30": "3276.00000", "2016-06-30": "3301.00000", "2016-03-31": "3269.00000", "2015-12-31": "3203.00000", "2015-09-30": "3322.00000", "2015-06-30": "3271.00000", "2015-03-31": "3206.00000", "2014-12-31": "3231.00000", "2014-09-30": "3284.00000", "2014-06-30": "3259.00000", "2014-03-31": "3217.00000", "2013-12-31": "3029.00000", "2013-09-30": "3176.00000", "2013-06-30": "3232.00000", "2013-03-31": "3212.00000", "2012-12-31": "3136.00000", "2012-09-30": "3625.00000", "2012-06-30": "3697.00000", "2012-03-31": "3582.00000", "2011-12-31": "3559.00000", "2011-09-30": "3570.00000", "2011-06-30": "2841.00000", "2011-03-31": "2700.00000", "2010-12-31": "2654.00000", "2010-09-30": "2678.00000", "2010-06-30": "2102.00000", "2010-03-31": "2116.00000", "2009-12-31": "2496.00000", "2009-09-30": "2260.00000", "2009-06-30": "2268.00000", "2009-03-31": "2281.00000", "2008-12-31": "2634.00000", "2008-09-30": "2170.00000", "2008-06-30": "2110.00000", "2008-03-31": "2062.00000", "2007-12-31": "2003.00000", "2007-09-30": "2055.00000", "2007-06-30": "2009.00000", "2007-03-31": "1916.00000", "2006-12-31": "1209.00000", "2006-09-30": "", "2006-06-30": "", "2006-03-31": "", "2005-12-31": "", "2005-09-30": "", "2005-06-30": "", "2005-03-31": ""}, "Total Long Term Liabilities": {"2020-12-31": "37229.00000", "2020-09-30": "36769.00000", "2020-06-30": "37558.00000", "2020-03-31": "35139.00000", "2019-12-31": "37203.00000", "2019-09-30": "35799.00000", "2019-06-30": "36574.00000", "2019-03-31": "35860.00000", "2018-12-31": "36211.00000", "2018-09-30": "36286.00000", "2018-06-30": "35745.00000", "2018-03-31": "35340.00000", "2017-12-31": "36265.00000", "2017-09-30": "36960.00000", "2017-06-30": "36298.00000", "2017-03-31": "36254.00000", "2016-12-31": "35359.00000", "2016-09-30": "35397.00000", "2016-06-30": "35814.00000", "2016-03-31": "36339.00000", "2015-12-31": "37215.00000", "2015-09-30": "37168.00000", "2015-06-30": "39475.00000", "2015-03-31": "38886.00000", "2014-12-31": "39978.00000", "2014-09-30": "38003.00000", "2014-06-30": "37163.00000", "2014-03-31": "36733.00000", "2013-12-31": "36721.00000", "2013-09-30": "39976.00000", "2013-06-30": "39778.00000", "2013-03-31": "41451.00000", "2012-12-31": "41973.00000", "2012-09-30": "40859.00000", "2012-06-30": "41584.00000", "2012-03-31": "40043.00000", "2011-12-31": "39932.00000", "2011-09-30": "38336.00000", "2011-06-30": "36665.00000", "2011-03-31": "30568.00000", "2010-12-31": "31136.00000", "2010-09-30": "31589.00000", "2010-06-30": "29737.00000", "2010-03-31": "31397.00000", "2009-12-31": "32240.00000", "2009-09-30": "34799.00000", "2009-06-30": "35227.00000", "2009-03-31": "36015.00000", "2008-12-31": "35967.00000", "2008-09-30": "27224.00000", "2008-06-30": "24589.00000", "2008-03-31": "24670.00000", "2007-12-31": "24891.00000", "2007-09-30": "25118.00000", "2007-06-30": "25870.00000", "2007-03-31": "24806.00000", "2006-12-31": "24768.00000", "2006-09-30": "22770.00000", "2006-06-30": "20145.00000", "2006-03-31": "19296.00000", "2005-12-31": "19789.00000", "2005-09-30": "18620.00000", "2005-06-30": "19922.00000", "2005-03-31": "21813.00000"}, "Total Liabilities": {"2020-12-31": "62946.00000", "2020-09-30": "61747.00000", "2020-06-30": "62789.00000", "2020-03-31": "61655.00000", "2019-12-31": "63824.00000", "2019-09-30": "63000.00000", "2019-06-30": "64309.00000", "2019-03-31": "63248.00000", "2018-12-31": "64429.00000", "2018-09-30": "62319.00000", "2018-06-30": "64045.00000", "2018-03-31": "62742.00000", "2017-12-31": "63196.00000", "2017-09-30": "62863.00000", "2017-06-30": "64431.00000", "2017-03-31": "63889.00000", "2016-12-31": "61491.00000", "2016-09-30": "60687.00000", "2016-06-30": "62997.00000", "2016-03-31": "62554.00000", "2015-12-31": "63457.00000", "2015-09-30": "63001.00000", "2015-06-30": "65081.00000", "2015-03-31": "65452.00000", "2014-12-31": "67855.00000", "2014-09-30": "65592.00000", "2014-06-30": "66904.00000", "2014-03-31": "64028.00000", "2013-12-31": "64018.00000", "2013-09-30": "69095.00000", "2013-06-30": "69697.00000", "2013-03-31": "70425.00000", "2012-12-31": "71388.00000", "2012-09-30": "72605.00000", "2012-06-30": "72857.00000", "2012-03-31": "68892.00000", "2011-12-31": "68289.00000", "2011-09-30": "63554.00000", "2011-06-30": "60175.00000", "2011-03-31": "53715.00000", "2010-12-31": "53156.00000", "2010-09-30": "51767.00000", "2010-06-30": "49521.00000", "2010-03-31": "49814.00000", "2009-12-31": "51215.00000", "2009-09-30": "52756.00000", "2009-06-30": "54717.00000", "2009-03-31": "58104.00000", "2008-12-31": "61592.00000", "2008-09-30": "54584.00000", "2008-06-30": "50983.00000", "2008-03-31": "48986.00000", "2007-12-31": "47136.00000", "2007-09-30": "46191.00000", "2007-06-30": "45675.00000", "2007-03-31": "44756.00000", "2006-12-31": "44590.00000", "2006-09-30": "41455.00000", "2006-06-30": "41272.00000", "2006-03-31": "38995.00000", "2005-12-31": "39121.00000", "2005-09-30": "37473.00000", "2005-06-30": "37118.00000", "2005-03-31": "36600.00000"}, "Common Stock Net": {"2020-12-31": "6230.00000", "2020-09-30": "6204.00000", "2020-06-30": "6120.00000", "2020-03-31": "6046.00000", "2019-12-31": "5935.00000", "2019-09-30": "5951.00000", "2019-06-30": "5822.00000", "2019-03-31": "5804.00000", "2018-12-31": "5827.00000", "2018-09-30": "5715.00000", "2018-06-30": "5746.00000", "2018-03-31": "5640.00000", "2017-12-31": "5593.00000", "2017-09-30": "5460.00000", "2017-06-30": "5316.00000", "2017-03-31": "5222.00000", "2016-12-31": "5277.00000", "2016-09-30": "5266.00000", "2016-06-30": "5277.00000", "2016-03-31": "5247.00000", "2015-12-31": "5238.00000", "2015-09-30": "5190.00000", "2015-06-30": "5142.00000", "2015-03-31": "5101.00000", "2014-12-31": "5016.00000", "2014-09-30": "4968.00000", "2014-06-30": "4890.00000", "2014-03-31": "4773.00000", "2013-12-31": "4709.00000", "2013-09-30": "4657.00000", "2013-06-30": "4591.00000", "2013-03-31": "4510.00000", "2012-12-31": "4481.00000", "2012-09-30": "4449.00000", "2012-06-30": "4373.00000", "2012-03-31": "4351.00000", "2011-12-31": "4273.00000", "2011-09-30": "4229.00000", "2011-06-30": "4165.00000", "2011-03-31": "4044.00000", "2010-12-31": "3888.00000", "2010-09-30": "3757.00000", "2010-06-30": "3636.00000", "2010-03-31": "3482.00000", "2009-12-31": "3439.00000", "2009-09-30": "3392.00000", "2009-06-30": "3347.00000", "2009-03-31": "3086.00000", "2008-12-31": "3057.00000", "2008-09-30": "2993.00000", "2008-06-30": "2897.00000", "2008-03-31": "2754.00000", "2007-12-31": "2744.00000", "2007-09-30": "2759.00000", "2007-06-30": "2655.00000", "2007-03-31": "2518.00000", "2006-12-31": "2465.00000", "2006-09-30": "2441.00000", "2006-06-30": "2393.00000", "2006-03-31": "2063.00000", "2005-12-31": "1859.00000", "2005-09-30": "1821.00000", "2005-06-30": "1704.00000", "2005-03-31": "1308.00000"}, "Retained Earnings (Accumulated Deficit)": {"2020-12-31": "35167.00000", "2020-09-30": "35508.00000", "2020-06-30": "34841.00000", "2020-03-31": "35504.00000", "2019-12-31": "34437.00000", "2019-09-30": "34477.00000", "2019-06-30": "32981.00000", "2019-03-31": "32435.00000", "2018-12-31": "30427.00000", "2018-09-30": "30384.00000", "2018-06-30": "28657.00000", "2018-03-31": "27929.00000", "2017-12-31": "26301.00000", "2017-09-30": "28530.00000", "2017-06-30": "27471.00000", "2017-03-31": "27584.00000", "2016-12-31": "27377.00000", "2016-09-30": "29450.00000", "2016-06-30": "29167.00000", "2016-03-31": "29517.00000", "2015-12-31": "29246.00000", "2015-09-30": "35191.00000", "2015-06-30": "34823.00000", "2015-03-31": "34998.00000", "2014-12-31": "33887.00000", "2014-09-30": "33977.00000", "2014-06-30": "32961.00000", "2014-03-31": "32775.00000", "2013-12-31": "31854.00000", "2013-09-30": "31614.00000", "2013-06-30": "30668.00000", "2013-03-31": "30438.00000", "2012-12-31": "29558.00000", "2012-09-30": "29541.00000", "2012-06-30": "27842.00000", "2012-03-31": "26815.00000", "2011-12-31": "25219.00000", "2011-09-30": "24251.00000", "2011-06-30": "23081.00000", "2011-03-31": "22640.00000", "2010-12-31": "21384.00000", "2010-09-30": "20955.00000", "2010-06-30": "20133.00000", "2010-03-31": "19941.00000", "2009-12-31": "19711.00000", "2009-09-30": "20026.00000", "2009-06-30": "19579.00000", "2009-03-31": "19694.00000", "2008-12-31": "19826.00000", "2008-09-30": "19673.00000", "2008-06-30": "18918.00000", "2008-03-31": "18289.00000", "2007-12-31": "17398.00000", "2007-09-30": "16877.00000", "2007-06-30": "15951.00000", "2007-03-31": "15550.00000", "2006-12-31": "14593.00000", "2006-09-30": "14100.00000", "2006-06-30": "13330.00000", "2006-03-31": "12648.00000", "2005-12-31": "11808.00000", "2005-09-30": "11298.00000", "2005-06-30": "10632.00000", "2005-03-31": "10518.00000"}, "Comprehensive Income": {"2020-12-31": "-888.00000", "2020-09-30": "-1448.00000", "2020-06-30": "-1815.00000", "2020-03-31": "-2012.00000", "2019-12-31": "-1567.00000", "2019-09-30": "-1783.00000", "2019-06-30": "-1499.00000", "2019-03-31": "-1588.00000", "2018-12-31": "-1684.00000", "2018-09-30": "-1568.00000", "2018-06-30": "-1496.00000", "2018-03-31": "-1016.00000", "2017-12-31": "-1192.00000", "2017-09-30": "-1233.00000", "2017-06-30": "-1471.00000", "2017-03-31": "-1827.00000", "2016-12-31": "-2039.00000", "2016-09-30": "-1527.00000", "2016-06-30": "-1633.00000", "2016-03-31": "-1493.00000", "2015-12-31": "-2035.00000", "2015-09-30": "-6843.00000", "2015-06-30": "-6729.00000", "2015-03-31": "-7101.00000", "2014-12-31": "-6431.00000", "2014-09-30": "-4357.00000", "2014-06-30": "-3683.00000", "2014-03-31": "-3801.00000", "2013-12-31": "-3898.00000", "2013-09-30": "-6247.00000", "2013-06-30": "-6698.00000", "2013-03-31": "-6669.00000", "2012-12-31": "-6433.00000", "2012-09-30": "-5988.00000", "2012-06-30": "-6150.00000", "2012-03-31": "-6033.00000", "2011-12-31": "-6328.00000", "2011-09-30": "-4019.00000", "2011-06-30": "-3544.00000", "2011-03-31": "-3724.00000", "2010-12-31": "-4051.00000", "2010-09-30": "-4412.00000", "2010-06-30": "-4045.00000", "2010-03-31": "-3886.00000", "2009-12-31": "-3764.00000", "2009-09-30": "-4740.00000", "2009-06-30": "-4906.00000", "2009-03-31": "-5332.00000", "2008-12-31": "-5579.00000", "2008-09-30": "-1912.00000", "2008-06-30": "-1615.00000", "2008-03-31": "-1710.00000", "2007-12-31": "-1808.00000", "2007-09-30": "-2481.00000", "2007-06-30": "-2621.00000", "2007-03-31": "-2787.00000", "2006-12-31": "-2847.00000", "2006-09-30": "-482.00000", "2006-06-30": "-477.00000", "2006-03-31": "-556.00000", "2005-12-31": "-598.00000", "2005-09-30": "-688.00000", "2005-06-30": "-666.00000", "2005-03-31": "-525.00000"}, "Other Share Holders Equity": {"2020-12-31": "", "2020-09-30": "", "2020-06-30": "", "2020-03-31": "", "2019-12-31": "", "2019-09-30": "", "2019-06-30": "", "2019-03-31": "", "2018-12-31": "", "2018-09-30": "", "2018-06-30": "", "2018-03-31": "", "2017-12-31": "", "2017-09-30": "", "2017-06-30": "", "2017-03-31": "", "2016-12-31": "", "2016-09-30": "", "2016-06-30": "", "2016-03-31": "", "2015-12-31": "", "2015-09-30": "", "2015-06-30": "", "2015-03-31": "", "2014-12-31": "", "2014-09-30": "", "2014-06-30": "", "2014-03-31": "", "2013-12-31": "", "2013-09-30": "", "2013-06-30": "", "2013-03-31": "", "2012-12-31": "", "2012-09-30": "", "2012-06-30": "", "2012-03-31": "", "2011-12-31": "", "2011-09-30": "", "2011-06-30": "", "2011-03-31": "", "2010-12-31": "", "2010-09-30": "", "2010-06-30": "", "2010-03-31": "", "2009-12-31": "", "2009-09-30": "", "2009-06-30": "", "2009-03-31": "", "2008-12-31": "", "2008-09-30": "", "2008-06-30": "", "2008-03-31": "", "2007-12-31": "", "2007-09-30": "", "2007-06-30": "", "2007-03-31": "", "2006-12-31": "", "2006-09-30": "", "2006-06-30": "", "2006-03-31": "", "2005-12-31": "", "2005-09-30": "", "2005-06-30": "", "2005-03-31": ""}, "Share Holder Equity": {"2020-12-31": "15378.00000", "2020-09-30": "14994.00000", "2020-06-30": "13777.00000", "2020-03-31": "14239.00000", "2019-12-31": "14629.00000", "2019-09-30": "14993.00000", "2019-06-30": "14878.00000", "2019-03-31": "15478.00000", "2018-12-31": "14080.00000", "2018-09-30": "15890.00000", "2018-06-30": "14942.00000", "2018-03-31": "15272.00000", "2017-12-31": "13766.00000", "2017-09-30": "15697.00000", "2017-06-30": "14079.00000", "2017-03-31": "13660.00000", "2016-12-31": "13213.00000", "2016-09-30": "15715.00000", "2016-06-30": "15303.00000", "2016-03-31": "15753.00000", "2015-12-31": "14885.00000", "2015-09-30": "15968.00000", "2015-06-30": "17161.00000", "2015-03-31": "17038.00000", "2014-12-31": "16826.00000", "2014-09-30": "18896.00000", "2014-06-30": "20923.00000", "2014-03-31": "20369.00000", "2013-12-31": "20878.00000", "2013-09-30": "18177.00000", "2013-06-30": "17678.00000", "2013-03-31": "18318.00000", "2012-12-31": "17582.00000", "2012-09-30": "17936.00000", "2012-06-30": "15981.00000", "2012-03-31": "15016.00000", "2011-12-31": "12929.00000", "2011-09-30": "14213.00000", "2011-06-30": "13436.00000", "2011-03-31": "12672.00000", "2010-12-31": "10864.00000", "2010-09-30": "9875.00000", "2010-06-30": "9272.00000", "2010-03-31": "9022.00000", "2009-12-31": "8823.00000", "2009-09-30": "8082.00000", "2009-06-30": "7375.00000", "2009-03-31": "6336.00000", "2008-12-31": "6190.00000", "2008-09-30": "9645.00000", "2008-06-30": "9470.00000", "2008-03-31": "9218.00000", "2007-12-31": "8996.00000", "2007-09-30": "8608.00000", "2007-06-30": "7831.00000", "2007-03-31": "7492.00000", "2006-12-31": "6859.00000", "2006-09-30": "9028.00000", "2006-06-30": "8633.00000", "2006-03-31": "8962.00000", "2005-12-31": "8432.00000", "2005-09-30": "8392.00000", "2005-06-30": "7705.00000", "2005-03-31": "7747.00000"}, "Total Liabilities And Share Holders Equity": {"2020-12-31": "78324.00000", "2020-09-30": "76741.00000", "2020-06-30": "76566.00000", "2020-03-31": "75894.00000", "2019-12-31": "78453.00000", "2019-09-30": "77993.00000", "2019-06-30": "79187.00000", "2019-03-31": "78726.00000", "2018-12-31": "78509.00000", "2018-09-30": "78209.00000", "2018-06-30": "78987.00000", "2018-03-31": "78014.00000", "2017-12-31": "76962.00000", "2017-09-30": "78560.00000", "2017-06-30": "78510.00000", "2017-03-31": "77549.00000", "2016-12-31": "74704.00000", "2016-09-30": "76402.00000", "2016-06-30": "78300.00000", "2016-03-31": "78307.00000", "2015-12-31": "78342.00000", "2015-09-30": "78969.00000", "2015-06-30": "82242.00000", "2015-03-31": "82490.00000", "2014-12-31": "84681.00000", "2014-09-30": "84488.00000", "2014-06-30": "87827.00000", "2014-03-31": "84397.00000", "2013-12-31": "84896.00000", "2013-09-30": "87272.00000", "2013-06-30": "87375.00000", "2013-03-31": "88743.00000", "2012-12-31": "88970.00000", "2012-09-30": "90541.00000", "2012-06-30": "88838.00000", "2012-03-31": "83908.00000", "2011-12-31": "81218.00000", "2011-09-30": "77767.00000", "2011-06-30": "73611.00000", "2011-03-31": "66387.00000", "2010-12-31": "64020.00000", "2010-09-30": "61642.00000", "2010-06-30": "58793.00000", "2010-03-31": "58836.00000", "2009-12-31": "60038.00000", "2009-09-30": "60838.00000", "2009-06-30": "62092.00000", "2009-03-31": "64440.00000", "2008-12-31": "67782.00000", "2008-09-30": "64229.00000", "2008-06-30": "60453.00000", "2008-03-31": "58204.00000", "2007-12-31": "56132.00000", "2007-09-30": "54799.00000", "2007-06-30": "53506.00000", "2007-03-31": "52248.00000", "2006-12-31": "51449.00000", "2006-09-30": "50483.00000", "2006-06-30": "49905.00000", "2006-03-31": "47957.00000", "2005-12-31": "47553.00000", "2005-09-30": "45865.00000", "2005-06-30": "44823.00000", "2005-03-31": "44347.00000"}}, "cash flow statement": {"Net Income/Loss": {"2020-12-31": "3003.00000", "2019-12-31": "6094.00000", "2018-12-31": "6148.00000", "2017-12-31": "759.00000", "2016-12-31": "-59.00000", "2015-12-31": "2523.00000", "2014-12-31": "2468.00000", "2013-12-31": "3803.00000", "2012-12-31": "5722.00000", "2011-12-31": "4981.00000", "2010-12-31": "2758.00000", "2009-12-31": "827.00000", "2008-12-31": "3585.00000", "2007-12-31": "3578.00000", "2006-12-31": "3537.00000", "2005-12-31": "2854.00000"}, "Total Depreciation And Amortization - Cash Flow": {"2020-12-31": "2432.00000", "2019-12-31": "2577.00000", "2018-12-31": "2766.00000", "2017-12-31": "2877.00000", "2016-12-31": "3034.00000", "2015-12-31": "3046.00000", "2014-12-31": "3163.00000", "2013-12-31": "3087.00000", "2012-12-31": "3393.00000", "2011-12-31": "2527.00000", "2010-12-31": "2296.00000", "2009-12-31": "2336.00000", "2008-12-31": "1980.00000", "2007-12-31": "1797.00000", "2006-12-31": "1602.00000", "2005-12-31": "1477.00000"}, "Other Non-Cash Items": {"2020-12-31": "1310.00000", "2019-12-31": "1171.00000", "2018-12-31": "1721.00000", "2017-12-31": "2264.00000", "2016-12-31": "2008.00000", "2015-12-31": "325.00000", "2014-12-31": "2140.00000", "2013-12-31": "482.00000", "2012-12-31": "-191.00000", "2011-12-31": "457.00000", "2010-12-31": "469.00000", "2009-12-31": "137.00000", "2008-12-31": "355.00000", "2007-12-31": "162.00000", "2006-12-31": "197.00000", "2005-12-31": "-20.00000"}, "Total Non-Cash Items": {"2020-12-31": "3742.00000", "2019-12-31": "3748.00000", "2018-12-31": "4487.00000", "2017-12-31": "5141.00000", "2016-12-31": "5042.00000", "2015-12-31": "3371.00000", "2014-12-31": "5303.00000", "2013-12-31": "3569.00000", "2012-12-31": "3202.00000", "2011-12-31": "2984.00000", "2010-12-31": "2765.00000", "2009-12-31": "2473.00000", "2008-12-31": "2335.00000", "2007-12-31": "1959.00000", "2006-12-31": "1799.00000", "2005-12-31": "1457.00000"}, "Change In Accounts Receivable": {"2020-12-31": "1442.00000", "2019-12-31": "171.00000", "2018-12-31": "-1619.00000", "2017-12-31": "-1151.00000", "2016-12-31": "829.00000", "2015-12-31": "764.00000", "2014-12-31": "163.00000", "2013-12-31": "835.00000", "2012-12-31": "-15.00000", "2011-12-31": "-1409.00000", "2010-12-31": "-2320.00000", "2009-12-31": "4014.00000", "2008-12-31": "-545.00000", "2007-12-31": "899.00000", "2006-12-31": "-148.00000", "2005-12-31": "-970.00000"}, "Change In Inventories": {"2020-12-31": "-34.00000", "2019-12-31": "274.00000", "2018-12-31": "-1579.00000", "2017-12-31": "-1295.00000", "2016-12-31": "1109.00000", "2015-12-31": "2274.00000", "2014-12-31": "101.00000", "2013-12-31": "2658.00000", "2012-12-31": "-1149.00000", "2011-12-31": "-2927.00000", "2010-12-31": "-2667.00000", "2009-12-31": "2501.00000", "2008-12-31": "-833.00000", "2007-12-31": "-745.00000", "2006-12-31": "-827.00000", "2005-12-31": "-568.00000"}, "Change In Accounts Payable": {"2020-12-31": "98.00000", "2019-12-31": "-1025.00000", "2018-12-31": "709.00000", "2017-12-31": "1478.00000", "2016-12-31": "-200.00000", "2015-12-31": "-1165.00000", "2014-12-31": "222.00000", "2013-12-31": "134.00000", "2012-12-31": "-1868.00000", "2011-12-31": "1555.00000", "2010-12-31": "2570.00000", "2009-12-31": "-1878.00000", "2008-12-31": "-129.00000", "2007-12-31": "387.00000", "2006-12-31": "", "2005-12-31": ""}, "Change In Assets/Liabilities": {"2020-12-31": "-1014.00000", "2019-12-31": "-1765.00000", "2018-12-31": "-1527.00000", "2017-12-31": "-588.00000", "2016-12-31": "-173.00000", "2015-12-31": "-480.00000", "2014-12-31": "-1091.00000", "2013-12-31": "-421.00000", "2012-12-31": "-344.00000", "2011-12-31": "899.00000", "2010-12-31": "939.00000", "2009-12-31": "-399.00000", "2008-12-31": "-555.00000", "2007-12-31": "1646.00000", "2006-12-31": "768.00000", "2005-12-31": "-192.00000"}, "Total Change In Assets/Liabilities": {"2020-12-31": "-418.00000", "2019-12-31": "-2930.00000", "2018-12-31": "-4077.00000", "2017-12-31": "-194.00000", "2016-12-31": "656.00000", "2015-12-31": "805.00000", "2014-12-31": "286.00000", "2013-12-31": "2819.00000", "2012-12-31": "-3740.00000", "2011-12-31": "-1008.00000", "2010-12-31": "-514.00000", "2009-12-31": "3199.00000", "2008-12-31": "-1248.00000", "2007-12-31": "2418.00000", "2006-12-31": "463.00000", "2005-12-31": "-1198.00000"}, "Cash Flow From Operating Activities": {"2020-12-31": "6327.00000", "2019-12-31": "6912.00000", "2018-12-31": "6558.00000", "2017-12-31": "5706.00000", "2016-12-31": "5639.00000", "2015-12-31": "6699.00000", "2014-12-31": "8057.00000", "2013-12-31": "10191.00000", "2012-12-31": "5184.00000", "2011-12-31": "6957.00000", "2010-12-31": "5009.00000", "2009-12-31": "6499.00000", "2008-12-31": "4672.00000", "2007-12-31": "7955.00000", "2006-12-31": "5799.00000", "2005-12-31": "3113.00000"}, "Net Change In Property, Plant, And Equipment": {"2020-12-31": "-1343.00000", "2019-12-31": "-1516.00000", "2018-12-31": "-1980.00000", "2017-12-31": "-1172.00000", "2016-12-31": "-2029.00000", "2015-12-31": "-2501.00000", "2014-12-31": "-2475.00000", "2013-12-31": "-3602.00000", "2012-12-31": "-3959.00000", "2011-12-31": "-2570.00000", "2010-12-31": "-1117.00000", "2009-12-31": "-1230.00000", "2008-12-31": "-2904.00000", "2007-12-31": "-2632.00000", "2006-12-31": "-2103.00000", "2005-12-31": "-1778.00000"}, "Net Change In Intangible Assets": {"2020-12-31": "", "2019-12-31": "", "2018-12-31": "", "2017-12-31": "", "2016-12-31": "", "2015-12-31": "", "2014-12-31": "", "2013-12-31": "", "2012-12-31": "", "2011-12-31": "", "2010-12-31": "", "2009-12-31": "", "2008-12-31": "", "2007-12-31": "", "2006-12-31": "", "2005-12-31": ""}, "Net Acquisitions/Divestitures": {"2020-12-31": "25.00000", "2019-12-31": "41.00000", "2018-12-31": "16.00000", "2017-12-31": "100.00000", "2016-12-31": "", "2015-12-31": "178.00000", "2014-12-31": "199.00000", "2013-12-31": "365.00000", "2012-12-31": "1199.00000", "2011-12-31": "376.00000", "2010-12-31": "", "2009-12-31": "", "2008-12-31": "", "2007-12-31": "", "2006-12-31": "", "2005-12-31": ""}, "Net Change In Short-term Investments": {"2020-12-31": "303.00000", "2019-12-31": "-359.00000", "2018-12-31": "-805.00000", "2017-12-31": "192.00000", "2016-12-31": "157.00000", "2015-12-31": "-546.00000", "2014-12-31": "-1260.00000", "2013-12-31": "-1635.00000", "2012-12-31": "-2883.00000", "2011-12-31": "-920.00000", "2010-12-31": "505.00000", "2009-12-31": "2281.00000", "2008-12-31": "-3365.00000", "2007-12-31": "-2095.00000", "2006-12-31": "-1361.00000", "2005-12-31": "-2377.00000"}, "Net Change In Long-Term Investments": {"2020-12-31": "-404.00000", "2019-12-31": "-70.00000", "2018-12-31": "-456.00000", "2017-12-31": "-175.00000", "2016-12-31": "112.00000", "2015-12-31": "-534.00000", "2014-12-31": "-45.00000", "2013-12-31": "-148.00000", "2012-12-31": "-714.00000", "2011-12-31": "-8273.00000", "2010-12-31": "-1115.00000", "2009-12-31": "-77.00000", "2008-12-31": "-99.00000", "2007-12-31": "-142.00000", "2006-12-31": "-655.00000", "2005-12-31": "436.00000"}, "Net Change In Investments - Total": {"2020-12-31": "-101.00000", "2019-12-31": "-429.00000", "2018-12-31": "-1261.00000", "2017-12-31": "17.00000", "2016-12-31": "269.00000", "2015-12-31": "-1080.00000", "2014-12-31": "-1305.00000", "2013-12-31": "-1783.00000", "2012-12-31": "-3597.00000", "2011-12-31": "-9193.00000", "2010-12-31": "-610.00000", "2009-12-31": "2204.00000", "2008-12-31": "-3464.00000", "2007-12-31": "-2237.00000", "2006-12-31": "-2016.00000", "2005-12-31": "-1941.00000"}, "Investing Activities - Other": {"2020-12-31": "-66.00000", "2019-12-31": "-24.00000", "2018-12-31": "13.00000", "2017-12-31": "89.00000", "2016-12-31": "-20.00000", "2015-12-31": "-114.00000", "2014-12-31": "-46.00000", "2013-12-31": "-26.00000", "2012-12-31": "167.00000", "2011-12-31": "-40.00000", "2010-12-31": "132.00000", "2009-12-31": "-128.00000", "2008-12-31": "197.00000", "2007-12-31": "461.00000", "2006-12-31": "323.00000", "2005-12-31": "194.00000"}, "Cash Flow From Investing Activities": {"2020-12-31": "-1485.00000", "2019-12-31": "-1928.00000", "2018-12-31": "-3212.00000", "2017-12-31": "-966.00000", "2016-12-31": "-1780.00000", "2015-12-31": "-3517.00000", "2014-12-31": "-3627.00000", "2013-12-31": "-5046.00000", "2012-12-31": "-6190.00000", "2011-12-31": "-11427.00000", "2010-12-31": "-1595.00000", "2009-12-31": "846.00000", "2008-12-31": "-6171.00000", "2007-12-31": "-4408.00000", "2006-12-31": "-3796.00000", "2005-12-31": "-3525.00000"}, "Net Long-Term Debt": {"2020-12-31": "2194.00000", "2019-12-31": "1544.00000", "2018-12-31": "1078.00000", "2017-12-31": "675.00000", "2016-12-31": "-1453.00000", "2015-12-31": "-3160.00000", "2014-12-31": "1401.00000", "2013-12-31": "-1542.00000", "2012-12-31": "4968.00000", "2011-12-31": "4914.00000", "2010-12-31": "-4137.00000", "2009-12-31": "-396.00000", "2008-12-31": "3491.00000", "2007-12-31": "151.00000", "2006-12-31": "894.00000", "2005-12-31": "2954.00000"}, "Net Current Debt": {"2020-12-31": "-2804.00000", "2019-12-31": "-138.00000", "2018-12-31": "762.00000", "2017-12-31": "-3058.00000", "2016-12-31": "140.00000", "2015-12-31": "3022.00000", "2014-12-31": "1043.00000", "2013-12-31": "-69.00000", "2012-12-31": "466.00000", "2011-12-31": "-37.00000", "2010-12-31": "291.00000", "2009-12-31": "-3884.00000", "2008-12-31": "2036.00000", "2007-12-31": "-353.00000", "2006-12-31": "-136.00000", "2005-12-31": "19.00000"}, "Debt Issuance/Retirement Net - Total": {"2020-12-31": "-610.00000", "2019-12-31": "1406.00000", "2018-12-31": "1840.00000", "2017-12-31": "-2383.00000", "2016-12-31": "-1313.00000", "2015-12-31": "-138.00000", "2014-12-31": "2444.00000", "2013-12-31": "-1611.00000", "2012-12-31": "5434.00000", "2011-12-31": "4877.00000", "2010-12-31": "-3846.00000", "2009-12-31": "-4280.00000", "2008-12-31": "5527.00000", "2007-12-31": "-202.00000", "2006-12-31": "758.00000", "2005-12-31": "2973.00000"}, "Net Common Equity Issued/Repurchased": {"2020-12-31": "-901.00000", "2019-12-31": "-3809.00000", "2018-12-31": "-3485.00000", "2017-12-31": "566.00000", "2016-12-31": "-23.00000", "2015-12-31": "-1992.00000", "2014-12-31": "-3999.00000", "2013-12-31": "-1872.00000", "2012-12-31": "52.00000", "2011-12-31": "123.00000", "2010-12-31": "296.00000", "2009-12-31": "89.00000", "2008-12-31": "-1665.00000", "2007-12-31": "-2077.00000", "2006-12-31": "-2794.00000", "2005-12-31": "-1202.00000"}, "Net Total Equity Issued/Repurchased": {"2020-12-31": "-901.00000", "2019-12-31": "-3809.00000", "2018-12-31": "-3485.00000", "2017-12-31": "566.00000", "2016-12-31": "-23.00000", "2015-12-31": "-1992.00000", "2014-12-31": "-3999.00000", "2013-12-31": "-1872.00000", "2012-12-31": "52.00000", "2011-12-31": "123.00000", "2010-12-31": "296.00000", "2009-12-31": "89.00000", "2008-12-31": "-1665.00000", "2007-12-31": "-2077.00000", "2006-12-31": "-2794.00000", "2005-12-31": "-1202.00000"}, "Total Common And Preferred Stock Dividends Paid": {"2020-12-31": "-2243.00000", "2019-12-31": "-2132.00000", "2018-12-31": "-1951.00000", "2017-12-31": "-1831.00000", "2016-12-31": "-1799.00000", "2015-12-31": "-1757.00000", "2014-12-31": "-1620.00000", "2013-12-31": "-1111.00000", "2012-12-31": "-1617.00000", "2011-12-31": "-1159.00000", "2010-12-31": "-1084.00000", "2009-12-31": "-1029.00000", "2008-12-31": "-953.00000", "2007-12-31": "-845.00000", "2006-12-31": "-726.00000", "2005-12-31": "-618.00000"}, "Financial Activities - Other": {"2020-12-31": "-1.00000", "2019-12-31": "-3.00000", "2018-12-31": "-54.00000", "2017-12-31": "-9.00000", "2016-12-31": "-8.00000", "2015-12-31": "-7.00000", "2014-12-31": "179.00000", "2013-12-31": "83.00000", "2012-12-31": "-263.00000", "2011-12-31": "178.00000", "2010-12-31": "21.00000", "2009-12-31": "5.00000", "2008-12-31": "46.00000", "2007-12-31": "135.00000", "2006-12-31": "169.00000", "2005-12-31": ""}, "Cash Flow From Financial Activities": {"2020-12-31": "-3755.00000", "2019-12-31": "-4538.00000", "2018-12-31": "-3650.00000", "2017-12-31": "-3657.00000", "2016-12-31": "-3143.00000", "2015-12-31": "-3894.00000", "2014-12-31": "-2996.00000", "2013-12-31": "-4511.00000", "2012-12-31": "3606.00000", "2011-12-31": "4019.00000", "2010-12-31": "-4613.00000", "2009-12-31": "-5215.00000", "2008-12-31": "2955.00000", "2007-12-31": "-2989.00000", "2006-12-31": "-2593.00000", "2005-12-31": "1153.00000"}, "Net Cash Flow": {"2020-12-31": "1074.00000", "2019-12-31": "402.00000", "2018-12-31": "-430.00000", "2017-12-31": "1121.00000", "2016-12-31": "688.00000", "2015-12-31": "-881.00000", "2014-12-31": "1260.00000", "2013-12-31": "591.00000", "2012-12-31": "2433.00000", "2011-12-31": "-535.00000", "2010-12-31": "-1275.00000", "2009-12-31": "2131.00000", "2008-12-31": "1614.00000", "2007-12-31": "592.00000", "2006-12-31": "-578.00000", "2005-12-31": "663.00000"}, "Stock-Based Compensation": {"2020-12-31": "", "2019-12-31": "", "2018-12-31": "", "2017-12-31": "", "2016-12-31": "", "2015-12-31": "", "2014-12-31": "", "2013-12-31": "", "2012-12-31": "", "2011-12-31": "", "2010-12-31": "", "2009-12-31": "", "2008-12-31": "", "2007-12-31": "", "2006-12-31": "", "2005-12-31": ""}, "Common Stock Dividends Paid": {"2020-12-31": "-2243.00000", "2019-12-31": "-2132.00000", "2018-12-31": "-1951.00000", "2017-12-31": "-1831.00000", "2016-12-31": "-1799.00000", "2015-12-31": "-1757.00000", "2014-12-31": "-1620.00000", "2013-12-31": "-1111.00000", "2012-12-31": "-1617.00000", "2011-12-31": "-1159.00000", "2010-12-31": "-1084.00000", "2009-12-31": "-1029.00000", "2008-12-31": "-953.00000", "2007-12-31": "-845.00000", "2006-12-31": "-726.00000", "2005-12-31": "-618.00000"}}, "cash flow statement, quarterly": {"Net Income/Loss": {"2020-12-31": 780, "2020-09-30": 671, "2020-06-30": 459, "2020-03-31": "1093.00000", "2019-12-31": 1097, "2019-09-30": 1494, "2019-06-30": 1619, "2019-03-31": "1884.00000", "2018-12-31": 1049, "2018-09-30": 1727, "2018-06-30": 1705, "2018-03-31": "1667.00000", "2017-12-31": -1299, "2017-09-30": 1061, "2017-06-30": 803, "2017-03-31": "194.00000", "2016-12-31": -1167, "2016-09-30": 283, "2016-06-30": 553, "2016-03-31": "272.00000", "2015-12-31": -90, "2015-09-30": 562, "2015-06-30": 803, "2015-03-31": "1248.00000", "2014-12-31": -480, "2014-09-30": 1021, "2014-06-30": 1002, "2014-03-31": "925.00000", "2013-12-31": 1006, "2013-09-30": 950, "2013-06-30": 965, "2013-03-31": "882.00000", "2012-12-31": 700, "2012-09-30": 1702, "2012-06-30": 1709, "2012-03-31": "1611.00000", "2011-12-31": 1562, "2011-09-30": 1154, "2011-06-30": 1022, "2011-03-31": "1243.00000", "2010-12-31": 988, "2010-09-30": 801, "2010-06-30": 733, "2010-03-31": "236.00000", "2009-12-31": 206, "2009-09-30": 392, "2009-06-30": 360, "2009-03-31": "-131.00000", "2008-12-31": 663, "2008-09-30": 876, "2008-06-30": 1124, "2008-03-31": "922.00000", "2007-12-31": 1012, "2007-09-30": 927, "2007-06-30": 823, "2007-03-31": "816.00000", "2006-12-31": 882, "2006-09-30": 769, "2006-06-30": 1046, "2006-03-31": "840.00000", "2005-12-31": 846, "2005-09-30": 667, "2005-06-30": 760, "2005-03-31": "581.00000"}, "Total Depreciation And Amortization - Cash Flow": {"2020-12-31": 617, "2020-09-30": 593, "2020-06-30": 608, "2020-03-31": "614.00000", "2019-12-31": 644, "2019-09-30": 645, "2019-06-30": 647, "2019-03-31": "641.00000", "2018-12-31": 701, "2018-09-30": 698, "2018-06-30": 686, "2018-03-31": "681.00000", "2017-12-31": 724, "2017-09-30": 723, "2017-06-30": 720, "2017-03-31": "710.00000", "2016-12-31": 779, "2016-09-30": 761, "2016-06-30": 754, "2016-03-31": "740.00000", "2015-12-31": 774, "2015-09-30": 758, "2015-06-30": 761, "2015-03-31": "753.00000", "2014-12-31": 795, "2014-09-30": 798, "2014-06-30": 789, "2014-03-31": "781.00000", "2013-12-31": 824, "2013-09-30": 779, "2013-06-30": 761, "2013-03-31": "723.00000", "2012-12-31": 1323, "2012-09-30": 720, "2012-06-30": 689, "2012-03-31": "661.00000", "2011-12-31": 695, "2011-09-30": 658, "2011-06-30": 599, "2011-03-31": "575.00000", "2010-12-31": 615, "2010-09-30": 565, "2010-06-30": 562, "2010-03-31": "554.00000", "2009-12-31": 703, "2009-09-30": 561, "2009-06-30": 538, "2009-03-31": "534.00000", "2008-12-31": 527, "2008-09-30": 501, "2008-06-30": 480, "2008-03-31": "472.00000", "2007-12-31": 496, "2007-09-30": 452, "2007-06-30": 437, "2007-03-31": "412.00000", "2006-12-31": 382, "2006-09-30": 418, "2006-06-30": 402, "2006-03-31": "400.00000", "2005-12-31": 364, "2005-09-30": 369, "2005-06-30": 372, "2005-03-31": "372.00000"}, "Other Non-Cash Items": {"2020-12-31": 484, "2020-09-30": 316, "2020-06-30": 210, "2020-03-31": "300.00000", "2019-12-31": 557, "2019-09-30": 208, "2019-06-30": 329, "2019-03-31": "77.00000", "2018-12-31": 1091, "2018-09-30": 184, "2018-06-30": 298, "2018-03-31": "148.00000", "2017-12-31": 1668, "2017-09-30": 106, "2017-06-30": 188, "2017-03-31": "302.00000", "2016-12-31": 1368, "2016-09-30": 272, "2016-06-30": 99, "2016-03-31": "269.00000", "2015-12-31": 2, "2015-09-30": 181, "2015-06-30": 230, "2015-03-31": "-88.00000", "2014-12-31": 1813, "2014-09-30": 87, "2014-06-30": 125, "2014-03-31": "115.00000", "2013-12-31": 105, "2013-09-30": 141, "2013-06-30": 138, "2013-03-31": "98.00000", "2012-12-31": 76, "2012-09-30": -208, "2012-06-30": -41, "2012-03-31": "-18.00000", "2011-12-31": -101, "2011-09-30": 221, "2011-06-30": 337, "2011-03-31": "", "2010-12-31": 124, "2010-09-30": 169, "2010-06-30": 82, "2010-03-31": "94.00000", "2009-12-31": 75, "2009-09-30": 3, "2009-06-30": 59, "2009-03-31": "", "2008-12-31": 297, "2008-09-30": -126, "2008-06-30": 56, "2008-03-31": "128.00000", "2007-12-31": 124, "2007-09-30": 38, "2007-06-30": -1, "2007-03-31": "1.00000", "2006-12-31": 87, "2006-09-30": 16, "2006-06-30": 84, "2006-03-31": "10.00000", "2005-12-31": 69, "2005-09-30": 24, "2005-06-30": -45, "2005-03-31": "-68.00000"}, "Total Non-Cash Items": {"2020-12-31": 1101, "2020-09-30": 909, "2020-06-30": 818, "2020-03-31": "914.00000", "2019-12-31": 1201, "2019-09-30": 853, "2019-06-30": 976, "2019-03-31": "718.00000", "2018-12-31": 1792, "2018-09-30": 882, "2018-06-30": 984, "2018-03-31": "829.00000", "2017-12-31": 2392, "2017-09-30": 829, "2017-06-30": 908, "2017-03-31": "1012.00000", "2016-12-31": 2147, "2016-09-30": 1033, "2016-06-30": 853, "2016-03-31": "1009.00000", "2015-12-31": 776, "2015-09-30": 939, "2015-06-30": 991, "2015-03-31": "665.00000", "2014-12-31": 2608, "2014-09-30": 885, "2014-06-30": 914, "2014-03-31": "896.00000", "2013-12-31": 929, "2013-09-30": 920, "2013-06-30": 899, "2013-03-31": "821.00000", "2012-12-31": 1399, "2012-09-30": 512, "2012-06-30": 648, "2012-03-31": "643.00000", "2011-12-31": 594, "2011-09-30": 879, "2011-06-30": 936, "2011-03-31": "575.00000", "2010-12-31": 739, "2010-09-30": 734, "2010-06-30": 644, "2010-03-31": "648.00000", "2009-12-31": 778, "2009-09-30": 564, "2009-06-30": 597, "2009-03-31": "534.00000", "2008-12-31": 824, "2008-09-30": 375, "2008-06-30": 536, "2008-03-31": "600.00000", "2007-12-31": 620, "2007-09-30": 490, "2007-06-30": 436, "2007-03-31": "413.00000", "2006-12-31": 469, "2006-09-30": 434, "2006-06-30": 486, "2006-03-31": "410.00000", "2005-12-31": 433, "2005-09-30": 393, "2005-06-30": 327, "2005-03-31": "304.00000"}, "Change In Accounts Receivable": {"2020-12-31": -31, "2020-09-30": 297, "2020-06-30": 676, "2020-03-31": "500.00000", "2019-12-31": -256, "2019-09-30": 593, "2019-06-30": -16, "2019-03-31": "-150.00000", "2018-12-31": -894, "2018-09-30": -22, "2018-06-30": -377, "2018-03-31": "-326.00000", "2017-12-31": -696, "2017-09-30": -13, "2017-06-30": -89, "2017-03-31": "-353.00000", "2016-12-31": -299, "2016-09-30": 555, "2016-06-30": 559, "2016-03-31": "14.00000", "2015-12-31": 150, "2015-09-30": 231, "2015-06-30": 377, "2015-03-31": "6.00000", "2014-12-31": -230, "2014-09-30": 142, "2014-06-30": 288, "2014-03-31": "-37.00000", "2013-12-31": -157, "2013-09-30": 761, "2013-06-30": 22, "2013-03-31": "209.00000", "2012-12-31": -151, "2012-09-30": 99, "2012-06-30": -113, "2012-03-31": "150.00000", "2011-12-31": -1155, "2011-09-30": -299, "2011-06-30": 62, "2011-03-31": "-17.00000", "2010-12-31": -983, "2010-09-30": -241, "2010-06-30": -723, "2010-03-31": "-373.00000", "2009-12-31": 50, "2009-09-30": 831, "2009-06-30": 1511, "2009-03-31": "1622.00000", "2008-12-31": 131, "2008-09-30": 461, "2008-06-30": -682, "2008-03-31": "-455.00000", "2007-12-31": 49, "2007-09-30": -77, "2007-06-30": 188, "2007-03-31": "739.00000", "2006-12-31": 17, "2006-09-30": 597, "2006-06-30": -299, "2006-03-31": "-463.00000", "2005-12-31": -449, "2005-09-30": 221, "2005-06-30": -514, "2005-03-31": "-228.00000"}, "Change In Inventories": {"2020-12-31": 105, "2020-09-30": 6, "2020-06-30": 396, "2020-03-31": "-541.00000", "2019-12-31": 950, "2019-09-30": -189, "2019-06-30": 326, "2019-03-31": "-813.00000", "2018-12-31": 243, "2018-09-30": -614, "2018-06-30": -405, "2018-03-31": "-803.00000", "2017-12-31": 194, "2017-09-30": -801, "2017-06-30": -244, "2017-03-31": "-444.00000", "2016-12-31": 778, "2016-09-30": 26, "2016-06-30": 379, "2016-03-31": "-74.00000", "2015-12-31": 1434, "2015-09-30": 508, "2015-06-30": 421, "2015-03-31": "-89.00000", "2014-12-31": 960, "2014-09-30": -420, "2014-06-30": -169, "2014-03-31": "-270.00000", "2013-12-31": 747, "2013-09-30": 547, "2013-06-30": 1056, "2013-03-31": "308.00000", "2012-12-31": 1969, "2012-09-30": -179, "2012-06-30": -901, "2012-03-31": "-2038.00000", "2011-12-31": -211, "2011-09-30": -866, "2011-06-30": -665, "2011-03-31": "-1185.00000", "2010-12-31": -581, "2010-09-30": -1066, "2010-06-30": -376, "2010-03-31": "-644.00000", "2009-12-31": 516, "2009-09-30": 354, "2009-06-30": 867, "2009-03-31": "764.00000", "2008-12-31": 547, "2008-09-30": -371, "2008-06-30": -145, "2008-03-31": "-864.00000", "2007-12-31": -30, "2007-09-30": -24, "2007-06-30": 43, "2007-03-31": "-734.00000", "2006-12-31": 75, "2006-09-30": -147, "2006-06-30": -137, "2006-03-31": "-618.00000", "2005-12-31": 226, "2005-09-30": -120, "2005-06-30": -119, "2005-03-31": "-555.00000"}, "Change In Accounts Payable": {"2020-12-31": 694, "2020-09-30": 59, "2020-06-30": -745, "2020-03-31": "90.00000", "2019-12-31": -356, "2019-09-30": -803, "2019-06-30": -221, "2019-03-31": "355.00000", "2018-12-31": 213, "2018-09-30": -49, "2018-06-30": 59, "2018-03-31": "486.00000", "2017-12-31": 107, "2017-09-30": 258, "2017-06-30": 381, "2017-03-31": "732.00000", "2016-12-31": -37, "2016-09-30": -371, "2016-06-30": -3, "2016-03-31": "211.00000", "2015-12-31": -272, "2015-09-30": -567, "2015-06-30": -554, "2015-03-31": "228.00000", "2014-12-31": -296, "2014-09-30": 80, "2014-06-30": 35, "2014-03-31": "403.00000", "2013-12-31": -23, "2013-09-30": -148, "2013-06-30": 187, "2013-03-31": "118.00000", "2012-12-31": -1534, "2012-09-30": -633, "2012-06-30": -218, "2012-03-31": "517.00000", "2011-12-31": 247, "2011-09-30": 252, "2011-06-30": 692, "2011-03-31": "364.00000", "2010-12-31": 604, "2010-09-30": 647, "2010-06-30": 621, "2010-03-31": "698.00000", "2009-12-31": 474, "2009-09-30": -171, "2009-06-30": -775, "2009-03-31": "-1406.00000", "2008-12-31": -129, "2008-09-30": 0, "2008-06-30": 0, "2008-03-31": "", "2007-12-31": 387, "2007-09-30": 0, "2007-06-30": 0, "2007-03-31": "", "2006-12-31": 0, "2006-09-30": 0, "2006-06-30": 0, "2006-03-31": "", "2005-12-31": 0, "2005-09-30": 0, "2005-06-30": 0, "2005-03-31": ""}, "Change In Assets/Liabilities": {"2020-12-31": -500, "2020-09-30": -276, "2020-06-30": -131, "2020-03-31": "-107.00000", "2019-12-31": -361, "2019-09-30": -1263, "2019-06-30": -318, "2019-03-31": "177.00000", "2018-12-31": -709, "2018-09-30": -881, "2018-06-30": -63, "2018-03-31": "126.00000", "2017-12-31": -436, "2017-09-30": -284, "2017-06-30": 223, "2017-03-31": "-91.00000", "2016-12-31": 271, "2016-09-30": -217, "2016-06-30": -104, "2016-03-31": "-123.00000", "2015-12-31": -304, "2015-09-30": -310, "2015-06-30": -70, "2015-03-31": "204.00000", "2014-12-31": -978, "2014-09-30": 30, "2014-06-30": -248, "2014-03-31": "105.00000", "2013-12-31": -262, "2013-09-30": 6, "2013-06-30": -114, "2013-03-31": "-51.00000", "2012-12-31": -664, "2012-09-30": -317, "2012-06-30": 174, "2012-03-31": "463.00000", "2011-12-31": -60, "2011-09-30": 560, "2011-06-30": 128, "2011-03-31": "271.00000", "2010-12-31": 985, "2010-09-30": -171, "2010-06-30": 23, "2010-03-31": "102.00000", "2009-12-31": 476, "2009-09-30": -271, "2009-06-30": -437, "2009-03-31": "-167.00000", "2008-12-31": -668, "2008-09-30": 267, "2008-06-30": -194, "2008-03-31": "40.00000", "2007-12-31": 524, "2007-09-30": 624, "2007-06-30": 242, "2007-03-31": "256.00000", "2006-12-31": 447, "2006-09-30": 21, "2006-06-30": 178, "2006-03-31": "122.00000", "2005-12-31": -292, "2005-09-30": -104, "2005-06-30": 223, "2005-03-31": "-19.00000"}, "Total Change In Assets/Liabilities": {"2020-12-31": 191, "2020-09-30": 154, "2020-06-30": 114, "2020-03-31": "-877.00000", "2019-12-31": 136, "2019-09-30": -1578, "2019-06-30": -7, "2019-03-31": "-1481.00000", "2018-12-31": -758, "2018-09-30": -1217, "2018-06-30": -541, "2018-03-31": "-1561.00000", "2017-12-31": -552, "2017-09-30": -649, "2017-06-30": 671, "2017-03-31": "336.00000", "2016-12-31": 684, "2016-09-30": -145, "2016-06-30": 908, "2016-03-31": "-791.00000", "2015-12-31": 1149, "2015-09-30": 5, "2015-06-30": 294, "2015-03-31": "-643.00000", "2014-12-31": -257, "2014-09-30": 146, "2014-06-30": 321, "2014-03-31": "76.00000", "2013-12-31": 645, "2013-09-30": 1148, "2013-06-30": 1305, "2013-03-31": "-279.00000", "2012-12-31": -133, "2012-09-30": -974, "2012-06-30": -694, "2012-03-31": "-1939.00000", "2011-12-31": -714, "2011-09-30": 188, "2011-06-30": 571, "2011-03-31": "-1053.00000", "2010-12-31": 335, "2010-09-30": -499, "2010-06-30": -182, "2010-03-31": "-168.00000", "2009-12-31": 997, "2009-09-30": 759, "2009-06-30": 951, "2009-03-31": "492.00000", "2008-12-31": -95, "2008-09-30": 124, "2008-06-30": -461, "2008-03-31": "-816.00000", "2007-12-31": 893, "2007-09-30": 777, "2007-06-30": 628, "2007-03-31": "120.00000", "2006-12-31": 882, "2006-09-30": 442, "2006-06-30": -118, "2006-03-31": "-743.00000", "2005-12-31": -296, "2005-09-30": 74, "2005-06-30": -270, "2005-03-31": "-706.00000"}, "Cash Flow From Operating Activities": {"2020-12-31": 2072, "2020-09-30": 1734, "2020-06-30": 1391, "2020-03-31": "1130.00000", "2019-12-31": 2434, "2019-09-30": 769, "2019-06-30": 2588, "2019-03-31": "1121.00000", "2018-12-31": 2083, "2018-09-30": 1392, "2018-06-30": 2148, "2018-03-31": "935.00000", "2017-12-31": 541, "2017-09-30": 1241, "2017-06-30": 2382, "2017-03-31": "1542.00000", "2016-12-31": 1664, "2016-09-30": 1171, "2016-06-30": 2314, "2016-03-31": "490.00000", "2015-12-31": 1835, "2015-09-30": 1506, "2015-06-30": 2088, "2015-03-31": "1270.00000", "2014-12-31": 1871, "2014-09-30": 2052, "2014-06-30": 2237, "2014-03-31": "1897.00000", "2013-12-31": 2580, "2013-09-30": 3018, "2013-06-30": 3169, "2013-03-31": "1424.00000", "2012-12-31": 1966, "2012-09-30": 1240, "2012-06-30": 1663, "2012-03-31": "315.00000", "2011-12-31": 1442, "2011-09-30": 2221, "2011-06-30": 2529, "2011-03-31": "765.00000", "2010-12-31": 2062, "2010-09-30": 1036, "2010-06-30": 1195, "2010-03-31": "716.00000", "2009-12-31": 1981, "2009-09-30": 1715, "2009-06-30": 1908, "2009-03-31": "895.00000", "2008-12-31": 1392, "2008-09-30": 1375, "2008-06-30": 1199, "2008-03-31": "706.00000", "2007-12-31": 2525, "2007-09-30": 2194, "2007-06-30": 1887, "2007-03-31": "1349.00000", "2006-12-31": 2233, "2006-09-30": 1645, "2006-06-30": 1414, "2006-03-31": "507.00000", "2005-12-31": 983, "2005-09-30": 1134, "2005-06-30": 817, "2005-03-31": "179.00000"}, "Net Change In Property, Plant, And Equipment": {"2020-12-31": -402, "2020-09-30": -325, "2020-06-30": -284, "2020-03-31": "-332.00000", "2019-12-31": -472, "2019-09-30": -241, "2019-06-30": -465, "2019-03-31": "-338.00000", "2018-12-31": -583, "2018-09-30": -408, "2018-06-30": -490, "2018-03-31": "-499.00000", "2017-12-31": -399, "2017-09-30": -212, "2017-06-30": -286, "2017-03-31": "-275.00000", "2016-12-31": -401, "2016-09-30": -406, "2016-06-30": -655, "2016-03-31": "-567.00000", "2015-12-31": -777, "2015-09-30": -620, "2015-06-30": -445, "2015-03-31": "-659.00000", "2014-12-31": -774, "2014-09-30": -608, "2014-06-30": -538, "2014-03-31": "-555.00000", "2013-12-31": -1032, "2013-09-30": -731, "2013-06-30": -783, "2013-03-31": "-1056.00000", "2012-12-31": -1273, "2012-09-30": -934, "2012-06-30": -868, "2012-03-31": "-884.00000", "2011-12-31": -993, "2011-09-30": -694, "2011-06-30": -425, "2011-03-31": "-458.00000", "2010-12-31": -553, "2010-09-30": -295, "2010-06-30": -84, "2010-03-31": "-185.00000", "2009-12-31": -531, "2009-09-30": -269, "2009-06-30": -193, "2009-03-31": "-237.00000", "2008-12-31": -1214, "2008-09-30": -626, "2008-06-30": -541, "2008-03-31": "-523.00000", "2007-12-31": -994, "2007-09-30": -643, "2007-06-30": -597, "2007-03-31": "-398.00000", "2006-12-31": -840, "2006-09-30": -498, "2006-06-30": -488, "2006-03-31": "-277.00000", "2005-12-31": -551, "2005-09-30": -521, "2005-06-30": -434, "2005-03-31": "-272.00000"}, "Net Change In Intangible Assets": {"2020-12-31": 0, "2020-09-30": 0, "2020-06-30": 0, "2020-03-31": "", "2019-12-31": 0, "2019-09-30": 0, "2019-06-30": 0, "2019-03-31": "", "2018-12-31": 0, "2018-09-30": 0, "2018-06-30": 0, "2018-03-31": "", "2017-12-31": 0, "2017-09-30": 0, "2017-06-30": 0, "2017-03-31": "", "2016-12-31": 0, "2016-09-30": 0, "2016-06-30": 0, "2016-03-31": "", "2015-12-31": 0, "2015-09-30": 0, "2015-06-30": 0, "2015-03-31": "", "2014-12-31": 0, "2014-09-30": 0, "2014-06-30": 0, "2014-03-31": "", "2013-12-31": 0, "2013-09-30": 0, "2013-06-30": 0, "2013-03-31": "", "2012-12-31": 0, "2012-09-30": 0, "2012-06-30": 0, "2012-03-31": "", "2011-12-31": 0, "2011-09-30": 0, "2011-06-30": 0, "2011-03-31": "", "2010-12-31": 0, "2010-09-30": 0, "2010-06-30": 0, "2010-03-31": "", "2009-12-31": 0, "2009-09-30": 0, "2009-06-30": 0, "2009-03-31": "", "2008-12-31": 0, "2008-09-30": 0, "2008-06-30": 0, "2008-03-31": "", "2007-12-31": 0, "2007-09-30": 0, "2007-06-30": 0, "2007-03-31": "", "2006-12-31": 0, "2006-09-30": 0, "2006-06-30": 0, "2006-03-31": "", "2005-12-31": 0, "2005-09-30": 0, "2005-06-30": 0, "2005-03-31": ""}, "Net Acquisitions/Divestitures": {"2020-12-31": 12, "2020-09-30": 0, "2020-06-30": 13, "2020-03-31": "", "2019-12-31": 38, "2019-09-30": 3, "2019-06-30": 0, "2019-03-31": "", "2018-12-31": 2, "2018-09-30": 2, "2018-06-30": 0, "2018-03-31": "12.00000", "2017-12-31": 7, "2017-09-30": 2, "2017-06-30": 91, "2017-03-31": "", "2016-12-31": 0, "2016-09-30": 0, "2016-06-30": 0, "2016-03-31": "", "2015-12-31": 4, "2015-09-30": 6, "2015-06-30": 1, "2015-03-31": "167.00000", "2014-12-31": 3, "2014-09-30": 57, "2014-06-30": 126, "2014-03-31": "13.00000", "2013-12-31": 197, "2013-09-30": 68, "2013-06-30": 2, "2013-03-31": "98.00000", "2012-12-31": 190, "2012-09-30": 701, "2012-06-30": 308, "2012-03-31": "", "2011-12-31": 355, "2011-09-30": 0, "2011-06-30": 0, "2011-03-31": "21.00000", "2010-12-31": 0, "2010-09-30": 0, "2010-06-30": 0, "2010-03-31": "", "2009-12-31": 0, "2009-09-30": 0, "2009-06-30": 0, "2009-03-31": "", "2008-12-31": 0, "2008-09-30": 0, "2008-06-30": 0, "2008-03-31": "", "2007-12-31": 0, "2007-09-30": 0, "2007-06-30": 0, "2007-03-31": "", "2006-12-31": 0, "2006-09-30": 0, "2006-06-30": 0, "2006-03-31": "", "2005-12-31": 0, "2005-09-30": 0, "2005-06-30": 0, "2005-03-31": ""}, "Net Change In Short-term Investments": {"2020-12-31": -112, "2020-09-30": 295, "2020-06-30": -111, "2020-03-31": "231.00000", "2019-12-31": -233, "2019-09-30": 34, "2019-06-30": -407, "2019-03-31": "247.00000", "2018-12-31": -161, "2018-09-30": -30, "2018-06-30": -733, "2018-03-31": "119.00000", "2017-12-31": -192, "2017-09-30": 57, "2017-06-30": 160, "2017-03-31": "167.00000", "2016-12-31": 45, "2016-09-30": 247, "2016-06-30": -178, "2016-03-31": "43.00000", "2015-12-31": -397, "2015-09-30": -123, "2015-06-30": -188, "2015-03-31": "162.00000", "2014-12-31": -214, "2014-09-30": -109, "2014-06-30": -538, "2014-03-31": "-399.00000", "2013-12-31": -196, "2013-09-30": -532, "2013-06-30": -477, "2013-03-31": "-430.00000", "2012-12-31": -724, "2012-09-30": -600, "2012-06-30": -943, "2012-03-31": "-616.00000", "2011-12-31": -438, "2011-09-30": -273, "2011-06-30": -196, "2011-03-31": "-13.00000", "2010-12-31": 189, "2010-09-30": 167, "2010-06-30": -52, "2010-03-31": "201.00000", "2009-12-31": 124, "2009-09-30": 745, "2009-06-30": 724, "2009-03-31": "688.00000", "2008-12-31": -309, "2008-09-30": -1401, "2008-06-30": -940, "2008-03-31": "-715.00000", "2007-12-31": -1006, "2007-09-30": -50, "2007-06-30": -885, "2007-03-31": "-154.00000", "2006-12-31": -752, "2006-09-30": -554, "2006-06-30": 54, "2006-03-31": "-109.00000", "2005-12-31": -872, "2005-09-30": -649, "2005-06-30": -212, "2005-03-31": "-644.00000"}, "Net Change In Long-Term Investments": {"2020-12-31": -38, "2020-09-30": -99, "2020-06-30": -120, "2020-03-31": "-147.00000", "2019-12-31": 80, "2019-09-30": -74, "2019-06-30": -24, "2019-03-31": "-52.00000", "2018-12-31": -45, "2018-09-30": 87, "2018-06-30": -50, "2018-03-31": "-448.00000", "2017-12-31": 35, "2017-09-30": -169, "2017-06-30": -47, "2017-03-31": "6.00000", "2016-12-31": 219, "2016-09-30": -21, "2016-06-30": -61, "2016-03-31": "-25.00000", "2015-12-31": -336, "2015-09-30": -144, "2015-06-30": -38, "2015-03-31": "-16.00000", "2014-12-31": 395, "2014-09-30": 26, "2014-06-30": -471, "2014-03-31": "5.00000", "2013-12-31": 60, "2013-09-30": -122, "2013-06-30": -61, "2013-03-31": "-25.00000", "2012-12-31": -116, "2012-09-30": -59, "2012-06-30": -465, "2012-03-31": "-74.00000", "2011-12-31": -824, "2011-09-30": -7372, "2011-06-30": -63, "2011-03-31": "-14.00000", "2010-12-31": -16, "2010-09-30": -938, "2010-06-30": -57, "2010-03-31": "-104.00000", "2009-12-31": 12, "2009-09-30": -8, "2009-06-30": -110, "2009-03-31": "29.00000", "2008-12-31": 18, "2008-09-30": 51, "2008-06-30": -93, "2008-03-31": "-75.00000", "2007-12-31": 78, "2007-09-30": 52, "2007-06-30": -57, "2007-03-31": "-215.00000", "2006-12-31": -41, "2006-09-30": -118, "2006-06-30": -450, "2006-03-31": "-46.00000", "2005-12-31": 513, "2005-09-30": -12, "2005-06-30": 5, "2005-03-31": "-70.00000"}, "Net Change In Investments - Total": {"2020-12-31": -150, "2020-09-30": 196, "2020-06-30": -231, "2020-03-31": "84.00000", "2019-12-31": -153, "2019-09-30": -40, "2019-06-30": -431, "2019-03-31": "195.00000", "2018-12-31": -206, "2018-09-30": 57, "2018-06-30": -783, "2018-03-31": "-329.00000", "2017-12-31": -157, "2017-09-30": -112, "2017-06-30": 113, "2017-03-31": "173.00000", "2016-12-31": 264, "2016-09-30": 226, "2016-06-30": -239, "2016-03-31": "18.00000", "2015-12-31": -733, "2015-09-30": -267, "2015-06-30": -226, "2015-03-31": "146.00000", "2014-12-31": 181, "2014-09-30": -83, "2014-06-30": -1009, "2014-03-31": "-394.00000", "2013-12-31": -136, "2013-09-30": -654, "2013-06-30": -538, "2013-03-31": "-455.00000", "2012-12-31": -840, "2012-09-30": -659, "2012-06-30": -1408, "2012-03-31": "-690.00000", "2011-12-31": -1262, "2011-09-30": -7645, "2011-06-30": -259, "2011-03-31": "-27.00000", "2010-12-31": 173, "2010-09-30": -771, "2010-06-30": -109, "2010-03-31": "97.00000", "2009-12-31": 136, "2009-09-30": 737, "2009-06-30": 614, "2009-03-31": "717.00000", "2008-12-31": -291, "2008-09-30": -1350, "2008-06-30": -1033, "2008-03-31": "-790.00000", "2007-12-31": -928, "2007-09-30": 2, "2007-06-30": -942, "2007-03-31": "-369.00000", "2006-12-31": -793, "2006-09-30": -672, "2006-06-30": -396, "2006-03-31": "-155.00000", "2005-12-31": -359, "2005-09-30": -661, "2005-06-30": -207, "2005-03-31": "-714.00000"}, "Investing Activities - Other": {"2020-12-31": 14, "2020-09-30": -87, "2020-06-30": -28, "2020-03-31": "35.00000", "2019-12-31": 13, "2019-09-30": 3, "2019-06-30": -2, "2019-03-31": "-38.00000", "2018-12-31": -11, "2018-09-30": 3, "2018-06-30": 5, "2018-03-31": "16.00000", "2017-12-31": 16, "2017-09-30": 48, "2017-06-30": 16, "2017-03-31": "9.00000", "2016-12-31": -25, "2016-09-30": 19, "2016-06-30": 9, "2016-03-31": "-23.00000", "2015-12-31": -38, "2015-09-30": -1, "2015-06-30": -37, "2015-03-31": "-38.00000", "2014-12-31": -34, "2014-09-30": 13, "2014-06-30": -13, "2014-03-31": "-12.00000", "2013-12-31": 3, "2013-09-30": 39, "2013-06-30": -22, "2013-03-31": "-46.00000", "2012-12-31": 85, "2012-09-30": 44, "2012-06-30": 0, "2012-03-31": "38.00000", "2011-12-31": -77, "2011-09-30": 75, "2011-06-30": -68, "2011-03-31": "30.00000", "2010-12-31": 2, "2010-09-30": 124, "2010-06-30": -27, "2010-03-31": "33.00000", "2009-12-31": -39, "2009-09-30": -36, "2009-06-30": -76, "2009-03-31": "23.00000", "2008-12-31": 81, "2008-09-30": 60, "2008-06-30": -136, "2008-03-31": "192.00000", "2007-12-31": 125, "2007-09-30": 51, "2007-06-30": 145, "2007-03-31": "140.00000", "2006-12-31": 122, "2006-09-30": 34, "2006-06-30": 50, "2006-03-31": "117.00000", "2005-12-31": 49, "2005-09-30": 37, "2005-06-30": 65, "2005-03-31": "43.00000"}, "Cash Flow From Investing Activities": {"2020-12-31": -526, "2020-09-30": -216, "2020-06-30": -530, "2020-03-31": "-213.00000", "2019-12-31": -574, "2019-09-30": -275, "2019-06-30": -898, "2019-03-31": "-181.00000", "2018-12-31": -798, "2018-09-30": -346, "2018-06-30": -1268, "2018-03-31": "-800.00000", "2017-12-31": -533, "2017-09-30": -274, "2017-06-30": -66, "2017-03-31": "-93.00000", "2016-12-31": -162, "2016-09-30": -161, "2016-06-30": -885, "2016-03-31": "-572.00000", "2015-12-31": -1544, "2015-09-30": -882, "2015-06-30": -707, "2015-03-31": "-384.00000", "2014-12-31": -624, "2014-09-30": -621, "2014-06-30": -1434, "2014-03-31": "-948.00000", "2013-12-31": -968, "2013-09-30": -1278, "2013-06-30": -1341, "2013-03-31": "-1459.00000", "2012-12-31": -1838, "2012-09-30": -848, "2012-06-30": -1968, "2012-03-31": "-1536.00000", "2011-12-31": -1977, "2011-09-30": -8264, "2011-06-30": -752, "2011-03-31": "-434.00000", "2010-12-31": -378, "2010-09-30": -942, "2010-06-30": -220, "2010-03-31": "-55.00000", "2009-12-31": -434, "2009-09-30": 432, "2009-06-30": 345, "2009-03-31": "503.00000", "2008-12-31": -1424, "2008-09-30": -1916, "2008-06-30": -1710, "2008-03-31": "-1121.00000", "2007-12-31": -1797, "2007-09-30": -590, "2007-06-30": -1394, "2007-03-31": "-627.00000", "2006-12-31": -1511, "2006-09-30": -1136, "2006-06-30": -834, "2006-03-31": "-315.00000", "2005-12-31": -861, "2005-09-30": -1145, "2005-06-30": -576, "2005-03-31": "-943.00000"}, "Net Long-Term Debt": {"2020-12-31": -435, "2020-09-30": 1099, "2020-06-30": 1855, "2020-03-31": "-325.00000", "2019-12-31": -1221, "2019-09-30": 2326, "2019-06-30": 341, "2019-03-31": "98.00000", "2018-12-31": -353, "2018-09-30": 1560, "2018-06-30": 739, "2018-03-31": "-868.00000", "2017-12-31": -435, "2017-09-30": 470, "2017-06-30": -97, "2017-03-31": "737.00000", "2016-12-31": -281, "2016-09-30": -682, "2016-06-30": 5, "2016-03-31": "-495.00000", "2015-12-31": -470, "2015-09-30": -292, "2015-06-30": -1608, "2015-03-31": "-790.00000", "2014-12-31": 191, "2014-09-30": 603, "2014-06-30": 1237, "2014-03-31": "-630.00000", "2013-12-31": 229, "2013-09-30": -654, "2013-06-30": -1234, "2013-03-31": "117.00000", "2012-12-31": 63, "2012-09-30": 891, "2012-06-30": 3725, "2012-03-31": "289.00000", "2011-12-31": -50, "2011-09-30": -240, "2011-06-30": 5674, "2011-03-31": "-470.00000", "2010-12-31": -849, "2010-09-30": -1068, "2010-06-30": -202, "2010-03-31": "-2018.00000", "2009-12-31": -449, "2009-09-30": -1406, "2009-06-30": -38, "2009-03-31": "1497.00000", "2008-12-31": 359, "2008-09-30": 504, "2008-06-30": 2228, "2008-03-31": "400.00000", "2007-12-31": 568, "2007-09-30": -223, "2007-06-30": 959, "2007-03-31": "-1153.00000", "2006-12-31": 782, "2006-09-30": 674, "2006-06-30": 184, "2006-03-31": "-746.00000", "2005-12-31": 777, "2005-09-30": 56, "2005-06-30": 1153, "2005-03-31": "968.00000"}, "Net Current Debt": {"2020-12-31": -666, "2020-09-30": -1661, "2020-06-30": -437, "2020-03-31": "-40.00000", "2019-12-31": 868, "2019-09-30": -570, "2019-06-30": 86, "2019-03-31": "-522.00000", "2018-12-31": 1227, "2018-09-30": -1952, "2018-06-30": 336, "2018-03-31": "1151.00000", "2017-12-31": -655, "2017-09-30": -1898, "2017-06-30": -1123, "2017-03-31": "618.00000", "2016-12-31": 251, "2016-09-30": -502, "2016-06-30": -95, "2016-03-31": "486.00000", "2015-12-31": 1100, "2015-09-30": -50, "2015-06-30": 1022, "2015-03-31": "950.00000", "2014-12-31": 252, "2014-09-30": -958, "2014-06-30": 805, "2014-03-31": "944.00000", "2013-12-31": -1805, "2013-09-30": 519, "2013-06-30": 830, "2013-03-31": "387.00000", "2012-12-31": 300, "2012-09-30": -387, "2012-06-30": -303, "2012-03-31": "856.00000", "2011-12-31": 729, "2011-09-30": -802, "2011-06-30": -1424, "2011-03-31": "1460.00000", "2010-12-31": 621, "2010-09-30": -194, "2010-06-30": -467, "2010-03-31": "331.00000", "2009-12-31": -198, "2009-09-30": -321, "2009-06-30": -1586, "2009-03-31": "-1779.00000", "2008-12-31": 428, "2008-09-30": 2039, "2008-06-30": -947, "2008-03-31": "516.00000", "2007-12-31": 21, "2007-09-30": -460, "2007-06-30": -1021, "2007-03-31": "1107.00000", "2006-12-31": -1041, "2006-09-30": -659, "2006-06-30": 758, "2006-03-31": "806.00000", "2005-12-31": 77, "2005-09-30": 409, "2005-06-30": -650, "2005-03-31": "183.00000"}, "Debt Issuance/Retirement Net - Total": {"2020-12-31": -1101, "2020-09-30": -562, "2020-06-30": 1418, "2020-03-31": "-365.00000", "2019-12-31": -353, "2019-09-30": 1756, "2019-06-30": 427, "2019-03-31": "-424.00000", "2018-12-31": 874, "2018-09-30": -392, "2018-06-30": 1075, "2018-03-31": "283.00000", "2017-12-31": -1090, "2017-09-30": -1428, "2017-06-30": -1220, "2017-03-31": "1355.00000", "2016-12-31": -30, "2016-09-30": -1184, "2016-06-30": -90, "2016-03-31": "-9.00000", "2015-12-31": 630, "2015-09-30": -342, "2015-06-30": -586, "2015-03-31": "160.00000", "2014-12-31": 443, "2014-09-30": -355, "2014-06-30": 2042, "2014-03-31": "314.00000", "2013-12-31": -1576, "2013-09-30": -135, "2013-06-30": -404, "2013-03-31": "504.00000", "2012-12-31": 363, "2012-09-30": 504, "2012-06-30": 3422, "2012-03-31": "1145.00000", "2011-12-31": 679, "2011-09-30": -1042, "2011-06-30": 4250, "2011-03-31": "990.00000", "2010-12-31": -228, "2010-09-30": -1262, "2010-06-30": -669, "2010-03-31": "-1687.00000", "2009-12-31": -647, "2009-09-30": -1727, "2009-06-30": -1624, "2009-03-31": "-282.00000", "2008-12-31": 787, "2008-09-30": 2543, "2008-06-30": 1281, "2008-03-31": "916.00000", "2007-12-31": 589, "2007-09-30": -683, "2007-06-30": -62, "2007-03-31": "-46.00000", "2006-12-31": -259, "2006-09-30": 15, "2006-06-30": 942, "2006-03-31": "60.00000", "2005-12-31": 854, "2005-09-30": 465, "2005-06-30": 503, "2005-03-31": "1151.00000"}, "Net Common Equity Issued/Repurchased": {"2020-12-31": 119, "2020-09-30": 120, "2020-06-30": -74, "2020-03-31": "-1066.00000", "2019-12-31": -585, "2019-09-30": -1158, "2019-06-30": -1310, "2019-03-31": "-756.00000", "2018-12-31": -1777, "2018-09-30": -714, "2018-06-30": -643, "2018-03-31": "-351.00000", "2017-12-31": 213, "2017-09-30": 270, "2017-06-30": 102, "2017-03-31": "-19.00000", "2016-12-31": 31, "2016-09-30": -7, "2016-06-30": -2, "2016-03-31": "-45.00000", "2015-12-31": -1, "2015-09-30": -1499, "2015-06-30": -124, "2015-03-31": "-368.00000", "2014-12-31": 21, "2014-09-30": -2476, "2014-06-30": 102, "2014-03-31": "-1646.00000", "2013-12-31": 51, "2013-09-30": -979, "2013-06-30": -952, "2013-03-31": "8.00000", "2012-12-31": 11, "2012-09-30": 16, "2012-06-30": 18, "2012-03-31": "7.00000", "2011-12-31": 13, "2011-09-30": 14, "2011-06-30": 38, "2011-03-31": "58.00000", "2010-12-31": 103, "2010-09-30": 109, "2010-06-30": 58, "2010-03-31": "26.00000", "2009-12-31": 39, "2009-09-30": 19, "2009-06-30": 31, "2009-03-31": "", "2008-12-31": -77, "2008-09-30": -342, "2008-06-30": -581, "2008-03-31": "-665.00000", "2007-12-31": -903, "2007-09-30": -380, "2007-06-30": -356, "2007-03-31": "-438.00000", "2006-12-31": -319, "2006-09-30": -413, "2006-06-30": -1577, "2006-03-31": "-485.00000", "2005-12-31": -575, "2005-09-30": -66, "2005-06-30": -358, "2005-03-31": "-203.00000"}, "Net Total Equity Issued/Repurchased": {"2020-12-31": 119, "2020-09-30": 120, "2020-06-30": -74, "2020-03-31": "-1066.00000", "2019-12-31": -585, "2019-09-30": -1158, "2019-06-30": -1310, "2019-03-31": "-756.00000", "2018-12-31": -1777, "2018-09-30": -714, "2018-06-30": -643, "2018-03-31": "-351.00000", "2017-12-31": 213, "2017-09-30": 270, "2017-06-30": 102, "2017-03-31": "-19.00000", "2016-12-31": 31, "2016-09-30": -7, "2016-06-30": -2, "2016-03-31": "-45.00000", "2015-12-31": -1, "2015-09-30": -1499, "2015-06-30": -124, "2015-03-31": "-368.00000", "2014-12-31": 21, "2014-09-30": -2476, "2014-06-30": 102, "2014-03-31": "-1646.00000", "2013-12-31": 51, "2013-09-30": -979, "2013-06-30": -952, "2013-03-31": "8.00000", "2012-12-31": 11, "2012-09-30": 16, "2012-06-30": 18, "2012-03-31": "7.00000", "2011-12-31": 13, "2011-09-30": 14, "2011-06-30": 38, "2011-03-31": "58.00000", "2010-12-31": 103, "2010-09-30": 109, "2010-06-30": 58, "2010-03-31": "26.00000", "2009-12-31": 39, "2009-09-30": 19, "2009-06-30": 31, "2009-03-31": "", "2008-12-31": -77, "2008-09-30": -342, "2008-06-30": -581, "2008-03-31": "-665.00000", "2007-12-31": -903, "2007-09-30": -380, "2007-06-30": -356, "2007-03-31": "-438.00000", "2006-12-31": -319, "2006-09-30": -413, "2006-06-30": -1577, "2006-03-31": "-485.00000", "2005-12-31": -575, "2005-09-30": -66, "2005-06-30": -358, "2005-03-31": "-203.00000"}, "Total Common And Preferred Stock Dividends Paid": {"2020-12-31": -560, "2020-09-30": -558, "2020-06-30": -558, "2020-03-31": "-567.00000", "2019-12-31": -568, "2019-09-30": -578, "2019-06-30": -492, "2019-03-31": "-494.00000", "2018-12-31": -507, "2018-09-30": -511, "2018-06-30": -466, "2018-03-31": "-467.00000", "2017-12-31": -464, "2017-09-30": -461, "2017-06-30": -454, "2017-03-31": "-452.00000", "2016-12-31": -451, "2016-09-30": -450, "2016-06-30": -450, "2016-03-31": "-448.00000", "2015-12-31": -448, "2015-09-30": -463, "2015-06-30": -422, "2015-03-31": "-424.00000", "2014-12-31": -423, "2014-09-30": -440, "2014-06-30": -374, "2014-03-31": "-383.00000", "2013-12-31": -381, "2013-09-30": -388, "2013-06-30": -342, "2013-03-31": "", "2012-12-31": -680, "2012-09-30": -339, "2012-06-30": -300, "2012-03-31": "-298.00000", "2011-12-31": -297, "2011-09-30": -297, "2011-06-30": -284, "2011-03-31": "-281.00000", "2010-12-31": -280, "2010-09-30": -277, "2010-06-30": -265, "2010-03-31": "-262.00000", "2009-12-31": -263, "2009-09-30": -261, "2009-06-30": -252, "2009-03-31": "-253.00000", "2008-12-31": -253, "2008-09-30": -256, "2008-06-30": -221, "2008-03-31": "-223.00000", "2007-12-31": -228, "2007-09-30": -231, "2007-06-30": -193, "2007-03-31": "-193.00000", "2006-12-31": -195, "2006-09-30": -196, "2006-06-30": -167, "2006-03-31": "-168.00000", "2005-12-31": -169, "2005-09-30": -169, "2005-06-30": -139, "2005-03-31": "-141.00000"}, "Financial Activities - Other": {"2020-12-31": 0, "2020-09-30": 0, "2020-06-30": 0, "2020-03-31": "-1.00000", "2019-12-31": -1, "2019-09-30": 0, "2019-06-30": -1, "2019-03-31": "-1.00000", "2018-12-31": -22, "2018-09-30": -28, "2018-06-30": -1, "2018-03-31": "-3.00000", "2017-12-31": -2, "2017-09-30": -1, "2017-06-30": 0, "2017-03-31": "-6.00000", "2016-12-31": 0, "2016-09-30": -8, "2016-06-30": 1, "2016-03-31": "-1.00000", "2015-12-31": -20, "2015-09-30": 2, "2015-06-30": 1, "2015-03-31": "10.00000", "2014-12-31": 22, "2014-09-30": 31, "2014-06-30": 62, "2014-03-31": "64.00000", "2013-12-31": 23, "2013-09-30": 6, "2013-06-30": 21, "2013-03-31": "33.00000", "2012-12-31": 21, "2012-09-30": 9, "2012-06-30": -430, "2012-03-31": "137.00000", "2011-12-31": 12, "2011-09-30": 9, "2011-06-30": 34, "2011-03-31": "123.00000", "2010-12-31": 64, "2010-09-30": -56, "2010-06-30": 26, "2010-03-31": "-13.00000", "2009-12-31": 3, "2009-09-30": 6, "2009-06-30": -4, "2009-03-31": "", "2008-12-31": 1, "2008-09-30": -8, "2008-06-30": 40, "2008-03-31": "13.00000", "2007-12-31": -8, "2007-09-30": 46, "2007-06-30": 71, "2007-03-31": "26.00000", "2006-12-31": 10, "2006-09-30": 12, "2006-06-30": 46, "2006-03-31": "101.00000", "2005-12-31": 0, "2005-09-30": 0, "2005-06-30": 0, "2005-03-31": ""}, "Cash Flow From Financial Activities": {"2020-12-31": -1542, "2020-09-30": -1000, "2020-06-30": 786, "2020-03-31": "-1999.00000", "2019-12-31": -1507, "2019-09-30": 20, "2019-06-30": -1376, "2019-03-31": "-1675.00000", "2018-12-31": -1432, "2018-09-30": -1645, "2018-06-30": -35, "2018-03-31": "-538.00000", "2017-12-31": -1343, "2017-09-30": -1620, "2017-06-30": -1572, "2017-03-31": "878.00000", "2016-12-31": -450, "2016-09-30": -1649, "2016-06-30": -541, "2016-03-31": "-503.00000", "2015-12-31": 161, "2015-09-30": -2302, "2015-06-30": -1131, "2015-03-31": "-622.00000", "2014-12-31": 63, "2014-09-30": -3240, "2014-06-30": 1832, "2014-03-31": "-1651.00000", "2013-12-31": -1883, "2013-09-30": -1496, "2013-06-30": -1677, "2013-03-31": "545.00000", "2012-12-31": -285, "2012-09-30": 190, "2012-06-30": 2710, "2012-03-31": "991.00000", "2011-12-31": 407, "2011-09-30": -1316, "2011-06-30": 4038, "2011-03-31": "890.00000", "2010-12-31": -341, "2010-09-30": -1486, "2010-06-30": -850, "2010-03-31": "-1936.00000", "2009-12-31": -868, "2009-09-30": -1963, "2009-06-30": -1849, "2009-03-31": "-535.00000", "2008-12-31": 458, "2008-09-30": 1937, "2008-06-30": 519, "2008-03-31": "41.00000", "2007-12-31": -550, "2007-09-30": -1248, "2007-06-30": -540, "2007-03-31": "-651.00000", "2006-12-31": -763, "2006-09-30": -582, "2006-06-30": -756, "2006-03-31": "-492.00000", "2005-12-31": 110, "2005-09-30": 230, "2005-06-30": 6, "2005-03-31": "807.00000"}, "Net Cash Flow": {"2020-12-31": 47, "2020-09-30": 528, "2020-06-30": 1661, "2020-03-31": "-1162.00000", "2019-12-31": 356, "2019-09-30": 477, "2019-06-30": 301, "2019-03-31": "-732.00000", "2018-12-31": -156, "2018-09-30": -648, "2018-06-30": 767, "2018-03-31": "-393.00000", "2017-12-31": -1337, "2017-09-30": -626, "2017-06-30": 748, "2017-03-31": "2336.00000", "2016-12-31": 1035, "2016-09-30": -651, "2016-06-30": 878, "2016-03-31": "-574.00000", "2015-12-31": 414, "2015-09-30": -1775, "2015-06-30": 258, "2015-03-31": "222.00000", "2014-12-31": 1259, "2014-09-30": -1845, "2014-06-30": 2582, "2014-03-31": "-736.00000", "2013-12-31": -276, "2013-09-30": 247, "2013-06-30": 128, "2013-03-31": "492.00000", "2012-12-31": -199, "2012-09-30": 586, "2012-06-30": 2239, "2012-03-31": "-193.00000", "2011-12-31": -172, "2011-09-30": -7486, "2011-06-30": 5846, "2011-03-31": "1277.00000", "2010-12-31": 1327, "2010-09-30": -1332, "2010-06-30": 59, "2010-03-31": "-1329.00000", "2009-12-31": 679, "2009-09-30": 197, "2009-06-30": 425, "2009-03-31": "830.00000", "2008-12-31": 598, "2008-09-30": 1356, "2008-06-30": 5, "2008-03-31": "-345.00000", "2007-12-31": 212, "2007-09-30": 348, "2007-06-30": -45, "2007-03-31": "77.00000", "2006-12-31": -23, "2006-09-30": -95, "2006-06-30": -158, "2006-03-31": "-302.00000", "2005-12-31": 141, "2005-09-30": 218, "2005-06-30": 232, "2005-03-31": "72.00000"}, "Stock-Based Compensation": {"2020-12-31": 0, "2020-09-30": 0, "2020-06-30": 0, "2020-03-31": "", "2019-12-31": 0, "2019-09-30": 0, "2019-06-30": 0, "2019-03-31": "", "2018-12-31": 0, "2018-09-30": 0, "2018-06-30": 0, "2018-03-31": "", "2017-12-31": 0, "2017-09-30": 0, "2017-06-30": 0, "2017-03-31": "", "2016-12-31": 0, "2016-09-30": 0, "2016-06-30": 0, "2016-03-31": "", "2015-12-31": 0, "2015-09-30": 0, "2015-06-30": 0, "2015-03-31": "", "2014-12-31": 0, "2014-09-30": 0, "2014-06-30": 0, "2014-03-31": "", "2013-12-31": 0, "2013-09-30": 0, "2013-06-30": 0, "2013-03-31": "", "2012-12-31": 0, "2012-09-30": 0, "2012-06-30": 0, "2012-03-31": "", "2011-12-31": 0, "2011-09-30": 0, "2011-06-30": 0, "2011-03-31": "", "2010-12-31": 0, "2010-09-30": 0, "2010-06-30": 0, "2010-03-31": "", "2009-12-31": 0, "2009-09-30": 0, "2009-06-30": 0, "2009-03-31": "", "2008-12-31": 0, "2008-09-30": 0, "2008-06-30": 0, "2008-03-31": "", "2007-12-31": 0, "2007-09-30": 0, "2007-06-30": 0, "2007-03-31": "", "2006-12-31": 0, "2006-09-30": 0, "2006-06-30": 0, "2006-03-31": "", "2005-12-31": 0, "2005-09-30": 0, "2005-06-30": 0, "2005-03-31": ""}, "Common Stock Dividends Paid": {"2020-12-31": -560, "2020-09-30": -558, "2020-06-30": -558, "2020-03-31": "-567.00000", "2019-12-31": -568, "2019-09-30": -578, "2019-06-30": -492, "2019-03-31": "-494.00000", "2018-12-31": -507, "2018-09-30": -511, "2018-06-30": -466, "2018-03-31": "-467.00000", "2017-12-31": -464, "2017-09-30": -461, "2017-06-30": -454, "2017-03-31": "-452.00000", "2016-12-31": -451, "2016-09-30": -450, "2016-06-30": -450, "2016-03-31": "-448.00000", "2015-12-31": -448, "2015-09-30": -463, "2015-06-30": -422, "2015-03-31": "-424.00000", "2014-12-31": -423, "2014-09-30": -440, "2014-06-30": -374, "2014-03-31": "-383.00000", "2013-12-31": -381, "2013-09-30": -388, "2013-06-30": -342, "2013-03-31": "0.00000", "2012-12-31": -680, "2012-09-30": -339, "2012-06-30": -300, "2012-03-31": "-298.00000", "2011-12-31": -297, "2011-09-30": -297, "2011-06-30": -284, "2011-03-31": "-281.00000", "2010-12-31": -280, "2010-09-30": -277, "2010-06-30": -265, "2010-03-31": "-262.00000", "2009-12-31": -263, "2009-09-30": -261, "2009-06-30": -252, "2009-03-31": "-253.00000", "2008-12-31": -253, "2008-09-30": -256, "2008-06-30": -221, "2008-03-31": "-223.00000", "2007-12-31": -228, "2007-09-30": -231, "2007-06-30": -193, "2007-03-31": "-193.00000", "2006-12-31": -195, "2006-09-30": -196, "2006-06-30": -167, "2006-03-31": "-168.00000", "2005-12-31": -169, "2005-09-30": -169, "2005-06-30": -139, "2005-03-31": "-141.00000"}}, "financial ratios": {"Current Ratio": {"2019-12-31": "1.47230", "2018-12-31": "1.36800", "2017-12-31": "1.34580", "2016-12-31": "1.22330", "2015-12-31": "1.27690", "2014-12-31": "1.39420", "2013-12-31": "1.40440", "2012-12-31": "1.43250", "2011-12-31": "1.33650", "2010-12-31": "1.44460", "2009-12-31": "1.43440", "2008-12-31": "1.24430", "2007-12-31": "1.14530", "2006-12-31": "1.19380", "2005-12-31": "1.19930"}, "Long-term Debt / Capital": {"2019-12-31": "0.64240", "2018-12-31": "0.63970", "2017-12-31": "0.63400", "2016-12-31": "0.63330", "2015-12-31": "0.62840", "2014-12-31": "0.62280", "2013-12-31": "0.56140", "2012-12-31": "0.61220", "2011-12-31": "0.65860", "2010-12-31": "0.65290", "2009-12-31": "0.71230", "2008-12-31": "0.78670", "2007-12-31": "0.66460", "2006-12-31": "0.72050", "2005-12-31": "0.65030"}, "Debt/Equity Ratio": {"2019-12-31": "2.57410", "2018-12-31": "2.59610", "2017-12-31": "2.53360", "2016-12-31": "2.78380", "2015-12-31": "2.55380", "2014-12-31": "2.33480", "2013-12-31": "1.80810", "2012-12-31": "2.28320", "2011-12-31": "2.67550", "2010-12-31": "2.61580", "2009-12-31": "3.58510", "2008-12-31": "5.74070", "2007-12-31": "3.16020", "2006-12-31": "3.97960", "2005-12-31": "3.05330"}, "Gross Margin": {"2019-12-31": "31.91450", "2018-12-31": "32.39100", "2017-12-31": "31.23930", "2016-12-31": "27.22840", "2015-12-31": "28.64220", "2014-12-31": "26.21410", "2013-12-31": "26.82370", "2012-12-31": "28.56930", "2011-12-31": "27.53670", "2010-12-31": "28.69590", "2009-12-31": "26.26870", "2008-12-31": "25.15200", "2007-12-31": "27.43010", "2006-12-31": "28.82680", "2005-12-31": "26.91600"}, "Operating Margin": {"2019-12-31": "15.40890", "2018-12-31": "15.15480", "2017-12-31": "9.81040", "2016-12-31": "3.01530", "2015-12-31": "8.05130", "2014-12-31": "6.00540", "2013-12-31": "10.11210", "2012-12-31": "13.01400", "2011-12-31": "11.89430", "2010-12-31": "9.30540", "2009-12-31": "1.78110", "2008-12-31": "8.66650", "2007-12-31": "10.94580", "2006-12-31": "11.85300", "2005-12-31": "10.41310"}, "EBIT Margin": {"2019-12-31": "16.81040", "2018-12-31": "16.47420", "2017-12-31": "11.23140", "2016-12-31": "4.56190", "2015-12-31": "9.30000", "2014-12-31": "7.13610", "2013-12-31": "11.41840", "2012-12-31": "14.22390", "2011-12-31": "13.26780", "2010-12-31": "11.45160", "2009-12-31": "5.00680", "2008-12-31": "10.91300", "2007-12-31": "13.46370", "2006-12-31": "14.31700", "2005-12-31": "12.52650"}, "EBITDA Margin": {"2019-12-31": "21.60040", "2018-12-31": "21.52880", "2017-12-31": "17.55970", "2016-12-31": "12.43480", "2015-12-31": "15.77930", "2014-12-31": "12.86790", "2013-12-31": "16.96490", "2012-12-31": "19.37460", "2011-12-31": "17.46980", "2010-12-31": "16.84280", "2009-12-31": "12.21760", "2008-12-31": "14.77090", "2007-12-31": "17.46070", "2006-12-31": "18.17570", "2005-12-31": "16.59100"}, "Pre-Tax Profit Margin": {"2019-12-31": "14.52050", "2018-12-31": "14.29410", "2017-12-31": "8.97890", "2016-12-31": "0.36070", "2015-12-31": "7.31530", "2014-12-31": "5.71180", "2013-12-31": "9.21370", "2012-12-31": "12.50250", "2011-12-31": "11.18260", "2010-12-31": "8.80530", "2009-12-31": "1.75640", "2008-12-31": "8.76980", "2007-12-31": "11.09930", "2006-12-31": "11.70850", "2005-12-31": "10.73500"}, "Net Profit Margin": {"2019-12-31": "11.32530", "2018-12-31": "11.23310", "2017-12-31": "1.65850", "2016-12-31": "-0.17390", "2015-12-31": "5.34340", "2014-12-31": "4.44330", "2013-12-31": "6.80790", "2012-12-31": "8.62390", "2011-12-31": "8.19450", "2010-12-31": "6.33980", "2009-12-31": "2.76270", "2008-12-31": "6.93050", "2007-12-31": "7.87620", "2006-12-31": "8.51940", "2005-12-31": "7.85380"}, "Asset Turnover": {"2019-12-31": "0.68580", "2018-12-31": "0.69700", "2017-12-31": "0.59070", "2016-12-31": "0.51590", "2015-12-31": "0.60010", "2014-12-31": "0.65170", "2013-12-31": "0.65560", "2012-12-31": "0.74040", "2011-12-31": "0.74050", "2010-12-31": "0.66520", "2009-12-31": "0.53960", "2008-12-31": "0.75720", "2007-12-31": "0.80090", "2006-12-31": "0.80700", "2005-12-31": "0.76420"}, "Inventory Turnover Ratio": {"2019-12-31": "3.25140", "2018-12-31": "3.20900", "2017-12-31": "3.12040", "2016-12-31": "3.25560", "2015-12-31": "3.45840", "2014-12-31": "3.33620", "2013-12-31": "3.22590", "2012-12-31": "3.02660", "2011-12-31": "2.99630", "2010-12-31": "3.16750", "2009-12-31": "3.75570", "2008-12-31": "4.37480", "2007-12-31": "4.52890", "2006-12-31": "4.65270", "2005-12-31": "5.08380"}, "Receiveable Turnover": {"2019-12-31": "3.00490", "2018-12-31": "3.13560", "2017-12-31": "2.80750", "2016-12-31": "2.65720", "2015-12-31": "2.99700", "2014-12-31": "3.29180", "2013-12-31": "3.24030", "2012-12-31": "3.54820", "2011-12-31": "3.39280", "2010-12-31": "2.53620", "2009-12-31": "2.32860", "2008-12-31": "2.83120", "2007-12-31": "2.85410", "2006-12-31": "2.69400", "2005-12-31": "2.53270"}, "Days Sales In Receivables": {"2019-12-31": "121.46770", "2018-12-31": "116.40620", "2017-12-31": "130.00850", "2016-12-31": "137.36400", "2015-12-31": "121.78830", "2014-12-31": "110.88110", "2013-12-31": "112.64270", "2012-12-31": "102.87040", "2011-12-31": "107.57970", "2010-12-31": "143.91570", "2009-12-31": "156.74400", "2008-12-31": "128.92060", "2007-12-31": "127.88560", "2006-12-31": "135.48700", "2005-12-31": "144.11570"}, "ROE - Return On Equity": {"2019-12-31": "41.65700", "2018-12-31": "43.66480", "2017-12-31": "5.51360", "2016-12-31": "-0.44650", "2015-12-31": "16.95000", "2014-12-31": "14.66780", "2013-12-31": "18.21540", "2012-12-31": "32.54470", "2011-12-31": "38.52580", "2010-12-31": "25.38660", "2009-12-31": "9.37320", "2008-12-31": "57.91600", "2007-12-31": "39.77320", "2006-12-31": "51.56730", "2005-12-31": "33.84730"}, "Return On Tangible Equity": {"2019-12-31": "88.73030", "2018-12-31": "103.05060", "2017-12-31": "13.91380", "2016-12-31": "-1.21800", "2015-12-31": "46.30210", "2014-12-31": "34.97730", "2013-12-31": "36.82940", "2012-12-31": "86.38290", "2011-12-31": "336.32680", "2010-12-31": "37.04500", "2009-12-31": "13.58190", "2008-12-31": "104.88590", "2007-12-31": "54.55930", "2006-12-31": "77.43000", "2005-12-31": "43.52600"}, "ROA - Return On Assets": {"2019-12-31": "7.76770", "2018-12-31": "7.83090", "2017-12-31": "0.98620", "2016-12-31": "-0.07900", "2015-12-31": "3.22050", "2014-12-31": "2.91450", "2013-12-31": "4.47960", "2012-12-31": "6.43140", "2011-12-31": "6.13290", "2010-12-31": "4.30800", "2009-12-31": "1.37750", "2008-12-31": "5.28900", "2007-12-31": "6.37430", "2006-12-31": "6.87480", "2005-12-31": "6.00170"}, "ROI - Return On Investment": {"2019-12-31": "14.89610", "2018-12-31": "15.73180", "2017-12-31": "2.01790", "2016-12-31": "-0.16370", "2015-12-31": "6.29900", "2014-12-31": "5.53240", "2013-12-31": "7.99000", "2012-12-31": "12.62190", "2011-12-31": "13.15190", "2010-12-31": "8.81120", "2009-12-31": "2.69640", "2008-12-31": "12.35190", "2007-12-31": "13.33830", "2006-12-31": "14.41380", "2005-12-31": "11.83790"}, "Book Value Per Share": {"2019-12-31": "26.59420", "2018-12-31": "24.46390", "2017-12-31": "23.03450", "2016-12-31": "22.52910", "2015-12-31": "25.56150", "2014-12-31": "27.75800", "2013-12-31": "32.73330", "2012-12-31": "26.84080", "2011-12-31": "19.96660", "2010-12-31": "17.00630", "2009-12-31": "14.12310", "2008-12-31": "10.29050", "2007-12-31": "14.41700", "2006-12-31": "10.62080", "2005-12-31": "12.56880"}, "Operating Cash Flow Per Share": {"2019-12-31": 1.2388, "2018-12-31": 1.4198, "2017-12-31": -0.1298, "2016-12-31": -1.49, "2015-12-31": -1.6704, "2014-12-31": -2.6624, "2013-12-31": 7.7318, "2012-12-31": -2.7025, "2011-12-31": 2.743, "2010-12-31": -2.6804, "2009-12-31": 2.9411, "2008-12-31": -4.6215, "2007-12-31": 3.5816, "2006-12-31": 4.07, "2005-12-31": 4.4106}, "Free Cash Flow Per Share": {"2019-12-31": 1.8708, "2018-12-31": 0.0721, "2017-12-31": 1.3872, "2016-12-31": -0.8032, "2015-12-31": -1.8943, "2014-12-31": -1.1288, "2013-12-31": 8.1751, "2012-12-31": -4.7566, "2011-12-31": 0.6021, "2010-12-31": -2.4329, "2009-12-31": 5.6012, "2008-12-31": -5.2556, "2007-12-31": 2.6662, "2006-12-31": 3.5136, "2005-12-31": 1.8915}}, "financial ratios, quarterly": {"Current Ratio": {"2020-09-30": "1.54270", "2020-06-30": "1.50060", "2020-03-31": "1.41750", "2019-12-31": "1.47230", "2019-09-30": "1.43970", "2019-06-30": "1.43460", "2019-03-31": "1.42860", "2018-12-31": "1.36800", "2018-09-30": "1.47710", "2018-06-30": "1.36540", "2018-03-31": "1.36330", "2017-12-31": "1.34580", "2017-09-30": "1.43550", "2017-06-30": "1.31490", "2017-03-31": "1.28630", "2016-12-31": "1.22330", "2016-09-30": "1.26530", "2016-06-30": "1.23630", "2016-03-31": "1.28740", "2015-12-31": "1.27690", "2015-09-30": "1.36570", "2015-06-30": "1.49290", "2015-03-31": "1.44890", "2014-12-31": "1.39420", "2014-09-30": "1.41510", "2014-06-30": "1.38780", "2014-03-31": "1.39100", "2013-12-31": "1.40440", "2013-09-30": "1.37670", "2013-06-30": "1.36380", "2013-03-31": "1.45460", "2012-12-31": "1.43250", "2012-09-30": "1.40610", "2012-06-30": "1.41640", "2012-03-31": "1.39380", "2011-12-31": "1.33650", "2011-09-30": "1.46180", "2011-06-30": "1.73350", "2011-03-31": "1.49510", "2010-12-31": "1.44460", "2010-09-30": "1.41620", "2010-06-30": "1.38370", "2010-03-31": "1.43410", "2009-12-31": "1.43440", "2009-09-30": "1.46030", "2009-06-30": "1.40500", "2009-03-31": "1.34330", "2008-12-31": "1.24430", "2008-09-30": "1.11560", "2008-06-30": "1.05550", "2008-03-31": "1.10660", "2007-12-31": "1.14530", "2007-09-30": "1.18270", "2007-06-30": "1.21840", "2007-03-31": "1.20090", "2006-12-31": "1.19380", "2006-09-30": "1.28960", "2006-06-30": "1.15170", "2006-03-31": "1.19980", "2005-12-31": "1.19930", "2005-09-30": "1.13310", "2005-06-30": "1.22090", "2005-03-31": "1.36770"}, "Long-term Debt / Capital": {"2020-09-30": "0.63520", "2020-06-30": "0.66140", "2020-03-31": "0.63120", "2019-12-31": "0.64240", "2019-09-30": "0.63050", "2019-06-30": "0.62470", "2019-03-31": "0.61030", "2018-12-31": "0.63970", "2018-09-30": "0.61550", "2018-06-30": "0.61330", "2018-03-31": "0.60270", "2017-12-31": "0.63400", "2017-09-30": "0.61270", "2017-06-30": "0.62850", "2017-03-31": "0.63460", "2016-12-31": "0.63330", "2016-09-30": "0.60050", "2016-06-30": "0.61040", "2016-03-31": "0.60840", "2015-12-31": "0.62840", "2015-09-30": "0.61220", "2015-06-30": "0.61530", "2015-03-31": "0.61140", "2014-12-31": "0.62280", "2014-09-30": "0.59860", "2014-06-30": "0.56620", "2014-03-31": "0.56820", "2013-12-31": "0.56140", "2013-09-30": "0.58870", "2013-06-30": "0.59230", "2013-03-31": "0.59790", "2012-12-31": "0.61220", "2012-09-30": "0.59660", "2012-06-30": "0.63040", "2012-03-31": "0.62650", "2011-12-31": "0.65860", "2011-09-30": "0.65330", "2011-06-30": "0.65870", "2011-03-31": "0.61090", "2010-12-31": "0.65290", "2010-09-30": "0.67310", "2010-06-30": "0.68570", "2010-03-31": "0.70490", "2009-12-31": "0.71230", "2009-09-30": "0.74060", "2009-06-30": "0.76160", "2009-03-31": "0.78740", "2008-12-31": "0.78670", "2008-09-30": "0.67240", "2008-06-30": "0.65070", "2008-03-31": "0.65700", "2007-12-31": "0.66460", "2007-09-30": "0.66590", "2007-06-30": "0.69630", "2007-03-31": "0.69430", "2006-12-31": "0.72050", "2006-09-30": "0.66780", "2006-06-30": "0.64870", "2006-03-31": "0.63170", "2005-12-31": "0.65030", "2005-09-30": "0.64100", "2005-06-30": "0.67300", "2005-03-31": "0.69800"}, "Debt/Equity Ratio": {"2020-09-30": "2.54280", "2020-06-30": "2.80340", "2020-03-31": "2.60500", "2019-12-31": "2.57410", "2019-09-30": "2.52820", "2019-06-30": "2.43840", "2019-03-31": "2.31180", "2018-12-31": "2.59610", "2018-09-30": "2.25130", "2018-06-30": "2.42060", "2018-03-31": "2.31240", "2017-12-31": "2.53360", "2017-09-30": "2.28860", "2017-06-30": "2.64170", "2017-03-31": "2.80250", "2016-12-31": "2.78380", "2016-09-30": "2.36140", "2016-06-30": "2.50430", "2016-03-31": "2.43530", "2015-12-31": "2.55380", "2015-09-30": "2.35110", "2015-06-30": "2.23300", "2015-03-31": "2.27580", "2014-12-31": "2.33480", "2014-09-30": "2.07890", "2014-06-30": "1.92340", "2014-03-31": "1.87000", "2013-12-31": "1.80810", "2013-09-30": "2.17510", "2013-06-30": "2.23730", "2013-03-31": "2.21020", "2012-12-31": "2.28320", "2012-09-30": "2.22190", "2012-06-30": "2.46020", "2012-03-31": "2.39430", "2011-12-31": "2.67550", "2011-09-30": "2.41250", "2011-06-30": "2.55890", "2011-03-31": "2.33480", "2010-12-31": "2.61580", "2010-09-30": "2.89700", "2010-06-30": "3.14420", "2010-03-31": "3.34400", "2009-12-31": "3.58510", "2009-09-30": "3.97380", "2009-06-30": "4.51470", "2009-03-31": "5.50680", "2008-12-31": "5.74070", "2008-09-30": "3.54210", "2008-06-30": "3.27310", "2008-03-31": "3.23330", "2007-12-31": "3.16020", "2007-09-30": "3.18950", "2007-06-30": "3.51880", "2007-03-31": "3.65140", "2006-12-31": "3.97960", "2006-09-30": "3.03620", "2006-06-30": "3.16140", "2006-03-31": "2.88640", "2005-12-31": "3.05330", "2005-09-30": "2.98280", "2005-06-30": "3.17680", "2005-03-31": "3.15400"}, "Gross Margin": {"2020-09-30": "29.97670", "2020-06-30": "28.84870", "2020-03-31": "31.67840", "2019-12-31": "30.63760", "2019-09-30": "32.83430", "2019-06-30": "31.11840", "2019-03-31": "33.14270", "2018-12-31": "30.36540", "2018-09-30": "33.21980", "2018-06-30": "32.75280", "2018-03-31": "33.38520", "2017-12-31": "30.48230", "2017-09-30": "32.72580", "2017-06-30": "31.02110", "2017-03-31": "30.75750", "2016-12-31": "24.00250", "2016-09-30": "28.74450", "2016-06-30": "28.26340", "2016-03-31": "27.89350", "2015-12-31": "25.29470", "2015-09-30": "28.18830", "2015-06-30": "29.57700", "2015-03-31": "31.03450", "2014-12-31": "19.61530", "2014-09-30": "28.89510", "2014-06-30": "27.93640", "2014-03-31": "28.72900", "2013-12-31": "26.80880", "2013-09-30": "27.18470", "2013-06-30": "26.31830", "2013-03-31": "27.03260", "2012-12-31": "25.97820", "2012-09-30": "29.22470", "2012-06-30": "29.31970", "2012-03-31": "29.68530", "2011-12-31": "25.98160", "2011-09-30": "27.11250", "2011-06-30": "27.59660", "2011-03-31": "30.05640", "2010-12-31": "27.00090", "2010-09-30": "30.37540", "2010-06-30": "29.17670", "2010-03-31": "28.45350", "2009-12-31": "25.90530", "2009-09-30": "27.99400", "2009-06-30": "27.87460", "2009-03-31": "23.82660", "2008-12-31": "22.10790", "2008-09-30": "25.24460", "2008-06-30": "26.33590", "2008-03-31": "27.01760", "2007-12-31": "26.54810", "2007-09-30": "27.72240", "2007-06-30": "26.91090", "2007-03-31": "28.75400", "2006-12-31": "27.55610", "2006-09-30": "27.64100", "2006-06-30": "30.07070", "2006-03-31": "30.23850", "2005-12-31": "28.53150", "2005-09-30": "27.06920", "2005-06-30": "26.38890", "2005-03-31": "25.47070"}, "Operating Margin": {"2020-09-30": "9.96860", "2020-06-30": "7.84240", "2020-03-31": "13.20170", "2019-12-31": "14.07490", "2019-09-30": "15.83320", "2019-06-30": "15.33400", "2019-03-31": "16.38940", "2018-12-31": "13.12930", "2018-09-30": "15.80310", "2018-06-30": "15.46640", "2018-03-31": "16.39320", "2017-12-31": "10.75530", "2017-09-30": "13.22180", "2017-06-30": "10.44920", "2017-03-31": "3.86890", "2016-12-31": "-6.24610", "2016-09-30": "5.25110", "2016-06-30": "7.59040", "2016-03-31": "5.22140", "2015-12-31": "-1.58660", "2015-09-30": "8.43820", "2015-06-30": "10.82240", "2015-03-31": "13.39950", "2014-12-31": "-6.67650", "2014-09-30": "10.27380", "2014-06-30": "10.42400", "2014-03-31": "10.55810", "2013-12-31": "10.08190", "2013-09-30": "10.43730", "2013-06-30": "10.64910", "2013-03-31": "9.22030", "2012-12-31": "6.45720", "2012-09-30": "15.78600", "2012-06-30": "15.05700", "2012-03-31": "14.53600", "2011-12-31": "11.36690", "2011-09-30": "11.19240", "2011-06-30": "11.25090", "2011-03-31": "14.15550", "2010-12-31": "10.08040", "2010-09-30": "10.66100", "2010-06-30": "9.38610", "2010-03-31": "6.16650", "2009-12-31": "1.62070", "2009-09-30": "3.79560", "2009-06-30": "4.35110", "2009-03-31": "-1.89700", "2008-12-31": "3.53630", "2008-09-30": "9.03630", "2008-06-30": "11.19350", "2008-03-31": "10.96130", "2007-12-31": "10.33430", "2007-09-30": "11.47530", "2007-06-30": "10.68160", "2007-03-31": "11.38180", "2006-12-31": "10.41530", "2006-09-30": "10.25010", "2006-06-30": "13.94630", "2006-03-31": "12.96850", "2005-12-31": "11.04210", "2005-09-30": "10.47120", "2005-06-30": "10.90810", "2005-03-31": "9.06580"}, "EBIT Margin": {"2020-09-30": "11.35510", "2020-06-30": "9.33280", "2020-03-31": "14.84720", "2019-12-31": "15.46710", "2019-09-30": "17.31460", "2019-06-30": "16.66440", "2019-03-31": "17.80040", "2018-12-31": "14.44710", "2018-09-30": "17.17250", "2018-06-30": "16.76540", "2018-03-31": "17.68410", "2017-12-31": "12.01150", "2017-09-30": "14.65000", "2017-06-30": "11.87890", "2017-03-31": "5.48770", "2016-12-31": "-4.68980", "2016-09-30": "6.85590", "2016-06-30": "9.02150", "2016-03-31": "6.82800", "2015-12-31": "-0.25390", "2015-09-30": "9.73360", "2015-06-30": "12.02400", "2015-03-31": "14.58040", "2014-12-31": "-5.59530", "2014-09-30": "11.43260", "2014-06-30": "11.50530", "2014-03-31": "11.76650", "2013-12-31": "11.29700", "2013-09-30": "11.76340", "2013-06-30": "11.91440", "2013-03-31": "10.65100", "2012-12-31": "7.68900", "2012-09-30": "16.98390", "2012-06-30": "16.19660", "2012-03-31": "15.81250", "2011-12-31": "12.54420", "2011-09-30": "12.53500", "2011-06-30": "12.71960", "2011-03-31": "15.72320", "2010-12-31": "11.79820", "2010-09-30": "12.69980", "2010-06-30": "11.63420", "2010-03-31": "8.99490", "2009-12-31": "4.63410", "2009-09-30": "7.30340", "2009-06-30": "7.76180", "2009-03-31": "1.12740", "2008-12-31": "5.85000", "2008-09-30": "11.27800", "2008-06-30": "13.24130", "2008-03-31": "13.36890", "2007-12-31": "12.74700", "2007-09-30": "14.00110", "2007-06-30": "13.13840", "2007-03-31": "14.08750", "2006-12-31": "12.86010", "2006-09-30": "12.77930", "2006-06-30": "16.36020", "2006-03-31": "15.43870", "2005-12-31": "13.28780", "2005-09-30": "12.66570", "2005-06-30": "12.87390", "2005-03-31": "11.10450"}, "EBITDA Margin": {"2020-09-30": "", "2020-06-30": "", "2020-03-31": "", "2019-12-31": "", "2019-09-30": "", "2019-06-30": "", "2019-03-31": "", "2018-12-31": "", "2018-09-30": "", "2018-06-30": "", "2018-03-31": "", "2017-12-31": "", "2017-09-30": "", "2017-06-30": "", "2017-03-31": "", "2016-12-31": "", "2016-09-30": "", "2016-06-30": "", "2016-03-31": "", "2015-12-31": "", "2015-09-30": "", "2015-06-30": "", "2015-03-31": "", "2014-12-31": "", "2014-09-30": "", "2014-06-30": "", "2014-03-31": "", "2013-12-31": "", "2013-09-30": "", "2013-06-30": "", "2013-03-31": "", "2012-12-31": "", "2012-09-30": "", "2012-06-30": "", "2012-03-31": "", "2011-12-31": "", "2011-09-30": "", "2011-06-30": "", "2011-03-31": "", "2010-12-31": "", "2010-09-30": "", "2010-06-30": "", "2010-03-31": "", "2009-12-31": "", "2009-09-30": "", "2009-06-30": "", "2009-03-31": "", "2008-12-31": "", "2008-09-30": "", "2008-06-30": "", "2008-03-31": "", "2007-12-31": "", "2007-09-30": "", "2007-06-30": "", "2007-03-31": "", "2006-12-31": "", "2006-09-30": "", "2006-06-30": "", "2006-03-31": "", "2005-12-31": "", "2005-09-30": "", "2005-06-30": "", "2005-03-31": ""}, "Pre-Tax Profit Margin": {"2020-09-30": "8.73390", "2020-06-30": "6.78200", "2020-03-31": "14.22660", "2019-12-31": "10.38500", "2019-09-30": "15.71560", "2019-06-30": "15.09150", "2019-03-31": "16.81270", "2018-12-31": "9.53140", "2018-09-30": "15.80310", "2018-06-30": "15.60200", "2018-03-31": "16.59540", "2017-12-31": "8.61510", "2017-09-30": "13.34440", "2017-06-30": "10.22860", "2017-03-31": "2.94240", "2016-12-31": "-14.07980", "2016-09-30": "4.18120", "2016-06-30": "7.14560", "2016-03-31": "3.85790", "2015-12-31": "-2.23930", "2015-09-30": "7.14290", "2015-06-30": "9.22300", "2015-03-31": "13.91120", "2014-12-31": "-6.95730", "2014-09-30": "10.19260", "2014-06-30": "10.03530", "2014-03-31": "10.13520", "2013-12-31": "9.63060", "2013-09-30": "9.39430", "2013-06-30": "9.25380", "2013-03-31": "8.53140", "2012-12-31": "5.67340", "2012-09-30": "14.89820", "2012-06-30": "14.82680", "2012-03-31": "14.37960", "2011-12-31": "11.47130", "2011-09-30": "10.39710", "2011-06-30": "9.48700", "2011-03-31": "13.61500", "2010-12-31": "9.61970", "2010-09-30": "9.90660", "2010-06-30": "9.08830", "2010-03-31": "5.69310", "2009-12-31": "1.62070", "2009-09-30": "3.45300", "2009-06-30": "5.02820", "2009-03-31": "-2.29810", "2008-12-31": "2.80120", "2008-09-30": "9.70650", "2008-06-30": "11.28890", "2008-03-31": "11.36830", "2007-12-31": "10.86960", "2007-09-30": "11.31800", "2007-06-30": "10.59350", "2007-03-31": "11.70130", "2006-12-31": "10.24270", "2006-09-30": "10.25010", "2006-06-30": "13.79540", "2006-03-31": "12.70230", "2005-12-31": "11.42500", "2005-09-30": "10.60490", "2005-06-30": "11.17520", "2005-03-31": "9.58150"}, "Net Profit Margin": {"2020-09-30": "6.76050", "2020-06-30": "4.58140", "2020-03-31": "10.26800", "2019-12-31": "8.35360", "2019-09-30": "11.71030", "2019-06-30": "11.22510", "2019-03-31": "13.96850", "2018-12-31": "7.30720", "2018-09-30": "12.78310", "2018-06-30": "12.18330", "2018-03-31": "12.94810", "2017-12-31": "-10.07290", "2017-09-30": "9.27890", "2017-06-30": "7.07790", "2017-03-31": "1.95480", "2016-12-31": "-12.23100", "2016-09-30": "3.08950", "2016-06-30": "5.31810", "2016-03-31": "2.86440", "2015-12-31": "-0.85220", "2015-09-30": "5.09940", "2015-06-30": "6.51130", "2015-03-31": "9.80160", "2014-12-31": "-3.41200", "2014-09-30": "7.50610", "2014-06-30": "7.06010", "2014-03-31": "6.96320", "2013-12-31": "6.96430", "2013-09-30": "7.04760", "2013-06-30": "6.56590", "2013-03-31": "6.66160", "2012-12-31": "4.33590", "2012-09-30": "10.33140", "2012-06-30": "9.77900", "2012-03-31": "9.92430", "2011-12-31": "8.97180", "2011-09-30": "7.26010", "2011-06-30": "7.13280", "2011-03-31": "9.46020", "2010-12-31": "7.55840", "2010-09-30": "7.11330", "2010-06-30": "6.79220", "2010-03-31": "2.82840", "2009-12-31": "2.93750", "2009-09-30": "5.53580", "2009-06-30": "4.65200", "2009-03-31": "-1.21410", "2008-12-31": "5.11490", "2008-09-30": "6.68670", "2008-06-30": "8.11800", "2008-03-31": "7.81620", "2007-12-31": "8.02870", "2007-09-30": "8.10170", "2007-06-30": "7.24730", "2007-03-31": "8.14700", "2006-12-31": "8.01600", "2006-09-30": "7.31200", "2006-06-30": "9.86330", "2006-03-31": "8.94380", "2005-12-31": "8.75500", "2005-09-30": "7.43010", "2005-06-30": "8.11970", "2005-03-31": "6.96730"}, "Asset Turnover": {"2020-09-30": "0.12880", "2020-06-30": "0.13060", "2020-03-31": "0.14010", "2019-12-31": "0.16750", "2019-09-30": "0.16360", "2019-06-30": "0.18230", "2019-03-31": "0.17100", "2018-12-31": "0.18270", "2018-09-30": "0.17270", "2018-06-30": "0.17740", "2018-03-31": "0.16480", "2017-12-31": "0.16760", "2017-09-30": "0.14530", "2017-06-30": "0.14430", "2017-03-31": "0.12670", "2016-12-31": "0.12820", "2016-09-30": "0.11990", "2016-06-30": "0.13210", "2016-03-31": "0.12080", "2015-12-31": "0.14080", "2015-09-30": "0.13880", "2015-06-30": "0.14980", "2015-03-31": "0.15400", "2014-12-31": "0.16820", "2014-09-30": "0.16040", "2014-06-30": "0.16110", "2014-03-31": "0.15690", "2013-12-31": "0.16960", "2013-09-30": "0.15380", "2013-06-30": "0.16730", "2013-03-31": "0.14890", "2012-12-31": "0.18070", "2012-09-30": "0.18160", "2012-06-30": "0.19560", "2012-03-31": "0.19050", "2011-12-31": "0.21230", "2011-09-30": "0.20210", "2011-06-30": "0.19330", "2011-03-31": "0.19510", "2010-12-31": "0.20000", "2010-09-30": "0.18060", "2010-06-30": "0.17700", "2010-03-31": "0.14000", "2009-12-31": "0.13160", "2009-09-30": "0.12000", "2009-06-30": "0.12840", "2009-03-31": "0.14320", "2008-12-31": "0.19070", "2008-09-30": "0.20210", "2008-06-30": "0.22540", "2008-03-31": "0.20270", "2007-12-31": "0.21630", "2007-09-30": "0.20880", "2007-06-30": "0.21220", "2007-03-31": "0.19170", "2006-12-31": "0.21390", "2006-09-30": "0.20830", "2006-06-30": "0.21250", "2006-03-31": "0.19580", "2005-12-31": "0.20320", "2005-09-30": "0.19570", "2005-06-30": "0.20880", "2005-03-31": "0.18800"}, "Inventory Turnover Ratio": {"2020-09-30": "0.60410", "2020-06-30": "0.62550", "2020-03-31": "0.61850", "2019-12-31": "0.80920", "2019-09-30": "0.70350", "2019-06-30": "0.82790", "2019-03-31": "0.72960", "2018-12-31": "0.86630", "2018-09-30": "0.76370", "2018-06-30": "0.83710", "2018-03-31": "0.78250", "2017-12-31": "0.89490", "2017-09-30": "0.75190", "2017-06-30": "0.83260", "2017-03-31": "0.74880", "2016-12-31": "0.84470", "2016-09-30": "0.68860", "2016-06-30": "0.78440", "2016-03-31": "0.69270", "2015-12-31": "0.84950", "2015-09-30": "0.70600", "2015-06-30": "0.74260", "2015-03-31": "0.72400", "2014-12-31": "0.93810", "2014-09-30": "0.72280", "2014-06-30": "0.78110", "2014-03-31": "0.73220", "2013-12-31": "0.83490", "2013-09-30": "0.72980", "2013-06-30": "0.77560", "2013-03-31": "0.63940", "2012-12-31": "0.76540", "2012-09-30": "0.66320", "2012-06-30": "0.70800", "2012-03-31": "0.68060", "2011-12-31": "0.87750", "2011-09-30": "0.79480", "2011-06-30": "0.90700", "2011-03-31": "0.84840", "2010-12-31": "0.97520", "2010-09-30": "0.86080", "2010-06-30": "1.00450", "2010-03-31": "0.84320", "2009-12-31": "0.92010", "2009-09-30": "0.77110", "2009-06-30": "0.80340", "2009-03-31": "0.87930", "2008-12-31": "1.14630", "2008-09-30": "1.04460", "2008-06-30": "1.20870", "2008-03-31": "1.06520", "2007-12-31": "1.23820", "2007-09-30": "1.15070", "2007-06-30": "1.16800", "2007-03-31": "1.00070", "2006-12-31": "1.25510", "2006-09-30": "1.18700", "2006-06-30": "1.18580", "2006-03-31": "1.11850", "2005-12-31": "1.32200", "2005-09-30": "1.19710", "2005-06-30": "1.28810", "2005-03-31": "1.18830"}, "Receiveable Turnover": {"2020-09-30": "0.62010", "2020-06-30": "0.62810", "2020-03-31": "0.62730", "2019-12-31": "0.73410", "2019-09-30": "0.73040", "2019-06-30": "0.77860", "2019-03-31": "0.75260", "2018-12-31": "0.82180", "2018-09-30": "0.80430", "2018-06-30": "0.82920", "2018-03-31": "0.77160", "2017-12-31": "0.79640", "2017-09-30": "0.72810", "2017-06-30": "0.72660", "2017-03-31": "0.64550", "2016-12-31": "0.66010", "2016-09-30": "0.63100", "2016-06-30": "0.66610", "2016-03-31": "0.58520", "2015-12-31": "0.70320", "2015-09-30": "0.70070", "2015-06-30": "0.74990", "2015-03-31": "0.76410", "2014-12-31": "0.84970", "2014-09-30": "0.79640", "2014-06-30": "0.80750", "2014-03-31": "0.76100", "2013-12-31": "0.83850", "2013-09-30": "0.75370", "2013-06-30": "0.79710", "2013-03-31": "0.70740", "2012-12-31": "0.86580", "2012-09-30": "0.88040", "2012-06-30": "0.92290", "2012-03-31": "0.87320", "2011-12-31": "0.97280", "2011-09-30": "0.90810", "2011-06-30": "0.83540", "2011-03-31": "0.74900", "2010-12-31": "0.76270", "2010-09-30": "0.72640", "2010-06-30": "0.72110", "2010-03-31": "0.58050", "2009-12-31": "0.56770", "2009-09-30": "0.53960", "2009-06-30": "0.54460", "2009-03-31": "0.57420", "2008-12-31": "0.71290", "2008-09-30": "0.73450", "2008-06-30": "0.78650", "2008-03-31": "0.70080", "2007-12-31": "0.77090", "2007-09-30": "0.75880", "2007-06-30": "0.77480", "2007-03-31": "0.68060", "2006-12-31": "0.71400", "2006-09-30": "0.71930", "2006-06-30": "0.71170", "2006-03-31": "0.64880", "2005-12-31": "0.67350", "2005-09-30": "0.68820", "2005-06-30": "0.71640", "2005-03-31": "0.65640"}, "Days Sales In Receivables": {"2020-09-30": "145.14220", "2020-06-30": "143.27800", "2020-03-31": "143.47530", "2019-12-31": "122.59280", "2019-09-30": "123.21920", "2019-06-30": "115.58690", "2019-03-31": "119.58790", "2018-12-31": "109.51610", "2018-09-30": "111.90380", "2018-06-30": "108.53830", "2018-03-31": "116.64510", "2017-12-31": "113.00950", "2017-09-30": "123.60900", "2017-06-30": "123.86820", "2017-03-31": "139.43490", "2016-12-31": "136.33490", "2016-09-30": "142.62450", "2016-06-30": "135.12180", "2016-03-31": "153.78290", "2015-12-31": "127.99090", "2015-09-30": "128.44830", "2015-06-30": "120.01710", "2015-03-31": "117.78220", "2014-12-31": "105.92250", "2014-09-30": "113.00320", "2014-06-30": "111.46010", "2014-03-31": "118.26220", "2013-12-31": "107.33510", "2013-09-30": "119.41440", "2013-06-30": "112.90470", "2013-03-31": "127.21950", "2012-12-31": "103.94650", "2012-09-30": "102.22620", "2012-06-30": "97.52160", "2012-03-31": "103.06550", "2011-12-31": "92.51580", "2011-09-30": "99.10540", "2011-06-30": "107.72800", "2011-03-31": "120.15750", "2010-12-31": "118.00420", "2010-09-30": "123.90160", "2010-06-30": "124.80160", "2010-03-31": "155.03640", "2009-12-31": "158.53130", "2009-09-30": "166.77990", "2009-06-30": "165.26140", "2009-03-31": "156.74150", "2008-12-31": "126.24930", "2008-09-30": "122.53760", "2008-06-30": "114.42890", "2008-03-31": "128.41560", "2007-12-31": "116.73910", "2007-09-30": "118.61560", "2007-06-30": "116.15360", "2007-03-31": "132.23240", "2006-12-31": "126.05560", "2006-09-30": "125.12880", "2006-06-30": "126.44980", "2006-03-31": "138.70850", "2005-12-31": "133.63550", "2005-09-30": "130.77420", "2005-06-30": "125.63460", "2005-03-31": "137.12080"}, "ROE - Return On Equity": {"2020-09-30": "4.47510", "2020-06-30": "3.33160", "2020-03-31": "7.67610", "2019-12-31": "7.49880", "2019-09-30": "9.96470", "2019-06-30": "10.88180", "2019-03-31": "12.17210", "2018-12-31": "7.45030", "2018-09-30": "10.86850", "2018-06-30": "11.41080", "2018-03-31": "10.91540", "2017-12-31": "-9.43630", "2017-09-30": "6.75930", "2017-06-30": "5.70350", "2017-03-31": "1.42020", "2016-12-31": "-8.83220", "2016-09-30": "1.80080", "2016-06-30": "3.61370", "2016-03-31": "1.72670", "2015-12-31": "-0.60460", "2015-09-30": "3.51950", "2015-06-30": "4.67920", "2015-03-31": "7.32480", "2014-12-31": "-2.85270", "2014-09-30": "5.40330", "2014-06-30": "4.78900", "2014-03-31": "4.54120", "2013-12-31": "4.81850", "2013-09-30": "5.22640", "2013-06-30": "5.45880", "2013-03-31": "4.81490", "2012-12-31": "3.98130", "2012-09-30": "9.48930", "2012-06-30": "10.69400", "2012-03-31": "10.72860", "2011-12-31": "12.08140", "2011-09-30": "8.11930", "2011-06-30": "7.60640", "2011-03-31": "9.80900", "2010-12-31": "9.09430", "2010-09-30": "8.11140", "2010-06-30": "7.90550", "2010-03-31": "2.61580", "2009-12-31": "2.33480", "2009-09-30": "4.85030", "2009-06-30": "4.88140", "2009-03-31": "-2.06760", "2008-12-31": "10.71080", "2008-09-30": "9.08240", "2008-06-30": "11.76350", "2008-03-31": "10.11070", "2007-12-31": "11.24940", "2007-09-30": "10.76910", "2007-06-30": "10.50950", "2007-03-31": "10.89160", "2006-12-31": "12.85900", "2006-09-30": "8.51790", "2006-06-30": "12.11630", "2006-03-31": "9.37290", "2005-12-31": "10.03320", "2005-09-30": "7.94800", "2005-06-30": "9.86370", "2005-03-31": "7.49970"}, "Return On Tangible Equity": {"2020-09-30": "9.15790", "2020-06-30": "7.44530", "2020-03-31": "16.50810", "2019-12-31": "15.97260", "2019-09-30": "20.68970", "2019-06-30": "23.34870", "2019-03-31": "25.18720", "2018-12-31": "17.58300", "2018-09-30": "22.48410", "2018-06-30": "25.62370", "2018-03-31": "24.75870", "2017-12-31": "-23.81300", "2017-09-30": "14.48270", "2017-06-30": "14.07540", "2017-03-31": "3.64520", "2016-12-31": "-24.09170", "2016-09-30": "4.32920", "2016-06-30": "9.25680", "2016-03-31": "4.31610", "2015-12-31": "-1.65170", "2015-09-30": "8.53970", "2015-06-30": "10.36400", "2015-03-31": "16.30310", "2014-12-31": "-6.80270", "2014-09-30": "11.49130", "2014-06-30": "9.49220", "2014-03-31": "9.36800", "2013-12-31": "9.74240", "2013-09-30": "12.68190", "2013-06-30": "13.59160", "2013-03-31": "11.60070", "2012-12-31": "10.56760", "2012-09-30": "26.60210", "2012-06-30": "38.62150", "2012-03-31": "44.16120", "2011-12-31": "105.46930", "2011-09-30": "60.54570", "2011-06-30": "10.16810", "2011-03-31": "13.40890", "2010-12-31": "13.27070", "2010-09-30": "12.48250", "2010-06-30": "11.28560", "2010-03-31": "3.77600", "2009-12-31": "3.38320", "2009-09-30": "7.34630", "2009-06-30": "7.78210", "2009-03-31": "-3.65110", "2008-12-31": "19.39730", "2008-09-30": "12.74180", "2008-06-30": "15.95070", "2008-03-31": "13.70390", "2007-12-31": "15.43150", "2007-09-30": "14.91550", "2007-06-30": "15.16490", "2007-03-31": "16.02510", "2006-12-31": "19.30820", "2006-09-30": "11.82170", "2006-06-30": "17.02470", "2006-03-31": "11.83430", "2005-12-31": "12.90220", "2005-09-30": "10.29480", "2005-06-30": "13.13520", "2005-03-31": "9.97770"}, "ROA - Return On Assets": {"2020-09-30": "0.87440", "2020-06-30": "0.59950", "2020-03-31": "1.44020", "2019-12-31": "1.39830", "2019-09-30": "1.91560", "2019-06-30": "2.04450", "2019-03-31": "2.39310", "2018-12-31": "1.33620", "2018-09-30": "2.20820", "2018-06-30": "2.15860", "2018-03-31": "2.13680", "2017-12-31": "-1.68780", "2017-09-30": "1.35060", "2017-06-30": "1.02280", "2017-03-31": "0.25020", "2016-12-31": "-1.56220", "2016-09-30": "0.37040", "2016-06-30": "0.70630", "2016-03-31": "0.34740", "2015-12-31": "-0.11490", "2015-09-30": "0.71170", "2015-06-30": "0.97640", "2015-03-31": "1.51290", "2014-12-31": "-0.56680", "2014-09-30": "1.20850", "2014-06-30": "1.14090", "2014-03-31": "1.09600", "2013-12-31": "1.18500", "2013-09-30": "1.08860", "2013-06-30": "1.10440", "2013-03-31": "0.99390", "2012-12-31": "0.78680", "2012-09-30": "1.87980", "2012-06-30": "1.92370", "2012-03-31": "1.92000", "2011-12-31": "1.92320", "2011-09-30": "1.48390", "2011-06-30": "1.38840", "2011-03-31": "1.87240", "2010-12-31": "1.54330", "2010-09-30": "1.29940", "2010-06-30": "1.24670", "2010-03-31": "0.40110", "2009-12-31": "0.34310", "2009-09-30": "0.64430", "2009-06-30": "0.57980", "2009-03-31": "-0.20330", "2008-12-31": "0.97810", "2008-09-30": "1.36390", "2008-06-30": "1.84280", "2008-03-31": "1.60130", "2007-12-31": "1.80290", "2007-09-30": "1.69160", "2007-06-30": "1.53810", "2007-03-31": "1.56180", "2006-12-31": "1.71430", "2006-09-30": "1.52330", "2006-06-30": "2.09600", "2006-03-31": "1.75160", "2005-12-31": "1.77910", "2005-09-30": "1.45430", "2005-06-30": "1.69560", "2005-03-31": "1.31010"}, "ROI - Return On Investment": {"2020-09-30": "1.63260", "2020-06-30": "1.12820", "2020-03-31": "2.83100", "2019-12-31": "2.68150", "2019-09-30": "3.68150", "2019-06-30": "4.08410", "2019-03-31": "4.74340", "2018-12-31": "2.68420", "2018-09-30": "4.17850", "2018-06-30": "4.41240", "2018-03-31": "4.33700", "2017-12-31": "-3.45360", "2017-09-30": "2.61770", "2017-06-30": "2.11910", "2017-03-31": "0.51890", "2016-12-31": "-3.23890", "2016-09-30": "0.71940", "2016-06-30": "1.40770", "2016-03-31": "0.67620", "2015-12-31": "-0.22470", "2015-09-30": "1.36490", "2015-06-30": "1.80020", "2015-03-31": "2.84670", "2014-12-31": "-1.07600", "2014-09-30": "2.16880", "2014-06-30": "2.07750", "2014-03-31": "1.96100", "2013-12-31": "2.11360", "2013-09-30": "2.14970", "2013-06-30": "2.22570", "2013-03-31": "1.93600", "2012-12-31": "1.54410", "2012-09-30": "3.82800", "2012-06-30": "3.95220", "2012-03-31": "4.00680", "2011-12-31": "4.12430", "2011-09-30": "2.81500", "2011-06-30": "2.59640", "2011-03-31": "3.81670", "2010-12-31": "3.15640", "2010-09-30": "2.65130", "2010-06-30": "2.48490", "2010-03-31": "0.77200", "2009-12-31": "0.67170", "2009-09-30": "1.25840", "2009-06-30": "1.16380", "2009-03-31": "-0.43960", "2008-12-31": "2.28430", "2008-09-30": "2.97560", "2008-06-30": "4.10870", "2008-03-31": "3.46830", "2007-12-31": "3.77260", "2007-09-30": "3.59850", "2007-06-30": "3.19170", "2007-03-31": "3.32940", "2006-12-31": "3.59430", "2006-09-30": "2.83000", "2006-06-30": "4.25690", "2006-03-31": "3.45220", "2005-12-31": "3.50910", "2005-09-30": "2.85340", "2005-06-30": "3.22550", "2005-03-31": "2.26460"}, "Book Value Per Share": {"2020-09-30": "27.60020", "2020-06-30": "25.44200", "2020-03-31": "26.27350", "2019-12-31": "26.59420", "2019-09-30": "27.14820", "2019-06-30": "26.44560", "2019-03-31": "27.07350", "2018-12-31": "24.46390", "2018-09-30": "26.92730", "2018-06-30": "25.14110", "2018-03-31": "25.54250", "2017-12-31": "23.03450", "2017-09-30": "26.38440", "2017-06-30": "23.82340", "2017-03-31": "23.18830", "2016-12-31": "22.52910", "2016-09-30": "26.85990", "2016-06-30": "26.19340", "2016-03-31": "26.98040", "2015-12-31": "25.56150", "2015-09-30": "27.42540", "2015-06-30": "28.47670", "2015-03-31": "28.22530", "2014-12-31": "27.75800", "2014-09-30": "31.21250", "2014-06-30": "33.32500", "2014-03-31": "32.63040", "2013-12-31": "32.73330", "2013-09-30": "28.56420", "2013-06-30": "27.29710", "2013-03-31": "27.86070", "2012-12-31": "26.84080", "2012-09-30": "27.42780", "2012-06-30": "24.46310", "2012-03-31": "23.01870", "2011-12-31": "19.96660", "2011-09-30": "21.98050", "2011-06-30": "20.79660", "2011-03-31": "19.66320", "2010-12-31": "17.00630", "2010-09-30": "15.55850", "2010-06-30": "14.70640", "2010-03-31": "14.37210", "2009-12-31": "14.12310", "2009-09-30": "12.97840", "2009-06-30": "11.87040", "2009-03-31": "10.53000", "2008-12-31": "10.29050", "2008-09-30": "15.98880", "2008-06-30": "15.55730", "2008-03-31": "14.99430", "2007-12-31": "14.41700", "2007-09-30": "13.53540", "2007-06-30": "12.25210", "2007-03-31": "11.69900", "2006-12-31": "10.62080", "2006-09-30": "13.87780", "2006-06-30": "13.16510", "2006-03-31": "13.38350", "2005-12-31": "12.56880", "2005-09-30": "12.33740", "2005-06-30": "11.38480", "2005-03-31": "11.33610"}, "Operating Cash Flow Per Share": {"2020-09-30": 3.1574, "2020-06-30": 2.5795, "2020-03-31": "2.05040", "2019-12-31": 4.2004, "2019-09-30": 1.5075, "2019-06-30": 4.535, "2019-03-31": "1.93680", "2018-12-31": 3.4751, "2018-09-30": 2.3632, "2018-06-30": 3.5648, "2018-03-31": "1.53780", "2017-12-31": 0.9142, "2017-09-30": 2.0164, "2017-06-30": 3.991, "2017-03-31": "2.59950", "2016-12-31": 2.909, "2016-09-30": 1.9781, "2016-06-30": 3.93, "2016-03-31": "0.83380", "2015-12-31": 2.9634, "2015-09-30": 2.6789, "2015-06-30": 3.4258, "2015-03-31": "2.07280", "2014-12-31": 2.8787, "2014-09-30": 3.456, "2014-06-30": 3.5093, "2014-03-31": "2.96730", "2013-12-31": 3.7986, "2013-09-30": 4.7444, "2013-06-30": 4.8104, "2013-03-31": "2.12030", "2012-12-31": 2.9296, "2012-09-30": 1.8583, "2012-06-30": 2.484, "2012-03-31": "0.47000", "2011-12-31": 2.1636, "2011-09-30": 3.3437, "2011-06-30": 3.7866, "2011-03-31": "1.15050", "2010-12-31": 3.1787, "2010-09-30": 1.5691, "2010-06-30": 1.8409, "2010-03-31": "1.11270", "2009-12-31": 3.2724, "2009-09-30": 2.587, "2009-06-30": 3.0359, "2009-03-31": "1.48650", "2008-12-31": 2.191, "2008-09-30": 2.2521, "2008-06-30": 1.8908, "2008-03-31": "1.10680", "2007-12-31": 3.8349, "2007-09-30": 3.345, "2007-06-30": 2.8543, "2007-03-31": "2.02800", "2006-12-31": 3.2148, "2006-09-30": 2.4757, "2006-06-30": 2.0649, "2006-03-31": "0.72520", "2005-12-31": 1.4136, "2005-09-30": 1.5844, "2005-06-30": 1.1617, "2005-03-31": "0.25090"}, "Free Cash Flow Per Share": {"2020-09-30": 2.5666, "2020-06-30": 2.0506, "2020-03-31": "1.44800", "2019-12-31": 3.3894, "2019-09-30": 1.0483, "2019-06-30": 3.7179, "2019-03-31": "1.35280", "2018-12-31": 2.5025, "2018-09-30": 1.6694, "2018-06-30": 2.7486, "2018-03-31": "0.71710", "2017-12-31": 0.2467, "2017-09-30": 1.6705, "2017-06-30": 3.5124, "2017-03-31": "2.13590", "2016-12-31": 2.1976, "2016-09-30": 1.293, "2016-06-30": 2.8187, "2016-03-31": "-0.13100", "2015-12-31": 1.7024, "2015-09-30": 1.5883, "2015-06-30": 2.6936, "2015-03-31": "0.99720", "2014-12-31": 1.6745, "2014-09-30": 2.4371, "2014-06-30": 2.665, "2014-03-31": "2.09920", "2013-12-31": 2.2718, "2013-09-30": 3.5771, "2013-06-30": 3.6078, "2013-03-31": "0.54790", "2012-12-31": 1.0339, "2012-09-30": 0.4581, "2012-06-30": 1.1865, "2012-03-31": "-0.84900", "2011-12-31": 0.6732, "2011-09-30": 2.2993, "2011-06-30": 3.1519, "2011-03-31": "0.46170", "2010-12-31": 2.3268, "2010-09-30": 1.1193, "2010-06-30": 1.7127, "2010-03-31": "0.82520", "2009-12-31": 2.4075, "2009-09-30": 2.1807, "2009-06-30": 2.7359, "2009-03-31": "1.09280", "2008-12-31": 0.2709, "2008-09-30": 1.2214, "2008-06-30": 1.0365, "2008-03-31": "0.28690", "2007-12-31": 2.3258, "2007-09-30": 2.3644, "2007-06-30": 1.9515, "2007-03-31": "1.42960", "2006-12-31": 2.0043, "2006-09-30": 1.7218, "2006-06-30": 1.35, "2006-03-31": "0.32900", "2005-12-31": 0.6209, "2005-09-30": 0.8593, "2005-06-30": 0.5417, "2005-03-31": "-0.13040"}}, "revenue": {"Caterpillar Annual Revenue (Millions of US $)": {"2020": "$41,748", "2019": "$53,800", "2018": "$54,722", "2017": "$45,462", "2016": "$38,537", "2015": "$47,011", "2014": "$55,184", "2013": "$55,656", "2012": "$65,875", "2011": "$60,138", "2010": "$42,588", "2009": "$32,396", "2008": "$51,324", "2007": "$44,958", "2006": "$41,517", "2005": "$36,339"}, "Caterpillar Quarterly Revenue (Millions of US $)": {"2020-12-31": "$11,235", "2020-09-30": "$9,881", "2020-06-30": "$9,997", "2020-03-31": "$10,635", "2019-12-31": "$13,144", "2019-09-30": "$12,758", "2019-06-30": "$14,432", "2019-03-31": "$13,466", "2018-12-31": "$14,342", "2018-09-30": "$13,510", "2018-06-30": "$14,011", "2018-03-31": "$12,859", "2017-12-31": "$12,896", "2017-09-30": "$11,413", "2017-06-30": "$11,331", "2017-03-31": "$9,822", "2016-12-31": "$9,574", "2016-09-30": "$9,160", "2016-06-30": "$10,342", "2016-03-31": "$9,461", "2015-12-31": "$11,030", "2015-09-30": "$10,962", "2015-06-30": "$12,317", "2015-03-31": "$12,702", "2014-12-31": "$14,244", "2014-09-30": "$13,549", "2014-06-30": "$14,150", "2014-03-31": "$13,241", "2013-12-31": "$14,402", "2013-09-30": "$13,423", "2013-06-30": "$14,621", "2013-03-31": "$13,210", "2012-12-31": "$16,075", "2012-09-30": "$16,445", "2012-06-30": "$17,374", "2012-03-31": "$15,981", "2011-12-31": "$17,243", "2011-09-30": "$15,716", "2011-06-30": "$14,230", "2011-03-31": "$12,949", "2010-12-31": "$12,807", "2010-09-30": "$11,134", "2010-06-30": "$10,409", "2010-03-31": "$8,238", "2009-12-31": "$7,898", "2009-09-30": "$7,298", "2009-06-30": "$7,975", "2009-03-31": "$9,225", "2008-12-31": "$12,923", "2008-09-30": "$12,981", "2008-06-30": "$13,624", "2008-03-31": "$11,796", "2007-12-31": "$12,144", "2007-09-30": "$11,442", "2007-06-30": "$11,356", "2007-03-31": "$10,016", "2006-12-31": "$11,003", "2006-09-30": "$10,517", "2006-06-30": "$10,605", "2006-03-31": "$9,392", "2005-12-31": "$9,663", "2005-09-30": "$8,977", "2005-06-30": "$9,360", "2005-03-31": "$8,339"}}, "gross-profit": {"Caterpillar Annual Gross Profit (Millions of US $)": {"2020": "$12,666", "2019": "$17,170", "2018": "$17,725", "2017": "$14,202", "2016": "$10,493", "2015": "$13,465", "2014": "$14,466", "2013": "$14,929", "2012": "$18,820", "2011": "$16,560", "2010": "$12,221", "2009": "$8,510", "2008": "$12,909", "2007": "$12,332", "2006": "$11,968", "2005": "$9,781"}, "Caterpillar Quarterly Gross Profit (Millions of US $)": {"2020-12-31": "$3,451", "2020-09-30": "$2,962", "2020-06-30": "$2,884", "2020-03-31": "$3,369", "2019-12-31": "$4,027", "2019-09-30": "$4,189", "2019-06-30": "$4,491", "2019-03-31": "$4,463", "2018-12-31": "$4,355", "2018-09-30": "$4,488", "2018-06-30": "$4,589", "2018-03-31": "$4,293", "2017-12-31": "$3,931", "2017-09-30": "$3,735", "2017-06-30": "$3,515", "2017-03-31": "$3,021", "2016-12-31": "$2,298", "2016-09-30": "$2,633", "2016-06-30": "$2,923", "2016-03-31": "$2,639", "2015-12-31": "$2,790", "2015-09-30": "$3,090", "2015-06-30": "$3,643", "2015-03-31": "$3,942", "2014-12-31": "$2,794", "2014-09-30": "$3,915", "2014-06-30": "$3,953", "2014-03-31": "$3,804", "2013-12-31": "$3,861", "2013-09-30": "$3,649", "2013-06-30": "$3,848", "2013-03-31": "$3,571", "2012-12-31": "$4,176", "2012-09-30": "$4,806", "2012-06-30": "$5,094", "2012-03-31": "$4,744", "2011-12-31": "$4,480", "2011-09-30": "$4,261", "2011-06-30": "$3,927", "2011-03-31": "$3,892", "2010-12-31": "$3,458", "2010-09-30": "$3,382", "2010-06-30": "$3,037", "2010-03-31": "$2,344", "2009-12-31": "$2,046", "2009-09-30": "$2,043", "2009-06-30": "$2,223", "2009-03-31": "$2,198", "2008-12-31": "$2,857", "2008-09-30": "$3,277", "2008-06-30": "$3,588", "2008-03-31": "$3,187", "2007-12-31": "$3,224", "2007-09-30": "$3,172", "2007-06-30": "$3,056", "2007-03-31": "$2,880", "2006-12-31": "$3,032", "2006-09-30": "$2,907", "2006-06-30": "$3,189", "2006-03-31": "$2,840", "2005-12-31": "$2,757", "2005-09-30": "$2,430", "2005-06-30": "$2,470", "2005-03-31": "$2,124"}}, "operating-income": {"Caterpillar Annual Operating Income (Millions of US $)": {"2020": "$4,553", "2019": "$8,290", "2018": "$8,293", "2017": "$4,460", "2016": "$1,162", "2015": "$3,785", "2014": "$3,314", "2013": "$5,628", "2012": "$8,573", "2011": "$7,153", "2010": "$3,963", "2009": "$577", "2008": "$4,448", "2007": "$4,921", "2006": "$4,921", "2005": "$3,784"}, "Caterpillar Quarterly Operating Income (Millions of US $)": {"2020-12-31": "$1,380", "2020-09-30": "$985", "2020-06-30": "$784", "2020-03-31": "$1,404", "2019-12-31": "$1,850", "2019-09-30": "$2,020", "2019-06-30": "$2,213", "2019-03-31": "$2,207", "2018-12-31": "$1,883", "2018-09-30": "$2,135", "2018-06-30": "$2,167", "2018-03-31": "$2,108", "2017-12-31": "$1,387", "2017-09-30": "$1,509", "2017-06-30": "$1,184", "2017-03-31": "$380", "2016-12-31": "$-598", "2016-09-30": "$481", "2016-06-30": "$785", "2016-03-31": "$494", "2015-12-31": "$-175", "2015-09-30": "$925", "2015-06-30": "$1,333", "2015-03-31": "$1,702", "2014-12-31": "$-951", "2014-09-30": "$1,392", "2014-06-30": "$1,475", "2014-03-31": "$1,398", "2013-12-31": "$1,452", "2013-09-30": "$1,401", "2013-06-30": "$1,557", "2013-03-31": "$1,218", "2012-12-31": "$1,038", "2012-09-30": "$2,596", "2012-06-30": "$2,616", "2012-03-31": "$2,323", "2011-12-31": "$1,960", "2011-09-30": "$1,759", "2011-06-30": "$1,601", "2011-03-31": "$1,833", "2010-12-31": "$1,291", "2010-09-30": "$1,187", "2010-06-30": "$977", "2010-03-31": "$508", "2009-12-31": "$128", "2009-09-30": "$277", "2009-06-30": "$347", "2009-03-31": "$-175", "2008-12-31": "$457", "2008-09-30": "$1,173", "2008-06-30": "$1,525", "2008-03-31": "$1,293", "2007-12-31": "$1,255", "2007-09-30": "$1,313", "2007-06-30": "$1,213", "2007-03-31": "$1,140", "2006-12-31": "$1,146", "2006-09-30": "$1,078", "2006-06-30": "$1,479", "2006-03-31": "$1,218", "2005-12-31": "$1,067", "2005-09-30": "$940", "2005-06-30": "$1,021", "2005-03-31": "$756"}}, "ebitda": {"Caterpillar Annual EBITDA (Millions of US $)": {"2019": "$11,621", "2018": "$11,781", "2017": "$7,983", "2016": "$4,792", "2015": "$7,418", "2014": "$7,101", "2013": "$9,442", "2012": "$12,763", "2011": "$10,506", "2010": "$7,173", "2009": "$3,958", "2008": "$7,581", "2007": "$7,850", "2006": "$7,546", "2005": "$6,029"}, "Caterpillar Quarterly EBITDA (Millions of US $)": {"2020-09-30": "$1,715", "2020-06-30": "$1,541", "2020-03-31": "$2,193", "2019-12-31": "$2,677", "2019-09-30": "$2,854", "2019-06-30": "$3,052", "2019-03-31": "$3,038", "2018-12-31": "$2,773", "2018-09-30": "$3,018", "2018-06-30": "$3,035", "2018-03-31": "$2,955", "2017-12-31": "$2,273", "2017-09-30": "$2,395", "2017-06-30": "$2,066", "2017-03-31": "$1,249", "2016-12-31": "$330", "2016-09-30": "$1,389", "2016-06-30": "$1,687", "2016-03-31": "$1,386", "2015-12-31": "$746", "2015-09-30": "$1,825", "2015-06-30": "$2,242", "2015-03-31": "$2,605", "2014-12-31": "$-2", "2014-09-30": "$2,347", "2014-06-30": "$2,417", "2014-03-31": "$2,339", "2013-12-31": "$2,451", "2013-09-30": "$2,358", "2013-06-30": "$2,503", "2013-03-31": "$2,130", "2012-12-31": "$2,559", "2012-09-30": "$3,513", "2012-06-30": "$3,503", "2012-03-31": "$3,188", "2011-12-31": "$2,858", "2011-09-30": "$2,628", "2011-06-30": "$2,409", "2011-03-31": "$2,611", "2010-12-31": "$2,126", "2010-09-30": "$1,979", "2010-06-30": "$1,773", "2010-03-31": "$1,295", "2009-12-31": "$1,069", "2009-09-30": "$1,094", "2009-06-30": "$1,157", "2009-03-31": "$638", "2008-12-31": "$1,283", "2008-09-30": "$1,965", "2008-06-30": "$2,284", "2008-03-31": "$2,049", "2007-12-31": "$2,044", "2007-09-30": "$2,054", "2007-06-30": "$1,929", "2007-03-31": "$1,823", "2006-12-31": "$1,797", "2006-09-30": "$1,762", "2006-06-30": "$2,137", "2006-03-31": "$1,850", "2005-12-31": "$1,648", "2005-09-30": "$1,506", "2005-06-30": "$1,577", "2005-03-31": "$1,298"}}, "net-income": {"Caterpillar Annual Net Income (Millions of US $)": {"2020": "$2,998", "2019": "$6,093", "2018": "$6,147", "2017": "$754", "2016": "$-67", "2015": "$2,512", "2014": "$2,452", "2013": "$3,789", "2012": "$5,681", "2011": "$4,928", "2010": "$2,700", "2009": "$895", "2008": "$3,557", "2007": "$3,541", "2006": "$3,537", "2005": "$2,854"}, "Caterpillar Quarterly Net Income (Millions of US $)": {"2020-12-31": "$780", "2020-09-30": "$668", "2020-06-30": "$458", "2020-03-31": "$1,092", "2019-12-31": "$1,098", "2019-09-30": "$1,494", "2019-06-30": "$1,620", "2019-03-31": "$1,881", "2018-12-31": "$1,048", "2018-09-30": "$1,727", "2018-06-30": "$1,707", "2018-03-31": "$1,665", "2017-12-31": "$-1,299", "2017-09-30": "$1,059", "2017-06-30": "$802", "2017-03-31": "$192", "2016-12-31": "$-1,171", "2016-09-30": "$283", "2016-06-30": "$550", "2016-03-31": "$271", "2015-12-31": "$-94", "2015-09-30": "$559", "2015-06-30": "$802", "2015-03-31": "$1,245", "2014-12-31": "$-486", "2014-09-30": "$1,017", "2014-06-30": "$999", "2014-03-31": "$922", "2013-12-31": "$1,003", "2013-09-30": "$946", "2013-06-30": "$960", "2013-03-31": "$880", "2012-12-31": "$697", "2012-09-30": "$1,699", "2012-06-30": "$1,699", "2012-03-31": "$1,586", "2011-12-31": "$1,547", "2011-09-30": "$1,141", "2011-06-30": "$1,015", "2011-03-31": "$1,225", "2010-12-31": "$968", "2010-09-30": "$792", "2010-06-30": "$707", "2010-03-31": "$233", "2009-12-31": "$232", "2009-09-30": "$404", "2009-06-30": "$371", "2009-03-31": "$-112", "2008-12-31": "$661", "2008-09-30": "$868", "2008-06-30": "$1,106", "2008-03-31": "$922", "2007-12-31": "$975", "2007-09-30": "$927", "2007-06-30": "$823", "2007-03-31": "$816", "2006-12-31": "$882", "2006-09-30": "$769", "2006-06-30": "$1,046", "2006-03-31": "$840", "2005-12-31": "$846", "2005-09-30": "$667", "2005-06-30": "$760", "2005-03-31": "$581"}}, "eps-earnings-per-share-diluted": {"Caterpillar Annual EPS": {"2020": "$5.46", "2019": "$10.74", "2018": "$10.26", "2017": "$1.26", "2016": "$-0.11", "2015": "$4.18", "2014": "$3.90", "2013": "$5.75", "2012": "$8.48", "2011": "$7.40", "2010": "$4.15", "2009": "$1.43", "2008": "$5.66", "2007": "$5.37", "2006": "$5.17", "2005": "$4.04"}, "Caterpillar Quarterly EPS": {"2020-12-31": "$1.42", "2020-09-30": "$1.22", "2020-06-30": "$0.84", "2020-03-31": "$1.98", "2019-12-31": "$2.00", "2019-09-30": "$2.66", "2019-06-30": "$2.83", "2019-03-31": "$3.25", "2018-12-31": "$1.82", "2018-09-30": "$2.88", "2018-06-30": "$2.82", "2018-03-31": "$2.74", "2017-12-31": "$-2.18", "2017-09-30": "$1.77", "2017-06-30": "$1.35", "2017-03-31": "$0.32", "2016-12-31": "$-1.98", "2016-09-30": "$0.48", "2016-06-30": "$0.93", "2016-03-31": "$0.46", "2015-12-31": "$-0.10", "2015-09-30": "$0.94", "2015-06-30": "$1.31", "2015-03-31": "$2.03", "2014-12-31": "$-0.74", "2014-09-30": "$1.63", "2014-06-30": "$1.57", "2014-03-31": "$1.44", "2013-12-31": "$1.54", "2013-09-30": "$1.45", "2013-06-30": "$1.45", "2013-03-31": "$1.31", "2012-12-31": "$1.03", "2012-09-30": "$2.54", "2012-06-30": "$2.54", "2012-03-31": "$2.37", "2011-12-31": "$2.33", "2011-09-30": "$1.71", "2011-06-30": "$1.52", "2011-03-31": "$1.84", "2010-12-31": "$1.48", "2010-09-30": "$1.22", "2010-06-30": "$1.09", "2010-03-31": "$0.36", "2009-12-31": "$0.38", "2009-09-30": "$0.64", "2009-06-30": "$0.60", "2009-03-31": "$-0.19", "2008-12-31": "$1.08", "2008-09-30": "$1.39", "2008-06-30": "$1.74", "2008-03-31": "$1.45", "2007-12-31": "$1.50", "2007-09-30": "$1.40", "2007-06-30": "$1.24", "2007-03-31": "$1.23", "2006-12-31": "$1.31", "2006-09-30": "$1.14", "2006-06-30": "$1.52", "2006-03-31": "$1.20", "2005-12-31": "$1.21", "2005-09-30": "$0.94", "2005-06-30": "$1.08", "2005-03-31": "$0.81"}}, "shares-outstanding": {"Caterpillar Annual Shares Outstanding (Millions of Shares)": {"2020": "549", "2019": "568", "2018": "599", "2017": "599", "2016": "584", "2015": "601", "2014": "629", "2013": "659", "2012": "670", "2011": "666", "2010": "650", "2009": "626", "2008": "628", "2007": "660", "2006": "684", "2005": "706"}, "Caterpillar Quarterly Shares Outstanding (Millions of Shares)": {"2020-12-31": "550", "2020-09-30": "546", "2020-06-30": "545", "2020-03-31": "551", "2019-12-31": "568", "2019-09-30": "561", "2019-06-30": "573", "2019-03-31": "579", "2018-12-31": "599", "2018-09-30": "599", "2018-06-30": "604", "2018-03-31": "608", "2017-12-31": "599", "2017-09-30": "600", "2017-06-30": "595", "2017-03-31": "593", "2016-12-31": "584", "2016-09-30": "590", "2016-06-30": "589", "2016-03-31": "588", "2015-12-31": "601", "2015-09-30": "595", "2015-06-30": "611", "2015-03-31": "613", "2014-12-31": "629", "2014-09-30": "623", "2014-06-30": "638", "2014-03-31": "639", "2013-12-31": "659", "2013-09-30": "652", "2013-06-30": "663", "2013-03-31": "672", "2012-12-31": "670", "2012-09-30": "669", "2012-06-30": "670", "2012-03-31": "670", "2011-12-31": "666", "2011-09-30": "666", "2011-06-30": "667", "2011-03-31": "665", "2010-12-31": "650", "2010-09-30": "652", "2010-06-30": "647", "2010-03-31": "644", "2009-12-31": "626", "2009-09-30": "636", "2009-06-30": "620", "2009-03-31": "602", "2008-12-31": "628", "2008-09-30": "625", "2008-06-30": "636", "2008-03-31": "638", "2007-12-31": "660", "2007-09-30": "660", "2007-06-30": "663", "2007-03-31": "665", "2006-12-31": "684", "2006-09-30": "677", "2006-06-30": "689", "2006-03-31": "699", "2005-12-31": "706", "2005-09-30": "711", "2005-06-30": "705", "2005-03-31": "713"}}, "total-assets": {"Caterpillar Annual Total Assets (Millions of US $)": {"2019": "$78,453", "2018": "$78,509", "2017": "$76,962", "2016": "$74,704", "2015": "$78,342", "2014": "$84,681", "2013": "$84,896", "2012": "$88,970", "2011": "$81,218", "2010": "$64,020", "2009": "$60,038", "2008": "$67,782", "2007": "$56,132", "2006": "$51,449", "2005": "$47,553"}, "Caterpillar Quarterly Total Assets (Millions of US $)": {"2020-09-30": "$76,741", "2020-06-30": "$76,566", "2020-03-31": "$75,894", "2019-12-31": "$78,453", "2019-09-30": "$77,993", "2019-06-30": "$79,187", "2019-03-31": "$78,726", "2018-12-31": "$78,509", "2018-09-30": "$78,209", "2018-06-30": "$78,987", "2018-03-31": "$78,014", "2017-12-31": "$76,962", "2017-09-30": "$78,560", "2017-06-30": "$78,510", "2017-03-31": "$77,549", "2016-12-31": "$74,704", "2016-09-30": "$76,402", "2016-06-30": "$78,300", "2016-03-31": "$78,307", "2015-12-31": "$78,342", "2015-09-30": "$78,969", "2015-06-30": "$82,242", "2015-03-31": "$82,490", "2014-12-31": "$84,681", "2014-09-30": "$84,488", "2014-06-30": "$87,827", "2014-03-31": "$84,397", "2013-12-31": "$84,896", "2013-09-30": "$87,272", "2013-06-30": "$87,375", "2013-03-31": "$88,743", "2012-12-31": "$88,970", "2012-09-30": "$90,541", "2012-06-30": "$88,838", "2012-03-31": "$83,908", "2011-12-31": "$81,218", "2011-09-30": "$77,767", "2011-06-30": "$73,611", "2011-03-31": "$66,387", "2010-12-31": "$64,020", "2010-09-30": "$61,642", "2010-06-30": "$58,793", "2010-03-31": "$58,836", "2009-12-31": "$60,038", "2009-09-30": "$60,838", "2009-06-30": "$62,092", "2009-03-31": "$64,440", "2008-12-31": "$67,782", "2008-09-30": "$64,229", "2008-06-30": "$60,453", "2008-03-31": "$58,204", "2007-12-31": "$56,132", "2007-09-30": "$54,799", "2007-06-30": "$53,506", "2007-03-31": "$52,248", "2006-12-31": "$51,449", "2006-09-30": "$50,483", "2006-06-30": "$49,905", "2006-03-31": "$47,957", "2005-12-31": "$47,553", "2005-09-30": "$45,865", "2005-06-30": "$44,823", "2005-03-31": "$44,347"}}, "cash-on-hand": {"Caterpillar Annual Cash on Hand (Millions of US $)": {"2019": "$8,284", "2018": "$7,857", "2017": "$8,261", "2016": "$7,168", "2015": "$6,460", "2014": "$7,341", "2013": "$6,081", "2012": "$5,490", "2011": "$3,057", "2010": "$3,592", "2009": "$4,867", "2008": "$2,736", "2007": "$1,122", "2006": "$530", "2005": "$1,108"}, "Caterpillar Quarterly Cash on Hand (Millions of US $)": {"2020-09-30": "$9,315", "2020-06-30": "$8,784", "2020-03-31": "$7,123", "2019-12-31": "$8,284", "2019-09-30": "$7,906", "2019-06-30": "$7,429", "2019-03-31": "$7,128", "2018-12-31": "$7,857", "2018-09-30": "$8,007", "2018-06-30": "$8,654", "2018-03-31": "$7,888", "2017-12-31": "$8,261", "2017-09-30": "$9,591", "2017-06-30": "$10,232", "2017-03-31": "$9,472", "2016-12-31": "$7,168", "2016-09-30": "$6,113", "2016-06-30": "$6,764", "2016-03-31": "$5,886", "2015-12-31": "$6,460", "2015-09-30": "$6,046", "2015-06-30": "$7,821", "2015-03-31": "$7,563", "2014-12-31": "$7,341", "2014-09-30": "$6,082", "2014-06-30": "$7,927", "2014-03-31": "$5,345", "2013-12-31": "$6,081", "2013-09-30": "$6,357", "2013-06-30": "$6,110", "2013-03-31": "$5,982", "2012-12-31": "$5,490", "2012-09-30": "$5,689", "2012-06-30": "$5,103", "2012-03-31": "$2,864", "2011-12-31": "$3,057", "2011-09-30": "$3,229", "2011-06-30": "$10,715", "2011-03-31": "$4,869", "2010-12-31": "$3,592", "2010-09-30": "$2,265", "2010-06-30": "$3,597", "2010-03-31": "$3,538", "2009-12-31": "$4,867", "2009-09-30": "$4,188", "2009-06-30": "$3,991", "2009-03-31": "$3,566", "2008-12-31": "$2,736", "2008-09-30": "$2,138", "2008-06-30": "$782", "2008-03-31": "$777", "2007-12-31": "$1,122", "2007-09-30": "$910", "2007-06-30": "$562", "2007-03-31": "$607", "2006-12-31": "$530", "2006-09-30": "$553", "2006-06-30": "$648", "2006-03-31": "$806", "2005-12-31": "$1,108", "2005-09-30": "$967", "2005-06-30": "$749", "2005-03-31": "$517"}}, "long-term-debt": {"Caterpillar Annual Long Term Debt (Millions of US $)": {"2019": "$26,281", "2018": "$25,000", "2017": "$23,847", "2016": "$22,818", "2015": "$25,169", "2014": "$27,784", "2013": "$26,719", "2012": "$27,752", "2011": "$24,944", "2010": "$20,437", "2009": "$21,847", "2008": "$22,834", "2007": "$17,829", "2006": "$17,680", "2005": "$15,677"}, "Caterpillar Quarterly Long Term Debt (Millions of US $)": {"2020-09-30": "$26,107", "2020-06-30": "$26,907", "2020-03-31": "$24,369", "2019-12-31": "$26,281", "2019-09-30": "$25,588", "2019-06-30": "$24,764", "2019-03-31": "$24,240", "2018-12-31": "$25,000", "2018-09-30": "$25,441", "2018-06-30": "$23,699", "2018-03-31": "$23,165", "2017-12-31": "$23,847", "2017-09-30": "$24,835", "2017-06-30": "$23,815", "2017-03-31": "$23,725", "2016-12-31": "$22,818", "2016-09-30": "$23,622", "2016-06-30": "$23,980", "2016-03-31": "$24,470", "2015-12-31": "$25,169", "2015-09-30": "$25,208", "2015-06-30": "$27,445", "2015-03-31": "$26,803", "2014-12-31": "$27,784", "2014-09-30": "$28,180", "2014-06-30": "$27,307", "2014-03-31": "$26,801", "2013-12-31": "$26,719", "2013-09-30": "$26,015", "2013-06-30": "$25,680", "2013-03-31": "$27,240", "2012-12-31": "$27,752", "2012-09-30": "$26,526", "2012-06-30": "$27,261", "2012-03-31": "$25,191", "2011-12-31": "$24,944", "2011-09-30": "$26,781", "2011-06-30": "$25,926", "2011-03-31": "$19,895", "2010-12-31": "$20,437", "2010-09-30": "$20,337", "2010-06-30": "$20,226", "2010-03-31": "$21,548", "2009-12-31": "$21,847", "2009-09-30": "$23,069", "2009-06-30": "$23,558", "2009-03-31": "$23,466", "2008-12-31": "$22,834", "2008-09-30": "$19,794", "2008-06-30": "$17,643", "2008-03-31": "$17,654", "2007-12-31": "$17,829", "2007-09-30": "$17,153", "2007-06-30": "$17,955", "2007-03-31": "$17,017", "2006-12-31": "$17,680", "2006-09-30": "$18,145", "2006-06-30": "$15,939", "2006-03-31": "$15,370", "2005-12-31": "$15,677", "2005-09-30": "$14,984", "2005-06-30": "$15,857", "2005-03-31": "$17,909"}}, "total-liabilities": {"Caterpillar Annual Total Liabilities (Millions of US $)": {"2019": "$63,824", "2018": "$64,429", "2017": "$63,196", "2016": "$61,491", "2015": "$63,457", "2014": "$67,855", "2013": "$64,018", "2012": "$71,388", "2011": "$68,289", "2010": "$53,156", "2009": "$51,215", "2008": "$61,592", "2007": "$47,136", "2006": "$44,590", "2005": "$39,121"}, "Caterpillar Quarterly Total Liabilities (Millions of US $)": {"2020-09-30": "$61,747", "2020-06-30": "$62,789", "2020-03-31": "$61,655", "2019-12-31": "$63,824", "2019-09-30": "$63,000", "2019-06-30": "$64,309", "2019-03-31": "$63,248", "2018-12-31": "$64,429", "2018-09-30": "$62,319", "2018-06-30": "$64,045", "2018-03-31": "$62,742", "2017-12-31": "$63,196", "2017-09-30": "$62,863", "2017-06-30": "$64,431", "2017-03-31": "$63,889", "2016-12-31": "$61,491", "2016-09-30": "$60,687", "2016-06-30": "$62,997", "2016-03-31": "$62,554", "2015-12-31": "$63,457", "2015-09-30": "$63,001", "2015-06-30": "$65,081", "2015-03-31": "$65,452", "2014-12-31": "$67,855", "2014-09-30": "$65,592", "2014-06-30": "$66,904", "2014-03-31": "$64,028", "2013-12-31": "$64,018", "2013-09-30": "$69,095", "2013-06-30": "$69,697", "2013-03-31": "$70,425", "2012-12-31": "$71,388", "2012-09-30": "$72,605", "2012-06-30": "$72,857", "2012-03-31": "$68,892", "2011-12-31": "$68,289", "2011-09-30": "$63,554", "2011-06-30": "$60,175", "2011-03-31": "$53,715", "2010-12-31": "$53,156", "2010-09-30": "$51,767", "2010-06-30": "$49,521", "2010-03-31": "$49,814", "2009-12-31": "$51,215", "2009-09-30": "$52,756", "2009-06-30": "$54,717", "2009-03-31": "$58,104", "2008-12-31": "$61,592", "2008-09-30": "$54,584", "2008-06-30": "$50,983", "2008-03-31": "$48,986", "2007-12-31": "$47,136", "2007-09-30": "$46,191", "2007-06-30": "$45,675", "2007-03-31": "$44,756", "2006-12-31": "$44,590", "2006-09-30": "$41,455", "2006-06-30": "$41,272", "2006-03-31": "$38,995", "2005-12-31": "$39,121", "2005-09-30": "$37,473", "2005-06-30": "$37,118", "2005-03-31": "$36,600"}}, "total-share-holder-equity": {"Caterpillar Annual Share Holder Equity (Millions of US $)": {"2019": "$14,629", "2018": "$14,080", "2017": "$13,766", "2016": "$13,213", "2015": "$14,885", "2014": "$16,826", "2013": "$20,878", "2012": "$17,582", "2011": "$12,929", "2010": "$10,864", "2009": "$8,823", "2008": "$6,190", "2007": "$8,996", "2006": "$6,859", "2005": "$8,432"}, "Caterpillar Quarterly Share Holder Equity (Millions of US $)": {"2020-09-30": "$14,994", "2020-06-30": "$13,777", "2020-03-31": "$14,239", "2019-12-31": "$14,629", "2019-09-30": "$14,993", "2019-06-30": "$14,878", "2019-03-31": "$15,478", "2018-12-31": "$14,080", "2018-09-30": "$15,890", "2018-06-30": "$14,942", "2018-03-31": "$15,272", "2017-12-31": "$13,766", "2017-09-30": "$15,697", "2017-06-30": "$14,079", "2017-03-31": "$13,660", "2016-12-31": "$13,213", "2016-09-30": "$15,715", "2016-06-30": "$15,303", "2016-03-31": "$15,753", "2015-12-31": "$14,885", "2015-09-30": "$15,968", "2015-06-30": "$17,161", "2015-03-31": "$17,038", "2014-12-31": "$16,826", "2014-09-30": "$18,896", "2014-06-30": "$20,923", "2014-03-31": "$20,369", "2013-12-31": "$20,878", "2013-09-30": "$18,177", "2013-06-30": "$17,678", "2013-03-31": "$18,318", "2012-12-31": "$17,582", "2012-09-30": "$17,936", "2012-06-30": "$15,981", "2012-03-31": "$15,016", "2011-12-31": "$12,929", "2011-09-30": "$14,213", "2011-06-30": "$13,436", "2011-03-31": "$12,672", "2010-12-31": "$10,864", "2010-09-30": "$9,875", "2010-06-30": "$9,272", "2010-03-31": "$9,022", "2009-12-31": "$8,823", "2009-09-30": "$8,082", "2009-06-30": "$7,375", "2009-03-31": "$6,336", "2008-12-31": "$6,190", "2008-09-30": "$9,645", "2008-06-30": "$9,470", "2008-03-31": "$9,218", "2007-12-31": "$8,996", "2007-09-30": "$8,608", "2007-06-30": "$7,831", "2007-03-31": "$7,492", "2006-12-31": "$6,859", "2006-09-30": "$9,028", "2006-06-30": "$8,633", "2006-03-31": "$8,962", "2005-12-31": "$8,432", "2005-09-30": "$8,392", "2005-06-30": "$7,705", "2005-03-31": "$7,747"}}, "profit-margins": {"current": "7.18%"}, "gross margin": {"2020-12-31": "30.34%", "2020-09-30": "30.33%", "2020-06-30": "31.09%", "2020-03-31": "31.54%", "2019-12-31": "31.91%", "2019-09-30": "31.82%", "2019-06-30": "31.92%", "2019-03-31": "32.34%", "2018-12-31": "32.39%", "2018-09-30": "32.47%", "2018-06-30": "32.33%", "2018-03-31": "31.91%", "2017-12-31": "31.24%", "2017-09-30": "29.83%", "2017-06-30": "28.75%", "2017-03-31": "27.96%", "2016-12-31": "27.23%", "2016-09-30": "27.47%", "2016-06-30": "27.38%", "2016-03-31": "27.79%", "2015-12-31": "28.64%", "2015-09-30": "26.82%", "2015-06-30": "27.07%", "2015-03-31": "26.73%", "2014-12-31": "26.21%", "2014-09-30": "28.07%", "2014-06-30": "27.65%", "2014-03-31": "27.23%", "2013-12-31": "26.82%", "2013-09-30": "26.59%", "2013-06-30": "27.18%", "2013-03-31": "27.96%", "2012-12-31": "28.57%", "2012-09-30": "28.52%", "2012-06-30": "28.02%", "2012-03-31": "27.56%", "2011-12-31": "27.54%", "2011-09-30": "27.89%", "2011-06-30": "28.68%", "2011-03-31": "29.11%", "2010-12-31": "28.70%", "2010-09-30": "28.69%", "2010-06-30": "27.98%", "2010-03-31": "27.56%", "2009-12-31": "26.27%", "2009-09-30": "24.91%", "2009-06-30": "24.49%", "2009-03-31": "24.45%", "2008-12-31": "25.15%", "2008-09-30": "26.27%", "2008-06-30": "26.88%", "2008-03-31": "27.04%", "2007-12-31": "27.43%", "2007-09-30": "27.71%", "2007-06-30": "27.69%", "2007-03-31": "28.49%", "2006-12-31": "28.83%", "2006-09-30": "29.10%", "2006-06-30": "29.03%", "2006-03-31": "28.07%", "2005-12-31": "26.92%"}, "operating margin": {"2020-12-31": "10.91%", "2020-09-30": "11.51%", "2020-06-30": "13.02%", "2020-03-31": "14.69%", "2019-12-31": "15.41%", "2019-09-30": "15.13%", "2019-06-30": "15.14%", "2019-03-31": "15.17%", "2018-12-31": "15.15%", "2018-09-30": "14.64%", "2018-06-30": "14.01%", "2018-03-31": "12.76%", "2017-12-31": "9.81%", "2017-09-30": "5.87%", "2017-06-30": "3.63%", "2017-03-31": "2.69%", "2016-12-31": "3.02%", "2016-09-30": "3.96%", "2016-06-30": "4.85%", "2016-03-31": "5.89%", "2015-12-31": "8.05%", "2015-09-30": "5.99%", "2015-06-30": "6.58%", "2015-03-31": "6.62%", "2014-12-31": "6.01%", "2014-09-30": "10.33%", "2014-06-30": "10.37%", "2014-03-31": "10.43%", "2013-12-31": "10.11%", "2013-09-30": "9.09%", "2013-06-30": "10.62%", "2013-03-31": "11.83%", "2012-12-31": "13.01%", "2012-09-30": "14.16%", "2012-06-30": "13.06%", "2012-03-31": "12.10%", "2011-12-31": "11.89%", "2011-09-30": "11.64%", "2011-06-30": "11.56%", "2011-03-31": "11.18%", "2010-12-31": "9.31%", "2010-09-30": "7.43%", "2010-06-30": "5.58%", "2010-03-31": "4.01%", "2009-12-31": "1.78%", "2009-09-30": "2.42%", "2009-06-30": "4.18%", "2009-03-31": "6.11%", "2008-12-31": "8.67%", "2008-09-30": "10.38%", "2008-06-30": "10.99%", "2008-03-31": "10.86%", "2007-12-31": "10.95%", "2007-09-30": "10.98%", "2007-06-30": "10.67%", "2007-03-31": "11.49%", "2006-12-31": "11.85%", "2006-09-30": "12.05%", "2006-06-30": "12.17%", "2006-03-31": "11.36%", "2005-12-31": "10.41%"}, "ebitda margin": {"2020-09-30": "18.61%", "2020-06-30": "19.91%", "2020-03-31": "21.14%", "2019-12-31": "21.60%", "2019-09-30": "21.30%", "2019-06-30": "21.31%", "2019-03-31": "21.44%", "2018-12-31": "21.53%", "2018-09-30": "21.17%", "2018-06-30": "20.82%", "2018-03-31": "19.98%", "2017-12-31": "17.56%", "2017-09-30": "14.33%", "2017-06-30": "12.62%", "2017-03-31": "11.97%", "2016-12-31": "12.43%", "2016-09-30": "13.02%", "2016-06-30": "13.50%", "2016-03-31": "14.16%", "2015-12-31": "15.78%", "2015-09-30": "13.28%", "2015-06-30": "13.62%", "2015-03-31": "13.48%", "2014-12-31": "12.87%", "2014-09-30": "17.26%", "2014-06-30": "17.32%", "2014-03-31": "17.33%", "2013-12-31": "16.96%", "2013-09-30": "16.66%", "2013-06-30": "17.74%", "2013-03-31": "18.55%", "2012-12-31": "19.37%", "2012-09-30": "19.48%", "2012-06-30": "18.36%", "2012-03-31": "17.54%", "2011-12-31": "17.47%", "2011-09-30": "17.55%", "2011-06-30": "17.85%", "2011-03-31": "17.95%", "2010-12-31": "16.84%", "2010-09-30": "16.23%", "2010-06-30": "15.46%", "2010-03-31": "14.69%", "2009-12-31": "12.22%", "2009-09-30": "11.15%", "2009-06-30": "11.70%", "2009-03-31": "12.66%", "2008-12-31": "14.77%", "2008-09-30": "16.50%", "2008-06-30": "17.20%", "2008-03-31": "17.28%", "2007-12-31": "17.46%", "2007-09-30": "17.35%", "2007-06-30": "17.05%", "2007-03-31": "17.84%", "2006-12-31": "18.18%", "2006-09-30": "18.41%", "2006-06-30": "18.48%", "2006-03-31": "17.60%", "2005-12-31": "16.59%"}, "pre tax profit margin": {"2020-12-31": "9.57%", "2020-09-30": "10.12%", "2020-06-30": "11.95%", "2020-03-31": "13.85%", "2019-12-31": "14.52%", "2019-09-30": "14.21%", "2019-06-30": "14.25%", "2019-03-31": "14.37%", "2018-12-31": "14.29%", "2018-09-30": "14.20%", "2018-06-30": "13.59%", "2018-03-31": "12.22%", "2017-12-31": "8.98%", "2017-09-30": "3.85%", "2017-06-30": "1.21%", "2017-03-31": "0.16%", "2016-12-31": "0.36%", "2016-09-30": "3.10%", "2016-06-30": "3.92%", "2016-03-31": "4.65%", "2015-12-31": "7.32%", "2015-09-30": "5.37%", "2015-06-30": "6.24%", "2015-03-31": "6.55%", "2014-12-31": "5.71%", "2014-09-30": "9.99%", "2014-06-30": "9.80%", "2014-03-31": "9.59%", "2013-12-31": "9.21%", "2013-09-30": "8.12%", "2013-06-30": "9.68%", "2013-03-31": "11.20%", "2012-12-31": "12.50%", "2012-09-30": "13.87%", "2012-06-30": "12.80%", "2012-03-31": "11.49%", "2011-12-31": "11.18%", "2011-09-30": "10.73%", "2011-06-30": "10.66%", "2011-03-31": "10.66%", "2010-12-31": "8.81%", "2010-09-30": "7.02%", "2010-06-30": "5.30%", "2010-03-31": "3.98%", "2009-12-31": "1.76%", "2009-09-30": "2.15%", "2009-06-30": "4.20%", "2009-03-31": "6.05%", "2008-12-31": "8.77%", "2008-09-30": "10.80%", "2008-06-30": "11.21%", "2008-03-31": "11.04%", "2007-12-31": "11.10%", "2007-09-30": "10.95%", "2007-06-30": "10.68%", "2007-03-31": "11.49%", "2006-12-31": "11.71%", "2006-09-30": "12.04%", "2006-06-30": "12.20%", "2006-03-31": "11.49%", "2005-12-31": "10.74%"}, "net profit margin": {"2020-12-31": "7.18%", "2020-09-30": "7.60%", "2020-06-30": "8.90%", "2020-03-31": "10.41%", "2019-12-31": "11.33%", "2019-09-30": "10.99%", "2019-06-30": "11.26%", "2019-03-31": "11.50%", "2018-12-31": "11.23%", "2018-09-30": "7.13%", "2018-06-30": "6.12%", "2018-03-31": "4.59%", "2017-12-31": "1.66%", "2017-09-30": "2.09%", "2017-06-30": "0.27%", "2017-03-31": "-0.38%", "2016-12-31": "-0.17%", "2016-09-30": "2.53%", "2016-06-30": "3.08%", "2016-03-31": "3.51%", "2015-12-31": "5.34%", "2015-09-30": "4.22%", "2015-06-30": "4.88%", "2015-03-31": "5.08%", "2014-12-31": "4.44%", "2014-09-30": "7.12%", "2014-06-30": "7.01%", "2014-03-31": "6.88%", "2013-12-31": "6.81%", "2013-09-30": "6.08%", "2013-06-30": "7.02%", "2013-03-31": "7.88%", "2012-12-31": "8.62%", "2012-09-30": "9.74%", "2012-06-30": "9.01%", "2012-03-31": "8.37%", "2011-12-31": "8.19%", "2011-09-30": "7.81%", "2011-06-30": "7.82%", "2011-03-31": "7.81%", "2010-12-31": "6.34%", "2010-09-30": "5.21%", "2010-06-30": "4.66%", "2010-03-31": "3.95%", "2009-12-31": "2.76%", "2009-09-30": "3.54%", "2009-06-30": "4.15%", "2009-03-31": "5.18%", "2008-12-31": "6.93%", "2008-09-30": "7.66%", "2008-06-30": "8.02%", "2008-03-31": "7.80%", "2007-12-31": "7.88%", "2007-09-30": "7.87%", "2007-06-30": "7.67%", "2007-03-31": "8.34%", "2006-12-31": "8.52%", "2006-09-30": "8.71%", "2006-06-30": "8.80%", "2006-03-31": "8.33%", "2005-12-31": "7.85%"}, "pe ratio": {"current": "32.39", "2021-02-11": "49.10", "2020-12-31": "44.82", "2020-09-30": "24.54", "2020-06-30": "16.66", "2020-03-31": "11.96", "2019-12-31": "13.32", "2019-09-30": "11.51", "2019-06-30": "12.07", "2019-03-31": "11.94", "2018-12-31": "11.68", "2018-09-30": "22.74", "2018-06-30": "24.44", "2018-03-31": "36.97", "2017-12-31": "114.92", "2017-09-30": "79.11", "2017-06-30": "649.67", "2017-03-31": "0.00", "2016-12-31": "0.00", "2016-09-30": "45.64", "2016-06-30": "35.70", "2016-03-31": "31.76", "2015-12-31": "16.92", "2015-09-30": "11.49", "2015-06-30": "12.21", "2015-03-31": "10.68", "2014-12-31": "12.87", "2014-09-30": "13.13", "2014-06-30": "14.75", "2014-03-31": "13.68", "2013-12-31": "12.70", "2013-09-30": "12.69", "2013-06-30": "10.32", "2013-03-31": "9.22", "2012-12-31": "8.32", "2012-09-30": "6.86", "2012-06-30": "7.35", "2012-03-31": "10.37", "2011-12-31": "9.41", "2011-09-30": "8.62", "2011-06-30": "13.37", "2011-03-31": "15.00", "2010-12-31": "17.04", "2010-09-30": "19.45", "2010-06-30": "18.24", "2010-03-31": "23.71", "2009-12-31": "29.68", "2009-09-30": "17.57", "2009-06-30": "8.26", "2009-03-31": "4.95", "2008-12-31": "5.55", "2008-09-30": "6.83", "2008-06-30": "8.40", "2008-03-31": "9.66", "2007-12-31": "9.26", "2007-09-30": "10.31", "2007-06-30": "10.79", "2007-03-31": "8.71", "2006-12-31": "7.97"}, "price sales": {"2021-02-11": "2.60", "2020-12-31": "2.38", "2020-09-30": "1.87", "2020-06-30": "1.49", "2020-03-31": "1.25", "2019-12-31": "1.51", "2019-09-30": "1.27", "2019-06-30": "1.37", "2019-03-31": "1.38", "2018-12-31": "1.31", "2018-09-30": "1.61", "2018-06-30": "1.48", "2018-03-31": "1.69", "2017-12-31": "1.90", "2017-09-30": "1.60", "2017-06-30": "1.44", "2017-03-31": "1.26", "2016-12-31": "1.26", "2016-09-30": "1.16", "2016-06-30": "0.94", "2016-03-31": "0.91", "2015-12-31": "0.75", "2015-09-30": "0.68", "2015-06-30": "0.83", "2015-03-31": "0.76", "2014-12-31": "0.87", "2014-09-30": "0.94", "2014-06-30": "1.04", "2014-03-31": "0.94", "2013-12-31": "0.87", "2013-09-30": "0.77", "2013-06-30": "0.72", "2013-03-31": "0.73", "2012-12-31": "0.72", "2012-09-30": "0.67", "2012-06-30": "0.66", "2012-03-31": "0.87", "2011-12-31": "0.77", "2011-09-30": "0.67", "2011-06-30": "1.04", "2011-03-31": "1.16", "2010-12-31": "1.07", "2010-09-30": "1.01", "2010-06-30": "0.84", "2010-03-31": "0.93", "2009-12-31": "0.80", "2009-09-30": "0.62", "2009-06-30": "0.34", "2009-03-31": "0.25", "2008-12-31": "0.39", "2008-09-30": "0.52", "2008-06-30": "0.68", "2008-03-31": "0.76", "2007-12-31": "0.73", "2007-09-30": "0.82", "2007-06-30": "0.83", "2007-03-31": "0.73", "2006-12-31": "0.68"}, "price book": {"current": "6.97", "2021-02-11": "7.19", "2020-09-30": "5.34", "2020-06-30": "4.88", "2020-03-31": "4.30", "2019-12-31": "5.36", "2019-09-30": "4.46", "2019-06-30": "4.90", "2019-03-31": "4.73", "2018-12-31": "4.88", "2018-09-30": "5.29", "2018-06-30": "5.01", "2018-03-31": "5.33", "2017-12-31": "6.29", "2017-09-30": "4.32", "2017-06-30": "4.09", "2017-03-31": "3.60", "2016-12-31": "3.67", "2016-09-30": "2.92", "2016-06-30": "2.53", "2016-03-31": "2.46", "2015-12-31": "2.28", "2015-09-30": "2.02", "2015-06-30": "2.50", "2015-03-31": "2.36", "2014-12-31": "2.72", "2014-09-30": "2.60", "2014-06-30": "2.66", "2014-03-31": "2.47", "2013-12-31": "2.23", "2013-09-30": "2.33", "2013-06-30": "2.40", "2013-03-31": "2.46", "2012-12-31": "2.63", "2012-09-30": "2.44", "2012-06-30": "2.69", "2012-03-31": "3.57", "2011-12-31": "3.48", "2011-09-30": "2.56", "2011-06-30": "3.89", "2011-03-31": "4.29", "2010-12-31": "4.15", "2010-09-30": "3.79", "2010-06-30": "3.04", "2010-03-31": "3.23", "2009-12-31": "2.96", "2009-09-30": "2.88", "2009-06-30": "2.00", "2009-03-31": "1.89", "2008-12-31": "3.05", "2008-09-30": "2.60", "2008-06-30": "3.29", "2008-03-31": "3.60", "2007-12-31": "3.45", "2007-09-30": "3.95", "2007-06-30": "4.34", "2007-03-31": "3.88", "2006-12-31": "3.89", "2006-09-30": "3.18", "2006-06-30": "3.78", "2006-03-31": "3.57"}, "price fcf": {"2021-02-11": "", "2020-09-30": "$9.45", "2020-06-30": "$7.94", "2020-03-31": "$9.60", "2019-12-31": "$9.51", "2019-09-30": "$8.62", "2019-06-30": "$9.24", "2019-03-31": "$8.27", "2018-12-31": "$7.64", "2018-09-30": "$5.38", "2018-06-30": "$5.38", "2018-03-31": "$6.15", "2017-12-31": "$7.57", "2017-09-30": "$9.52", "2017-06-30": "$9.14", "2017-03-31": "$8.45", "2016-12-31": "$6.18", "2016-09-30": "$5.68", "2016-06-30": "$5.98", "2016-03-31": "$5.85", "2015-12-31": "$6.98", "2015-09-30": "$6.95", "2015-06-30": "$7.80", "2015-03-31": "$7.77", "2014-12-31": "$8.88", "2014-09-30": "$9.47", "2014-06-30": "$10.61", "2014-03-31": "$11.56", "2013-12-31": "$10.00", "2013-09-30": "$8.77", "2013-06-30": "$5.65", "2013-03-31": "$3.23", "2012-12-31": "$1.83", "2012-09-30": "$1.47", "2012-06-30": "$3.31", "2012-03-31": "$5.28", "2011-12-31": "$6.59", "2011-09-30": "$8.24", "2011-06-30": "$7.06", "2011-03-31": "$5.62", "2010-12-31": "$5.98", "2010-09-30": "$6.06", "2010-06-30": "$7.13", "2010-03-31": "$8.15", "2009-12-31": "$8.42", "2009-09-30": "$6.28", "2009-06-30": "$5.32", "2009-03-31": "$3.62", "2008-12-31": "$2.82", "2008-09-30": "$4.87", "2008-06-30": "$6.01", "2008-03-31": "$6.93", "2007-12-31": "$8.07", "2007-09-30": "$7.75", "2007-06-30": "$7.11", "2007-03-31": "$6.51", "2006-12-31": "$5.41"}, "net worth": {"value": "$107.17B"}, "current ratio": {"2020-12-31": "1.54", "2020-09-30": "1.54", "2020-06-30": "1.50", "2020-03-31": "1.42", "2019-12-31": "1.47", "2019-09-30": "1.44", "2019-06-30": "1.44", "2019-03-31": "1.43", "2018-12-31": "1.37", "2018-09-30": "1.48", "2018-06-30": "1.37", "2018-03-31": "1.36", "2017-12-31": "1.35", "2017-09-30": "1.44", "2017-06-30": "1.32", "2017-03-31": "1.29", "2016-12-31": "1.22", "2016-09-30": "1.27", "2016-06-30": "1.24", "2016-03-31": "1.29", "2015-12-31": "1.28", "2015-09-30": "1.37", "2015-06-30": "1.49", "2015-03-31": "1.45", "2014-12-31": "1.39", "2014-09-30": "1.42", "2014-06-30": "1.39", "2014-03-31": "1.39", "2013-12-31": "1.40", "2013-09-30": "1.38", "2013-06-30": "1.36", "2013-03-31": "1.46", "2012-12-31": "1.43", "2012-09-30": "1.41", "2012-06-30": "1.42", "2012-03-31": "1.39", "2011-12-31": "1.34", "2011-09-30": "1.46", "2011-06-30": "1.73", "2011-03-31": "1.50", "2010-12-31": "1.45", "2010-09-30": "1.42", "2010-06-30": "1.38", "2010-03-31": "1.43", "2009-12-31": "1.43", "2009-09-30": "1.46", "2009-06-30": "1.41", "2009-03-31": "1.34", "2008-12-31": "1.24", "2008-09-30": "1.12", "2008-06-30": "1.06", "2008-03-31": "1.11", "2007-12-31": "1.15", "2007-09-30": "1.18", "2007-06-30": "1.22", "2007-03-31": "1.20", "2006-12-31": "1.19", "2006-09-30": "1.29", "2006-06-30": "1.15", "2006-03-31": "1.20", "2005-12-31": "1.20", "2005-09-30": "1.13", "2005-06-30": "1.22", "2005-03-31": "1.37"}, "quick ratio": {"2020-12-31": "1.09", "2020-09-30": "1.08", "2020-06-30": "1.05", "2020-03-31": "0.97", "2019-12-31": "1.05", "2019-09-30": "0.99", "2019-06-30": "1.00", "2019-03-31": "0.98", "2018-12-31": "0.96", "2018-09-30": "1.02", "2018-06-30": "0.97", "2018-03-31": "0.96", "2017-12-31": "0.97", "2017-09-30": "1.04", "2017-06-30": "0.98", "2017-03-31": "0.96", "2016-12-31": "0.89", "2016-09-30": "0.89", "2016-06-30": "0.89", "2016-03-31": "0.91", "2015-12-31": "0.91", "2015-09-30": "0.93", "2015-06-30": "1.04", "2015-03-31": "0.99", "2014-12-31": "0.96", "2014-09-30": "0.93", "2014-06-30": "0.95", "2014-03-31": "0.92", "2013-12-31": "0.94", "2013-09-30": "0.92", "2013-06-30": "0.90", "2013-03-31": "0.93", "2012-12-31": "0.90", "2012-09-30": "0.85", "2012-06-30": "0.86", "2012-03-31": "0.82", "2011-12-31": "0.82", "2011-09-30": "0.89", "2011-06-30": "1.25", "2011-03-31": "1.03", "2010-12-31": "1.01", "2010-09-30": "0.97", "2010-06-30": "1.01", "2010-03-31": "1.06", "2009-12-31": "1.10", "2009-09-30": "1.08", "2009-06-30": "1.04", "2009-03-31": "0.98", "2008-12-31": "0.90", "2008-09-30": "0.78", "2008-06-30": "0.74", "2008-03-31": "0.77", "2007-12-31": "0.82", "2007-09-30": "0.84", "2007-06-30": "0.86", "2007-03-31": "0.84", "2006-12-31": "0.87", "2006-09-30": "0.95", "2006-06-30": "0.86", "2006-03-31": "0.90", "2005-12-31": "0.93", "2005-09-30": "0.84", "2005-06-30": "0.91", "2005-03-31": "1.01"}, "debt equity ratio": {"current": "1.69", "2020-12-31": "4.09", "2020-09-30": "4.12", "2020-06-30": "4.56", "2020-03-31": "4.33", "2019-12-31": "4.36", "2019-09-30": "4.20", "2019-06-30": "4.32", "2019-03-31": "4.09", "2018-12-31": "4.58", "2018-09-30": "3.92", "2018-06-30": "4.29", "2018-03-31": "4.11", "2017-12-31": "4.59", "2017-09-30": "4.01", "2017-06-30": "4.58", "2017-03-31": "4.68", "2016-12-31": "4.65", "2016-09-30": "3.86", "2016-06-30": "4.12", "2016-03-31": "3.97", "2015-12-31": "4.26", "2015-09-30": "3.95", "2015-06-30": "3.79", "2015-03-31": "3.84", "2014-12-31": "4.03", "2014-09-30": "3.47", "2014-06-30": "3.20", "2014-03-31": "3.14", "2013-12-31": "3.07", "2013-09-30": "3.80", "2013-06-30": "3.94", "2013-03-31": "3.85", "2012-12-31": "4.06", "2012-09-30": "4.05", "2012-06-30": "4.56", "2012-03-31": "4.59", "2011-12-31": "5.28", "2011-09-30": "4.47", "2011-06-30": "4.48", "2011-03-31": "4.24", "2010-12-31": "4.89", "2010-09-30": "5.24", "2010-06-30": "5.34", "2010-03-31": "5.52", "2009-12-31": "5.81", "2009-09-30": "6.53", "2009-06-30": "7.42", "2009-03-31": "9.17", "2008-12-31": "9.95", "2008-09-30": "5.66", "2008-06-30": "5.38", "2008-03-31": "5.31", "2007-12-31": "5.24", "2007-09-30": "5.37", "2007-06-30": "5.83", "2007-03-31": "5.97", "2006-12-31": "6.50", "2006-09-30": "4.59", "2006-06-30": "4.78", "2006-03-31": "4.35", "2005-12-31": "4.64", "2005-09-30": "4.47", "2005-06-30": "4.82", "2005-03-31": "4.72"}, "return on equity": {"2020-12-31": "20.54%", "2020-09-30": "23.01%", "2020-06-30": "28.74%", "2020-03-31": "36.12%", "2019-12-31": "40.63%", "2019-09-30": "40.67%", "2019-06-30": "41.61%", "2019-03-31": "42.15%", "2018-12-31": "40.85%", "2018-09-30": "25.39%", "2018-06-30": "20.99%", "2018-03-31": "15.15%", "2017-12-31": "5.27%", "2017-09-30": "6.23%", "2017-06-30": "0.75%", "2017-03-31": "-1.01%", "2016-12-31": "-0.45%", "2016-09-30": "6.55%", "2016-06-30": "8.31%", "2016-03-31": "9.65%", "2015-12-31": "15.45%", "2015-09-30": "12.66%", "2015-06-30": "14.75%", "2015-03-31": "15.06%", "2014-12-31": "12.74%", "2014-09-30": "19.45%", "2014-06-30": "19.27%", "2014-03-31": "19.87%", "2013-12-31": "20.19%", "2013-09-30": "19.42%", "2013-06-30": "23.69%", "2013-03-31": "28.50%", "2012-12-31": "34.16%", "2012-09-30": "42.23%", "2012-06-30": "41.09%", "2012-03-31": "38.05%", "2011-12-31": "37.02%", "2011-09-30": "33.99%", "2011-06-30": "34.15%", "2011-03-31": "34.60%", "2010-12-31": "27.67%", "2010-09-30": "21.24%", "2010-06-30": "17.91%", "2010-03-31": "14.89%", "2009-12-31": "11.69%", "2009-09-30": "18.93%", "2009-06-30": "24.21%", "2009-03-31": "31.90%", "2008-12-31": "41.21%", "2008-09-30": "41.48%", "2008-06-30": "43.32%", "2008-03-31": "42.10%", "2007-12-31": "43.02%", "2007-09-30": "44.79%", "2007-06-30": "42.17%", "2007-03-31": "43.90%", "2006-12-31": "42.26%", "2006-09-30": "39.95%", "2006-06-30": "39.50%", "2006-03-31": "37.18%", "2005-12-31": "35.37%"}, "return on assets": {"2020-12-31": "3.90%", "2020-09-30": "4.31%", "2020-06-30": "5.36%", "2020-03-31": "6.81%", "2019-12-31": "7.75%", "2019-09-30": "7.69%", "2019-06-30": "7.98%", "2019-03-31": "8.09%", "2018-12-31": "7.84%", "2018-09-30": "4.87%", "2018-06-30": "4.01%", "2018-03-31": "2.85%", "2017-12-31": "0.97%", "2017-09-30": "1.14%", "2017-06-30": "0.14%", "2017-03-31": "-0.19%", "2016-12-31": "-0.09%", "2016-09-30": "1.30%", "2016-06-30": "1.64%", "2016-03-31": "1.94%", "2015-12-31": "3.12%", "2015-09-30": "2.58%", "2015-06-30": "3.09%", "2015-03-31": "3.27%", "2014-12-31": "2.87%", "2014-09-30": "4.61%", "2014-06-30": "4.49%", "2014-03-31": "4.46%", "2013-12-31": "4.35%", "2013-09-30": "3.95%", "2013-06-30": "4.76%", "2013-03-31": "5.57%", "2012-12-31": "6.45%", "2012-09-30": "7.58%", "2012-06-30": "7.20%", "2012-03-31": "6.68%", "2011-12-31": "6.59%", "2011-09-30": "6.17%", "2011-06-30": "6.02%", "2011-03-31": "5.89%", "2010-12-31": "4.44%", "2010-09-30": "3.28%", "2010-06-30": "2.64%", "2010-03-31": "2.05%", "2009-12-31": "1.45%", "2009-09-30": "2.08%", "2009-06-30": "2.77%", "2009-03-31": "3.93%", "2008-12-31": "5.68%", "2008-09-30": "6.48%", "2008-06-30": "6.85%", "2008-03-31": "6.55%", "2007-12-31": "6.54%", "2007-09-30": "6.51%", "2007-06-30": "6.34%", "2007-03-31": "6.89%", "2006-12-31": "7.08%", "2006-09-30": "7.15%", "2006-06-30": "7.11%", "2006-03-31": "6.69%", "2005-12-31": "6.25%"}, "return on investments": {"2020-12-31": "11.26%", "2020-09-30": "12.46%", "2020-06-30": "15.07%", "2020-03-31": "18.75%", "2019-12-31": "20.62%", "2019-09-30": "20.94%", "2019-06-30": "21.13%", "2019-03-31": "21.14%", "2018-12-31": "21.06%", "2018-09-30": "19.99%", "2018-06-30": "18.48%", "2018-03-31": "16.02%", "2017-12-31": "11.63%", "2017-09-30": "6.52%", "2017-06-30": "3.84%", "2017-03-31": "2.76%", "2016-12-31": "3.00%", "2016-09-30": "3.99%", "2016-06-30": "5.05%", "2016-03-31": "6.21%", "2015-12-31": "8.92%", "2015-09-30": "6.91%", "2015-06-30": "7.72%", "2015-03-31": "7.88%", "2014-12-31": "7.09%", "2014-09-30": "12.03%", "2014-06-30": "12.24%", "2014-03-31": "12.74%", "2013-12-31": "12.46%", "2013-09-30": "11.69%", "2013-06-30": "14.34%", "2013-03-31": "16.73%", "2012-12-31": "19.79%", "2012-09-30": "22.91%", "2012-06-30": "21.34%", "2012-03-31": "19.30%", "2011-12-31": "18.97%", "2011-09-30": "17.98%", "2011-06-30": "17.72%", "2011-03-31": "17.12%", "2010-12-31": "13.04%", "2010-09-30": "9.26%", "2010-06-30": "6.20%", "2010-03-31": "4.09%", "2009-12-31": "1.88%", "2009-09-30": "3.00%", "2009-06-30": "6.05%", "2009-03-31": "10.33%", "2008-12-31": "15.82%", "2008-09-30": "19.03%", "2008-06-30": "20.22%", "2008-03-31": "19.28%", "2007-12-31": "19.13%", "2007-09-30": "19.13%", "2007-06-30": "17.95%", "2007-03-31": "19.22%", "2006-12-31": "19.56%", "2006-09-30": "19.33%", "2006-06-30": "19.52%", "2006-03-31": "17.81%", "2005-12-31": "15.65%"}, "return on tangible equity": {"2020-09-30": "49.16%", "2020-06-30": "61.65%", "2020-03-31": "76.75%", "2019-12-31": "85.51%", "2019-09-30": "87.58%", "2019-06-30": "89.46%", "2019-03-31": "91.62%", "2018-12-31": "90.95%", "2018-09-30": "57.31%", "2018-06-30": "47.88%", "2018-03-31": "35.32%", "2017-12-31": "12.67%", "2017-09-30": "15.21%", "2017-06-30": "1.89%", "2017-03-31": "-2.58%", "2016-12-31": "-1.13%", "2016-09-30": "16.65%", "2016-06-30": "21.16%", "2016-03-31": "23.59%", "2015-12-31": "36.63%", "2015-09-30": "29.20%", "2015-06-30": "32.90%", "2015-03-31": "32.50%", "2014-12-31": "26.97%", "2014-09-30": "39.77%", "2014-06-30": "40.47%", "2014-03-31": "44.05%", "2013-12-31": "46.61%", "2013-09-30": "48.34%", "2013-06-30": "61.11%", "2013-03-31": "79.44%", "2012-12-31": "107.72%", "2012-09-30": "163.77%", "2012-06-30": "208.48%", "2012-03-31": "123.82%", "2011-12-31": "86.81%", "2011-09-30": "60.67%", "2011-06-30": "48.22%", "2011-03-31": "49.85%", "2010-12-31": "40.59%", "2010-09-30": "31.11%", "2010-06-30": "26.08%", "2010-03-31": "22.24%", "2009-12-31": "18.23%", "2009-09-30": "31.21%", "2009-06-30": "38.64%", "2009-03-31": "48.37%", "2008-12-31": "59.09%", "2008-09-30": "56.89%", "2008-06-30": "59.19%", "2008-03-31": "58.35%", "2007-12-31": "60.81%", "2007-09-30": "64.75%", "2007-06-30": "60.95%", "2007-03-31": "62.99%", "2006-12-31": "58.19%", "2006-09-30": "53.24%", "2006-06-30": "51.74%", "2006-03-31": "48.04%", "2005-12-31": "46.32%"}, "dividend yield history": {"last payout": "$4.12", "last yield": "2.09%"}}