{"ticker": "CBOE", "price": {"title": "Cboe Global Markets Historical Annual Stock Price Data", "value": 104.2, "historical": {"2018": {"Average Stock Price": "109.5267", "Year Open": "122.7500", "Year High": "137.1600", "Year Low": "92.1000", "Year Close": "104.2000", "Annual % Change": "-16.37%"}, "2017": {"Average Stock Price": "94.8299", "Year Open": "73.0100", "Year High": "127.6200", "Year Low": "73.0100", "Year Close": "124.5900", "Annual % Change": "68.62%"}, "2016": {"Average Stock Price": "66.2341", "Year Open": "63.9900", "Year High": "76.6800", "Year Low": "59.8700", "Year Close": "73.8900", "Annual % Change": "13.85%"}, "2015": {"Average Stock Price": "62.6754", "Year Open": "63.3600", "Year High": "72.4000", "Year Low": "55.5000", "Year Close": "64.9000", "Annual % Change": "2.33%"}, "2014": {"Average Stock Price": "53.8155", "Year Open": "50.9800", "Year High": "64.6900", "Year Low": "46.7600", "Year Close": "63.4200", "Annual % Change": "22.06%"}, "2013": {"Average Stock Price": "43.1063", "Year Open": "30.1300", "Year High": "54.5300", "Year Low": "30.1300", "Year Close": "51.9600", "Annual % Change": "76.37%"}, "2012": {"Average Stock Price": "27.9397", "Year Open": "25.9700", "Year High": "30.6800", "Year Low": "24.5600", "Year Close": "29.4600", "Annual % Change": "13.92%"}, "2011": {"Average Stock Price": "25.6111", "Year Open": "23.7500", "Year High": "29.5900", "Year Low": "21.6700", "Year Close": "25.8600", "Annual % Change": "13.12%"}, "2010": {"Average Stock Price": "24.4811", "Year Open": "32.4900", "Year High": "33.4800", "Year Low": "20.2000", "Year Close": "22.8600", "Annual % Change": "0.00%"}}}, "market cap": {"value": "$9.95B"}, "income statement": {"Revenue": {"2020-12-31": "3427.10000", "2019-12-31": "2496.10000", "2018-12-31": "2768.80000", "2017-12-31": "2229.10000", "2016-12-31": "703.10000", "2015-12-31": "663.80000", "2014-12-31": "617.22500", "2013-12-31": "572.05000", "2012-12-31": "512.33800", "2011-12-31": "508.14400", "2010-12-31": "437.10400", "2009-12-31": "426.08200", "2008-12-31": "416.78300"}, "Cost Of Goods Sold": {"2020-12-31": "2172.80000", "2019-12-31": "1359.20000", "2018-12-31": "1551.90000", "2017-12-31": "1233.50000", "2016-12-31": "136.70000", "2015-12-31": "102.10000", "2014-12-31": "", "2013-12-31": "", "2012-12-31": "", "2011-12-31": "", "2010-12-31": "", "2009-12-31": "", "2008-12-31": ""}, "Gross Profit": {"2020-12-31": "1254.30000", "2019-12-31": "1136.90000", "2018-12-31": "1216.90000", "2017-12-31": "995.60010", "2016-12-31": "566.40000", "2015-12-31": "561.70000", "2014-12-31": "617.22500", "2013-12-31": "572.05000", "2012-12-31": "512.33800", "2011-12-31": "508.14400", "2010-12-31": "437.10400", "2009-12-31": "426.08200", "2008-12-31": "416.78300"}, "Research And Development Expenses": {"2020-12-31": "", "2019-12-31": "", "2018-12-31": "", "2017-12-31": "", "2016-12-31": "", "2015-12-31": "", "2014-12-31": "", "2013-12-31": "", "2012-12-31": "", "2011-12-31": "", "2010-12-31": "", "2009-12-31": "", "2008-12-31": ""}, "SG&A Expenses": {"2020-12-31": "231.50000", "2019-12-31": "210.90000", "2018-12-31": "241.80000", "2017-12-31": "218.60000", "2016-12-31": "124.20000", "2015-12-31": "114.90000", "2014-12-31": "216.07900", "2013-12-31": "202.36300", "2012-12-31": "179.94000", "2011-12-31": "180.02100", "2010-12-31": "176.66600", "2009-12-31": "148.28400", "2008-12-31": "149.42200"}, "Other Operating Income Or Expenses": {"2020-12-31": "-156.90000", "2019-12-31": "-163.70000", "2018-12-31": "-141.70000", "2017-12-31": "-128.50000", "2016-12-31": "-86.00000", "2015-12-31": "-80.60000", "2014-12-31": "-47.43200", "2013-12-31": "-49.38500", "2012-12-31": "-56.81600", "2011-12-31": "-52.39700", "2010-12-31": "-63.20600", "2009-12-31": "-72.70100", "2008-12-31": "-54.41800"}, "Operating Expenses": {"2020-12-31": "2764.90000", "2019-12-31": "1958.90000", "2018-12-31": "2169.40000", "2017-12-31": "1857.20000", "2016-12-31": "404.90000", "2015-12-31": "343.90000", "2014-12-31": "303.42400", "2013-12-31": "286.23600", "2012-12-31": "268.24100", "2011-12-31": "266.51200", "2010-12-31": "269.76300", "2009-12-31": "248.49700", "2008-12-31": "229.47300"}, "Operating Income": {"2020-12-31": "662.20040", "2019-12-31": "537.20010", "2018-12-31": "599.39990", "2017-12-31": "371.90010", "2016-12-31": "298.20000", "2015-12-31": "319.90000", "2014-12-31": "313.80100", "2013-12-31": "285.81400", "2012-12-31": "244.09700", "2011-12-31": "241.63200", "2010-12-31": "167.34100", "2009-12-31": "177.58500", "2008-12-31": "187.31000"}, "Total Non-Operating Income/Expense": {"2020-12-31": "-1.80000", "2019-12-31": "-35.80000", "2018-12-31": "-28.20000", "2017-12-31": "-37.50000", "2016-12-31": "8.40000", "2015-12-31": "4.10000", "2014-12-31": "-4.10400", "2013-12-31": "-2.15800", "2012-12-31": "-1.54600", "2011-12-31": "-1.54800", "2010-12-31": "-2.71800", "2009-12-31": "-0.35500", "2008-12-31": "6.09700"}, "Pre-Tax Income": {"2020-12-31": "660.40000", "2019-12-31": "501.40000", "2018-12-31": "571.20000", "2017-12-31": "334.40000", "2016-12-31": "306.60000", "2015-12-31": "324.00000", "2014-12-31": "309.69700", "2013-12-31": "283.65600", "2012-12-31": "242.55100", "2011-12-31": "240.08400", "2010-12-31": "164.62300", "2009-12-31": "177.23000", "2008-12-31": "193.40700"}, "Income Taxes": {"2020-12-31": "192.20000", "2019-12-31": "130.60000", "2018-12-31": "146.00000", "2017-12-31": "-66.20000", "2016-12-31": "120.90000", "2015-12-31": "119.00000", "2014-12-31": "119.98300", "2013-12-31": "107.65700", "2012-12-31": "85.15600", "2011-12-31": "100.67800", "2010-12-31": "65.22700", "2009-12-31": "70.77900", "2008-12-31": "78.11900"}, "Income After Taxes": {"2020-12-31": "468.20000", "2019-12-31": "370.80000", "2018-12-31": "425.20000", "2017-12-31": "400.60000", "2016-12-31": "185.70000", "2015-12-31": "205.00000", "2014-12-31": "189.71400", "2013-12-31": "175.99900", "2012-12-31": "157.39500", "2011-12-31": "139.40600", "2010-12-31": "99.39600", "2009-12-31": "106.45100", "2008-12-31": "115.28800"}, "Other Income": {"2020-12-31": "", "2019-12-31": "", "2018-12-31": "", "2017-12-31": "", "2016-12-31": "", "2015-12-31": "", "2014-12-31": "", "2013-12-31": "", "2012-12-31": "", "2011-12-31": "", "2010-12-31": "", "2009-12-31": "", "2008-12-31": ""}, "Income From Continuous Operations": {"2020-12-31": "468.20000", "2019-12-31": "370.80000", "2018-12-31": "425.20000", "2017-12-31": "400.60000", "2016-12-31": "185.70000", "2015-12-31": "205.00000", "2014-12-31": "189.71400", "2013-12-31": "175.99900", "2012-12-31": "157.39500", "2011-12-31": "139.40600", "2010-12-31": "99.39600", "2009-12-31": "106.45100", "2008-12-31": "115.28800"}, "Income From Discontinued Operations": {"2020-12-31": "", "2019-12-31": "", "2018-12-31": "", "2017-12-31": "", "2016-12-31": "", "2015-12-31": "", "2014-12-31": "", "2013-12-31": "", "2012-12-31": "", "2011-12-31": "", "2010-12-31": "", "2009-12-31": "", "2008-12-31": ""}, "Net Income": {"2020-12-31": "467.00000", "2019-12-31": "372.70000", "2018-12-31": "422.10000", "2017-12-31": "396.70000", "2016-12-31": "184.90000", "2015-12-31": "204.10000", "2014-12-31": "188.39200", "2013-12-31": "173.86300", "2012-12-31": "155.25400", "2011-12-31": "136.58200", "2010-12-31": "98.16600", "2009-12-31": "106.45100", "2008-12-31": "115.28800"}, "EBITDA": {"2020-12-31": "662.20040", "2019-12-31": "726.50010", "2018-12-31": "805.89990", "2017-12-31": "567.70010", "2016-12-31": "342.60000", "2015-12-31": "366.20000", "2014-12-31": "353.80100", "2013-12-31": "320.41600", "2012-12-31": "275.67000", "2011-12-31": "275.81600", "2010-12-31": "197.30100", "2009-12-31": "205.31000", "2008-12-31": "212.96600"}, "EBIT": {"2020-12-31": "662.20040", "2019-12-31": "537.20010", "2018-12-31": "599.39990", "2017-12-31": "371.90010", "2016-12-31": "298.20000", "2015-12-31": "319.90000", "2014-12-31": "313.80100", "2013-12-31": "285.81400", "2012-12-31": "244.09700", "2011-12-31": "241.63200", "2010-12-31": "167.34100", "2009-12-31": "177.58500", "2008-12-31": "187.31000"}, "Basic Shares Outstanding": {"2020-12-31": "109.10000", "2019-12-31": "111.40000", "2018-12-31": "111.80000", "2017-12-31": "107.20000", "2016-12-31": "81.40000", "2015-12-31": "83.10000", "2014-12-31": "85.40600", "2013-12-31": "87.33100", "2012-12-31": "87.46000", "2011-12-31": "89.99400", "2010-12-31": "95.75400", "2009-12-31": "90.73300", "2008-12-31": "90.73300"}, "Shares Outstanding": {"2020-12-31": "109.30000", "2019-12-31": "111.80000", "2018-12-31": "112.20000", "2017-12-31": "107.50000", "2016-12-31": "81.40000", "2015-12-31": "83.10000", "2014-12-31": "85.40600", "2013-12-31": "87.33100", "2012-12-31": "87.46000", "2011-12-31": "89.99400", "2010-12-31": "95.75400", "2009-12-31": "90.73300", "2008-12-31": "90.73300"}, "Basic EPS": {"2020-12-31": "4.28000", "2019-12-31": "3.35000", "2018-12-31": "3.78000", "2017-12-31": "3.70000", "2016-12-31": "2.27000", "2015-12-31": "2.46000", "2014-12-31": "2.21000", "2013-12-31": "1.99000", "2012-12-31": "1.78000", "2011-12-31": "1.52000", "2010-12-31": "1.03000", "2009-12-31": "1.17000", "2008-12-31": "1.27000"}, "EPS - Earnings Per Share": {"2020-12-31": "4.27000", "2019-12-31": "3.34000", "2018-12-31": "3.76000", "2017-12-31": "3.69000", "2016-12-31": "2.27000", "2015-12-31": "2.46000", "2014-12-31": "2.21000", "2013-12-31": "1.99000", "2012-12-31": "1.78000", "2011-12-31": "1.52000", "2010-12-31": "1.03000", "2009-12-31": "1.17000", "2008-12-31": "1.27000"}}, "income statement, quarterly": {"Revenue": {"2020-12-31": "844.20000", "2020-09-30": "792.70000", "2020-06-30": "868.70000", "2020-03-31": "921.50000", "2019-12-31": "597.50010", "2019-09-30": "675.40000", "2019-06-30": "620.60000", "2019-03-31": "602.60000", "2018-12-31": "747.69990", "2018-09-30": "575.90000", "2018-06-30": "667.50000", "2018-03-31": "777.70000", "2017-12-31": "620.70010", "2017-09-30": "611.40000", "2017-06-30": "640.80000", "2017-03-31": "356.20000", "2016-12-31": "190.80000", "2016-09-30": "168.70000", "2016-06-30": "173.10000", "2016-03-31": "170.50000", "2015-12-31": "185.20100", "2015-09-30": "187.03500", "2015-06-30": "148.72500", "2015-03-31": "142.83900", "2014-12-31": "166.48800", "2014-09-30": "148.91000", "2014-06-30": "143.94200", "2014-03-31": "157.88500", "2013-12-31": "141.83000", "2013-09-30": "136.74300", "2013-06-30": "150.77200", "2013-03-31": "142.70500", "2012-12-31": "130.07800", "2012-09-30": "128.31900", "2012-06-30": "132.54900", "2012-03-31": "121.39200", "2011-12-31": "120.20800", "2011-09-30": "143.60400", "2011-06-30": "120.29000", "2011-03-31": "124.04200", "2010-12-31": "117.39000", "2010-09-30": "106.01500", "2010-06-30": "112.61800", "2010-03-31": "101.08100", "2009-12-31": "120.83100", "2009-09-30": "98.19900", "2009-06-30": "108.98500", "2009-03-31": "98.06700", "2008-12-31": ""}, "Cost Of Goods Sold": {"2020-12-31": "537.10000", "2020-09-30": "500.70000", "2020-06-30": "571.80000", "2020-03-31": "563.20000", "2019-12-31": "318.30000", "2019-09-30": "381.40000", "2019-06-30": "337.40000", "2019-03-31": "322.10000", "2018-12-31": "413.30000", "2018-09-30": "305.40000", "2018-06-30": "384.00000", "2018-03-31": "449.20000", "2017-12-31": "355.10000", "2017-09-30": "341.70000", "2017-06-30": "373.90000", "2017-03-31": "162.80000", "2016-12-31": "47.80000", "2016-09-30": "32.50000", "2016-06-30": "29.00000", "2016-03-31": "27.40000", "2015-12-31": "", "2015-09-30": "", "2015-06-30": "", "2015-03-31": "", "2014-12-31": "", "2014-09-30": "", "2014-06-30": "", "2014-03-31": "", "2013-12-31": "", "2013-09-30": "", "2013-06-30": "", "2013-03-31": "", "2012-12-31": "", "2012-09-30": "", "2012-06-30": "", "2012-03-31": "", "2011-12-31": "", "2011-09-30": "", "2011-06-30": "", "2011-03-31": "", "2010-12-31": "", "2010-09-30": "", "2010-06-30": "", "2010-03-31": "", "2009-12-31": "", "2009-09-30": "", "2009-06-30": "", "2009-03-31": "", "2008-12-31": ""}, "Gross Profit": {"2020-12-31": "307.10000", "2020-09-30": "292.00000", "2020-06-30": "296.90000", "2020-03-31": "358.30000", "2019-12-31": "279.20010", "2019-09-30": "294.00000", "2019-06-30": "283.20000", "2019-03-31": "280.50000", "2018-12-31": "334.39990", "2018-09-30": "270.50000", "2018-06-30": "283.50000", "2018-03-31": "328.50000", "2017-12-31": "265.60010", "2017-09-30": "269.70000", "2017-06-30": "266.90000", "2017-03-31": "193.40000", "2016-12-31": "143.00000", "2016-09-30": "136.20000", "2016-06-30": "144.10000", "2016-03-31": "143.10000", "2015-12-31": "185.20100", "2015-09-30": "187.03500", "2015-06-30": "148.72500", "2015-03-31": "142.83900", "2014-12-31": "166.48800", "2014-09-30": "148.91000", "2014-06-30": "143.94200", "2014-03-31": "157.88500", "2013-12-31": "141.83000", "2013-09-30": "136.74300", "2013-06-30": "150.77200", "2013-03-31": "142.70500", "2012-12-31": "130.07800", "2012-09-30": "128.31900", "2012-06-30": "132.54900", "2012-03-31": "121.39200", "2011-12-31": "120.20800", "2011-09-30": "143.60400", "2011-06-30": "120.29000", "2011-03-31": "124.04200", "2010-12-31": "117.39000", "2010-09-30": "106.01500", "2010-06-30": "112.61800", "2010-03-31": "101.08100", "2009-12-31": "120.83100", "2009-09-30": "98.19900", "2009-06-30": "108.98500", "2009-03-31": "98.06700", "2008-12-31": ""}, "Research And Development Expenses": {"2020-12-31": "", "2020-09-30": "", "2020-06-30": "", "2020-03-31": "", "2019-12-31": "", "2019-09-30": "", "2019-06-30": "", "2019-03-31": "", "2018-12-31": "", "2018-09-30": "", "2018-06-30": "", "2018-03-31": "", "2017-12-31": "", "2017-09-30": "", "2017-06-30": "", "2017-03-31": "", "2016-12-31": "", "2016-09-30": "", "2016-06-30": "", "2016-03-31": "", "2015-12-31": "", "2015-09-30": "", "2015-06-30": "", "2015-03-31": "", "2014-12-31": "", "2014-09-30": "", "2014-06-30": "", "2014-03-31": "", "2013-12-31": "", "2013-09-30": "", "2013-06-30": "", "2013-03-31": "", "2012-12-31": "", "2012-09-30": "", "2012-06-30": "", "2012-03-31": "", "2011-12-31": "", "2011-09-30": "", "2011-06-30": "", "2011-03-31": "", "2010-12-31": "", "2010-09-30": "", "2010-06-30": "", "2010-03-31": "", "2009-12-31": "0.00000", "2009-09-30": "", "2009-06-30": "", "2009-03-31": "", "2008-12-31": ""}, "SG&A Expenses": {"2020-12-31": "59.90000", "2020-09-30": "60.40000", "2020-06-30": "55.80000", "2020-03-31": "55.40000", "2019-12-31": "52.60000", "2019-09-30": "52.40000", "2019-06-30": "55.20000", "2019-03-31": "50.70000", "2018-12-31": "63.90000", "2018-09-30": "54.40000", "2018-06-30": "60.90000", "2018-03-31": "62.60000", "2017-12-31": "58.40000", "2017-09-30": "54.90000", "2017-06-30": "54.20000", "2017-03-31": "51.10000", "2016-12-31": "27.00000", "2016-09-30": "30.90000", "2016-06-30": "31.00000", "2016-03-31": "35.30000", "2015-12-31": "-38.91700", "2015-09-30": "58.17200", "2015-06-30": "48.23000", "2015-03-31": "47.41500", "2014-12-31": "56.26600", "2014-09-30": "51.58700", "2014-06-30": "52.24200", "2014-03-31": "55.98400", "2013-12-31": "50.64200", "2013-09-30": "48.24100", "2013-06-30": "52.89400", "2013-03-31": "50.58600", "2012-12-31": "44.77400", "2012-09-30": "46.08800", "2012-06-30": "45.53100", "2012-03-31": "43.54700", "2011-12-31": "48.22200", "2011-09-30": "46.65400", "2011-06-30": "42.15000", "2011-03-31": "42.99500", "2010-12-31": "42.16500", "2010-09-30": "50.87500", "2010-06-30": "42.52300", "2010-03-31": "41.10300", "2009-12-31": "57.30000", "2009-09-30": "38.15700", "2009-06-30": "37.63000", "2009-03-31": "35.03800", "2008-12-31": ""}, "Other Operating Income Or Expenses": {"2020-12-31": "-43.10000", "2020-09-30": "-46.60000", "2020-06-30": "-32.00000", "2020-03-31": "-35.20000", "2019-12-31": "-57.00000", "2019-09-30": "-34.60000", "2019-06-30": "-38.30000", "2019-03-31": "-33.80000", "2018-12-31": "-38.20000", "2018-09-30": "-33.80000", "2018-06-30": "-34.50000", "2018-03-31": "-35.20000", "2017-12-31": "-33.60000", "2017-09-30": "-34.60000", "2017-06-30": "-34.40000", "2017-03-31": "-25.90000", "2016-12-31": "-26.10000", "2016-09-30": "-20.70000", "2016-06-30": "-22.80000", "2016-03-31": "-16.40000", "2015-12-31": "-33.92200", "2015-09-30": "-15.35900", "2015-06-30": "-15.85000", "2015-03-31": "-15.46900", "2014-12-31": "-12.20600", "2014-09-30": "-11.87800", "2014-06-30": "-12.08900", "2014-03-31": "-11.25900", "2013-12-31": "-9.48100", "2013-09-30": "-11.59900", "2013-06-30": "-13.89800", "2013-03-31": "-14.40700", "2012-12-31": "-19.34100", "2012-09-30": "-12.73600", "2012-06-30": "-12.62900", "2012-03-31": "-12.11000", "2011-12-31": "-11.80200", "2011-09-30": "-13.08700", "2011-06-30": "-12.69200", "2011-03-31": "-14.81600", "2010-12-31": "-15.18200", "2010-09-30": "-13.10800", "2010-06-30": "-20.96800", "2010-03-31": "-13.94800", "2009-12-31": "-19.83200", "2009-09-30": "-20.15600", "2009-06-30": "-16.88800", "2009-03-31": "-15.82500", "2008-12-31": ""}, "Operating Expenses": {"2020-12-31": "709.40000", "2020-09-30": "653.40000", "2020-06-30": "707.00000", "2020-03-31": "695.10000", "2019-12-31": "479.40000", "2019-09-30": "528.00000", "2019-06-30": "495.40000", "2019-03-31": "456.10000", "2018-12-31": "571.20020", "2018-09-30": "449.80000", "2018-06-30": "538.40000", "2018-03-31": "610.00000", "2017-12-31": "511.99990", "2017-09-30": "492.10000", "2017-06-30": "523.00010", "2017-03-31": "330.10000", "2016-12-31": "115.90000", "2016-09-30": "102.90000", "2016-06-30": "95.10000", "2016-03-31": "91.00000", "2015-12-31": "109.33400", "2015-09-30": "85.92500", "2015-06-30": "75.35500", "2015-03-31": "73.28600", "2014-12-31": "79.52500", "2014-09-30": "73.82600", "2014-06-30": "74.22600", "2014-03-31": "75.84700", "2013-12-31": "69.23100", "2013-09-30": "68.31600", "2013-06-30": "75.41400", "2013-03-31": "73.27500", "2012-12-31": "70.32600", "2012-09-30": "67.45800", "2012-06-30": "66.48000", "2012-03-31": "63.97700", "2011-12-31": "67.52900", "2011-09-30": "68.63800", "2011-06-30": "63.83800", "2011-03-31": "66.50700", "2010-12-31": "65.53700", "2010-09-30": "71.08200", "2010-06-30": "70.79200", "2010-03-31": "62.35200", "2009-12-31": "64.17000", "2009-09-30": "65.19700", "2009-06-30": "61.40300", "2009-03-31": "57.74700", "2008-12-31": ""}, "Operating Income": {"2020-12-31": "134.80000", "2020-09-30": "139.30000", "2020-06-30": "161.70000", "2020-03-31": "226.40000", "2019-12-31": "118.10010", "2019-09-30": "147.40000", "2019-06-30": "125.20000", "2019-03-31": "146.50000", "2018-12-31": "176.49970", "2018-09-30": "126.10010", "2018-06-30": "129.10000", "2018-03-31": "167.70000", "2017-12-31": "108.70020", "2017-09-30": "119.30000", "2017-06-30": "117.79990", "2017-03-31": "26.10000", "2016-12-31": "74.90000", "2016-09-30": "65.80000", "2016-06-30": "78.00000", "2016-03-31": "79.50000", "2015-12-31": "75.86700", "2015-09-30": "101.11000", "2015-06-30": "73.37000", "2015-03-31": "69.55300", "2014-12-31": "86.96300", "2014-09-30": "75.08400", "2014-06-30": "69.71600", "2014-03-31": "82.03800", "2013-12-31": "72.59900", "2013-09-30": "68.42700", "2013-06-30": "75.35800", "2013-03-31": "69.43000", "2012-12-31": "59.75200", "2012-09-30": "60.86100", "2012-06-30": "66.06900", "2012-03-31": "57.41500", "2011-12-31": "52.67900", "2011-09-30": "74.96600", "2011-06-30": "56.45200", "2011-03-31": "57.53500", "2010-12-31": "51.85300", "2010-09-30": "34.93300", "2010-06-30": "41.82600", "2010-03-31": "38.72900", "2009-12-31": "56.66100", "2009-09-30": "33.00200", "2009-06-30": "47.58200", "2009-03-31": "40.32000", "2008-12-31": ""}, "Total Non-Operating Income/Expense": {"2020-12-31": "-11.90000", "2020-09-30": "24.10000", "2020-06-30": "-5.10000", "2020-03-31": "-8.90000", "2019-12-31": "-5.00000", "2019-09-30": "-6.50000", "2019-06-30": "-5.60000", "2019-03-31": "-18.70000", "2018-12-31": "-0.80000", "2018-09-30": "-9.80000", "2018-06-30": "-9.30000", "2018-03-31": "-8.30000", "2017-12-31": "-4.60000", "2017-09-30": "-13.40000", "2017-06-30": "-11.70000", "2017-03-31": "-7.80000", "2016-12-31": "0.00000", "2016-09-30": "1.60000", "2016-06-30": "5.80000", "2016-03-31": "1.00000", "2015-12-31": "3.77400", "2015-09-30": "0.34100", "2015-06-30": "0.26100", "2015-03-31": "-0.27600", "2014-12-31": "-3.01700", "2014-09-30": "-0.27100", "2014-06-30": "-0.32100", "2014-03-31": "-0.49500", "2013-12-31": "-0.44700", "2013-09-30": "-0.51700", "2013-06-30": "-0.47300", "2013-03-31": "-0.72100", "2012-12-31": "-0.35500", "2012-09-30": "-0.32700", "2012-06-30": "-0.41100", "2012-03-31": "-0.45300", "2011-12-31": "-0.34200", "2011-09-30": "-0.40100", "2011-06-30": "-0.16200", "2011-03-31": "-0.64300", "2010-12-31": "-1.89800", "2010-09-30": "-0.23500", "2010-06-30": "-0.25800", "2010-03-31": "-0.32700", "2009-12-31": "-0.10400", "2009-09-30": "-0.22600", "2009-06-30": "-0.08900", "2009-03-31": "0.06900", "2008-12-31": ""}, "Pre-Tax Income": {"2020-12-31": "122.90000", "2020-09-30": "163.40000", "2020-06-30": "156.60000", "2020-03-31": "217.50000", "2019-12-31": "113.10000", "2019-09-30": "140.90000", "2019-06-30": "119.60000", "2019-03-31": "127.80000", "2018-12-31": "175.70000", "2018-09-30": "116.30000", "2018-06-30": "119.80000", "2018-03-31": "159.40000", "2017-12-31": "104.10000", "2017-09-30": "105.90000", "2017-06-30": "106.10000", "2017-03-31": "18.30000", "2016-12-31": "74.90000", "2016-09-30": "67.40000", "2016-06-30": "83.80000", "2016-03-31": "80.50000", "2015-12-31": "79.64100", "2015-09-30": "101.45100", "2015-06-30": "73.63100", "2015-03-31": "69.27700", "2014-12-31": "83.94600", "2014-09-30": "74.81300", "2014-06-30": "69.39500", "2014-03-31": "81.54300", "2013-12-31": "72.15200", "2013-09-30": "67.91000", "2013-06-30": "74.88500", "2013-03-31": "68.70900", "2012-12-31": "59.39700", "2012-09-30": "60.53400", "2012-06-30": "65.65800", "2012-03-31": "56.96200", "2011-12-31": "52.33700", "2011-09-30": "74.56500", "2011-06-30": "56.29000", "2011-03-31": "56.89200", "2010-12-31": "49.95500", "2010-09-30": "34.69800", "2010-06-30": "41.56800", "2010-03-31": "38.40200", "2009-12-31": "56.59000", "2009-09-30": "32.77600", "2009-06-30": "47.49300", "2009-03-31": "40.38900", "2008-12-31": ""}, "Income Taxes": {"2020-12-31": "35.60000", "2020-09-30": "53.50000", "2020-06-30": "43.00000", "2020-03-31": "60.10000", "2019-12-31": "27.90000", "2019-09-30": "35.00000", "2019-06-30": "35.10000", "2019-03-31": "32.60000", "2018-12-31": "37.30000", "2018-09-30": "30.60000", "2018-06-30": "36.80000", "2018-03-31": "41.30000", "2017-12-31": "-153.00000", "2017-09-30": "45.60000", "2017-06-30": "38.10000", "2017-03-31": "3.10000", "2016-12-31": "29.80000", "2016-09-30": "26.90000", "2016-06-30": "32.90000", "2016-03-31": "31.30000", "2015-12-31": "29.26100", "2015-09-30": "33.93500", "2015-06-30": "28.78600", "2015-03-31": "27.01800", "2014-12-31": "34.60300", "2014-09-30": "26.44700", "2014-06-30": "26.41400", "2014-03-31": "32.51900", "2013-12-31": "26.04300", "2013-09-30": "26.55400", "2013-06-30": "28.72400", "2013-03-31": "26.33600", "2012-12-31": "19.67300", "2012-09-30": "14.77600", "2012-06-30": "27.16200", "2012-03-31": "23.54500", "2011-12-31": "20.53000", "2011-09-30": "33.23800", "2011-06-30": "22.88900", "2011-03-31": "24.02100", "2010-12-31": "18.57900", "2010-09-30": "14.24400", "2010-06-30": "16.67800", "2010-03-31": "15.72600", "2009-12-31": "21.67000", "2009-09-30": "13.61600", "2009-06-30": "19.38400", "2009-03-31": "16.11100", "2008-12-31": ""}, "Income After Taxes": {"2020-12-31": "87.30000", "2020-09-30": "109.90000", "2020-06-30": "113.60000", "2020-03-31": "157.40000", "2019-12-31": "85.20000", "2019-09-30": "105.90000", "2019-06-30": "84.50000", "2019-03-31": "95.20000", "2018-12-31": "138.40000", "2018-09-30": "85.70000", "2018-06-30": "83.00000", "2018-03-31": "118.10000", "2017-12-31": "257.10000", "2017-09-30": "60.30000", "2017-06-30": "68.00000", "2017-03-31": "15.20000", "2016-12-31": "45.10000", "2016-09-30": "40.50000", "2016-06-30": "50.90000", "2016-03-31": "49.20000", "2015-12-31": "50.38000", "2015-09-30": "67.51600", "2015-06-30": "44.84500", "2015-03-31": "42.25900", "2014-12-31": "49.34300", "2014-09-30": "48.36600", "2014-06-30": "42.98100", "2014-03-31": "49.02400", "2013-12-31": "46.10900", "2013-09-30": "41.35600", "2013-06-30": "46.16100", "2013-03-31": "42.37300", "2012-12-31": "39.72400", "2012-09-30": "45.75800", "2012-06-30": "38.49600", "2012-03-31": "33.41700", "2011-12-31": "31.80700", "2011-09-30": "41.32700", "2011-06-30": "33.40100", "2011-03-31": "32.87100", "2010-12-31": "31.37600", "2010-09-30": "20.45400", "2010-06-30": "24.89000", "2010-03-31": "22.67600", "2009-12-31": "34.92000", "2009-09-30": "19.16000", "2009-06-30": "28.10900", "2009-03-31": "24.27800", "2008-12-31": ""}, "Other Income": {"2020-12-31": "", "2020-09-30": "", "2020-06-30": "", "2020-03-31": "", "2019-12-31": "", "2019-09-30": "", "2019-06-30": "", "2019-03-31": "", "2018-12-31": "", "2018-09-30": "", "2018-06-30": "", "2018-03-31": "", "2017-12-31": "", "2017-09-30": "", "2017-06-30": "", "2017-03-31": "", "2016-12-31": "", "2016-09-30": "", "2016-06-30": "", "2016-03-31": "", "2015-12-31": "", "2015-09-30": "", "2015-06-30": "", "2015-03-31": "", "2014-12-31": "", "2014-09-30": "", "2014-06-30": "", "2014-03-31": "", "2013-12-31": "", "2013-09-30": "", "2013-06-30": "", "2013-03-31": "", "2012-12-31": "", "2012-09-30": "", "2012-06-30": "", "2012-03-31": "", "2011-12-31": "", "2011-09-30": "", "2011-06-30": "", "2011-03-31": "", "2010-12-31": "", "2010-09-30": "", "2010-06-30": "", "2010-03-31": "", "2009-12-31": "0.00000", "2009-09-30": "", "2009-06-30": "", "2009-03-31": "", "2008-12-31": ""}, "Income From Continuous Operations": {"2020-12-31": "87.30000", "2020-09-30": "109.90000", "2020-06-30": "113.60000", "2020-03-31": "157.40000", "2019-12-31": "85.20000", "2019-09-30": "105.90000", "2019-06-30": "84.50000", "2019-03-31": "95.20000", "2018-12-31": "138.40000", "2018-09-30": "85.70000", "2018-06-30": "83.00000", "2018-03-31": "118.10000", "2017-12-31": "257.10000", "2017-09-30": "60.30000", "2017-06-30": "68.00000", "2017-03-31": "15.20000", "2016-12-31": "45.10000", "2016-09-30": "40.50000", "2016-06-30": "50.90000", "2016-03-31": "49.20000", "2015-12-31": "50.38000", "2015-09-30": "67.51600", "2015-06-30": "44.84500", "2015-03-31": "42.25900", "2014-12-31": "49.34300", "2014-09-30": "48.36600", "2014-06-30": "42.98100", "2014-03-31": "49.02400", "2013-12-31": "46.10900", "2013-09-30": "41.35600", "2013-06-30": "46.16100", "2013-03-31": "42.37300", "2012-12-31": "39.72400", "2012-09-30": "45.75800", "2012-06-30": "38.49600", "2012-03-31": "33.41700", "2011-12-31": "31.80700", "2011-09-30": "41.32700", "2011-06-30": "33.40100", "2011-03-31": "32.87100", "2010-12-31": "31.37600", "2010-09-30": "20.45400", "2010-06-30": "24.89000", "2010-03-31": "22.67600", "2009-12-31": "34.90400", "2009-09-30": "19.16000", "2009-06-30": "28.10900", "2009-03-31": "24.27800", "2008-12-31": ""}, "Income From Discontinued Operations": {"2020-12-31": "", "2020-09-30": "", "2020-06-30": "", "2020-03-31": "", "2019-12-31": "", "2019-09-30": "", "2019-06-30": "", "2019-03-31": "", "2018-12-31": "", "2018-09-30": "", "2018-06-30": "", "2018-03-31": "", "2017-12-31": "", "2017-09-30": "", "2017-06-30": "", "2017-03-31": "", "2016-12-31": "", "2016-09-30": "", "2016-06-30": "", "2016-03-31": "", "2015-12-31": "", "2015-09-30": "", "2015-06-30": "", "2015-03-31": "", "2014-12-31": "", "2014-09-30": "", "2014-06-30": "", "2014-03-31": "", "2013-12-31": "", "2013-09-30": "", "2013-06-30": "", "2013-03-31": "", "2012-12-31": "", "2012-09-30": "", "2012-06-30": "", "2012-03-31": "", "2011-12-31": "", "2011-09-30": "", "2011-06-30": "", "2011-03-31": "", "2010-12-31": "", "2010-09-30": "", "2010-06-30": "", "2010-03-31": "", "2009-12-31": "0.00000", "2009-09-30": "", "2009-06-30": "", "2009-03-31": "", "2008-12-31": ""}, "Net Income": {"2020-12-31": "87.10000", "2020-09-30": "109.60000", "2020-06-30": "113.30000", "2020-03-31": "157.00000", "2019-12-31": "85.00000", "2019-09-30": "105.50000", "2019-06-30": "87.60000", "2019-03-31": "94.60000", "2018-12-31": "137.40000", "2018-09-30": "85.00000", "2018-06-30": "82.40000", "2018-03-31": "117.30000", "2017-12-31": "254.60000", "2017-09-30": "59.70000", "2017-06-30": "67.30000", "2017-03-31": "15.10000", "2016-12-31": "44.70000", "2016-09-30": "40.30000", "2016-06-30": "50.70000", "2016-03-31": "49.20000", "2015-12-31": "50.15600", "2015-09-30": "67.21900", "2015-06-30": "44.64600", "2015-03-31": "42.07900", "2014-12-31": "49.12000", "2014-09-30": "48.14600", "2014-06-30": "42.59800", "2014-03-31": "48.52800", "2013-12-31": "45.64200", "2013-09-30": "40.95500", "2013-06-30": "45.47700", "2013-03-31": "41.78900", "2012-12-31": "39.24500", "2012-09-30": "45.24300", "2012-06-30": "37.90300", "2012-03-31": "32.86300", "2011-12-31": "31.28700", "2011-09-30": "40.59700", "2011-06-30": "32.60900", "2011-03-31": "32.08900", "2010-12-31": "30.69100", "2010-09-30": "20.02000", "2010-06-30": "24.77900", "2010-03-31": "22.67600", "2009-12-31": "34.90400", "2009-09-30": "19.16000", "2009-06-30": "28.10900", "2009-03-31": "24.27800", "2008-12-31": ""}, "EBITDA": {"2020-12-31": "", "2020-09-30": "179.30000", "2020-06-30": "200.20000", "2020-03-31": "267.40000", "2019-12-31": "161.40010", "2019-09-30": "190.80000", "2019-06-30": "180.00000", "2019-03-31": "194.30000", "2018-12-31": "226.29970", "2018-09-30": "176.90010", "2018-06-30": "180.20000", "2018-03-31": "222.50000", "2017-12-31": "165.10020", "2017-09-30": "176.80000", "2017-06-30": "173.69990", "2017-03-31": "52.10000", "2016-12-31": "84.90000", "2016-09-30": "76.00000", "2016-06-30": "90.30000", "2016-03-31": "91.40000", "2015-12-31": "88.03700", "2015-09-30": "113.52700", "2015-06-30": "84.67000", "2015-03-31": "79.96600", "2014-12-31": "98.04300", "2014-09-30": "85.45600", "2014-06-30": "79.64200", "2014-03-31": "90.66000", "2013-12-31": "81.73500", "2013-09-30": "76.93100", "2013-06-30": "84.00900", "2013-03-31": "77.74100", "2012-12-31": "65.98500", "2012-09-30": "69.51700", "2012-06-30": "74.41100", "2012-03-31": "65.75700", "2011-12-31": "60.20800", "2011-09-30": "83.88400", "2011-06-30": "65.47100", "2011-03-31": "66.25300", "2010-12-31": "60.06000", "2010-09-30": "42.05000", "2010-06-30": "49.14400", "2010-03-31": "46.04700", "2009-12-31": "63.53000", "2009-09-30": "39.90200", "2009-06-30": "54.62600", "2009-03-31": "47.22700", "2008-12-31": ""}, "EBIT": {"2020-12-31": "134.80000", "2020-09-30": "139.30000", "2020-06-30": "161.70000", "2020-03-31": "226.40000", "2019-12-31": "118.10010", "2019-09-30": "147.40000", "2019-06-30": "125.20000", "2019-03-31": "146.50000", "2018-12-31": "176.49980", "2018-09-30": "126.10010", "2018-06-30": "129.10000", "2018-03-31": "167.70000", "2017-12-31": "108.70020", "2017-09-30": "119.30000", "2017-06-30": "117.79990", "2017-03-31": "26.10000", "2016-12-31": "74.90000", "2016-09-30": "65.80000", "2016-06-30": "78.00000", "2016-03-31": "79.50000", "2015-12-31": "75.86700", "2015-09-30": "101.11000", "2015-06-30": "73.37000", "2015-03-31": "69.55300", "2014-12-31": "86.96300", "2014-09-30": "75.08400", "2014-06-30": "69.71600", "2014-03-31": "82.03800", "2013-12-31": "72.59900", "2013-09-30": "68.42700", "2013-06-30": "75.35800", "2013-03-31": "69.43000", "2012-12-31": "59.75200", "2012-09-30": "60.86100", "2012-06-30": "66.06900", "2012-03-31": "57.41500", "2011-12-31": "52.67900", "2011-09-30": "74.96600", "2011-06-30": "56.45200", "2011-03-31": "57.53500", "2010-12-31": "51.85300", "2010-09-30": "34.93300", "2010-06-30": "41.82600", "2010-03-31": "38.72900", "2009-12-31": "56.66100", "2009-09-30": "33.00200", "2009-06-30": "47.58200", "2009-03-31": "40.32000", "2008-12-31": ""}, "Basic Shares Outstanding": {"2020-12-31": "107.90000", "2020-09-30": "108.70000", "2020-06-30": "109.50000", "2020-03-31": "110.40000", "2019-12-31": "111.40000", "2019-09-30": "111.60000", "2019-06-30": "111.50000", "2019-03-31": "111.50000", "2018-12-31": "111.80000", "2018-09-30": "111.40000", "2018-06-30": "112.00000", "2018-03-31": "112.40000", "2017-12-31": "107.20000", "2017-09-30": "112.30000", "2017-06-30": "112.10000", "2017-03-31": "91.90000", "2016-12-31": "81.40000", "2016-09-30": "81.30000", "2016-06-30": "81.30000", "2016-03-31": "81.80000", "2015-12-31": "83.10000", "2015-09-30": "82.75500", "2015-06-30": "83.29000", "2015-03-31": "83.95600", "2014-12-31": "85.40600", "2014-09-30": "85.05100", "2014-06-30": "85.83100", "2014-03-31": "86.45300", "2013-12-31": "87.33100", "2013-09-30": "87.64700", "2013-06-30": "87.34100", "2013-03-31": "87.27200", "2012-12-31": "87.46000", "2012-09-30": "87.27200", "2012-06-30": "87.15300", "2012-03-31": "88.14600", "2011-12-31": "89.99400", "2011-09-30": "90.33400", "2011-06-30": "90.16400", "2011-03-31": "90.08500", "2010-12-31": "95.75400", "2010-09-30": "102.10300", "2010-06-30": "92.23300", "2010-03-31": "90.73300", "2009-12-31": "89.79700", "2009-09-30": "90.73300", "2009-06-30": "90.73300", "2009-03-31": "100.34800", "2008-12-31": ""}, "Shares Outstanding": {"2020-12-31": "108.00000", "2020-09-30": "108.80000", "2020-06-30": "109.60000", "2020-03-31": "110.60000", "2019-12-31": "111.80000", "2019-09-30": "111.90000", "2019-06-30": "111.60000", "2019-03-31": "111.70000", "2018-12-31": "112.20000", "2018-09-30": "111.80000", "2018-06-30": "112.30000", "2018-03-31": "112.70000", "2017-12-31": "107.50000", "2017-09-30": "112.60000", "2017-06-30": "112.50000", "2017-03-31": "92.00000", "2016-12-31": "81.40000", "2016-09-30": "81.30000", "2016-06-30": "81.30000", "2016-03-31": "81.80000", "2015-12-31": "83.10000", "2015-09-30": "82.75500", "2015-06-30": "83.29000", "2015-03-31": "83.95600", "2014-12-31": "85.40600", "2014-09-30": "85.05100", "2014-06-30": "85.83100", "2014-03-31": "86.45300", "2013-12-31": "87.33100", "2013-09-30": "87.64700", "2013-06-30": "87.34100", "2013-03-31": "87.27200", "2012-12-31": "87.46000", "2012-09-30": "87.27200", "2012-06-30": "87.15300", "2012-03-31": "88.14600", "2011-12-31": "89.99400", "2011-09-30": "90.33400", "2011-06-30": "90.16400", "2011-03-31": "90.08500", "2010-12-31": "95.75400", "2010-09-30": "102.10300", "2010-06-30": "92.23300", "2010-03-31": "90.73300", "2009-12-31": "89.79700", "2009-09-30": "90.73300", "2009-06-30": "90.73300", "2009-03-31": "102.56600", "2008-12-31": ""}, "Basic EPS": {"2020-12-31": "0.81000", "2020-09-30": "1.01000", "2020-06-30": "1.04000", "2020-03-31": "1.42000", "2019-12-31": "0.76000", "2019-09-30": "0.95000", "2019-06-30": "0.79000", "2019-03-31": "0.85000", "2018-12-31": "1.24000", "2018-09-30": "0.76000", "2018-06-30": "0.74000", "2018-03-31": "1.04000", "2017-12-31": "2.41000", "2017-09-30": "0.53000", "2017-06-30": "0.60000", "2017-03-31": "0.16000", "2016-12-31": "0.55000", "2016-09-30": "0.50000", "2016-06-30": "0.62000", "2016-03-31": "0.60000", "2015-12-31": "0.61000", "2015-09-30": "0.81000", "2015-06-30": "0.54000", "2015-03-31": "0.50000", "2014-12-31": "0.58000", "2014-09-30": "0.57000", "2014-06-30": "0.50000", "2014-03-31": "0.56000", "2013-12-31": "0.52000", "2013-09-30": "0.47000", "2013-06-30": "0.52000", "2013-03-31": "0.48000", "2012-12-31": "0.45000", "2012-09-30": "0.52000", "2012-06-30": "0.44000", "2012-03-31": "0.37000", "2011-12-31": "0.35000", "2011-09-30": "0.45000", "2011-06-30": "0.36000", "2011-03-31": "0.36000", "2010-12-31": "0.31000", "2010-09-30": "0.20000", "2010-06-30": "0.27000", "2010-03-31": "0.25000", "2009-12-31": "0.39000", "2009-09-30": "0.21000", "2009-06-30": "0.31000", "2009-03-31": "0.24000", "2008-12-31": ""}, "EPS - Earnings Per Share": {"2020-12-31": "0.81000", "2020-09-30": "1.01000", "2020-06-30": "1.03000", "2020-03-31": "1.42000", "2019-12-31": "0.77000", "2019-09-30": "0.94000", "2019-06-30": "0.78000", "2019-03-31": "0.85000", "2018-12-31": "1.23000", "2018-09-30": "0.76000", "2018-06-30": "0.73000", "2018-03-31": "1.04000", "2017-12-31": "2.40000", "2017-09-30": "0.53000", "2017-06-30": "0.60000", "2017-03-31": "0.16000", "2016-12-31": "0.55000", "2016-09-30": "0.50000", "2016-06-30": "0.62000", "2016-03-31": "0.60000", "2015-12-31": "0.61000", "2015-09-30": "0.81000", "2015-06-30": "0.54000", "2015-03-31": "0.50000", "2014-12-31": "0.58000", "2014-09-30": "0.57000", "2014-06-30": "0.50000", "2014-03-31": "0.56000", "2013-12-31": "0.52000", "2013-09-30": "0.47000", "2013-06-30": "0.52000", "2013-03-31": "0.48000", "2012-12-31": "0.45000", "2012-09-30": "0.52000", "2012-06-30": "0.44000", "2012-03-31": "0.37000", "2011-12-31": "0.35000", "2011-09-30": "0.45000", "2011-06-30": "0.36000", "2011-03-31": "0.36000", "2010-12-31": "0.31000", "2010-09-30": "0.20000", "2010-06-30": "0.27000", "2010-03-31": "0.25000", "2009-12-31": "0.39000", "2009-09-30": "0.21000", "2009-06-30": "0.31000", "2009-03-31": "0.24000", "2008-12-31": "0.00000"}}, "balance sheet": {"Cash On Hand": {"2020-12-31": "337.80000", "2019-12-31": "300.30000", "2018-12-31": "310.80000", "2017-12-31": "190.80000", "2016-12-31": "97.30000", "2015-12-31": "102.25300", "2014-12-31": "147.92700", "2013-12-31": "221.34100", "2012-12-31": "135.59700", "2011-12-31": "134.93600", "2010-12-31": "53.78900", "2009-12-31": "383.73000", "2008-12-31": ""}, "Receivables": {"2020-12-31": "390.40000", "2019-12-31": "291.50000", "2018-12-31": "357.70000", "2017-12-31": "234.50000", "2016-12-31": "130.40000", "2015-12-31": "96.11800", "2014-12-31": "90.58600", "2013-12-31": "80.79600", "2012-12-31": "62.59900", "2011-12-31": "49.52900", "2010-12-31": "51.09800", "2009-12-31": "43.07700", "2008-12-31": ""}, "Inventory": {"2020-12-31": "", "2019-12-31": "", "2018-12-31": "", "2017-12-31": "", "2016-12-31": "", "2015-12-31": "", "2014-12-31": "", "2013-12-31": "", "2012-12-31": "", "2011-12-31": "", "2010-12-31": "", "2009-12-31": "", "2008-12-31": ""}, "Pre-Paid Expenses": {"2020-12-31": "", "2019-12-31": "", "2018-12-31": "", "2017-12-31": "", "2016-12-31": "", "2015-12-31": "5.12200", "2014-12-31": "4.62200", "2013-12-31": "4.00700", "2012-12-31": "4.14600", "2011-12-31": "4.15200", "2010-12-31": "4.51000", "2009-12-31": "5.80400", "2008-12-31": ""}, "Other Current Assets": {"2020-12-31": "838.60000", "2019-12-31": "15.80000", "2018-12-31": "15.20000", "2017-12-31": "9.40000", "2016-12-31": "7.40000", "2015-12-31": "0.62500", "2014-12-31": "0.97200", "2013-12-31": "2.71700", "2012-12-31": "0.56700", "2011-12-31": "1.06500", "2010-12-31": "0.53700", "2009-12-31": "0.45200", "2008-12-31": ""}, "Total Current Assets": {"2020-12-31": "1566.80000", "2019-12-31": "607.60000", "2018-12-31": "683.70000", "2017-12-31": "434.70000", "2016-12-31": "235.10000", "2015-12-31": "204.11800", "2014-12-31": "244.10700", "2013-12-31": "308.86100", "2012-12-31": "202.90900", "2011-12-31": "189.68200", "2010-12-31": "109.93400", "2009-12-31": "433.06300", "2008-12-31": ""}, "Property, Plant, And Equipment": {"2020-12-31": "82.60000", "2019-12-31": "47.00000", "2018-12-31": "71.70000", "2017-12-31": "73.90000", "2016-12-31": "55.90000", "2015-12-31": "60.36000", "2014-12-31": "66.85600", "2013-12-31": "67.29400", "2012-12-31": "74.04400", "2011-12-31": "76.79800", "2010-12-31": "82.08400", "2009-12-31": "91.25100", "2008-12-31": ""}, "Long-Term Investments": {"2020-12-31": "42.70000", "2019-12-31": "61.20000", "2018-12-31": "86.20000", "2017-12-31": "82.70000", "2016-12-31": "72.90000", "2015-12-31": "48.43000", "2014-12-31": "12.35100", "2013-12-31": "14.58100", "2012-12-31": "14.27000", "2011-12-31": "14.30500", "2010-12-31": "12.61500", "2009-12-31": "3.09000", "2008-12-31": ""}, "Goodwill And Intangible Assets": {"2020-12-31": "4624.10000", "2019-12-31": "4272.00000", "2018-12-31": "4411.60000", "2017-12-31": "4610.00000", "2016-12-31": "35.20000", "2015-12-31": "66.96600", "2014-12-31": "55.67300", "2013-12-31": "45.93900", "2012-12-31": "42.72100", "2011-12-31": "42.16900", "2010-12-31": "44.56500", "2009-12-31": "39.63000", "2008-12-31": "0.00000"}, "Other Long-Term Assets": {"2020-12-31": "89.30000", "2019-12-31": "72.70000", "2018-12-31": "62.90000", "2017-12-31": "59.50000", "2016-12-31": "72.70000", "2015-12-31": "", "2014-12-31": "", "2013-12-31": "", "2012-12-31": "", "2011-12-31": "", "2010-12-31": "", "2009-12-31": "", "2008-12-31": ""}, "Total Long-Term Assets": {"2020-12-31": "4949.70000", "2019-12-31": "4506.30000", "2018-12-31": "4637.29900", "2017-12-31": "4831.00000", "2016-12-31": "241.60000", "2015-12-31": "180.67000", "2014-12-31": "139.79400", "2013-12-31": "132.72800", "2012-12-31": "135.94900", "2011-12-31": "138.18600", "2010-12-31": "144.17800", "2009-12-31": "138.88500", "2008-12-31": ""}, "Total Assets": {"2020-12-31": "6516.50000", "2019-12-31": "5113.90000", "2018-12-31": "5321.00000", "2017-12-31": "5265.70000", "2016-12-31": "476.70000", "2015-12-31": "384.78800", "2014-12-31": "383.90100", "2013-12-31": "441.58900", "2012-12-31": "338.85800", "2011-12-31": "327.86800", "2010-12-31": "254.11200", "2009-12-31": "571.94800", "2008-12-31": "0.00000"}, "Total Current Liabilities": {"2020-12-31": "1313.30000", "2019-12-31": "281.60000", "2018-12-31": "595.90000", "2017-12-31": "334.00000", "2016-12-31": "89.90000", "2015-12-31": "73.99700", "2014-12-31": "73.66500", "2013-12-31": "107.45800", "2012-12-31": "52.15000", "2011-12-31": "52.28700", "2010-12-31": "48.81600", "2009-12-31": "358.73500", "2008-12-31": ""}, "Long Term Debt": {"2020-12-31": "1135.20000", "2019-12-31": "867.60000", "2018-12-31": "915.60000", "2017-12-31": "1237.90000", "2016-12-31": "", "2015-12-31": "", "2014-12-31": "", "2013-12-31": "", "2012-12-31": "", "2011-12-31": "", "2010-12-31": "", "2009-12-31": "", "2008-12-31": ""}, "Other Non-Current Liabilities": {"2020-12-31": "209.40000", "2019-12-31": "162.70000", "2018-12-31": "122.30000", "2017-12-31": "85.60000", "2016-12-31": "56.30000", "2015-12-31": "43.94100", "2014-12-31": "44.88000", "2013-12-31": "33.75900", "2012-12-31": "24.80300", "2011-12-31": "16.09100", "2010-12-31": "7.15800", "2009-12-31": "3.05900", "2008-12-31": ""}, "Total Long Term Liabilities": {"2020-12-31": "1854.30000", "2019-12-31": "1476.70000", "2018-12-31": "1484.10000", "2017-12-31": "1821.10000", "2016-12-31": "68.90000", "2015-12-31": "51.14600", "2014-12-31": "60.16900", "2013-12-31": "49.61400", "2012-12-31": "47.58600", "2011-12-31": "39.31100", "2010-12-31": "29.42200", "2009-12-31": "25.07900", "2008-12-31": ""}, "Total Liabilities": {"2020-12-31": "3167.60000", "2019-12-31": "1758.30000", "2018-12-31": "2080.00000", "2017-12-31": "2155.10000", "2016-12-31": "158.80000", "2015-12-31": "125.14300", "2014-12-31": "133.83400", "2013-12-31": "157.07200", "2012-12-31": "99.73600", "2011-12-31": "91.59800", "2010-12-31": "78.23800", "2009-12-31": "383.81400", "2008-12-31": "0.00000"}, "Common Stock Net": {"2020-12-31": "1.20000", "2019-12-31": "1.20000", "2018-12-31": "1.20000", "2017-12-31": "1.20000", "2016-12-31": "0.90000", "2015-12-31": "0.92700", "2014-12-31": "0.92600", "2013-12-31": "0.91900", "2012-12-31": "0.91300", "2011-12-31": "0.90800", "2010-12-31": "0.90100", "2009-12-31": "19.57400", "2008-12-31": "0.00000"}, "Retained Earnings (Accumulated Deficit)": {"2020-12-31": "1810.20000", "2019-12-31": "1512.60000", "2018-12-31": "1288.20000", "2017-12-31": "993.30000", "2016-12-31": "710.80000", "2015-12-31": "603.59700", "2014-12-31": "472.00500", "2013-12-31": "349.29000", "2012-12-31": "275.49100", "2011-12-31": "232.12100", "2010-12-31": "133.08700", "2009-12-31": "166.76900", "2008-12-31": ""}, "Comprehensive Income": {"2020-12-31": "74.60000", "2019-12-31": "37.60000", "2018-12-31": "11.50000", "2017-12-31": "50.70000", "2016-12-31": "-0.80000", "2015-12-31": "-0.82400", "2014-12-31": "-0.68900", "2013-12-31": "-1.05000", "2012-12-31": "-0.89300", "2011-12-31": "-0.89900", "2010-12-31": "-0.97200", "2009-12-31": "-0.80100", "2008-12-31": ""}, "Other Share Holders Equity": {"2020-12-31": "", "2019-12-31": "", "2018-12-31": "", "2017-12-31": "", "2016-12-31": "", "2015-12-31": "", "2014-12-31": "", "2013-12-31": "", "2012-12-31": "", "2011-12-31": "", "2010-12-31": "", "2009-12-31": "", "2008-12-31": "0.00000"}, "Share Holder Equity": {"2020-12-31": "3348.90000", "2019-12-31": "3355.60000", "2018-12-31": "3241.00000", "2017-12-31": "3110.60000", "2016-12-31": "317.90000", "2015-12-31": "259.64500", "2014-12-31": "250.06700", "2013-12-31": "284.51700", "2012-12-31": "239.12200", "2011-12-31": "236.27000", "2010-12-31": "175.87400", "2009-12-31": "188.13400", "2008-12-31": "0.00000"}, "Total Liabilities And Share Holders Equity": {"2020-12-31": "6516.50000", "2019-12-31": "5113.90000", "2018-12-31": "5321.00000", "2017-12-31": "5265.70000", "2016-12-31": "476.70000", "2015-12-31": "384.78800", "2014-12-31": "383.90100", "2013-12-31": "441.58900", "2012-12-31": "338.85800", "2011-12-31": "327.86800", "2010-12-31": "254.11200", "2009-12-31": "571.94800", "2008-12-31": "0.00000"}}, "balance sheet, quarterly": {"Cash On Hand": {"2020-12-31": "337.80000", "2020-09-30": "235.50000", "2020-06-30": "386.60000", "2020-03-31": "208.80000", "2019-12-31": "300.30000", "2019-09-30": "171.40000", "2019-06-30": "244.20000", "2019-03-31": "376.40000", "2018-12-31": "310.80000", "2018-09-30": "137.70000", "2018-06-30": "271.80000", "2018-03-31": "230.30000", "2017-12-31": "190.80000", "2017-09-30": "127.20000", "2017-06-30": "259.00000", "2017-03-31": "194.60000", "2016-12-31": "97.30000", "2016-09-30": "72.75900", "2016-06-30": "52.19300", "2016-03-31": "107.48200", "2015-12-31": "102.25300", "2015-09-30": "121.67800", "2015-06-30": "89.63400", "2015-03-31": "137.55800", "2014-12-31": "147.92700", "2014-09-30": "126.51900", "2014-06-30": "145.11100", "2014-03-31": "199.06500", "2013-12-31": "221.34100", "2013-09-30": "226.37800", "2013-06-30": "207.76600", "2013-03-31": "210.48600", "2012-12-31": "135.59700", "2012-09-30": "160.28100", "2012-06-30": "127.13700", "2012-03-31": "148.86900", "2011-12-31": "134.93600", "2011-09-30": "147.22000", "2011-06-30": "106.54500", "2011-03-31": "115.68900", "2010-12-31": "53.78900", "2010-09-30": "322.93600", "2010-06-30": "324.06600", "2010-03-31": "439.49700", "2009-12-31": "383.73000", "2009-09-30": "", "2009-06-30": "", "2009-03-31": "", "2008-12-31": ""}, "Receivables": {"2020-12-31": "390.40000", "2020-09-30": "341.60000", "2020-06-30": "376.80000", "2020-03-31": "408.00000", "2019-12-31": "291.50000", "2019-09-30": "300.50000", "2019-06-30": "316.30000", "2019-03-31": "291.30000", "2018-12-31": "357.70000", "2018-09-30": "281.70000", "2018-06-30": "299.10000", "2018-03-31": "268.40000", "2017-12-31": "234.50000", "2017-09-30": "231.00000", "2017-06-30": "242.00000", "2017-03-31": "245.30000", "2016-12-31": "130.40000", "2016-09-30": "120.47400", "2016-06-30": "110.67000", "2016-03-31": "68.96700", "2015-12-31": "96.11800", "2015-09-30": "91.99900", "2015-06-30": "94.24900", "2015-03-31": "61.89500", "2014-12-31": "90.58600", "2014-09-30": "88.01100", "2014-06-30": "87.71200", "2014-03-31": "68.76400", "2013-12-31": "80.79600", "2013-09-30": "75.28300", "2013-06-30": "80.11100", "2013-03-31": "57.86800", "2012-12-31": "62.59900", "2012-09-30": "70.64400", "2012-06-30": "64.94300", "2012-03-31": "58.22000", "2011-12-31": "49.52900", "2011-09-30": "53.37400", "2011-06-30": "62.48800", "2011-03-31": "55.56300", "2010-12-31": "51.09800", "2010-09-30": "58.32800", "2010-06-30": "46.63900", "2010-03-31": "48.07500", "2009-12-31": "43.07700", "2009-09-30": "", "2009-06-30": "", "2009-03-31": "", "2008-12-31": ""}, "Inventory": {"2020-12-31": "", "2020-09-30": "", "2020-06-30": "", "2020-03-31": "", "2019-12-31": "", "2019-09-30": "", "2019-06-30": "", "2019-03-31": "", "2018-12-31": "", "2018-09-30": "", "2018-06-30": "", "2018-03-31": "", "2017-12-31": "", "2017-09-30": "", "2017-06-30": "", "2017-03-31": "", "2016-12-31": "", "2016-09-30": "", "2016-06-30": "", "2016-03-31": "", "2015-12-31": "", "2015-09-30": "", "2015-06-30": "", "2015-03-31": "", "2014-12-31": "", "2014-09-30": "", "2014-06-30": "", "2014-03-31": "", "2013-12-31": "", "2013-09-30": "", "2013-06-30": "", "2013-03-31": "", "2012-12-31": "", "2012-09-30": "", "2012-06-30": "", "2012-03-31": "", "2011-12-31": "", "2011-09-30": "", "2011-06-30": "", "2011-03-31": "", "2010-12-31": "", "2010-09-30": "", "2010-06-30": "", "2010-03-31": "", "2009-12-31": "", "2009-09-30": "", "2009-06-30": "", "2009-03-31": "", "2008-12-31": ""}, "Pre-Paid Expenses": {"2020-12-31": "", "2020-09-30": "", "2020-06-30": "", "2020-03-31": "", "2019-12-31": "", "2019-09-30": "", "2019-06-30": "", "2019-03-31": "", "2018-12-31": "", "2018-09-30": "", "2018-06-30": "", "2018-03-31": "", "2017-12-31": "", "2017-09-30": "", "2017-06-30": "", "2017-03-31": "", "2016-12-31": "", "2016-09-30": "8.49500", "2016-06-30": "10.57700", "2016-03-31": "7.97800", "2015-12-31": "5.12200", "2015-09-30": "8.03500", "2015-06-30": "10.45900", "2015-03-31": "8.58800", "2014-12-31": "4.62200", "2014-09-30": "7.52900", "2014-06-30": "9.61100", "2014-03-31": "7.27100", "2013-12-31": "4.00700", "2013-09-30": "6.60900", "2013-06-30": "8.23400", "2013-03-31": "6.33500", "2012-12-31": "4.14600", "2012-09-30": "6.73700", "2012-06-30": "9.13900", "2012-03-31": "6.84400", "2011-12-31": "4.15200", "2011-09-30": "6.03100", "2011-06-30": "7.95900", "2011-03-31": "7.06100", "2010-12-31": "4.51000", "2010-09-30": "5.27000", "2010-06-30": "7.21400", "2010-03-31": "7.24500", "2009-12-31": "5.80400", "2009-09-30": "", "2009-06-30": "", "2009-03-31": "", "2008-12-31": ""}, "Other Current Assets": {"2020-12-31": "838.60000", "2020-09-30": "805.20000", "2020-06-30": "17.80000", "2020-03-31": "15.30000", "2019-12-31": "15.80000", "2019-09-30": "17.60000", "2019-06-30": "16.90000", "2019-03-31": "15.50000", "2018-12-31": "15.20000", "2018-09-30": "16.10000", "2018-06-30": "13.10000", "2018-03-31": "13.60000", "2017-12-31": "9.40000", "2017-09-30": "16.10000", "2017-06-30": "18.70000", "2017-03-31": "15.80000", "2016-12-31": "7.40000", "2016-09-30": "0.13700", "2016-06-30": "0.43200", "2016-03-31": "0.26400", "2015-12-31": "0.62500", "2015-09-30": "0.98800", "2015-06-30": "0.27700", "2015-03-31": "1.34400", "2014-12-31": "0.97200", "2014-09-30": "0.66700", "2014-06-30": "1.50100", "2014-03-31": "0.92200", "2013-12-31": "2.71700", "2013-09-30": "0.65900", "2013-06-30": "0.56500", "2013-03-31": "0.73500", "2012-12-31": "0.56700", "2012-09-30": "0.78600", "2012-06-30": "0.72800", "2012-03-31": "0.94100", "2011-12-31": "1.06500", "2011-09-30": "0.69400", "2011-06-30": "0.55800", "2011-03-31": "0.70200", "2010-12-31": "0.53700", "2010-09-30": "0.57100", "2010-06-30": "0.56300", "2010-03-31": "0.69100", "2009-12-31": "0.45200", "2009-09-30": "", "2009-06-30": "", "2009-03-31": "", "2008-12-31": ""}, "Total Current Assets": {"2020-12-31": "1566.80000", "2020-09-30": "1382.30000", "2020-06-30": "781.20000", "2020-03-31": "632.10000", "2019-12-31": "607.60000", "2019-09-30": "489.50000", "2019-06-30": "577.40000", "2019-03-31": "683.20000", "2018-12-31": "683.70000", "2018-09-30": "435.50000", "2018-06-30": "584.00000", "2018-03-31": "512.30000", "2017-12-31": "434.70000", "2017-09-30": "374.30000", "2017-06-30": "519.70000", "2017-03-31": "455.70000", "2016-12-31": "235.10000", "2016-09-30": "206.58300", "2016-06-30": "173.87200", "2016-03-31": "184.69100", "2015-12-31": "204.11800", "2015-09-30": "222.70000", "2015-06-30": "194.61900", "2015-03-31": "209.38500", "2014-12-31": "244.10700", "2014-09-30": "222.72600", "2014-06-30": "243.93500", "2014-03-31": "276.02200", "2013-12-31": "308.86100", "2013-09-30": "308.92900", "2013-06-30": "296.67600", "2013-03-31": "275.42400", "2012-12-31": "202.90900", "2012-09-30": "238.44800", "2012-06-30": "201.94700", "2012-03-31": "214.87400", "2011-12-31": "189.68200", "2011-09-30": "207.31900", "2011-06-30": "177.55000", "2011-03-31": "179.01500", "2010-12-31": "109.93400", "2010-09-30": "387.10500", "2010-06-30": "378.48200", "2010-03-31": "495.50800", "2009-12-31": "433.06300", "2009-09-30": "", "2009-06-30": "", "2009-03-31": "", "2008-12-31": ""}, "Property, Plant, And Equipment": {"2020-12-31": "82.60000", "2020-09-30": "82.60000", "2020-06-30": "75.60000", "2020-03-31": "70.70000", "2019-12-31": "47.00000", "2019-09-30": "49.00000", "2019-06-30": "50.70000", "2019-03-31": "68.50000", "2018-12-31": "71.70000", "2018-09-30": "65.90000", "2018-06-30": "65.40000", "2018-03-31": "74.20000", "2017-12-31": "73.90000", "2017-09-30": "77.20000", "2017-06-30": "75.60000", "2017-03-31": "74.60000", "2016-12-31": "55.90000", "2016-09-30": "59.91100", "2016-06-30": "61.13000", "2016-03-31": "58.06300", "2015-12-31": "60.36000", "2015-09-30": "58.22200", "2015-06-30": "62.16800", "2015-03-31": "62.72500", "2014-12-31": "66.85600", "2014-09-30": "70.37900", "2014-06-30": "70.22800", "2014-03-31": "69.18000", "2013-12-31": "67.29400", "2013-09-30": "69.25100", "2013-06-30": "71.28100", "2013-03-31": "72.27700", "2012-12-31": "74.04400", "2012-09-30": "77.52700", "2012-06-30": "79.25600", "2012-03-31": "76.62700", "2011-12-31": "76.79800", "2011-09-30": "77.58600", "2011-06-30": "81.48900", "2011-03-31": "81.37600", "2010-12-31": "82.08400", "2010-09-30": "85.95000", "2010-06-30": "86.64600", "2010-03-31": "89.99100", "2009-12-31": "91.25100", "2009-09-30": "", "2009-06-30": "", "2009-03-31": "", "2008-12-31": ""}, "Long-Term Investments": {"2020-12-31": "42.70000", "2020-09-30": "53.20000", "2020-06-30": "61.30000", "2020-03-31": "62.30000", "2019-12-31": "61.20000", "2019-09-30": "69.70000", "2019-06-30": "63.50000", "2019-03-31": "63.40000", "2018-12-31": "86.20000", "2018-09-30": "88.70000", "2018-06-30": "88.70000", "2018-03-31": "85.00000", "2017-12-31": "82.70000", "2017-09-30": "83.20000", "2017-06-30": "82.00000", "2017-03-31": "82.00000", "2016-12-31": "72.90000", "2016-09-30": "73.46900", "2016-06-30": "72.69800", "2016-03-31": "53.48500", "2015-12-31": "48.43000", "2015-09-30": "43.68000", "2015-06-30": "43.40700", "2015-03-31": "42.74000", "2014-12-31": "12.35100", "2014-09-30": "14.91900", "2014-06-30": "14.71100", "2014-03-31": "14.57100", "2013-12-31": "14.58100", "2013-09-30": "14.03400", "2013-06-30": "14.17400", "2013-03-31": "14.22100", "2012-12-31": "14.27000", "2012-09-30": "14.25700", "2012-06-30": "14.21200", "2012-03-31": "14.22200", "2011-12-31": "14.30500", "2011-09-30": "11.96500", "2011-06-30": "12.15600", "2011-03-31": "12.15600", "2010-12-31": "12.61500", "2010-09-30": "14.37100", "2010-06-30": "14.53800", "2010-03-31": "2.88500", "2009-12-31": "3.09000", "2009-09-30": "", "2009-06-30": "", "2009-03-31": "", "2008-12-31": ""}, "Goodwill And Intangible Assets": {"2020-12-31": "4624.10000", "2020-09-30": "4361.90000", "2020-06-30": "4256.60000", "2020-03-31": "4280.90000", "2019-12-31": "4272.00000", "2019-09-30": "4262.00000", "2019-06-30": "4326.50000", "2019-03-31": "4387.80000", "2018-12-31": "4411.60000", "2018-09-30": "4465.80000", "2018-06-30": "4514.30000", "2018-03-31": "4594.90000", "2017-12-31": "4610.00000", "2017-09-30": "4636.50000", "2017-06-30": "4656.80000", "2017-03-31": "4671.60000", "2016-12-31": "35.20000", "2016-09-30": "96.46500", "2016-06-30": "94.03000", "2016-03-31": "93.67700", "2015-12-31": "66.96600", "2015-09-30": "67.90300", "2015-06-30": "57.00100", "2015-03-31": "56.03300", "2014-12-31": "55.67300", "2014-09-30": "54.14800", "2014-06-30": "51.99300", "2014-03-31": "48.15700", "2013-12-31": "45.93900", "2013-09-30": "44.02200", "2013-06-30": "42.81700", "2013-03-31": "42.78900", "2012-12-31": "42.72100", "2012-09-30": "42.38000", "2012-06-30": "43.47700", "2012-03-31": "42.80400", "2011-12-31": "42.16900", "2011-09-30": "42.85900", "2011-06-30": "43.31300", "2011-03-31": "43.35900", "2010-12-31": "44.56500", "2010-09-30": "38.28400", "2010-06-30": "39.08600", "2010-03-31": "39.22900", "2009-12-31": "39.63000", "2009-09-30": "0.00000", "2009-06-30": "0.00000", "2009-03-31": "0.00000", "2008-12-31": "0.00000"}, "Other Long-Term Assets": {"2020-12-31": "89.30000", "2020-09-30": "80.70000", "2020-06-30": "73.80000", "2020-03-31": "77.50000", "2019-12-31": "72.70000", "2019-09-30": "95.70000", "2019-06-30": "87.20000", "2019-03-31": "66.10000", "2018-12-31": "62.90000", "2018-09-30": "58.70000", "2018-06-30": "59.60000", "2018-03-31": "56.90000", "2017-12-31": "59.50000", "2017-09-30": "52.00000", "2017-06-30": "56.60000", "2017-03-31": "56.30000", "2016-12-31": "72.70000", "2016-09-30": "", "2016-06-30": "", "2016-03-31": "", "2015-12-31": "", "2015-09-30": "", "2015-06-30": "", "2015-03-31": "", "2014-12-31": "", "2014-09-30": "", "2014-06-30": "", "2014-03-31": "", "2013-12-31": "", "2013-09-30": "", "2013-06-30": "", "2013-03-31": "", "2012-12-31": "", "2012-09-30": "", "2012-06-30": "", "2012-03-31": "", "2011-12-31": "", "2011-09-30": "", "2011-06-30": "", "2011-03-31": "", "2010-12-31": "", "2010-09-30": "", "2010-06-30": "", "2010-03-31": "", "2009-12-31": "", "2009-09-30": "", "2009-06-30": "", "2009-03-31": "", "2008-12-31": ""}, "Total Long-Term Assets": {"2020-12-31": "4949.70000", "2020-09-30": "4694.50000", "2020-06-30": "4585.09900", "2020-03-31": "4605.40000", "2019-12-31": "4506.30000", "2019-09-30": "4529.80000", "2019-06-30": "4581.90000", "2019-03-31": "4647.20000", "2018-12-31": "4637.29900", "2018-09-30": "4684.00000", "2018-06-30": "4732.90000", "2018-03-31": "4815.90000", "2017-12-31": "4831.00000", "2017-09-30": "4853.80000", "2017-06-30": "4875.90000", "2017-03-31": "4889.40000", "2016-12-31": "241.60000", "2016-09-30": "234.75900", "2016-06-30": "232.77200", "2016-03-31": "210.13900", "2015-12-31": "180.67000", "2015-09-30": "174.71900", "2015-06-30": "167.49000", "2015-03-31": "166.41200", "2014-12-31": "139.79400", "2014-09-30": "144.36000", "2014-06-30": "141.84600", "2014-03-31": "136.82200", "2013-12-31": "132.72800", "2013-09-30": "132.22100", "2013-06-30": "133.18600", "2013-03-31": "134.20100", "2012-12-31": "135.94900", "2012-09-30": "139.07800", "2012-06-30": "141.85900", "2012-03-31": "138.56700", "2011-12-31": "138.18600", "2011-09-30": "137.32400", "2011-06-30": "141.87200", "2011-03-31": "141.80500", "2010-12-31": "144.17800", "2010-09-30": "143.51900", "2010-06-30": "145.18400", "2010-03-31": "137.01900", "2009-12-31": "138.88500", "2009-09-30": "", "2009-06-30": "", "2009-03-31": "", "2008-12-31": ""}, "Total Assets": {"2020-12-31": "6516.50000", "2020-09-30": "6076.80000", "2020-06-30": "5366.30000", "2020-03-31": "5237.50000", "2019-12-31": "5113.90000", "2019-09-30": "5019.30000", "2019-06-30": "5159.30000", "2019-03-31": "5330.40000", "2018-12-31": "5321.00000", "2018-09-30": "5119.50000", "2018-06-30": "5316.90000", "2018-03-31": "5328.20000", "2017-12-31": "5265.70000", "2017-09-30": "5228.10000", "2017-06-30": "5395.60000", "2017-03-31": "5345.10000", "2016-12-31": "476.70000", "2016-09-30": "441.34200", "2016-06-30": "406.64400", "2016-03-31": "394.83000", "2015-12-31": "384.78800", "2015-09-30": "397.41900", "2015-06-30": "362.10900", "2015-03-31": "375.79700", "2014-12-31": "383.90100", "2014-09-30": "367.08600", "2014-06-30": "385.78100", "2014-03-31": "412.84400", "2013-12-31": "441.58900", "2013-09-30": "441.15000", "2013-06-30": "429.86200", "2013-03-31": "409.62500", "2012-12-31": "338.85800", "2012-09-30": "377.52600", "2012-06-30": "343.80600", "2012-03-31": "353.44100", "2011-12-31": "327.86800", "2011-09-30": "344.64300", "2011-06-30": "319.42200", "2011-03-31": "320.82000", "2010-12-31": "254.11200", "2010-09-30": "530.62400", "2010-06-30": "523.66600", "2010-03-31": "632.52700", "2009-12-31": "571.94800", "2009-09-30": "0.00000", "2009-06-30": "0.00000", "2009-03-31": "0.00000", "2008-12-31": "0.00000"}, "Total Current Liabilities": {"2020-12-31": "1313.30000", "2020-09-30": "1128.30000", "2020-06-30": "496.50000", "2020-03-31": "358.10000", "2019-12-31": "281.60000", "2019-09-30": "199.00000", "2019-06-30": "285.80000", "2019-03-31": "511.40000", "2018-12-31": "595.90000", "2018-09-30": "478.90000", "2018-06-30": "679.90000", "2018-03-31": "384.30000", "2017-12-31": "334.00000", "2017-09-30": "238.00000", "2017-06-30": "376.30000", "2017-03-31": "260.90000", "2016-12-31": "89.90000", "2016-09-30": "81.12200", "2016-06-30": "76.63200", "2016-03-31": "83.35400", "2015-12-31": "73.99700", "2015-09-30": "78.66300", "2015-06-30": "72.46400", "2015-03-31": "70.71200", "2014-12-31": "73.66500", "2014-09-30": "68.28300", "2014-06-30": "69.02900", "2014-03-31": "74.45700", "2013-12-31": "107.45800", "2013-09-30": "65.39700", "2013-06-30": "70.27100", "2013-03-31": "85.75200", "2012-12-31": "52.15000", "2012-09-30": "56.08900", "2012-06-30": "63.90800", "2012-03-31": "82.63900", "2011-12-31": "52.28700", "2011-09-30": "65.14600", "2011-06-30": "60.92100", "2011-03-31": "85.53600", "2010-12-31": "48.81600", "2010-09-30": "54.72700", "2010-06-30": "77.91600", "2010-03-31": "398.29600", "2009-12-31": "358.73500", "2009-09-30": "", "2009-06-30": "", "2009-03-31": "", "2008-12-31": ""}, "Long Term Debt": {"2020-12-31": "1135.20000", "2020-09-30": "869.10000", "2020-06-30": "868.60000", "2020-03-31": "868.10000", "2019-12-31": "867.60000", "2019-09-30": "867.10000", "2019-06-30": "916.60000", "2019-03-31": "916.10000", "2018-12-31": "915.60000", "2018-09-30": "915.10000", "2018-06-30": "914.60000", "2018-03-31": "1213.40000", "2017-12-31": "1237.90000", "2017-09-30": "1312.40000", "2017-06-30": "1411.30000", "2017-03-31": "1486.70000", "2016-12-31": "", "2016-09-30": "", "2016-06-30": "", "2016-03-31": "", "2015-12-31": "", "2015-09-30": "", "2015-06-30": "", "2015-03-31": "", "2014-12-31": "", "2014-09-30": "", "2014-06-30": "", "2014-03-31": "", "2013-12-31": "", "2013-09-30": "", "2013-06-30": "", "2013-03-31": "", "2012-12-31": "", "2012-09-30": "", "2012-06-30": "", "2012-03-31": "", "2011-12-31": "", "2011-09-30": "", "2011-06-30": "", "2011-03-31": "", "2010-12-31": "", "2010-09-30": "", "2010-06-30": "", "2010-03-31": "", "2009-12-31": "", "2009-09-30": "", "2009-06-30": "", "2009-03-31": "", "2008-12-31": ""}, "Other Non-Current Liabilities": {"2020-12-31": "209.40000", "2020-09-30": "202.50000", "2020-06-30": "192.70000", "2020-03-31": "180.70000", "2019-12-31": "162.70000", "2019-09-30": "158.90000", "2019-06-30": "150.50000", "2019-03-31": "124.60000", "2018-12-31": "122.30000", "2018-09-30": "88.80000", "2018-06-30": "89.90000", "2018-03-31": "84.70000", "2017-12-31": "85.60000", "2017-09-30": "74.70000", "2017-06-30": "75.30000", "2017-03-31": "118.90000", "2016-12-31": "56.30000", "2016-09-30": "50.38000", "2016-06-30": "44.78000", "2016-03-31": "43.92400", "2015-12-31": "43.94100", "2015-09-30": "45.09800", "2015-06-30": "46.56000", "2015-03-31": "45.24400", "2014-12-31": "44.88000", "2014-09-30": "39.21800", "2014-06-30": "37.68500", "2014-03-31": "36.08200", "2013-12-31": "33.75900", "2013-09-30": "31.66600", "2013-06-30": "28.12700", "2013-03-31": "26.63200", "2012-12-31": "24.80300", "2012-09-30": "22.17400", "2012-06-30": "18.32500", "2012-03-31": "17.45500", "2011-12-31": "16.09100", "2011-09-30": "12.35900", "2011-06-30": "7.69300", "2011-03-31": "7.65700", "2010-12-31": "7.15800", "2010-09-30": "7.66400", "2010-06-30": "3.79200", "2010-03-31": "3.39100", "2009-12-31": "3.05900", "2009-09-30": "", "2009-06-30": "", "2009-03-31": "", "2008-12-31": ""}, "Total Long Term Liabilities": {"2020-12-31": "1854.30000", "2020-09-30": "1604.00000", "2020-06-30": "1583.50000", "2020-03-31": "1569.30000", "2019-12-31": "1476.70000", "2019-09-30": "1491.60000", "2019-06-30": "1546.50000", "2019-03-31": "1533.60000", "2018-12-31": "1484.10000", "2018-09-30": "1488.70000", "2018-06-30": "1487.40000", "2018-03-31": "1768.70000", "2017-12-31": "1821.10000", "2017-09-30": "2112.20000", "2017-06-30": "2202.60000", "2017-03-31": "2338.80000", "2016-12-31": "68.90000", "2016-09-30": "70.65500", "2016-06-30": "64.24900", "2016-03-31": "63.54900", "2015-12-31": "51.14600", "2015-09-30": "58.93900", "2015-06-30": "62.62800", "2015-03-31": "61.35000", "2014-12-31": "60.16900", "2014-09-30": "53.67900", "2014-06-30": "52.86100", "2014-03-31": "51.70700", "2013-12-31": "49.61400", "2013-09-30": "50.35400", "2013-06-30": "49.68500", "2013-03-31": "49.14700", "2012-12-31": "47.58600", "2012-09-30": "45.91600", "2012-06-30": "39.99100", "2012-03-31": "39.60000", "2011-12-31": "39.31100", "2011-09-30": "33.79600", "2011-06-30": "31.20700", "2011-03-31": "32.32000", "2010-12-31": "29.42200", "2010-09-30": "26.75500", "2010-06-30": "21.40500", "2010-03-31": "23.40700", "2009-12-31": "25.07900", "2009-09-30": "", "2009-06-30": "", "2009-03-31": "", "2008-12-31": ""}, "Total Liabilities": {"2020-12-31": "3167.60000", "2020-09-30": "2732.30000", "2020-06-30": "2080.00000", "2020-03-31": "1927.40000", "2019-12-31": "1758.30000", "2019-09-30": "1690.60000", "2019-06-30": "1832.30000", "2019-03-31": "2045.00000", "2018-12-31": "2080.00000", "2018-09-30": "1967.60000", "2018-06-30": "2167.30000", "2018-03-31": "2153.00000", "2017-12-31": "2155.10000", "2017-09-30": "2350.20000", "2017-06-30": "2578.90000", "2017-03-31": "2599.70000", "2016-12-31": "158.80000", "2016-09-30": "151.77700", "2016-06-30": "140.88100", "2016-03-31": "146.90300", "2015-12-31": "125.14300", "2015-09-30": "137.60200", "2015-06-30": "135.09200", "2015-03-31": "132.06200", "2014-12-31": "133.83400", "2014-09-30": "121.96200", "2014-06-30": "121.89000", "2014-03-31": "126.16400", "2013-12-31": "157.07200", "2013-09-30": "115.75100", "2013-06-30": "119.95600", "2013-03-31": "134.89900", "2012-12-31": "99.73600", "2012-09-30": "102.00500", "2012-06-30": "103.89900", "2012-03-31": "122.23900", "2011-12-31": "91.59800", "2011-09-30": "98.94200", "2011-06-30": "92.12800", "2011-03-31": "117.85600", "2010-12-31": "78.23800", "2010-09-30": "81.48200", "2010-06-30": "99.32100", "2010-03-31": "421.70300", "2009-12-31": "383.81400", "2009-09-30": "0.00000", "2009-06-30": "0.00000", "2009-03-31": "0.00000", "2008-12-31": "0.00000"}, "Common Stock Net": {"2020-12-31": "1.20000", "2020-09-30": "1.20000", "2020-06-30": "1.20000", "2020-03-31": "1.20000", "2019-12-31": "1.20000", "2019-09-30": "1.20000", "2019-06-30": "1.20000", "2019-03-31": "1.20000", "2018-12-31": "1.20000", "2018-09-30": "1.20000", "2018-06-30": "1.20000", "2018-03-31": "1.20000", "2017-12-31": "1.20000", "2017-09-30": "1.20000", "2017-06-30": "1.20000", "2017-03-31": "1.20000", "2016-12-31": "0.90000", "2016-09-30": "0.92900", "2016-06-30": "0.92900", "2016-03-31": "0.92900", "2015-12-31": "0.92700", "2015-09-30": "0.92700", "2015-06-30": "0.92700", "2015-03-31": "0.92700", "2014-12-31": "0.92600", "2014-09-30": "0.92600", "2014-06-30": "0.92600", "2014-03-31": "0.92000", "2013-12-31": "0.91900", "2013-09-30": "0.91900", "2013-06-30": "0.91800", "2013-03-31": "0.91300", "2012-12-31": "0.91300", "2012-09-30": "0.91300", "2012-06-30": "0.91300", "2012-03-31": "0.90800", "2011-12-31": "0.90800", "2011-09-30": "0.90600", "2011-06-30": "0.90600", "2011-03-31": "0.90100", "2010-12-31": "0.90100", "2010-09-30": "1.02000", "2010-06-30": "1.02000", "2010-03-31": "19.57400", "2009-12-31": "19.57400", "2009-09-30": "0.00000", "2009-06-30": "0.00000", "2009-03-31": "0.00000", "2008-12-31": "0.00000"}, "Retained Earnings (Accumulated Deficit)": {"2020-12-31": "1810.20000", "2020-09-30": "1767.80000", "2020-06-30": "1703.70000", "2020-03-31": "1629.60000", "2019-12-31": "1512.60000", "2019-09-30": "1467.40000", "2019-06-30": "1401.90000", "2019-03-31": "1348.60000", "2018-12-31": "1288.20000", "2018-09-30": "1185.40000", "2018-06-30": "1134.00000", "2018-03-31": "1080.80000", "2017-12-31": "993.30000", "2017-09-30": "766.90000", "2017-06-30": "737.30000", "2017-03-31": "697.70000", "2016-12-31": "710.80000", "2016-09-30": "686.04200", "2016-06-30": "666.01600", "2016-03-31": "633.87600", "2015-12-31": "603.59700", "2015-09-30": "572.21300", "2015-06-30": "523.82200", "2015-03-31": "496.53900", "2014-12-31": "472.00500", "2014-09-30": "440.44100", "2014-06-30": "409.98800", "2014-03-31": "382.58700", "2013-12-31": "349.29000", "2013-09-30": "362.83100", "2013-06-30": "337.42000", "2013-03-31": "304.56700", "2012-12-31": "275.49100", "2012-09-30": "315.20300", "2012-06-30": "282.68600", "2012-03-31": "254.79300", "2011-12-31": "232.12100", "2011-09-30": "211.21000", "2011-06-30": "180.90300", "2011-03-31": "156.73000", "2010-12-31": "133.08700", "2010-09-30": "110.94000", "2010-06-30": "100.91800", "2010-03-31": "189.44500", "2009-12-31": "166.76900", "2009-09-30": "", "2009-06-30": "", "2009-03-31": "", "2008-12-31": ""}, "Comprehensive Income": {"2020-12-31": "74.60000", "2020-09-30": "29.00000", "2020-06-30": "-2.60000", "2020-03-31": "0.10000", "2019-12-31": "37.60000", "2019-09-30": "-9.10000", "2019-06-30": "8.10000", "2019-03-31": "26.20000", "2018-12-31": "11.50000", "2018-09-30": "25.80000", "2018-06-30": "34.20000", "2018-03-31": "75.50000", "2017-12-31": "50.70000", "2017-09-30": "50.00000", "2017-06-30": "29.60000", "2017-03-31": "2.10000", "2016-12-31": "-0.80000", "2016-09-30": "-0.77500", "2016-06-30": "-0.78400", "2016-03-31": "-0.79500", "2015-12-31": "-0.82400", "2015-09-30": "-0.83800", "2015-06-30": "-0.85200", "2015-03-31": "-0.87000", "2014-12-31": "-0.68900", "2014-09-30": "-0.70800", "2014-06-30": "-0.71200", "2014-03-31": "-0.73500", "2013-12-31": "-1.05000", "2013-09-30": "-1.06600", "2013-06-30": "-1.08400", "2013-03-31": "-1.10100", "2012-12-31": "-0.89300", "2012-09-30": "-0.90700", "2012-06-30": "-0.92200", "2012-03-31": "-0.93600", "2011-12-31": "-0.89900", "2011-09-30": "-0.91400", "2011-06-30": "-0.92500", "2011-03-31": "-0.93800", "2010-12-31": "-0.97200", "2010-09-30": "-0.76700", "2010-06-30": "-0.77800", "2010-03-31": "-0.78700", "2009-12-31": "-0.80100", "2009-09-30": "", "2009-06-30": "", "2009-03-31": "", "2008-12-31": ""}, "Other Share Holders Equity": {"2020-12-31": "", "2020-09-30": "", "2020-06-30": "", "2020-03-31": "", "2019-12-31": "", "2019-09-30": "", "2019-06-30": "", "2019-03-31": "", "2018-12-31": "", "2018-09-30": "", "2018-06-30": "", "2018-03-31": "", "2017-12-31": "", "2017-09-30": "", "2017-06-30": "", "2017-03-31": "", "2016-12-31": "", "2016-09-30": "", "2016-06-30": "", "2016-03-31": "", "2015-12-31": "", "2015-09-30": "", "2015-06-30": "", "2015-03-31": "", "2014-12-31": "", "2014-09-30": "", "2014-06-30": "", "2014-03-31": "", "2013-12-31": "", "2013-09-30": "", "2013-06-30": "", "2013-03-31": "", "2012-12-31": "", "2012-09-30": "", "2012-06-30": "", "2012-03-31": "", "2011-12-31": "", "2011-09-30": "", "2011-06-30": "", "2011-03-31": "", "2010-12-31": "", "2010-09-30": "", "2010-06-30": "", "2010-03-31": "", "2009-12-31": "", "2009-09-30": "0.00000", "2009-06-30": "0.00000", "2009-03-31": "0.00000", "2008-12-31": "0.00000"}, "Share Holder Equity": {"2020-12-31": "3348.90000", "2020-09-30": "3344.50000", "2020-06-30": "3286.30000", "2020-03-31": "3310.10000", "2019-12-31": "3355.60000", "2019-09-30": "3328.70000", "2019-06-30": "3327.00000", "2019-03-31": "3285.40000", "2018-12-31": "3241.00000", "2018-09-30": "3151.90000", "2018-06-30": "3149.60000", "2018-03-31": "3175.20000", "2017-12-31": "3110.60000", "2017-09-30": "2877.90000", "2017-06-30": "2816.70000", "2017-03-31": "2745.40000", "2016-12-31": "317.90000", "2016-09-30": "289.56500", "2016-06-30": "265.76300", "2016-03-31": "247.92700", "2015-12-31": "259.64500", "2015-09-30": "259.81700", "2015-06-30": "227.01700", "2015-03-31": "243.73500", "2014-12-31": "250.06700", "2014-09-30": "245.12400", "2014-06-30": "263.89100", "2014-03-31": "286.68000", "2013-12-31": "284.51700", "2013-09-30": "325.39900", "2013-06-30": "309.90600", "2013-03-31": "274.72600", "2012-12-31": "239.12200", "2012-09-30": "275.52100", "2012-06-30": "239.90700", "2012-03-31": "231.20200", "2011-12-31": "236.27000", "2011-09-30": "245.70100", "2011-06-30": "227.29400", "2011-03-31": "202.96400", "2010-12-31": "175.87400", "2010-09-30": "449.14200", "2010-06-30": "424.34500", "2010-03-31": "210.82400", "2009-12-31": "188.13400", "2009-09-30": "0.00000", "2009-06-30": "0.00000", "2009-03-31": "0.00000", "2008-12-31": "0.00000"}, "Total Liabilities And Share Holders Equity": {"2020-12-31": "6516.50000", "2020-09-30": "6076.80000", "2020-06-30": "5366.30000", "2020-03-31": "5237.50000", "2019-12-31": "5113.90000", "2019-09-30": "5019.30000", "2019-06-30": "5159.30000", "2019-03-31": "5330.40000", "2018-12-31": "5321.00000", "2018-09-30": "5119.50000", "2018-06-30": "5316.90000", "2018-03-31": "5328.20000", "2017-12-31": "5265.70000", "2017-09-30": "5228.10000", "2017-06-30": "5395.60000", "2017-03-31": "5345.10000", "2016-12-31": "476.70000", "2016-09-30": "441.34200", "2016-06-30": "406.64400", "2016-03-31": "394.83000", "2015-12-31": "384.78800", "2015-09-30": "397.41900", "2015-06-30": "362.10900", "2015-03-31": "375.79700", "2014-12-31": "383.90100", "2014-09-30": "367.08600", "2014-06-30": "385.78100", "2014-03-31": "412.84400", "2013-12-31": "441.58900", "2013-09-30": "441.15000", "2013-06-30": "429.86200", "2013-03-31": "409.62500", "2012-12-31": "338.85800", "2012-09-30": "377.52600", "2012-06-30": "343.80600", "2012-03-31": "353.44100", "2011-12-31": "327.86800", "2011-09-30": "344.64300", "2011-06-30": "319.42200", "2011-03-31": "320.82000", "2010-12-31": "254.11200", "2010-09-30": "530.62400", "2010-06-30": "523.66600", "2010-03-31": "632.52700", "2009-12-31": "571.94800", "2009-09-30": "0.00000", "2009-06-30": "0.00000", "2009-03-31": "0.00000", "2008-12-31": "0.00000"}}, "cash flow statement": {"Net Income/Loss": {"2020-12-31": "0.00000", "2019-12-31": "370.80000", "2018-12-31": "425.20000", "2017-12-31": "400.60000", "2016-12-31": "185.70000", "2015-12-31": "205.00000", "2014-12-31": "189.71400", "2013-12-31": "175.99900", "2012-12-31": "157.39500", "2011-12-31": "139.40600", "2010-12-31": "99.39600", "2009-12-31": "106.45100", "2008-12-31": "115.28800"}, "Total Depreciation And Amortization - Cash Flow": {"2020-12-31": "", "2019-12-31": "189.30000", "2018-12-31": "206.50000", "2017-12-31": "195.80000", "2016-12-31": "44.40000", "2015-12-31": "46.30000", "2014-12-31": "40.00000", "2013-12-31": "34.60200", "2012-12-31": "31.57300", "2011-12-31": "34.18400", "2010-12-31": "29.96000", "2009-12-31": "27.72500", "2008-12-31": "25.65600"}, "Other Non-Cash Items": {"2020-12-31": "", "2019-12-31": "20.60000", "2018-12-31": "-10.20000", "2017-12-31": "-167.90000", "2016-12-31": "3.10000", "2015-12-31": "3.80000", "2014-12-31": "20.16600", "2013-12-31": "15.90200", "2012-12-31": "13.54900", "2011-12-31": "15.59400", "2010-12-31": "23.25800", "2009-12-31": "2.45400", "2008-12-31": "0.87100"}, "Total Non-Cash Items": {"2020-12-31": "", "2019-12-31": "209.90000", "2018-12-31": "196.30000", "2017-12-31": "27.90000", "2016-12-31": "47.50000", "2015-12-31": "50.10000", "2014-12-31": "60.16600", "2013-12-31": "50.50400", "2012-12-31": "45.12200", "2011-12-31": "49.77800", "2010-12-31": "53.21800", "2009-12-31": "30.17900", "2008-12-31": "26.52700"}, "Change In Accounts Receivable": {"2020-12-31": "", "2019-12-31": "50.30000", "2018-12-31": "-70.30000", "2017-12-31": "-20.60000", "2016-12-31": "-8.40000", "2015-12-31": "0.20000", "2014-12-31": "-8.49800", "2013-12-31": "-4.22200", "2012-12-31": "-8.08800", "2011-12-31": "0.16800", "2010-12-31": "-7.30900", "2009-12-31": "-0.95900", "2008-12-31": "-0.67600"}, "Change In Inventories": {"2020-12-31": "", "2019-12-31": "", "2018-12-31": "", "2017-12-31": "", "2016-12-31": "", "2015-12-31": "", "2014-12-31": "", "2013-12-31": "", "2012-12-31": "", "2011-12-31": "", "2010-12-31": "", "2009-12-31": "", "2008-12-31": ""}, "Change In Accounts Payable": {"2020-12-31": "", "2019-12-31": "", "2018-12-31": "", "2017-12-31": "", "2016-12-31": "", "2015-12-31": "", "2014-12-31": "", "2013-12-31": "", "2012-12-31": "", "2011-12-31": "", "2010-12-31": "", "2009-12-31": "", "2008-12-31": ""}, "Change In Assets/Liabilities": {"2020-12-31": "", "2019-12-31": "-7.10000", "2018-12-31": "-46.60000", "2017-12-31": "-41.60000", "2016-12-31": "-1.20000", "2015-12-31": "1.00000", "2014-12-31": "2.29700", "2013-12-31": "-2.14200", "2012-12-31": "1.28200", "2011-12-31": "0.19200", "2010-12-31": "-3.45400", "2009-12-31": "-22.37400", "2008-12-31": "16.60500"}, "Total Change In Assets/Liabilities": {"2020-12-31": "", "2019-12-31": "52.10000", "2018-12-31": "-86.80000", "2017-12-31": "-54.10000", "2016-12-31": "-3.60000", "2015-12-31": "-9.80000", "2014-12-31": "12.77700", "2013-12-31": "-2.12300", "2012-12-31": "-1.98200", "2011-12-31": "13.94500", "2010-12-31": "-17.70100", "2009-12-31": "-23.86400", "2008-12-31": "23.13000"}, "Cash Flow From Operating Activities": {"2020-12-31": "", "2019-12-31": "632.80000", "2018-12-31": "534.70000", "2017-12-31": "374.40000", "2016-12-31": "229.60000", "2015-12-31": "245.30000", "2014-12-31": "262.65700", "2013-12-31": "224.38000", "2012-12-31": "200.53500", "2011-12-31": "203.12900", "2010-12-31": "134.91300", "2009-12-31": "112.76600", "2008-12-31": "164.94500"}, "Net Change In Property, Plant, And Equipment": {"2020-12-31": "", "2019-12-31": "-35.10000", "2018-12-31": "-36.30000", "2017-12-31": "-37.50000", "2016-12-31": "-44.40000", "2015-12-31": "-39.30000", "2014-12-31": "-50.15400", "2013-12-31": "-28.67300", "2012-12-31": "-30.06600", "2011-12-31": "-29.14300", "2010-12-31": "-23.55600", "2009-12-31": "-37.99700", "2008-12-31": "-43.71100"}, "Net Change In Intangible Assets": {"2020-12-31": "", "2019-12-31": "", "2018-12-31": "", "2017-12-31": "", "2016-12-31": "", "2015-12-31": "", "2014-12-31": "", "2013-12-31": "", "2012-12-31": "", "2011-12-31": "", "2010-12-31": "", "2009-12-31": "", "2008-12-31": ""}, "Net Acquisitions/Divestitures": {"2020-12-31": "", "2019-12-31": "", "2018-12-31": "", "2017-12-31": "-1414.10000", "2016-12-31": "-14.30000", "2015-12-31": "-3.00000", "2014-12-31": "", "2013-12-31": "", "2012-12-31": "", "2011-12-31": "", "2010-12-31": "", "2009-12-31": "", "2008-12-31": ""}, "Net Change In Short-term Investments": {"2020-12-31": "", "2019-12-31": "", "2018-12-31": "", "2017-12-31": "", "2016-12-31": "", "2015-12-31": "", "2014-12-31": "", "2013-12-31": "", "2012-12-31": "", "2011-12-31": "", "2010-12-31": "", "2009-12-31": "", "2008-12-31": ""}, "Net Change In Long-Term Investments": {"2020-12-31": "", "2019-12-31": "-10.80000", "2018-12-31": "10.70000", "2017-12-31": "15.10000", "2016-12-31": "-23.70000", "2015-12-31": "-37.10000", "2014-12-31": "-1.98700", "2013-12-31": "-2.53200", "2012-12-31": "-2.91100", "2011-12-31": "-1.25000", "2010-12-31": "-7.99000", "2009-12-31": "", "2008-12-31": "1.50000"}, "Net Change In Investments - Total": {"2020-12-31": "", "2019-12-31": "-10.80000", "2018-12-31": "10.70000", "2017-12-31": "15.10000", "2016-12-31": "-23.70000", "2015-12-31": "-37.10000", "2014-12-31": "-1.98700", "2013-12-31": "-2.53200", "2012-12-31": "-2.91100", "2011-12-31": "-1.25000", "2010-12-31": "-7.99000", "2009-12-31": "", "2008-12-31": "1.50000"}, "Investing Activities - Other": {"2020-12-31": "", "2019-12-31": "30.00000", "2018-12-31": "", "2017-12-31": "", "2016-12-31": "-2.00000", "2015-12-31": "", "2014-12-31": "0.00300", "2013-12-31": "0.00800", "2012-12-31": "", "2011-12-31": "0.11200", "2010-12-31": "-0.99800", "2009-12-31": "27.65700", "2008-12-31": "-21.90800"}, "Cash Flow From Investing Activities": {"2020-12-31": "", "2019-12-31": "-15.90000", "2018-12-31": "-25.60000", "2017-12-31": "-1436.50000", "2016-12-31": "-84.40000", "2015-12-31": "-79.40000", "2014-12-31": "-52.13800", "2013-12-31": "-31.19700", "2012-12-31": "-32.97700", "2011-12-31": "-30.28100", "2010-12-31": "-32.54400", "2009-12-31": "-10.34000", "2008-12-31": "-64.11900"}, "Net Long-Term Debt": {"2020-12-31": "", "2019-12-31": "-350.00000", "2018-12-31": "-25.00000", "2017-12-31": "1243.90000", "2016-12-31": "", "2015-12-31": "", "2014-12-31": "", "2013-12-31": "", "2012-12-31": "", "2011-12-31": "", "2010-12-31": "", "2009-12-31": "", "2008-12-31": ""}, "Net Current Debt": {"2020-12-31": "", "2019-12-31": "", "2018-12-31": "", "2017-12-31": "", "2016-12-31": "", "2015-12-31": "", "2014-12-31": "", "2013-12-31": "", "2012-12-31": "", "2011-12-31": "", "2010-12-31": "", "2009-12-31": "", "2008-12-31": ""}, "Debt Issuance/Retirement Net - Total": {"2020-12-31": "", "2019-12-31": "-350.00000", "2018-12-31": "-25.00000", "2017-12-31": "1243.90000", "2016-12-31": "", "2015-12-31": "", "2014-12-31": "", "2013-12-31": "", "2012-12-31": "", "2011-12-31": "", "2010-12-31": "", "2009-12-31": "", "2008-12-31": ""}, "Net Common Equity Issued/Repurchased": {"2020-12-31": "", "2019-12-31": "-158.60000", "2018-12-31": "-159.70000", "2017-12-31": "-24.10000", "2016-12-31": "-64.60000", "2015-12-31": "-135.40000", "2014-12-31": "-176.66000", "2013-12-31": "-51.42600", "2012-12-31": "-52.87200", "2011-12-31": "-51.32900", "2010-12-31": "0.79100", "2009-12-31": "", "2008-12-31": ""}, "Net Total Equity Issued/Repurchased": {"2020-12-31": "", "2019-12-31": "-158.60000", "2018-12-31": "-159.70000", "2017-12-31": "-24.10000", "2016-12-31": "-64.60000", "2015-12-31": "-135.40000", "2014-12-31": "-176.66000", "2013-12-31": "-51.42600", "2012-12-31": "-52.87200", "2011-12-31": "-51.32900", "2010-12-31": "0.79100", "2009-12-31": "", "2008-12-31": ""}, "Total Common And Preferred Stock Dividends Paid": {"2020-12-31": "", "2019-12-31": "-150.00000", "2018-12-31": "-130.30000", "2017-12-31": "-118.10000", "2016-12-31": "-78.50000", "2015-12-31": "-73.40000", "2014-12-31": "-110.83000", "2013-12-31": "-58.36900", "2012-12-31": "-114.02500", "2011-12-31": "-40.37200", "2010-12-31": "-133.07800", "2009-12-31": "", "2008-12-31": ""}, "Financial Activities - Other": {"2020-12-31": "", "2019-12-31": "-4.30000", "2018-12-31": "-56.60000", "2017-12-31": "-2.00000", "2016-12-31": "-7.10000", "2015-12-31": "-2.70000", "2014-12-31": "3.55700", "2013-12-31": "2.35600", "2012-12-31": "", "2011-12-31": "", "2010-12-31": "-300.02300", "2009-12-31": "-0.11900", "2008-12-31": "-0.82800"}, "Cash Flow From Financial Activities": {"2020-12-31": "", "2019-12-31": "-662.90000", "2018-12-31": "-371.60000", "2017-12-31": "1099.70000", "2016-12-31": "-150.20000", "2015-12-31": "-211.50000", "2014-12-31": "-283.93300", "2013-12-31": "-107.43900", "2012-12-31": "-166.89700", "2011-12-31": "-91.70100", "2010-12-31": "-432.31000", "2009-12-31": "-0.11900", "2008-12-31": "-0.82800"}, "Net Cash Flow": {"2020-12-31": "", "2019-12-31": "-45.80000", "2018-12-31": "131.60000", "2017-12-31": "46.20000", "2016-12-31": "-5.00000", "2015-12-31": "-45.60000", "2014-12-31": "-73.41400", "2013-12-31": "85.74400", "2012-12-31": "0.66100", "2011-12-31": "81.14700", "2010-12-31": "-329.94100", "2009-12-31": "102.30700", "2008-12-31": "99.99800"}, "Stock-Based Compensation": {"2020-12-31": "", "2019-12-31": "21.80000", "2018-12-31": "35.10000", "2017-12-31": "52.60000", "2016-12-31": "14.50000", "2015-12-31": "12.20000", "2014-12-31": "15.57700", "2013-12-31": "20.82300", "2012-12-31": "12.34800", "2011-12-31": "12.61800", "2010-12-31": "20.80100", "2009-12-31": "", "2008-12-31": ""}, "Common Stock Dividends Paid": {"2020-12-31": "", "2019-12-31": "-150.00000", "2018-12-31": "-130.30000", "2017-12-31": "-118.10000", "2016-12-31": "-78.50000", "2015-12-31": "-73.40000", "2014-12-31": "-110.83000", "2013-12-31": "-58.36900", "2012-12-31": "-114.02500", "2011-12-31": "-40.37200", "2010-12-31": "-133.07800", "2009-12-31": "", "2008-12-31": ""}}, "cash flow statement, quarterly": {"Net Income/Loss": {"2020-12-31": -380.9, "2020-09-30": 109.9, "2020-06-30": 113.6, "2020-03-31": "157.40000", "2019-12-31": 86.3, "2019-09-30": 105.9, "2019-06-30": 83.4, "2019-03-31": "95.20000", "2018-12-31": 138.4, "2018-09-30": 85.7, "2018-06-30": 83, "2018-03-31": "118.10000", "2017-12-31": 257.1, "2017-09-30": 60.3, "2017-06-30": 68, "2017-03-31": "15.20000", "2016-12-31": 45.1, "2016-09-30": 40.5, "2016-06-30": 50.9, "2016-03-31": "49.20000", "2015-12-31": 50.379, "2015-09-30": 67.516, "2015-06-30": 44.846, "2015-03-31": "42.25900", "2014-12-31": 49.342, "2014-09-30": 48.367, "2014-06-30": 42.981, "2014-03-31": "49.02400", "2013-12-31": 46.11, "2013-09-30": 41.356, "2013-06-30": 46.16, "2013-03-31": "42.37300", "2012-12-31": 39.724, "2012-09-30": 45.758, "2012-06-30": 38.496, "2012-03-31": "33.41700", "2011-12-31": 31.807, "2011-09-30": 41.327, "2011-06-30": 33.401, "2011-03-31": "32.87100", "2010-12-31": 31.377, "2010-09-30": 20.453, "2010-06-30": 24.89, "2010-03-31": "22.67600", "2009-12-31": 34.903, "2009-09-30": 19.16, "2009-06-30": 28.109, "2009-03-31": "24.27800", "2008-12-31": 115.28}, "Total Depreciation And Amortization - Cash Flow": {"2020-12-31": -119.5, "2020-09-30": 40, "2020-06-30": 38.5, "2020-03-31": "41.00000", "2019-12-31": 43.3, "2019-09-30": 43.4, "2019-06-30": 54.8, "2019-03-31": "47.80000", "2018-12-31": 49.8, "2018-09-30": 50.8, "2018-06-30": 51.1, "2018-03-31": "54.80000", "2017-12-31": 56.4, "2017-09-30": 57.5, "2017-06-30": 55.9, "2017-03-31": "26.00000", "2016-12-31": 10, "2016-09-30": 10.2, "2016-06-30": 12.3, "2016-03-31": "11.90000", "2015-12-31": 12.17, "2015-09-30": 12.417, "2015-06-30": 11.3, "2015-03-31": "10.41300", "2014-12-31": 11.08, "2014-09-30": 10.372, "2014-06-30": 9.926, "2014-03-31": "8.62200", "2013-12-31": 9.136, "2013-09-30": 8.504, "2013-06-30": 8.651, "2013-03-31": "8.31100", "2012-12-31": 6.233, "2012-09-30": 8.656, "2012-06-30": 8.342, "2012-03-31": "8.34200", "2011-12-31": 7.529, "2011-09-30": 8.918, "2011-06-30": 9.019, "2011-03-31": "8.71800", "2010-12-31": 8.207, "2010-09-30": 7.117, "2010-06-30": 7.318, "2010-03-31": "7.31800", "2009-12-31": 6.869, "2009-09-30": 6.9, "2009-06-30": 7.044, "2009-03-31": "6.90700", "2008-12-31": 25.65}, "Other Non-Cash Items": {"2020-12-31": 6.4, "2020-09-30": -15.7, "2020-06-30": 5, "2020-03-31": "4.30000", "2019-12-31": 13.6, "2019-09-30": 3.2, "2019-06-30": 3, "2019-03-31": "0.80000", "2018-12-31": -30.9, "2018-09-30": 12.2, "2018-06-30": 26.1, "2018-03-31": "-17.60000", "2017-12-31": -226.9, "2017-09-30": 22.9, "2017-06-30": -3.3, "2017-03-31": "39.40000", "2016-12-31": -6, "2016-09-30": 2.9, "2016-06-30": 3.3, "2016-03-31": "2.90000", "2015-12-31": -3.676, "2015-09-30": 0.868, "2015-06-30": 3.101, "2015-03-31": "3.50700", "2014-12-31": 6.118, "2014-09-30": 1.754, "2014-06-30": 4.594, "2014-03-31": "7.70000", "2013-12-31": 1.685, "2013-09-30": 1.557, "2013-06-30": 5.71, "2013-03-31": "6.95000", "2012-12-31": 2.832, "2012-09-30": 5.498, "2012-06-30": 2.956, "2012-03-31": "2.26300", "2011-12-31": 5.068, "2011-09-30": 1.503, "2011-06-30": 2.605, "2011-03-31": "6.41800", "2010-12-31": 10.024, "2010-09-30": 16.547, "2010-06-30": -1.49, "2010-03-31": "-1.82300", "2009-12-31": 3.426, "2009-09-30": 0.522, "2009-06-30": -0.592, "2009-03-31": "-0.90200", "2008-12-31": 0}, "Total Non-Cash Items": {"2020-12-31": -113.1, "2020-09-30": 24.3, "2020-06-30": 43.5, "2020-03-31": "45.30000", "2019-12-31": 56.9, "2019-09-30": 46.6, "2019-06-30": 57.8, "2019-03-31": "48.60000", "2018-12-31": 18.9, "2018-09-30": 63, "2018-06-30": 77.2, "2018-03-31": "37.20000", "2017-12-31": -170.5, "2017-09-30": 80.4, "2017-06-30": 52.6, "2017-03-31": "65.40000", "2016-12-31": 4, "2016-09-30": 13.1, "2016-06-30": 15.6, "2016-03-31": "14.80000", "2015-12-31": 8.494, "2015-09-30": 13.285, "2015-06-30": 14.401, "2015-03-31": "13.92000", "2014-12-31": 17.198, "2014-09-30": 12.126, "2014-06-30": 14.52, "2014-03-31": "16.32200", "2013-12-31": 10.821, "2013-09-30": 10.061, "2013-06-30": 14.361, "2013-03-31": "15.26100", "2012-12-31": 9.065, "2012-09-30": 14.154, "2012-06-30": 11.298, "2012-03-31": "10.60500", "2011-12-31": 12.597, "2011-09-30": 10.421, "2011-06-30": 11.624, "2011-03-31": "15.13600", "2010-12-31": 18.231, "2010-09-30": 23.664, "2010-06-30": 5.828, "2010-03-31": "5.49500", "2009-12-31": 7.841, "2009-09-30": 7.422, "2009-06-30": 6.452, "2009-03-31": "6.00500", "2008-12-31": 25.65}, "Change In Accounts Receivable": {"2020-12-31": 43.3, "2020-09-30": 100.9, "2020-06-30": 19.9, "2020-03-31": "-164.10000", "2019-12-31": 0.5, "2019-09-30": 8.3, "2019-06-30": 4, "2019-03-31": "37.50000", "2018-12-31": -66.5, "2018-09-30": 31.2, "2018-06-30": 15.3, "2018-03-31": "-50.30000", "2017-12-31": -18.5, "2017-09-30": 31.8, "2017-06-30": -0.3, "2017-03-31": "-33.60000", "2016-12-31": -8.3, "2016-09-30": 9.9, "2016-06-30": -14, "2016-03-31": "4.00000", "2015-12-31": 7.923, "2015-09-30": -2.477, "2015-06-30": -11.4, "2015-03-31": "6.15400", "2014-12-31": -3.265, "2014-09-30": 0.353, "2014-06-30": 2.382, "2014-03-31": "-7.96800", "2013-12-31": 0.244, "2013-09-30": 5.601, "2013-06-30": -4.597, "2013-03-31": "-5.47000", "2012-12-31": -0.287, "2012-09-30": 3.05, "2012-06-30": 0.009, "2012-03-31": "-10.86000", "2011-12-31": 8.435, "2011-09-30": -0.212, "2011-06-30": 1.214, "2011-03-31": "-9.26900", "2010-12-31": -1.169, "2010-09-30": -2.676, "2010-06-30": 3.351, "2010-03-31": "-6.81500", "2009-12-31": 2.222, "2009-09-30": -0.149, "2009-06-30": 6.558, "2009-03-31": "-9.59000", "2008-12-31": 0}, "Change In Inventories": {"2020-12-31": 0, "2020-09-30": 0, "2020-06-30": 0, "2020-03-31": "", "2019-12-31": 0, "2019-09-30": 0, "2019-06-30": 0, "2019-03-31": "", "2018-12-31": 0, "2018-09-30": 0, "2018-06-30": 0, "2018-03-31": "", "2017-12-31": 0, "2017-09-30": 0, "2017-06-30": 0, "2017-03-31": "", "2016-12-31": 0, "2016-09-30": 0, "2016-06-30": 0, "2016-03-31": "", "2015-12-31": 0, "2015-09-30": 0, "2015-06-30": 0, "2015-03-31": "", "2014-12-31": 0, "2014-09-30": 0, "2014-06-30": 0, "2014-03-31": "", "2013-12-31": 0, "2013-09-30": 0, "2013-06-30": 0, "2013-03-31": "", "2012-12-31": 0, "2012-09-30": 0, "2012-06-30": 0, "2012-03-31": "", "2011-12-31": 0, "2011-09-30": 0, "2011-06-30": 0, "2011-03-31": "", "2010-12-31": 0, "2010-09-30": 0, "2010-06-30": 0, "2010-03-31": "", "2009-12-31": 0, "2009-09-30": 0, "2009-06-30": 0, "2009-03-31": "", "2008-12-31": 0}, "Change In Accounts Payable": {"2020-12-31": 0, "2020-09-30": 0, "2020-06-30": 0, "2020-03-31": "", "2019-12-31": 0, "2019-09-30": 0, "2019-06-30": 0, "2019-03-31": "", "2018-12-31": 0, "2018-09-30": 0, "2018-06-30": 0, "2018-03-31": "", "2017-12-31": 0, "2017-09-30": 0, "2017-06-30": 0, "2017-03-31": "", "2016-12-31": 0, "2016-09-30": 0, "2016-06-30": 0, "2016-03-31": "", "2015-12-31": 0, "2015-09-30": 0, "2015-06-30": 0, "2015-03-31": "", "2014-12-31": 0, "2014-09-30": 0, "2014-06-30": 0, "2014-03-31": "", "2013-12-31": 0, "2013-09-30": 0, "2013-06-30": 0, "2013-03-31": "", "2012-12-31": 0, "2012-09-30": 0, "2012-06-30": 0, "2012-03-31": "", "2011-12-31": 0, "2011-09-30": 0, "2011-06-30": 0, "2011-03-31": "", "2010-12-31": 0, "2010-09-30": 0, "2010-06-30": 0, "2010-03-31": "", "2009-12-31": 0, "2009-09-30": 0, "2009-06-30": 0, "2009-03-31": "", "2008-12-31": 0}, "Change In Assets/Liabilities": {"2020-12-31": -697.2, "2020-09-30": 550.6, "2020-06-30": 110, "2020-03-31": "36.60000", "2019-12-31": 68, "2019-09-30": -108.1, "2019-06-30": 64.1, "2019-03-31": "-31.10000", "2018-12-31": 58.5, "2018-09-30": -186.1, "2018-06-30": 79.2, "2018-03-31": "1.80000", "2017-12-31": 86.8, "2017-09-30": -129.8, "2017-06-30": 67.3, "2017-03-31": "-65.90000", "2016-12-31": -1, "2016-09-30": -1.5, "2016-06-30": -7.1, "2016-03-31": "8.40000", "2015-12-31": 0.132, "2015-09-30": -2.332, "2015-06-30": -3.649, "2015-03-31": "6.84900", "2014-12-31": -2.488, "2014-09-30": -1.441, "2014-06-30": -5.337, "2014-03-31": "11.56300", "2013-12-31": -7.486, "2013-09-30": -5.992, "2013-06-30": -8.971, "2013-03-31": "20.30700", "2012-12-31": -4.84, "2012-09-30": -6.337, "2012-06-30": -4.773, "2012-03-31": "17.23200", "2011-12-31": -9.236, "2011-09-30": -7.484, "2011-06-30": -8.817, "2011-03-31": "25.72900", "2010-12-31": -11.567, "2010-09-30": -9.739, "2010-06-30": -13.785, "2010-03-31": "31.63700", "2009-12-31": -33.953, "2009-09-30": -8.951, "2009-06-30": -13.948, "2009-03-31": "34.47800", "2008-12-31": 0}, "Total Change In Assets/Liabilities": {"2020-12-31": -695.4, "2020-09-30": 566.9, "2020-06-30": 167.9, "2020-03-31": "-39.40000", "2019-12-31": 94.5, "2019-09-30": -75, "2019-06-30": 58.4, "2019-03-31": "-25.80000", "2018-12-31": 69.3, "2018-09-30": -189.9, "2018-06-30": 25.6, "2018-03-31": "8.20000", "2017-12-31": 108.9, "2017-09-30": -133.9, "2017-06-30": 69.2, "2017-03-31": "-98.30000", "2016-12-31": 6.4, "2016-09-30": 5.6, "2016-06-30": -49, "2016-03-31": "33.40000", "2015-12-31": -7.71, "2015-09-30": 7.511, "2015-06-30": -31.877, "2015-03-31": "22.27600", "2014-12-31": 12.051, "2014-09-30": 2.337, "2014-06-30": -24.581, "2014-03-31": "22.97000", "2013-12-31": -4.915, "2013-09-30": 4.087, "2013-06-30": -38.958, "2013-03-31": "37.66300", "2012-12-31": 10.878, "2012-09-30": -5.778, "2012-06-30": -26.403, "2012-03-31": "19.32100", "2011-12-31": -5.572, "2011-09-30": 19.985, "2011-06-30": -30.685, "2011-03-31": "30.21700", "2010-12-31": 0.501, "2010-09-30": -30.592, "2010-06-30": -21.771, "2010-03-31": "34.16100", "2009-12-31": -28.751, "2009-09-30": -8.638, "2009-06-30": -5.908, "2009-03-31": "19.43700", "2008-12-31": 23.13}, "Cash Flow From Operating Activities": {"2020-12-31": -1189.4, "2020-09-30": 701.1, "2020-06-30": 325, "2020-03-31": "163.30000", "2019-12-31": 237.7, "2019-09-30": 77.5, "2019-06-30": 199.6, "2019-03-31": "118.00000", "2018-12-31": 226.6, "2018-09-30": -41.2, "2018-06-30": 185.8, "2018-03-31": "163.50000", "2017-12-31": 195.5, "2017-09-30": 6.8, "2017-06-30": 189.8, "2017-03-31": "-17.70000", "2016-12-31": 55.5, "2016-09-30": 59.2, "2016-06-30": 17.5, "2016-03-31": "97.40000", "2015-12-31": 51.163, "2015-09-30": 88.312, "2015-06-30": 27.37, "2015-03-31": "78.45500", "2014-12-31": 78.591, "2014-09-30": 62.83, "2014-06-30": 32.92, "2014-03-31": "88.31600", "2013-12-31": 52.016, "2013-09-30": 55.504, "2013-06-30": 21.563, "2013-03-31": "95.29700", "2012-12-31": 59.667, "2012-09-30": 54.134, "2012-06-30": 23.391, "2012-03-31": "63.34300", "2011-12-31": 38.832, "2011-09-30": 71.733, "2011-06-30": 14.34, "2011-03-31": "78.22400", "2010-12-31": 50.109, "2010-09-30": 13.525, "2010-06-30": 8.947, "2010-03-31": "62.33200", "2009-12-31": 16.443, "2009-09-30": 17.944, "2009-06-30": 28.653, "2009-03-31": "49.72000", "2008-12-31": 164.94}, "Net Change In Property, Plant, And Equipment": {"2020-12-31": 37.2, "2020-09-30": -20, "2020-06-30": -6.6, "2020-03-31": "-10.60000", "2019-12-31": -8.2, "2019-09-30": -7.8, "2019-06-30": -13.3, "2019-03-31": "-5.80000", "2018-12-31": -8.5, "2018-09-30": -15.2, "2018-06-30": -5.3, "2018-03-31": "-7.30000", "2017-12-31": -11.4, "2017-09-30": -6.9, "2017-06-30": -11.8, "2017-03-31": "-7.40000", "2016-12-31": -8, "2016-09-30": -11, "2016-06-30": -16.5, "2016-03-31": "-8.90000", "2015-12-31": -12.369, "2015-09-30": -9.295, "2015-06-30": -10.1, "2015-03-31": "-7.53600", "2014-12-31": -10.18, "2014-09-30": -11.648, "2014-06-30": -16.154, "2014-03-31": "-12.17200", "2013-12-31": -8.906, "2013-09-30": -6.695, "2013-06-30": -6.632, "2013-03-31": "-6.44000", "2012-12-31": -3.237, "2012-09-30": -7.337, "2012-06-30": -11.623, "2012-03-31": "-7.86900", "2011-12-31": -5.658, "2011-09-30": -5.151, "2011-06-30": -11.2, "2011-03-31": "-7.13400", "2010-12-31": -8.507, "2010-09-30": -4.277, "2010-06-30": -4.21, "2010-03-31": "-6.56200", "2009-12-31": -8.576, "2009-09-30": -8.662, "2009-06-30": -10.922, "2009-03-31": "-9.83000", "2008-12-31": -43.71}, "Net Change In Intangible Assets": {"2020-12-31": 0, "2020-09-30": 0, "2020-06-30": 0, "2020-03-31": "", "2019-12-31": 0, "2019-09-30": 0, "2019-06-30": 0, "2019-03-31": "", "2018-12-31": 0, "2018-09-30": 0, "2018-06-30": 0, "2018-03-31": "", "2017-12-31": 0, "2017-09-30": 0, "2017-06-30": 0, "2017-03-31": "", "2016-12-31": 0, "2016-09-30": 0, "2016-06-30": 0, "2016-03-31": "", "2015-12-31": 0, "2015-09-30": 0, "2015-06-30": 0, "2015-03-31": "", "2014-12-31": 0, "2014-09-30": 0, "2014-06-30": 0, "2014-03-31": "", "2013-12-31": 0, "2013-09-30": 0, "2013-06-30": 0, "2013-03-31": "", "2012-12-31": 0, "2012-09-30": 0, "2012-06-30": 0, "2012-03-31": "", "2011-12-31": 0, "2011-09-30": 0, "2011-06-30": 0, "2011-03-31": "", "2010-12-31": 0, "2010-09-30": 0, "2010-06-30": 0, "2010-03-31": "", "2009-12-31": 0, "2009-09-30": 0, "2009-06-30": 0, "2009-03-31": "", "2008-12-31": 0}, "Net Acquisitions/Divestitures": {"2020-12-31": 103.3, "2020-09-30": -36.7, "2020-06-30": -5, "2020-03-31": "-61.60000", "2019-12-31": 0, "2019-09-30": 0, "2019-06-30": 0, "2019-03-31": "", "2018-12-31": 0, "2018-09-30": 0, "2018-06-30": -0.2, "2018-03-31": "0.20000", "2017-12-31": -8.7, "2017-09-30": 0, "2017-06-30": 0, "2017-03-31": "-1405.40000", "2016-12-31": 0, "2016-09-30": 0, "2016-06-30": 0, "2016-03-31": "-14.30000", "2015-12-31": -0.04, "2015-09-30": -2.96, "2015-06-30": 0, "2015-03-31": "", "2014-12-31": 0, "2014-09-30": 0, "2014-06-30": 0, "2014-03-31": "", "2013-12-31": 0, "2013-09-30": 0, "2013-06-30": 0, "2013-03-31": "", "2012-12-31": 0, "2012-09-30": 0, "2012-06-30": 0, "2012-03-31": "", "2011-12-31": 0, "2011-09-30": 0, "2011-06-30": 0, "2011-03-31": "", "2010-12-31": 0, "2010-09-30": 0, "2010-06-30": 0, "2010-03-31": "", "2009-12-31": 0, "2009-09-30": 0, "2009-06-30": 0, "2009-03-31": "", "2008-12-31": 0}, "Net Change In Short-term Investments": {"2020-12-31": 0, "2020-09-30": 0, "2020-06-30": 0, "2020-03-31": "", "2019-12-31": 0, "2019-09-30": 0, "2019-06-30": 0, "2019-03-31": "", "2018-12-31": 0, "2018-09-30": 0, "2018-06-30": 0, "2018-03-31": "", "2017-12-31": 0, "2017-09-30": 0, "2017-06-30": 0, "2017-03-31": "", "2016-12-31": 0, "2016-09-30": 0, "2016-06-30": 0, "2016-03-31": "", "2015-12-31": 0, "2015-09-30": 0, "2015-06-30": 0, "2015-03-31": "", "2014-12-31": 0, "2014-09-30": 0, "2014-06-30": 0, "2014-03-31": "", "2013-12-31": 0, "2013-09-30": 0, "2013-06-30": 0, "2013-03-31": "", "2012-12-31": 0, "2012-09-30": 0, "2012-06-30": 0, "2012-03-31": "", "2011-12-31": 0, "2011-09-30": 0, "2011-06-30": 0, "2011-03-31": "", "2010-12-31": 0, "2010-09-30": 0, "2010-06-30": 0, "2010-03-31": "", "2009-12-31": 0, "2009-09-30": 0, "2009-06-30": 0, "2009-03-31": "", "2008-12-31": 0}, "Net Change In Long-Term Investments": {"2020-12-31": -35.9, "2020-09-30": 148.2, "2020-06-30": -133.5, "2020-03-31": "21.20000", "2019-12-31": -47, "2019-09-30": 62.5, "2019-06-30": -32.1, "2019-03-31": "5.80000", "2018-12-31": -35, "2018-09-30": 130.5, "2018-06-30": -66.7, "2018-03-31": "-18.10000", "2017-12-31": -46.8, "2017-09-30": 106.1, "2017-06-30": -68.9, "2017-03-31": "24.70000", "2016-12-31": 0.9, "2016-09-30": -0.4, "2016-06-30": -19.5, "2016-03-31": "-4.70000", "2015-12-31": -6.181, "2015-09-30": 0.016, "2015-06-30": -0.466, "2015-03-31": "-30.46900", "2014-12-31": -0.488, "2014-09-30": -0.526, "2014-06-30": -0.473, "2014-03-31": "-0.50000", "2013-12-31": -1.014, "2013-09-30": -0.398, "2013-06-30": -0.444, "2013-03-31": "-0.67600", "2012-12-31": -1.677, "2012-09-30": -0.412, "2012-06-30": -0.428, "2012-03-31": "-0.39400", "2011-12-31": -1.25, "2011-09-30": 0, "2011-06-30": 0, "2011-03-31": "", "2010-12-31": 0, "2010-09-30": -0.001, "2010-06-30": -7.989, "2010-03-31": "", "2009-12-31": -1.5, "2009-09-30": 0, "2009-06-30": 0, "2009-03-31": "1.50000", "2008-12-31": 0}, "Net Change In Investments - Total": {"2020-12-31": -35.9, "2020-09-30": 148.2, "2020-06-30": -133.5, "2020-03-31": "21.20000", "2019-12-31": -47, "2019-09-30": 62.5, "2019-06-30": -32.1, "2019-03-31": "5.80000", "2018-12-31": -35, "2018-09-30": 130.5, "2018-06-30": -66.7, "2018-03-31": "-18.10000", "2017-12-31": -46.8, "2017-09-30": 106.1, "2017-06-30": -68.9, "2017-03-31": "24.70000", "2016-12-31": 0.9, "2016-09-30": -0.4, "2016-06-30": -19.5, "2016-03-31": "-4.70000", "2015-12-31": -6.181, "2015-09-30": 0.016, "2015-06-30": -0.466, "2015-03-31": "-30.46900", "2014-12-31": -0.488, "2014-09-30": -0.526, "2014-06-30": -0.473, "2014-03-31": "-0.50000", "2013-12-31": -1.014, "2013-09-30": -0.398, "2013-06-30": -0.444, "2013-03-31": "-0.67600", "2012-12-31": -1.677, "2012-09-30": -0.412, "2012-06-30": -0.428, "2012-03-31": "-0.39400", "2011-12-31": -1.25, "2011-09-30": 0, "2011-06-30": 0, "2011-03-31": "", "2010-12-31": 0, "2010-09-30": -0.001, "2010-06-30": -7.989, "2010-03-31": "", "2009-12-31": 0, "2009-09-30": 0, "2009-06-30": 0, "2009-03-31": "1.50000", "2008-12-31": 1.5}, "Investing Activities - Other": {"2020-12-31": 0, "2020-09-30": -4.5, "2020-06-30": 4.5, "2020-03-31": "", "2019-12-31": 8, "2019-09-30": 0, "2019-06-30": 0, "2019-03-31": "22.00000", "2018-12-31": 0, "2018-09-30": 0, "2018-06-30": 0, "2018-03-31": "", "2017-12-31": 0, "2017-09-30": -1.4, "2017-06-30": 0.1, "2017-03-31": "1.30000", "2016-12-31": 0, "2016-09-30": -2, "2016-06-30": 0, "2016-03-31": "", "2015-12-31": 1.827, "2015-09-30": -2.073, "2015-06-30": 0, "2015-03-31": "0.24600", "2014-12-31": 0, "2014-09-30": 0, "2014-06-30": 0.003, "2014-03-31": "", "2013-12-31": 0, "2013-09-30": 0, "2013-06-30": 0, "2013-03-31": "0.00800", "2012-12-31": 0, "2012-09-30": 0, "2012-06-30": 0, "2012-03-31": "", "2011-12-31": 0.055, "2011-09-30": 0, "2011-06-30": 0.019, "2011-03-31": "0.03800", "2010-12-31": -0.998, "2010-09-30": 0, "2010-06-30": 0, "2010-03-31": "", "2009-12-31": 26.939, "2009-09-30": -0.273, "2009-06-30": 4.464, "2009-03-31": "-4.98000", "2008-12-31": -21.9}, "Cash Flow From Investing Activities": {"2020-12-31": 104.6, "2020-09-30": 87, "2020-06-30": -140.6, "2020-03-31": "-51.00000", "2019-12-31": -47.2, "2019-09-30": 54.7, "2019-06-30": -45.4, "2019-03-31": "22.00000", "2018-12-31": -43.5, "2018-09-30": 115.3, "2018-06-30": -72.2, "2018-03-31": "-25.20000", "2017-12-31": -66.9, "2017-09-30": 97.8, "2017-06-30": -80.6, "2017-03-31": "-1386.80000", "2016-12-31": -7.1, "2016-09-30": -13.4, "2016-06-30": -36, "2016-03-31": "-27.90000", "2015-12-31": -16.763, "2015-09-30": -14.312, "2015-06-30": -10.566, "2015-03-31": "-37.75900", "2014-12-31": -10.668, "2014-09-30": -12.174, "2014-06-30": -16.624, "2014-03-31": "-12.67200", "2013-12-31": -9.92, "2013-09-30": -7.093, "2013-06-30": -7.076, "2013-03-31": "-7.10800", "2012-12-31": -4.914, "2012-09-30": -7.749, "2012-06-30": -12.051, "2012-03-31": "-8.26300", "2011-12-31": -6.853, "2011-09-30": -5.151, "2011-06-30": -11.181, "2011-03-31": "-7.09600", "2010-12-31": -9.505, "2010-09-30": -4.278, "2010-06-30": -12.199, "2010-03-31": "-6.56200", "2009-12-31": 18.363, "2009-09-30": -8.935, "2009-06-30": -6.458, "2009-03-31": "-13.31000", "2008-12-31": -64.11}, "Net Long-Term Debt": {"2020-12-31": -70, "2020-09-30": 70, "2020-06-30": 0, "2020-03-31": "", "2019-12-31": 0, "2019-09-30": -50, "2019-06-30": -300, "2019-03-31": "", "2018-12-31": 0, "2018-09-30": 0, "2018-06-30": 0, "2018-03-31": "-25.00000", "2017-12-31": -75.3, "2017-09-30": -100, "2017-06-30": -75, "2017-03-31": "1494.20000", "2016-12-31": 0, "2016-09-30": 0, "2016-06-30": 0, "2016-03-31": "", "2015-12-31": 0, "2015-09-30": 0, "2015-06-30": 0, "2015-03-31": "", "2014-12-31": 0, "2014-09-30": 0, "2014-06-30": 0, "2014-03-31": "", "2013-12-31": 0, "2013-09-30": 0, "2013-06-30": 0, "2013-03-31": "", "2012-12-31": 0, "2012-09-30": 0, "2012-06-30": 0, "2012-03-31": "", "2011-12-31": 0, "2011-09-30": 0, "2011-06-30": 0, "2011-03-31": "", "2010-12-31": 0, "2010-09-30": 0, "2010-06-30": 0, "2010-03-31": "", "2009-12-31": 0, "2009-09-30": 0, "2009-06-30": 0, "2009-03-31": "", "2008-12-31": 0}, "Net Current Debt": {"2020-12-31": 0, "2020-09-30": 0, "2020-06-30": 0, "2020-03-31": "", "2019-12-31": 0, "2019-09-30": 0, "2019-06-30": 0, "2019-03-31": "", "2018-12-31": 0, "2018-09-30": 0, "2018-06-30": 0, "2018-03-31": "", "2017-12-31": 0, "2017-09-30": 0, "2017-06-30": 0, "2017-03-31": "", "2016-12-31": 0, "2016-09-30": 0, "2016-06-30": 0, "2016-03-31": "", "2015-12-31": 0, "2015-09-30": 0, "2015-06-30": 0, "2015-03-31": "", "2014-12-31": 0, "2014-09-30": 0, "2014-06-30": 0, "2014-03-31": "", "2013-12-31": 0, "2013-09-30": 0, "2013-06-30": 0, "2013-03-31": "", "2012-12-31": 0, "2012-09-30": 0, "2012-06-30": 0, "2012-03-31": "", "2011-12-31": 0, "2011-09-30": 0, "2011-06-30": 0, "2011-03-31": "", "2010-12-31": 0, "2010-09-30": 0, "2010-06-30": 0, "2010-03-31": "", "2009-12-31": 0, "2009-09-30": 0, "2009-06-30": 0, "2009-03-31": "", "2008-12-31": 0}, "Debt Issuance/Retirement Net - Total": {"2020-12-31": -70, "2020-09-30": 70, "2020-06-30": 0, "2020-03-31": "", "2019-12-31": 0, "2019-09-30": -50, "2019-06-30": -300, "2019-03-31": "", "2018-12-31": 0, "2018-09-30": 0, "2018-06-30": 0, "2018-03-31": "-25.00000", "2017-12-31": -75.3, "2017-09-30": -100, "2017-06-30": -75, "2017-03-31": "1494.20000", "2016-12-31": 0, "2016-09-30": 0, "2016-06-30": 0, "2016-03-31": "", "2015-12-31": 0, "2015-09-30": 0, "2015-06-30": 0, "2015-03-31": "", "2014-12-31": 0, "2014-09-30": 0, "2014-06-30": 0, "2014-03-31": "", "2013-12-31": 0, "2013-09-30": 0, "2013-06-30": 0, "2013-03-31": "", "2012-12-31": 0, "2012-09-30": 0, "2012-06-30": 0, "2012-03-31": "", "2011-12-31": 0, "2011-09-30": 0, "2011-06-30": 0, "2011-03-31": "", "2010-12-31": 0, "2010-09-30": 0, "2010-06-30": 0, "2010-03-31": "", "2009-12-31": 0, "2009-09-30": 0, "2009-06-30": 0, "2009-03-31": "", "2008-12-31": 0}, "Net Common Equity Issued/Repurchased": {"2020-12-31": 275.1, "2020-09-30": -56, "2020-06-30": -85.7, "2020-03-31": "-133.40000", "2019-12-31": -69.6, "2019-09-30": -62.5, "2019-06-30": 10.4, "2019-03-31": "-36.90000", "2018-12-31": -4.6, "2018-09-30": -48, "2018-06-30": -48.6, "2018-03-31": "-58.50000", "2017-12-31": -7.9, "2017-09-30": -1.5, "2017-06-30": -6.8, "2017-03-31": "-7.90000", "2016-12-31": 0, "2016-09-30": -4.1, "2016-06-30": -14, "2016-03-31": "-46.50000", "2015-12-31": -34.819, "2015-09-30": -18.83, "2015-06-30": -47.217, "2015-03-31": "-34.53400", "2014-12-31": -28.74, "2014-09-30": -51.357, "2014-06-30": -57.436, "2014-03-31": "-39.12700", "2013-12-31": -31.313, "2013-09-30": -14.004, "2013-06-30": -6.106, "2013-03-31": "-0.00300", "2012-12-31": -0.001, "2012-09-30": 0, "2012-06-30": -22.229, "2012-03-31": "-30.64200", "2011-12-31": -33.367, "2011-09-30": -14.887, "2011-06-30": -3.075, "2011-03-31": "", "2010-12-31": -300.447, "2010-09-30": 0, "2010-06-30": 301.238, "2010-03-31": "", "2009-12-31": 0, "2009-09-30": 0, "2009-06-30": 0, "2009-03-31": "", "2008-12-31": 0}, "Net Total Equity Issued/Repurchased": {"2020-12-31": 275.1, "2020-09-30": -56, "2020-06-30": -85.7, "2020-03-31": "-133.40000", "2019-12-31": -69.6, "2019-09-30": -62.5, "2019-06-30": 10.4, "2019-03-31": "-36.90000", "2018-12-31": -4.6, "2018-09-30": -48, "2018-06-30": -48.6, "2018-03-31": "-58.50000", "2017-12-31": -7.9, "2017-09-30": -1.5, "2017-06-30": -6.8, "2017-03-31": "-7.90000", "2016-12-31": 0, "2016-09-30": -4.1, "2016-06-30": -14, "2016-03-31": "-46.50000", "2015-12-31": -34.819, "2015-09-30": -18.83, "2015-06-30": -47.217, "2015-03-31": "-34.53400", "2014-12-31": -28.74, "2014-09-30": -51.357, "2014-06-30": -57.436, "2014-03-31": "-39.12700", "2013-12-31": -31.313, "2013-09-30": -14.004, "2013-06-30": -6.106, "2013-03-31": "-0.00300", "2012-12-31": -0.001, "2012-09-30": 0, "2012-06-30": -22.229, "2012-03-31": "-30.64200", "2011-12-31": -33.367, "2011-09-30": -14.887, "2011-06-30": -3.075, "2011-03-31": "", "2010-12-31": -300.447, "2010-09-30": 0, "2010-06-30": 301.238, "2010-03-31": "", "2009-12-31": 0, "2009-09-30": 0, "2009-06-30": 0, "2009-03-31": "", "2008-12-31": 0}, "Total Common And Preferred Stock Dividends Paid": {"2020-12-31": 125.3, "2020-09-30": -45.8, "2020-06-30": -39.5, "2020-03-31": "-40.00000", "2019-12-31": -40, "2019-09-30": -40.4, "2019-06-30": -34.8, "2019-03-31": "-34.80000", "2018-12-31": -34.7, "2018-09-30": -34.6, "2018-06-30": -30.4, "2018-03-31": "-30.60000", "2017-12-31": -30.7, "2017-09-30": -30.7, "2017-06-30": -28.4, "2017-03-31": "-28.30000", "2016-12-31": -20.4, "2016-09-30": -20.4, "2016-06-30": -18.8, "2016-03-31": "-18.90000", "2015-12-31": -18.987, "2015-09-30": -19.125, "2015-06-30": -17.563, "2015-03-31": "-17.72500", "2014-12-31": -17.778, "2014-09-30": -17.914, "2014-06-30": -15.58, "2014-03-31": "-59.55800", "2013-12-31": -15.82, "2013-09-30": -15.945, "2013-06-30": -13.307, "2013-03-31": "-13.29700", "2012-12-31": -79.436, "2012-09-30": -13.241, "2012-06-30": -10.603, "2012-03-31": "-10.74500", "2011-12-31": -10.896, "2011-09-30": -11.02, "2011-06-30": -9.228, "2011-03-31": "-9.22800", "2010-12-31": -9.284, "2010-09-30": -10.377, "2010-06-30": -113.417, "2010-03-31": "", "2009-12-31": 0, "2009-09-30": 0, "2009-06-30": 0, "2009-03-31": "", "2008-12-31": 0}, "Financial Activities - Other": {"2020-12-31": 2.2, "2020-09-30": 14.1, "2020-06-30": -14, "2020-03-31": "-2.30000", "2019-12-31": -4.3, "2019-09-30": 10.4, "2019-06-30": -10.4, "2019-03-31": "", "2018-12-31": 0, "2018-09-30": 0.1, "2018-06-30": -56.6, "2018-03-31": "-0.10000", "2017-12-31": -0.7, "2017-09-30": 0, "2017-06-30": -1, "2017-03-31": "-0.30000", "2016-12-31": -3.5, "2016-09-30": -0.7, "2016-06-30": -4, "2016-03-31": "1.10000", "2015-12-31": 0.055, "2015-09-30": -4.001, "2015-06-30": 0.052, "2015-03-31": "1.19400", "2014-12-31": 0.003, "2014-09-30": 0.023, "2014-06-30": 2.766, "2014-03-31": "0.76500", "2013-12-31": 0, "2013-09-30": 0.15, "2013-06-30": 2.206, "2013-03-31": "", "2012-12-31": 0, "2012-09-30": 0, "2012-06-30": 0, "2012-03-31": "", "2011-12-31": 0, "2011-09-30": 0, "2011-06-30": 0, "2011-03-31": "", "2010-12-31": -0.02, "2010-09-30": 0, "2010-06-30": -300, "2010-03-31": "-0.00300", "2009-12-31": -0.011, "2009-09-30": 0, "2009-06-30": -0.02, "2009-03-31": "-0.07900", "2008-12-31": -0.82}, "Cash Flow From Financial Activities": {"2020-12-31": 332.6, "2020-09-30": -17.7, "2020-06-30": -139.2, "2020-03-31": "-175.70000", "2019-12-31": -113.9, "2019-09-30": -142.5, "2019-06-30": -334.8, "2019-03-31": "-71.70000", "2018-12-31": -39.3, "2018-09-30": -82.5, "2018-06-30": -135.6, "2018-03-31": "-114.20000", "2017-12-31": -114.6, "2017-09-30": -132.2, "2017-06-30": -111.2, "2017-03-31": "1457.70000", "2016-12-31": -23.9, "2016-09-30": -25.2, "2016-06-30": -36.8, "2016-03-31": "-64.30000", "2015-12-31": -53.751, "2015-09-30": -41.956, "2015-06-30": -64.728, "2015-03-31": "-51.06500", "2014-12-31": -46.515, "2014-09-30": -69.248, "2014-06-30": -70.25, "2014-03-31": "-97.92000", "2013-12-31": -47.133, "2013-09-30": -29.799, "2013-06-30": -17.207, "2013-03-31": "-13.30000", "2012-12-31": -79.437, "2012-09-30": -13.241, "2012-06-30": -32.832, "2012-03-31": "-41.38700", "2011-12-31": -44.263, "2011-09-30": -25.907, "2011-06-30": -12.303, "2011-03-31": "-9.22800", "2010-12-31": -309.751, "2010-09-30": -10.377, "2010-06-30": -112.179, "2010-03-31": "-0.00300", "2009-12-31": -0.011, "2009-09-30": 0, "2009-06-30": -0.02, "2009-03-31": "-0.07900", "2008-12-31": -0.82}, "Net Cash Flow": {"2020-12-31": -755.3, "2020-09-30": 774.5, "2020-06-30": 44.9, "2020-03-31": "-64.10000", "2019-12-31": 79.3, "2019-09-30": -11.3, "2019-06-30": -184.9, "2019-03-31": "71.10000", "2018-12-31": 138.3, "2018-09-30": -3.2, "2018-06-30": -26.3, "2018-03-31": "22.80000", "2017-12-31": 18.7, "2017-09-30": -23.8, "2017-06-30": -4.7, "2017-03-31": "56.00000", "2016-12-31": 24.5, "2016-09-30": 20.6, "2016-06-30": -55.3, "2016-03-31": "5.20000", "2015-12-31": -19.351, "2015-09-30": 32.044, "2015-06-30": -47.924, "2015-03-31": "-10.36900", "2014-12-31": 21.408, "2014-09-30": -18.592, "2014-06-30": -53.954, "2014-03-31": "-22.27600", "2013-12-31": -5.037, "2013-09-30": 18.612, "2013-06-30": -2.72, "2013-03-31": "74.88900", "2012-12-31": -24.684, "2012-09-30": 33.144, "2012-06-30": -21.492, "2012-03-31": "13.69300", "2011-12-31": -12.284, "2011-09-30": 40.675, "2011-06-30": -9.144, "2011-03-31": "61.90000", "2010-12-31": -269.147, "2010-09-30": -1.13, "2010-06-30": -115.431, "2010-03-31": "55.76700", "2009-12-31": 34.785, "2009-09-30": 9.009, "2009-06-30": 22.175, "2009-03-31": "36.33100", "2008-12-31": 99.99}, "Stock-Based Compensation": {"2020-12-31": -17.3, "2020-09-30": 4.4, "2020-06-30": 4.6, "2020-03-31": "8.30000", "2019-12-31": 4.8, "2019-09-30": 5.3, "2019-06-30": 6.3, "2019-03-31": "5.40000", "2018-12-31": 5.7, "2018-09-30": 8.4, "2018-06-30": 10, "2018-03-31": "11.00000", "2017-12-31": 13.5, "2017-09-30": 9, "2017-06-30": 9.2, "2017-03-31": "20.90000", "2016-12-31": 3.6, "2016-09-30": 3.8, "2016-06-30": 3.7, "2016-03-31": "3.40000", "2015-12-31": 3.213, "2015-09-30": 3.186, "2015-06-30": 3.146, "2015-03-31": "2.65500", "2014-12-31": 2.097, "2014-09-30": 2.11, "2014-06-30": 4.457, "2014-03-31": "6.91300", "2013-12-31": 3.956, "2013-09-30": 3.918, "2013-06-30": 6.21, "2013-03-31": "6.73900", "2012-12-31": 3.3, "2012-09-30": 3.082, "2012-06-30": 3.027, "2012-03-31": "2.93900", "2011-12-31": 3.01, "2011-09-30": 2.976, "2011-06-30": 3.219, "2011-03-31": "3.41300", "2010-12-31": 5.236, "2010-09-30": 14.929, "2010-06-30": 0.636, "2010-03-31": "", "2009-12-31": 0, "2009-09-30": 0, "2009-06-30": 0, "2009-03-31": "", "2008-12-31": 0}, "Common Stock Dividends Paid": {"2020-12-31": 125.3, "2020-09-30": -45.8, "2020-06-30": -39.5, "2020-03-31": "-40.00000", "2019-12-31": -40, "2019-09-30": -40.4, "2019-06-30": -34.8, "2019-03-31": "-34.80000", "2018-12-31": -34.7, "2018-09-30": -34.6, "2018-06-30": -30.4, "2018-03-31": "-30.60000", "2017-12-31": -30.7, "2017-09-30": -30.7, "2017-06-30": -28.4, "2017-03-31": "-28.30000", "2016-12-31": -20.4, "2016-09-30": -20.4, "2016-06-30": -18.8, "2016-03-31": "-18.90000", "2015-12-31": -18.987, "2015-09-30": -19.125, "2015-06-30": -17.563, "2015-03-31": "-17.72500", "2014-12-31": -17.778, "2014-09-30": -17.914, "2014-06-30": -15.58, "2014-03-31": "-59.55800", "2013-12-31": -15.82, "2013-09-30": -15.945, "2013-06-30": -13.307, "2013-03-31": "-13.29700", "2012-12-31": -79.436, "2012-09-30": -13.241, "2012-06-30": -10.603, "2012-03-31": "-10.74500", "2011-12-31": -10.896, "2011-09-30": -11.02, "2011-06-30": -9.228, "2011-03-31": "-9.22800", "2010-12-31": -9.284, "2010-09-30": -10.377, "2010-06-30": -113.417, "2010-03-31": "", "2009-12-31": 0, "2009-09-30": 0, "2009-06-30": 0, "2009-03-31": "", "2008-12-31": 0}}, "financial ratios": {"Current Ratio": {"2019-12-31": "2.15770", "2018-12-31": "1.14730", "2017-12-31": "1.30150", "2016-12-31": "2.61510", "2015-12-31": "2.75850", "2014-12-31": "3.31370", "2013-12-31": "2.87420", "2012-12-31": "3.89090", "2011-12-31": "3.62770", "2010-12-31": "2.25200", "2009-12-31": "1.20720", "2008-12-31": ""}, "Long-term Debt / Capital": {"2019-12-31": "0.20540", "2018-12-31": "0.22030", "2017-12-31": "0.28470", "2016-12-31": "", "2015-12-31": "", "2014-12-31": "", "2013-12-31": "", "2012-12-31": "", "2011-12-31": "", "2010-12-31": "", "2009-12-31": "", "2008-12-31": ""}, "Debt/Equity Ratio": {"2019-12-31": "0.25860", "2018-12-31": "0.37500", "2017-12-31": "0.39800", "2016-12-31": "", "2015-12-31": "", "2014-12-31": "", "2013-12-31": "", "2012-12-31": "", "2011-12-31": "", "2010-12-31": "", "2009-12-31": "", "2008-12-31": ""}, "Gross Margin": {"2019-12-31": "45.54710", "2018-12-31": "43.95050", "2017-12-31": "44.66380", "2016-12-31": "80.55750", "2015-12-31": "84.61890", "2014-12-31": "100.00000", "2013-12-31": "100.00000", "2012-12-31": "100.00000", "2011-12-31": "100.00000", "2010-12-31": "100.00000", "2009-12-31": "100.00000", "2008-12-31": "100.00000"}, "Operating Margin": {"2019-12-31": "21.52160", "2018-12-31": "21.64840", "2017-12-31": "16.68390", "2016-12-31": "42.41220", "2015-12-31": "48.19220", "2014-12-31": "50.84060", "2013-12-31": "49.96310", "2012-12-31": "47.64380", "2011-12-31": "47.55190", "2010-12-31": "38.28400", "2009-12-31": "41.67860", "2008-12-31": "44.94190"}, "EBIT Margin": {"2019-12-31": "21.52160", "2018-12-31": "21.64840", "2017-12-31": "16.68390", "2016-12-31": "42.41220", "2015-12-31": "48.19220", "2014-12-31": "50.84060", "2013-12-31": "49.96310", "2012-12-31": "47.64380", "2011-12-31": "47.55190", "2010-12-31": "38.28400", "2009-12-31": "41.67860", "2008-12-31": "44.94190"}, "EBITDA Margin": {"2019-12-31": "29.10540", "2018-12-31": "29.10650", "2017-12-31": "25.46770", "2016-12-31": "48.72710", "2015-12-31": "55.16720", "2014-12-31": "57.32120", "2013-12-31": "56.01190", "2012-12-31": "53.80630", "2011-12-31": "54.27910", "2010-12-31": "45.13820", "2009-12-31": "48.18560", "2008-12-31": "51.09760"}, "Pre-Tax Profit Margin": {"2019-12-31": "20.08730", "2018-12-31": "20.62990", "2017-12-31": "15.00160", "2016-12-31": "43.60690", "2015-12-31": "48.80990", "2014-12-31": "50.17570", "2013-12-31": "49.58590", "2012-12-31": "47.34200", "2011-12-31": "47.24720", "2010-12-31": "37.66220", "2009-12-31": "41.59530", "2008-12-31": "46.40470"}, "Net Profit Margin": {"2019-12-31": "14.93130", "2018-12-31": "15.24490", "2017-12-31": "17.79640", "2016-12-31": "26.29780", "2015-12-31": "30.74720", "2014-12-31": "30.52240", "2013-12-31": "30.39300", "2012-12-31": "30.30300", "2011-12-31": "26.87860", "2010-12-31": "22.45830", "2009-12-31": "24.98370", "2008-12-31": "27.66140"}, "Asset Turnover": {"2019-12-31": "0.48810", "2018-12-31": "0.52040", "2017-12-31": "0.42330", "2016-12-31": "1.47490", "2015-12-31": "1.72510", "2014-12-31": "1.60780", "2013-12-31": "1.29540", "2012-12-31": "1.51200", "2011-12-31": "1.54980", "2010-12-31": "1.72010", "2009-12-31": "0.74500", "2008-12-31": ""}, "Inventory Turnover Ratio": {"2019-12-31": "", "2018-12-31": "", "2017-12-31": "", "2016-12-31": "", "2015-12-31": "", "2014-12-31": "", "2013-12-31": "", "2012-12-31": "", "2011-12-31": "", "2010-12-31": "", "2009-12-31": "", "2008-12-31": ""}, "Receiveable Turnover": {"2019-12-31": "8.56300", "2018-12-31": "7.74060", "2017-12-31": "9.50580", "2016-12-31": "5.39190", "2015-12-31": "6.90610", "2014-12-31": "6.81370", "2013-12-31": "7.08020", "2012-12-31": "8.18440", "2011-12-31": "10.25950", "2010-12-31": "8.55420", "2009-12-31": "9.89120", "2008-12-31": ""}, "Days Sales In Receivables": {"2019-12-31": "42.62550", "2018-12-31": "47.15420", "2017-12-31": "38.39780", "2016-12-31": "67.69450", "2015-12-31": "52.85190", "2014-12-31": "53.56860", "2013-12-31": "51.55240", "2012-12-31": "44.59680", "2011-12-31": "35.57670", "2010-12-31": "42.66900", "2009-12-31": "36.90160", "2008-12-31": ""}, "ROE - Return On Equity": {"2019-12-31": "11.05020", "2018-12-31": "13.11940", "2017-12-31": "12.87850", "2016-12-31": "58.41460", "2015-12-31": "78.95400", "2014-12-31": "75.86530", "2013-12-31": "61.85890", "2012-12-31": "65.82200", "2011-12-31": "59.00280", "2010-12-31": "56.51550", "2009-12-31": "56.58250", "2008-12-31": ""}, "Return On Tangible Equity": {"2019-12-31": "-40.46270", "2018-12-31": "-36.32330", "2017-12-31": "-26.71740", "2016-12-31": "65.68800", "2015-12-31": "106.39460", "2014-12-31": "97.59250", "2013-12-31": "73.77000", "2012-12-31": "80.13960", "2011-12-31": "71.82140", "2010-12-31": "75.69630", "2009-12-31": "71.68220", "2008-12-31": ""}, "ROA - Return On Assets": {"2019-12-31": "7.25080", "2018-12-31": "7.99100", "2017-12-31": "7.60770", "2016-12-31": "38.95530", "2015-12-31": "53.27610", "2014-12-31": "49.41740", "2013-12-31": "39.85580", "2012-12-31": "46.44870", "2011-12-31": "42.51890", "2010-12-31": "39.11500", "2009-12-31": "18.61200", "2008-12-31": ""}, "ROI - Return On Investment": {"2019-12-31": "8.78010", "2018-12-31": "10.22950", "2017-12-31": "9.21240", "2016-12-31": "58.41460", "2015-12-31": "78.95400", "2014-12-31": "75.86530", "2013-12-31": "61.85890", "2012-12-31": "65.82200", "2011-12-31": "59.00280", "2010-12-31": "56.51550", "2009-12-31": "56.58250", "2008-12-31": ""}, "Book Value Per Share": {"2019-12-31": "30.32430", "2018-12-31": "29.04070", "2017-12-31": "27.59070", "2016-12-31": "3.91090", "2015-12-31": "3.16300", "2014-12-31": "2.97300", "2013-12-31": "3.27890", "2012-12-31": "2.74000", "2011-12-31": "2.66160", "2010-12-31": "1.95230", "2009-12-31": "", "2008-12-31": ""}, "Operating Cash Flow Per Share": {"2019-12-31": 0.8945, "2018-12-31": 1.2828, "2017-12-31": 0.6622, "2016-12-31": -0.1313, "2015-12-31": -0.1235, "2014-12-31": 0.5061, "2013-12-31": 0.2764, "2012-12-31": 0.0358, "2011-12-31": 0.8481, "2010-12-31": 0.1662, "2009-12-31": -0.5751, "2008-12-31": 1.8179}, "Free Cash Flow Per Share": {"2019-12-31": 0.9041, "2018-12-31": 1.3081, "2017-12-31": 0.8588, "2016-12-31": -0.2037, "2015-12-31": -0.0093, "2014-12-31": 0.2472, "2013-12-31": 0.2919, "2012-12-31": 0.0158, "2011-12-31": 0.7704, "2010-12-31": 0.3388, "2009-12-31": -0.5121, "2008-12-31": 1.3362}}, "financial ratios, quarterly": {"Current Ratio": {"2020-09-30": "1.22510", "2020-06-30": "1.57340", "2020-03-31": "1.76510", "2019-12-31": "2.15770", "2019-09-30": "2.45980", "2019-06-30": "2.02030", "2019-03-31": "1.33590", "2018-12-31": "1.14730", "2018-09-30": "0.90940", "2018-06-30": "0.85890", "2018-03-31": "1.33310", "2017-12-31": "1.30150", "2017-09-30": "1.57270", "2017-06-30": "1.38110", "2017-03-31": "1.74660", "2016-12-31": "2.61510", "2016-09-30": "2.54660", "2016-06-30": "2.26890", "2016-03-31": "2.21570", "2015-12-31": "2.75850", "2015-09-30": "2.83110", "2015-06-30": "2.68570", "2015-03-31": "2.96110", "2014-12-31": "3.31370", "2014-09-30": "3.26180", "2014-06-30": "3.53380", "2014-03-31": "3.70710", "2013-12-31": "2.87420", "2013-09-30": "4.72390", "2013-06-30": "4.22190", "2013-03-31": "3.21190", "2012-12-31": "3.89090", "2012-09-30": "4.25120", "2012-06-30": "3.16000", "2012-03-31": "2.60020", "2011-12-31": "3.62770", "2011-09-30": "3.18240", "2011-06-30": "2.91440", "2011-03-31": "2.09290", "2010-12-31": "2.25200", "2010-09-30": "7.07340", "2010-06-30": "4.85760", "2010-03-31": "1.24410", "2009-12-31": "1.20720", "2009-09-30": "", "2009-06-30": "", "2009-03-31": "", "2008-12-31": ""}, "Long-term Debt / Capital": {"2020-09-30": "0.20630", "2020-06-30": "0.20910", "2020-03-31": "0.20780", "2019-12-31": "0.20540", "2019-09-30": "0.20670", "2019-06-30": "0.21600", "2019-03-31": "0.21800", "2018-12-31": "0.22030", "2018-09-30": "0.22500", "2018-06-30": "0.22500", "2018-03-31": "0.27650", "2017-12-31": "0.28470", "2017-09-30": "0.31320", "2017-06-30": "0.33380", "2017-03-31": "0.35130", "2016-12-31": "", "2016-09-30": "", "2016-06-30": "", "2016-03-31": "", "2015-12-31": "", "2015-09-30": "", "2015-06-30": "", "2015-03-31": "", "2014-12-31": "", "2014-09-30": "", "2014-06-30": "", "2014-03-31": "", "2013-12-31": "", "2013-09-30": "", "2013-06-30": "", "2013-03-31": "", "2012-12-31": "", "2012-09-30": "", "2012-06-30": "", "2012-03-31": "", "2011-12-31": "", "2011-09-30": "", "2011-06-30": "", "2011-03-31": "", "2010-12-31": "", "2010-09-30": "", "2010-06-30": "", "2010-03-31": "", "2009-12-31": "", "2009-09-30": "", "2009-06-30": "", "2009-03-31": "", "2008-12-31": ""}, "Debt/Equity Ratio": {"2020-09-30": "0.28080", "2020-06-30": "0.26430", "2020-03-31": "0.26230", "2019-12-31": "0.25860", "2019-09-30": "0.26050", "2019-06-30": "0.27550", "2019-03-31": "0.37010", "2018-12-31": "0.37500", "2018-09-30": "0.38540", "2018-06-30": "0.38550", "2018-03-31": "0.38210", "2017-12-31": "0.39800", "2017-09-30": "0.45600", "2017-06-30": "0.50100", "2017-03-31": "0.54150", "2016-12-31": "", "2016-09-30": "", "2016-06-30": "", "2016-03-31": "", "2015-12-31": "", "2015-09-30": "", "2015-06-30": "", "2015-03-31": "", "2014-12-31": "", "2014-09-30": "", "2014-06-30": "", "2014-03-31": "", "2013-12-31": "", "2013-09-30": "", "2013-06-30": "", "2013-03-31": "", "2012-12-31": "", "2012-09-30": "", "2012-06-30": "", "2012-03-31": "", "2011-12-31": "", "2011-09-30": "", "2011-06-30": "", "2011-03-31": "", "2010-12-31": "", "2010-09-30": "", "2010-06-30": "", "2010-03-31": "", "2009-12-31": "", "2009-09-30": "", "2009-06-30": "", "2009-03-31": "", "2008-12-31": ""}, "Gross Margin": {"2020-09-30": "36.83610", "2020-06-30": "34.17750", "2020-03-31": "38.88230", "2019-12-31": "46.72800", "2019-09-30": "43.52980", "2019-06-30": "45.63330", "2019-03-31": "46.54830", "2018-12-31": "44.72380", "2018-09-30": "46.97000", "2018-06-30": "42.47190", "2018-03-31": "42.23990", "2017-12-31": "42.79040", "2017-09-30": "44.11190", "2017-06-30": "41.65110", "2017-03-31": "54.29530", "2016-12-31": "74.94760", "2016-09-30": "80.73500", "2016-06-30": "83.24670", "2016-03-31": "83.92960", "2015-12-31": "44.87070", "2015-09-30": "100.00000", "2015-06-30": "100.00000", "2015-03-31": "100.00000", "2014-12-31": "100.00000", "2014-09-30": "100.00000", "2014-06-30": "100.00000", "2014-03-31": "100.00000", "2013-12-31": "100.00000", "2013-09-30": "100.00000", "2013-06-30": "100.00000", "2013-03-31": "100.00000", "2012-12-31": "100.00000", "2012-09-30": "100.00000", "2012-06-30": "100.00000", "2012-03-31": "100.00000", "2011-12-31": "100.00000", "2011-09-30": "100.00000", "2011-06-30": "100.00000", "2011-03-31": "100.00000", "2010-12-31": "100.00000", "2010-09-30": "100.00000", "2010-06-30": "100.00000", "2010-03-31": "100.00000", "2009-12-31": "100.01570", "2009-09-30": "100.00000", "2009-06-30": "100.00000", "2009-03-31": "100.00000", "2008-12-31": ""}, "Operating Margin": {"2020-09-30": "17.57290", "2020-06-30": "18.61400", "2020-03-31": "24.56860", "2019-12-31": "19.76570", "2019-09-30": "21.82410", "2019-06-30": "20.17400", "2019-03-31": "24.31130", "2018-12-31": "23.60570", "2018-09-30": "21.89620", "2018-06-30": "19.34080", "2018-03-31": "21.56360", "2017-12-31": "17.51250", "2017-09-30": "19.51260", "2017-06-30": "18.38330", "2017-03-31": "7.32730", "2016-12-31": "39.25580", "2016-09-30": "39.00420", "2016-06-30": "45.06070", "2016-03-31": "46.62760", "2015-12-31": "40.96470", "2015-09-30": "54.05940", "2015-06-30": "49.33270", "2015-03-31": "48.69330", "2014-12-31": "52.23380", "2014-09-30": "50.42240", "2014-06-30": "48.43340", "2014-03-31": "51.96060", "2013-12-31": "51.18730", "2013-09-30": "50.04060", "2013-06-30": "49.98140", "2013-03-31": "48.65280", "2012-12-31": "45.93550", "2012-09-30": "47.42950", "2012-06-30": "49.84500", "2012-03-31": "47.29720", "2011-12-31": "43.82320", "2011-09-30": "52.20330", "2011-06-30": "46.92990", "2011-03-31": "46.38350", "2010-12-31": "44.17160", "2010-09-30": "32.95100", "2010-06-30": "37.13970", "2010-03-31": "38.31480", "2009-12-31": "46.89280", "2009-09-30": "33.60730", "2009-06-30": "43.65920", "2009-03-31": "41.11480", "2008-12-31": ""}, "EBIT Margin": {"2020-09-30": "17.57290", "2020-06-30": "18.61400", "2020-03-31": "24.56860", "2019-12-31": "19.76570", "2019-09-30": "21.82410", "2019-06-30": "20.17400", "2019-03-31": "24.31130", "2018-12-31": "23.60570", "2018-09-30": "21.89620", "2018-06-30": "19.34080", "2018-03-31": "21.56360", "2017-12-31": "17.51250", "2017-09-30": "19.51260", "2017-06-30": "18.38330", "2017-03-31": "7.32730", "2016-12-31": "39.25580", "2016-09-30": "39.00420", "2016-06-30": "45.06070", "2016-03-31": "46.62760", "2015-12-31": "40.96470", "2015-09-30": "54.05940", "2015-06-30": "49.33270", "2015-03-31": "48.69330", "2014-12-31": "52.23380", "2014-09-30": "50.42240", "2014-06-30": "48.43340", "2014-03-31": "51.96060", "2013-12-31": "51.18730", "2013-09-30": "50.04060", "2013-06-30": "49.98140", "2013-03-31": "48.65280", "2012-12-31": "45.93550", "2012-09-30": "47.42950", "2012-06-30": "49.84500", "2012-03-31": "47.29720", "2011-12-31": "43.82320", "2011-09-30": "52.20330", "2011-06-30": "46.92990", "2011-03-31": "46.38350", "2010-12-31": "44.17160", "2010-09-30": "32.95100", "2010-06-30": "37.13970", "2010-03-31": "38.31480", "2009-12-31": "46.89280", "2009-09-30": "33.60730", "2009-06-30": "43.65920", "2009-03-31": "41.11480", "2008-12-31": ""}, "EBITDA Margin": {"2020-09-30": "", "2020-06-30": "", "2020-03-31": "", "2019-12-31": "", "2019-09-30": "", "2019-06-30": "", "2019-03-31": "", "2018-12-31": "", "2018-09-30": "", "2018-06-30": "", "2018-03-31": "", "2017-12-31": "", "2017-09-30": "", "2017-06-30": "", "2017-03-31": "", "2016-12-31": "", "2016-09-30": "", "2016-06-30": "", "2016-03-31": "", "2015-12-31": "", "2015-09-30": "", "2015-06-30": "", "2015-03-31": "", "2014-12-31": "", "2014-09-30": "", "2014-06-30": "", "2014-03-31": "", "2013-12-31": "", "2013-09-30": "", "2013-06-30": "", "2013-03-31": "", "2012-12-31": "", "2012-09-30": "", "2012-06-30": "", "2012-03-31": "", "2011-12-31": "", "2011-09-30": "", "2011-06-30": "", "2011-03-31": "", "2010-12-31": "", "2010-09-30": "", "2010-06-30": "", "2010-03-31": "", "2009-12-31": "", "2009-09-30": "", "2009-06-30": "", "2009-03-31": "", "2008-12-31": ""}, "Pre-Tax Profit Margin": {"2020-09-30": "20.61310", "2020-06-30": "18.02690", "2020-03-31": "23.60280", "2019-12-31": "18.92890", "2019-09-30": "20.86170", "2019-06-30": "19.27170", "2019-03-31": "21.20810", "2018-12-31": "23.49870", "2018-09-30": "20.19450", "2018-06-30": "17.94760", "2018-03-31": "20.49630", "2017-12-31": "16.77140", "2017-09-30": "17.32090", "2017-06-30": "16.55740", "2017-03-31": "5.13760", "2016-12-31": "39.25580", "2016-09-30": "39.95260", "2016-06-30": "48.41130", "2016-03-31": "47.21410", "2015-12-31": "43.00250", "2015-09-30": "54.24170", "2015-06-30": "49.50820", "2015-03-31": "48.50010", "2014-12-31": "50.42160", "2014-09-30": "50.24040", "2014-06-30": "48.21040", "2014-03-31": "51.64710", "2013-12-31": "50.87220", "2013-09-30": "49.66250", "2013-06-30": "49.66770", "2013-03-31": "48.14760", "2012-12-31": "45.66260", "2012-09-30": "47.17460", "2012-06-30": "49.53490", "2012-03-31": "46.92400", "2011-12-31": "43.53870", "2011-09-30": "51.92410", "2011-06-30": "46.79530", "2011-03-31": "45.86510", "2010-12-31": "42.55470", "2010-09-30": "32.72930", "2010-06-30": "36.91060", "2010-03-31": "37.99130", "2009-12-31": "46.83400", "2009-09-30": "33.37710", "2009-06-30": "43.57760", "2009-03-31": "41.18510", "2008-12-31": ""}, "Net Profit Margin": {"2020-09-30": "13.82620", "2020-06-30": "13.04250", "2020-03-31": "17.03740", "2019-12-31": "14.22590", "2019-09-30": "15.62040", "2019-06-30": "14.11540", "2019-03-31": "15.69860", "2018-12-31": "18.37640", "2018-09-30": "14.75950", "2018-06-30": "12.34460", "2018-03-31": "15.08290", "2017-12-31": "41.01820", "2017-09-30": "9.76450", "2017-06-30": "10.50250", "2017-03-31": "4.23920", "2016-12-31": "23.42770", "2016-09-30": "23.88860", "2016-06-30": "29.28940", "2016-03-31": "28.85630", "2015-12-31": "27.08190", "2015-09-30": "35.93930", "2015-06-30": "30.01920", "2015-03-31": "29.45900", "2014-12-31": "29.50360", "2014-09-30": "32.33230", "2014-06-30": "29.59390", "2014-03-31": "30.73630", "2013-12-31": "32.18080", "2013-09-30": "29.95040", "2013-06-30": "30.16280", "2013-03-31": "29.28350", "2012-12-31": "30.17040", "2012-09-30": "35.25820", "2012-06-30": "28.59550", "2012-03-31": "27.07180", "2011-12-31": "26.02740", "2011-09-30": "28.27010", "2011-06-30": "27.10870", "2011-03-31": "25.86950", "2010-12-31": "26.14450", "2010-09-30": "18.88410", "2010-06-30": "22.00270", "2010-03-31": "22.43350", "2009-12-31": "28.88660", "2009-09-30": "19.51140", "2009-06-30": "25.79160", "2009-03-31": "24.75650", "2008-12-31": ""}, "Asset Turnover": {"2020-09-30": "0.13040", "2020-06-30": "0.16190", "2020-03-31": "0.17590", "2019-12-31": "0.11680", "2019-09-30": "0.13460", "2019-06-30": "0.12030", "2019-03-31": "0.11300", "2018-12-31": "0.14050", "2018-09-30": "0.11250", "2018-06-30": "0.12550", "2018-03-31": "0.14600", "2017-12-31": "0.11790", "2017-09-30": "0.11690", "2017-06-30": "0.11880", "2017-03-31": "0.06660", "2016-12-31": "0.40030", "2016-09-30": "0.38220", "2016-06-30": "0.42570", "2016-03-31": "0.43180", "2015-12-31": "0.48130", "2015-09-30": "0.47060", "2015-06-30": "0.41070", "2015-03-31": "0.38010", "2014-12-31": "0.43370", "2014-09-30": "0.40570", "2014-06-30": "0.37310", "2014-03-31": "0.38240", "2013-12-31": "0.32120", "2013-09-30": "0.31000", "2013-06-30": "0.35070", "2013-03-31": "0.34840", "2012-12-31": "0.38390", "2012-09-30": "0.33990", "2012-06-30": "0.38550", "2012-03-31": "0.34350", "2011-12-31": "0.36660", "2011-09-30": "0.41670", "2011-06-30": "0.37660", "2011-03-31": "0.38660", "2010-12-31": "0.46200", "2010-09-30": "0.19980", "2010-06-30": "0.21510", "2010-03-31": "0.15980", "2009-12-31": "0.21130", "2009-09-30": "", "2009-06-30": "", "2009-03-31": "", "2008-12-31": ""}, "Inventory Turnover Ratio": {"2020-09-30": "", "2020-06-30": "", "2020-03-31": "", "2019-12-31": "", "2019-09-30": "", "2019-06-30": "", "2019-03-31": "", "2018-12-31": "", "2018-09-30": "", "2018-06-30": "", "2018-03-31": "", "2017-12-31": "", "2017-09-30": "", "2017-06-30": "", "2017-03-31": "", "2016-12-31": "", "2016-09-30": "", "2016-06-30": "", "2016-03-31": "", "2015-12-31": "", "2015-09-30": "", "2015-06-30": "", "2015-03-31": "", "2014-12-31": "", "2014-09-30": "", "2014-06-30": "", "2014-03-31": "", "2013-12-31": "", "2013-09-30": "", "2013-06-30": "", "2013-03-31": "", "2012-12-31": "", "2012-09-30": "", "2012-06-30": "", "2012-03-31": "", "2011-12-31": "", "2011-09-30": "", "2011-06-30": "", "2011-03-31": "", "2010-12-31": "", "2010-09-30": "", "2010-06-30": "", "2010-03-31": "", "2009-12-31": "", "2009-09-30": "", "2009-06-30": "", "2009-03-31": "", "2008-12-31": ""}, "Receiveable Turnover": {"2020-09-30": "2.32060", "2020-06-30": "2.30550", "2020-03-31": "2.25860", "2019-12-31": "2.04970", "2019-09-30": "2.24760", "2019-06-30": "1.96210", "2019-03-31": "2.06870", "2018-12-31": "2.09030", "2018-09-30": "2.04440", "2018-06-30": "2.23170", "2018-03-31": "2.89750", "2017-12-31": "2.64690", "2017-09-30": "2.64680", "2017-06-30": "2.64790", "2017-03-31": "1.45210", "2016-12-31": "1.46320", "2016-09-30": "1.40030", "2016-06-30": "1.56410", "2016-03-31": "2.47220", "2015-12-31": "1.92680", "2015-09-30": "2.03300", "2015-06-30": "1.57800", "2015-03-31": "2.30780", "2014-12-31": "1.83790", "2014-09-30": "1.69190", "2014-06-30": "1.64110", "2014-03-31": "2.29600", "2013-12-31": "1.75540", "2013-09-30": "1.81640", "2013-06-30": "1.88200", "2013-03-31": "2.46600", "2012-12-31": "2.07800", "2012-09-30": "1.81640", "2012-06-30": "2.04100", "2012-03-31": "2.08510", "2011-12-31": "2.42700", "2011-09-30": "2.69050", "2011-06-30": "1.92500", "2011-03-31": "2.23250", "2010-12-31": "2.29740", "2010-09-30": "1.81760", "2010-06-30": "2.41470", "2010-03-31": "2.10260", "2009-12-31": "2.80500", "2009-09-30": "", "2009-06-30": "", "2009-03-31": "", "2008-12-31": ""}, "Days Sales In Receivables": {"2020-09-30": "38.78390", "2020-06-30": "39.03760", "2020-03-31": "39.84810", "2019-12-31": "43.90790", "2019-09-30": "40.04290", "2019-06-30": "45.87010", "2019-03-31": "43.50650", "2018-12-31": "43.05600", "2018-09-30": "44.02330", "2018-06-30": "40.32810", "2018-03-31": "31.06080", "2017-12-31": "34.00190", "2017-09-30": "34.00390", "2017-06-30": "33.98880", "2017-03-31": "61.97920", "2016-12-31": "61.50950", "2016-09-30": "64.27180", "2016-06-30": "57.54070", "2016-03-31": "36.40490", "2015-12-31": "46.70940", "2015-09-30": "44.26930", "2015-06-30": "57.03420", "2015-03-31": "38.99880", "2014-12-31": "48.96890", "2014-09-30": "53.19310", "2014-06-30": "54.84210", "2014-03-31": "39.19790", "2013-12-31": "51.27010", "2013-09-30": "49.54890", "2013-06-30": "47.82050", "2013-03-31": "36.49570", "2012-12-31": "43.31180", "2012-09-30": "49.54810", "2012-06-30": "44.09590", "2012-03-31": "43.16430", "2011-12-31": "37.08250", "2011-09-30": "33.45070", "2011-06-30": "46.75300", "2011-03-31": "40.31430", "2010-12-31": "39.17560", "2010-09-30": "49.51680", "2010-06-30": "37.27210", "2010-03-31": "42.80480", "2009-12-31": "32.08560", "2009-09-30": "", "2009-06-30": "", "2009-03-31": "", "2008-12-31": ""}, "ROE - Return On Equity": {"2020-09-30": "3.28600", "2020-06-30": "3.45680", "2020-03-31": "4.75510", "2019-12-31": "2.53900", "2019-09-30": "3.18140", "2019-06-30": "2.53980", "2019-03-31": "2.89770", "2018-12-31": "4.27030", "2018-09-30": "2.71900", "2018-06-30": "2.63530", "2018-03-31": "3.71950", "2017-12-31": "8.26530", "2017-09-30": "2.09530", "2017-06-30": "2.41420", "2017-03-31": "0.55370", "2016-12-31": "14.18690", "2016-09-30": "13.98650", "2016-06-30": "19.15240", "2016-03-31": "19.84460", "2015-12-31": "19.40340", "2015-09-30": "25.98600", "2015-06-30": "19.75400", "2015-03-31": "17.33810", "2014-12-31": "19.73190", "2014-09-30": "19.73120", "2014-06-30": "16.28740", "2014-03-31": "17.10060", "2013-12-31": "16.20610", "2013-09-30": "12.70930", "2013-06-30": "14.89520", "2013-03-31": "15.42370", "2012-12-31": "16.61240", "2012-09-30": "16.60780", "2012-06-30": "16.04620", "2012-03-31": "14.45360", "2011-12-31": "13.46210", "2011-09-30": "16.82000", "2011-06-30": "14.69510", "2011-03-31": "16.19550", "2010-12-31": "17.84000", "2010-09-30": "4.55400", "2010-06-30": "5.86550", "2010-03-31": "10.75590", "2009-12-31": "18.55270", "2009-09-30": "", "2009-06-30": "", "2009-03-31": "", "2008-12-31": ""}, "Return On Tangible Equity": {"2020-09-30": "-10.80200", "2020-06-30": "-11.70770", "2020-03-31": "-16.21340", "2019-12-31": "-9.29720", "2019-09-30": "-11.34680", "2019-06-30": "-8.45420", "2019-03-31": "-8.63570", "2018-12-31": "-11.82300", "2018-09-30": "-6.52260", "2018-06-30": "-6.08190", "2018-03-31": "-8.31870", "2017-12-31": "-17.14690", "2017-09-30": "-3.42890", "2017-06-30": "-3.69550", "2017-03-31": "-0.78910", "2016-12-31": "15.95330", "2016-09-30": "20.97360", "2016-06-30": "29.63900", "2016-03-31": "31.89630", "2015-12-31": "26.14710", "2015-09-30": "35.18030", "2015-06-30": "26.37690", "2015-03-31": "22.51390", "2014-12-31": "25.38300", "2014-09-30": "25.32570", "2014-06-30": "20.28380", "2014-03-31": "20.55320", "2013-12-31": "19.32660", "2013-09-30": "14.69770", "2013-06-30": "17.28300", "2013-03-31": "18.26920", "2012-12-31": "20.22600", "2012-09-30": "19.62680", "2012-06-30": "19.59780", "2012-03-31": "17.73750", "2011-12-31": "16.38680", "2011-09-30": "20.37400", "2011-06-30": "18.15460", "2011-03-31": "20.59520", "2010-12-31": "23.89480", "2010-09-30": "4.97840", "2010-06-30": "6.46060", "2010-03-31": "13.21480", "2009-12-31": "23.50370", "2009-09-30": "", "2009-06-30": "", "2009-03-31": "", "2008-12-31": ""}, "ROA - Return On Assets": {"2020-09-30": "1.80850", "2020-06-30": "2.11690", "2020-03-31": "3.00530", "2019-12-31": "1.66600", "2019-09-30": "2.10990", "2019-06-30": "1.63780", "2019-03-31": "1.78600", "2018-12-31": "2.60100", "2018-09-30": "1.67400", "2018-06-30": "1.56110", "2018-03-31": "2.21650", "2017-12-31": "4.88250", "2017-09-30": "1.15340", "2017-06-30": "1.26030", "2017-03-31": "0.28440", "2016-12-31": "9.46090", "2016-09-30": "9.17660", "2016-06-30": "12.51710", "2016-03-31": "12.46110", "2015-12-31": "13.09290", "2015-09-30": "16.98860", "2015-06-30": "12.38440", "2015-03-31": "11.24520", "2014-12-31": "12.85310", "2014-09-30": "13.17570", "2014-06-30": "11.14130", "2014-03-31": "11.87470", "2013-12-31": "10.44160", "2013-09-30": "9.37460", "2013-06-30": "10.73860", "2013-03-31": "10.34430", "2012-12-31": "11.72290", "2012-09-30": "12.12050", "2012-06-30": "11.19700", "2012-03-31": "9.45480", "2011-12-31": "9.70120", "2011-09-30": "11.99130", "2011-06-30": "10.45670", "2011-03-31": "10.24590", "2010-12-31": "12.34730", "2010-09-30": "3.85470", "2010-06-30": "4.75300", "2010-03-31": "3.58500", "2009-12-31": "6.10270", "2009-09-30": "", "2009-06-30": "", "2009-03-31": "", "2008-12-31": ""}, "ROI - Return On Investment": {"2020-09-30": "2.60820", "2020-06-30": "2.73410", "2020-03-31": "3.76720", "2019-12-31": "2.01740", "2019-09-30": "2.52400", "2019-06-30": "1.99120", "2019-03-31": "2.26590", "2018-12-31": "3.32960", "2018-09-30": "2.10720", "2018-06-30": "2.04220", "2018-03-31": "2.69110", "2017-12-31": "5.91240", "2017-09-30": "1.43900", "2017-06-30": "1.60830", "2017-03-31": "0.35920", "2016-12-31": "14.18690", "2016-09-30": "13.98650", "2016-06-30": "19.15240", "2016-03-31": "19.84460", "2015-12-31": "19.40340", "2015-09-30": "25.98600", "2015-06-30": "19.75400", "2015-03-31": "17.33810", "2014-12-31": "19.73190", "2014-09-30": "19.73120", "2014-06-30": "16.28740", "2014-03-31": "17.10060", "2013-12-31": "16.20610", "2013-09-30": "12.70930", "2013-06-30": "14.89520", "2013-03-31": "15.42370", "2012-12-31": "16.61240", "2012-09-30": "16.60780", "2012-06-30": "16.04620", "2012-03-31": "14.45360", "2011-12-31": "13.46210", "2011-09-30": "16.82000", "2011-06-30": "14.69510", "2011-03-31": "16.19550", "2010-12-31": "17.84010", "2010-09-30": "4.55400", "2010-06-30": "5.86550", "2010-03-31": "10.75590", "2009-12-31": "18.55270", "2009-09-30": "", "2009-06-30": "", "2009-03-31": "", "2008-12-31": ""}, "Book Value Per Share": {"2020-09-30": "30.87840", "2020-06-30": "30.21690", "2020-03-31": "30.16860", "2019-12-31": "30.32430", "2019-09-30": "29.91960", "2019-06-30": "29.79390", "2019-03-31": "29.43090", "2018-12-31": "29.04070", "2018-09-30": "28.23630", "2018-06-30": "28.09460", "2018-03-31": "28.21070", "2017-12-31": "27.59070", "2017-09-30": "25.36530", "2017-06-30": "24.97580", "2017-03-31": "24.50310", "2016-12-31": "3.91090", "2016-09-30": "3.56230", "2016-06-30": "3.26950", "2016-03-31": "3.04010", "2015-12-31": "3.16300", "2015-09-30": "3.14530", "2015-06-30": "2.73840", "2015-03-31": "2.91190", "2014-12-31": "2.97300", "2014-09-30": "2.89730", "2014-06-30": "3.08230", "2014-03-31": "3.32600", "2013-12-31": "3.27890", "2013-09-30": "3.72320", "2013-06-30": "3.53370", "2013-03-31": "3.14790", "2012-12-31": "2.74000", "2012-09-30": "3.15700", "2012-06-30": "2.74900", "2012-03-31": "2.63870", "2011-12-31": "2.66160", "2011-09-30": "2.73240", "2011-06-30": "2.51100", "2011-03-31": "2.25300", "2010-12-31": "1.95230", "2010-09-30": "4.39890", "2010-06-30": "4.15600", "2010-03-31": "", "2009-12-31": "", "2009-09-30": "", "2009-06-30": "", "2009-03-31": "", "2008-12-31": ""}, "Operating Cash Flow Per Share": {"2020-09-30": 6.4767, "2020-06-30": 2.9788, "2020-03-31": "1.47650", "2019-12-31": 2.1293, "2019-09-30": 0.6849, "2019-06-30": 1.7895, "2019-03-31": "1.05640", "2018-12-31": 2.0098, "2018-09-30": -0.3546, "2018-06-30": 1.6596, "2018-03-31": "1.45080", "2017-12-31": 1.894, "2017-09-30": 0.059, "2017-06-30": 1.7222, "2017-03-31": "-0.19240", "2016-12-31": 0.6791, "2016-09-30": 0.7282, "2016-06-30": 0.2226, "2016-03-31": "1.19070", "2015-12-31": 0.606, "2015-09-30": 1.0753, "2015-06-30": 0.3361, "2015-03-31": "0.93450", "2014-12-31": 0.9112, "2014-09-30": 0.7517, "2014-06-30": 0.391, "2014-03-31": "1.02150", "2013-12-31": 0.6027, "2013-09-30": 0.6286, "2013-06-30": 0.246, "2013-03-31": "1.09200", "2012-12-31": 0.6788, "2012-09-30": 0.6189, "2012-06-30": 0.2766, "2012-03-31": "0.71860", "2011-12-31": 0.4383, "2011-09-30": 0.7922, "2011-06-30": 0.1583, "2011-03-31": "0.86830", "2010-12-31": 0.5784, "2010-09-30": 0.0578, "2010-06-30": 0.0858, "2010-03-31": "0.68700", "2009-12-31": 0.1942, "2009-09-30": 0.1977, "2009-06-30": 0.379, "2009-03-31": "0.48480", "2008-12-31": 0}, "Free Cash Flow Per Share": {"2020-09-30": 6.2917, "2020-06-30": 2.9177, "2020-03-31": "1.38070", "2019-12-31": 2.0558, "2019-09-30": 0.6157, "2019-06-30": 1.6702, "2019-03-31": "1.00450", "2018-12-31": 1.9349, "2018-09-30": -0.491, "2018-06-30": 1.6122, "2018-03-31": "1.38600", "2017-12-31": 1.777, "2017-09-30": -0.0021, "2017-06-30": 1.6319, "2017-03-31": "-0.27280", "2016-12-31": 0.5815, "2016-09-30": 0.5928, "2016-06-30": 0.019, "2016-03-31": "1.08190", "2015-12-31": 0.4584, "2015-09-30": 0.9617, "2015-06-30": 0.2141, "2015-03-31": "0.84470", "2014-12-31": 0.794, "2014-09-30": 0.6117, "2014-06-30": 0.2017, "2014-03-31": "0.88080", "2013-12-31": 0.5, "2013-09-30": 0.5527, "2013-06-30": 0.1701, "2013-03-31": "1.01820", "2012-12-31": 0.6424, "2012-09-30": 0.5352, "2012-06-30": 0.1422, "2012-03-31": "0.62930", "2011-12-31": 0.3745, "2011-09-30": 0.7355, "2011-06-30": 0.0342, "2011-03-31": "0.78910", "2010-12-31": 0.4797, "2010-09-30": 0.0272, "2010-06-30": 0.0413, "2010-03-31": "0.61470", "2009-12-31": 0.0953, "2009-09-30": 0.1023, "2009-06-30": 0.2462, "2009-03-31": "0.38890", "2008-12-31": 0}}, "revenue": {"Cboe Global Markets Annual Revenue (Millions of US $)": {"2020": "$3,427", "2019": "$2,496", "2018": "$2,769", "2017": "$2,229", "2016": "$703", "2015": "$664", "2014": "$617", "2013": "$572", "2012": "$512", "2011": "$508", "2010": "$437", "2009": "$426", "2008": "$417"}, "Cboe Global Markets Quarterly Revenue (Millions of US $)": {"2020-12-31": "$844", "2020-09-30": "$793", "2020-06-30": "$869", "2020-03-31": "$922", "2019-12-31": "$598", "2019-09-30": "$675", "2019-06-30": "$621", "2019-03-31": "$603", "2018-12-31": "$748", "2018-09-30": "$576", "2018-06-30": "$668", "2018-03-31": "$778", "2017-12-31": "$621", "2017-09-30": "$611", "2017-06-30": "$641", "2017-03-31": "$356", "2016-12-31": "$191", "2016-09-30": "$169", "2016-06-30": "$173", "2016-03-31": "$171", "2015-12-31": "$185", "2015-09-30": "$187", "2015-06-30": "$149", "2015-03-31": "$143", "2014-12-31": "$166", "2014-09-30": "$149", "2014-06-30": "$144", "2014-03-31": "$158", "2013-12-31": "$142", "2013-09-30": "$137", "2013-06-30": "$151", "2013-03-31": "$143", "2012-12-31": "$130", "2012-09-30": "$128", "2012-06-30": "$133", "2012-03-31": "$121", "2011-12-31": "$120", "2011-09-30": "$144", "2011-06-30": "$120", "2011-03-31": "$124", "2010-12-31": "$117", "2010-09-30": "$106", "2010-06-30": "$113", "2010-03-31": "$101", "2009-12-31": "$121", "2009-09-30": "$98", "2009-06-30": "$109", "2009-03-31": "$98", "2008-12-31": ""}}, "gross-profit": {"Cboe Global Markets Annual Gross Profit (Millions of US $)": {"2020": "$1,254", "2019": "$1,137", "2018": "$1,217", "2017": "$996", "2016": "$566", "2015": "$562", "2014": "$617", "2013": "$572", "2012": "$512", "2011": "$508", "2010": "$437", "2009": "$426", "2008": "$417"}, "Cboe Global Markets Quarterly Gross Profit (Millions of US $)": {"2020-12-31": "$307", "2020-09-30": "$292", "2020-06-30": "$297", "2020-03-31": "$358", "2019-12-31": "$279", "2019-09-30": "$294", "2019-06-30": "$283", "2019-03-31": "$281", "2018-12-31": "$334", "2018-09-30": "$271", "2018-06-30": "$284", "2018-03-31": "$329", "2017-12-31": "$266", "2017-09-30": "$270", "2017-06-30": "$267", "2017-03-31": "$193", "2016-12-31": "$143", "2016-09-30": "$136", "2016-06-30": "$144", "2016-03-31": "$143", "2015-12-31": "$185", "2015-09-30": "$187", "2015-06-30": "$149", "2015-03-31": "$143", "2014-12-31": "$166", "2014-09-30": "$149", "2014-06-30": "$144", "2014-03-31": "$158", "2013-12-31": "$142", "2013-09-30": "$137", "2013-06-30": "$151", "2013-03-31": "$143", "2012-12-31": "$130", "2012-09-30": "$128", "2012-06-30": "$133", "2012-03-31": "$121", "2011-12-31": "$120", "2011-09-30": "$144", "2011-06-30": "$120", "2011-03-31": "$124", "2010-12-31": "$117", "2010-09-30": "$106", "2010-06-30": "$113", "2010-03-31": "$101", "2009-12-31": "$121", "2009-09-30": "$98", "2009-06-30": "$109", "2009-03-31": "$98", "2008-12-31": ""}}, "operating-income": {"Cboe Global Markets Annual Operating Income (Millions of US $)": {"2020": "$662", "2019": "$537", "2018": "$599", "2017": "$372", "2016": "$298", "2015": "$320", "2014": "$314", "2013": "$286", "2012": "$244", "2011": "$242", "2010": "$167", "2009": "$178", "2008": "$187"}, "Cboe Global Markets Quarterly Operating Income (Millions of US $)": {"2020-12-31": "$135", "2020-09-30": "$139", "2020-06-30": "$162", "2020-03-31": "$226", "2019-12-31": "$118", "2019-09-30": "$147", "2019-06-30": "$125", "2019-03-31": "$147", "2018-12-31": "$177", "2018-09-30": "$126", "2018-06-30": "$129", "2018-03-31": "$168", "2017-12-31": "$109", "2017-09-30": "$119", "2017-06-30": "$118", "2017-03-31": "$26", "2016-12-31": "$75", "2016-09-30": "$66", "2016-06-30": "$78", "2016-03-31": "$80", "2015-12-31": "$76", "2015-09-30": "$101", "2015-06-30": "$73", "2015-03-31": "$70", "2014-12-31": "$87", "2014-09-30": "$75", "2014-06-30": "$70", "2014-03-31": "$82", "2013-12-31": "$73", "2013-09-30": "$68", "2013-06-30": "$75", "2013-03-31": "$69", "2012-12-31": "$60", "2012-09-30": "$61", "2012-06-30": "$66", "2012-03-31": "$57", "2011-12-31": "$53", "2011-09-30": "$75", "2011-06-30": "$56", "2011-03-31": "$58", "2010-12-31": "$52", "2010-09-30": "$35", "2010-06-30": "$42", "2010-03-31": "$39", "2009-12-31": "$57", "2009-09-30": "$33", "2009-06-30": "$48", "2009-03-31": "$40", "2008-12-31": ""}}, "ebitda": {"Cboe Global Markets Annual EBITDA (Millions of US $)": {"2019": "$727", "2018": "$806", "2017": "$568", "2016": "$343", "2015": "$366", "2014": "$354", "2013": "$320", "2012": "$276", "2011": "$276", "2010": "$197", "2009": "$205", "2008": "$213"}, "Cboe Global Markets Quarterly EBITDA (Millions of US $)": {"2020-09-30": "$179", "2020-06-30": "$200", "2020-03-31": "$267", "2019-12-31": "$161", "2019-09-30": "$191", "2019-06-30": "$180", "2019-03-31": "$194", "2018-12-31": "$226", "2018-09-30": "$177", "2018-06-30": "$180", "2018-03-31": "$223", "2017-12-31": "$165", "2017-09-30": "$177", "2017-06-30": "$174", "2017-03-31": "$52", "2016-12-31": "$85", "2016-09-30": "$76", "2016-06-30": "$90", "2016-03-31": "$91", "2015-12-31": "$88", "2015-09-30": "$114", "2015-06-30": "$85", "2015-03-31": "$80", "2014-12-31": "$98", "2014-09-30": "$85", "2014-06-30": "$80", "2014-03-31": "$91", "2013-12-31": "$82", "2013-09-30": "$77", "2013-06-30": "$84", "2013-03-31": "$78", "2012-12-31": "$66", "2012-09-30": "$70", "2012-06-30": "$74", "2012-03-31": "$66", "2011-12-31": "$60", "2011-09-30": "$84", "2011-06-30": "$65", "2011-03-31": "$66", "2010-12-31": "$60", "2010-09-30": "$42", "2010-06-30": "$49", "2010-03-31": "$46", "2009-12-31": "$64", "2009-09-30": "$40", "2009-06-30": "$55", "2009-03-31": "$47", "2008-12-31": ""}}, "net-income": {"Cboe Global Markets Annual Net Income (Millions of US $)": {"2020": "$467", "2019": "$373", "2018": "$422", "2017": "$397", "2016": "$185", "2015": "$204", "2014": "$188", "2013": "$174", "2012": "$155", "2011": "$137", "2010": "$98", "2009": "$106", "2008": "$115"}, "Cboe Global Markets Quarterly Net Income (Millions of US $)": {"2020-12-31": "$87", "2020-09-30": "$110", "2020-06-30": "$113", "2020-03-31": "$157", "2019-12-31": "$85", "2019-09-30": "$106", "2019-06-30": "$88", "2019-03-31": "$95", "2018-12-31": "$137", "2018-09-30": "$85", "2018-06-30": "$82", "2018-03-31": "$117", "2017-12-31": "$255", "2017-09-30": "$60", "2017-06-30": "$67", "2017-03-31": "$15", "2016-12-31": "$45", "2016-09-30": "$40", "2016-06-30": "$51", "2016-03-31": "$49", "2015-12-31": "$50", "2015-09-30": "$67", "2015-06-30": "$45", "2015-03-31": "$42", "2014-12-31": "$49", "2014-09-30": "$48", "2014-06-30": "$43", "2014-03-31": "$49", "2013-12-31": "$46", "2013-09-30": "$41", "2013-06-30": "$45", "2013-03-31": "$42", "2012-12-31": "$39", "2012-09-30": "$45", "2012-06-30": "$38", "2012-03-31": "$33", "2011-12-31": "$31", "2011-09-30": "$41", "2011-06-30": "$33", "2011-03-31": "$32", "2010-12-31": "$31", "2010-09-30": "$20", "2010-06-30": "$25", "2010-03-31": "$23", "2009-12-31": "$35", "2009-09-30": "$19", "2009-06-30": "$28", "2009-03-31": "$24", "2008-12-31": ""}}, "eps-earnings-per-share-diluted": {"Cboe Global Markets Annual EPS": {"2020": "$4.27", "2019": "$3.34", "2018": "$3.76", "2017": "$3.69", "2016": "$2.27", "2015": "$2.46", "2014": "$2.21", "2013": "$1.99", "2012": "$1.78", "2011": "$1.52", "2010": "$1.03", "2009": "$1.17", "2008": "$1.27"}, "Cboe Global Markets Quarterly EPS": {"2020-12-31": "$0.81", "2020-09-30": "$1.01", "2020-06-30": "$1.03", "2020-03-31": "$1.42", "2019-12-31": "$0.77", "2019-09-30": "$0.94", "2019-06-30": "$0.78", "2019-03-31": "$0.85", "2018-12-31": "$1.23", "2018-09-30": "$0.76", "2018-06-30": "$0.73", "2018-03-31": "$1.04", "2017-12-31": "$2.40", "2017-09-30": "$0.53", "2017-06-30": "$0.60", "2017-03-31": "$0.16", "2016-12-31": "$0.55", "2016-09-30": "$0.50", "2016-06-30": "$0.62", "2016-03-31": "$0.60", "2015-12-31": "$0.61", "2015-09-30": "$0.81", "2015-06-30": "$0.54", "2015-03-31": "$0.50", "2014-12-31": "$0.58", "2014-09-30": "$0.57", "2014-06-30": "$0.50", "2014-03-31": "$0.56", "2013-12-31": "$0.52", "2013-09-30": "$0.47", "2013-06-30": "$0.52", "2013-03-31": "$0.48", "2012-12-31": "$0.45", "2012-09-30": "$0.52", "2012-06-30": "$0.44", "2012-03-31": "$0.37", "2011-12-31": "$0.35", "2011-09-30": "$0.45", "2011-06-30": "$0.36", "2011-03-31": "$0.36", "2010-12-31": "$0.31", "2010-09-30": "$0.20", "2010-06-30": "$0.27", "2010-03-31": "$0.25", "2009-12-31": "$0.39", "2009-09-30": "$0.21", "2009-06-30": "$0.31", "2009-03-31": "$0.24", "2008-12-31": "$0.00"}}, "shares-outstanding": {"Cboe Global Markets Annual Shares Outstanding (Millions of Shares)": {"2020": "109", "2019": "112", "2018": "112", "2017": "108", "2016": "81", "2015": "83", "2014": "85", "2013": "87", "2012": "87", "2011": "90", "2010": "96", "2009": "91", "2008": "91"}, "Cboe Global Markets Quarterly Shares Outstanding (Millions of Shares)": {"2020-12-31": "108", "2020-09-30": "109", "2020-06-30": "110", "2020-03-31": "111", "2019-12-31": "112", "2019-09-30": "112", "2019-06-30": "112", "2019-03-31": "112", "2018-12-31": "112", "2018-09-30": "112", "2018-06-30": "112", "2018-03-31": "113", "2017-12-31": "108", "2017-09-30": "113", "2017-06-30": "113", "2017-03-31": "92", "2016-12-31": "81", "2016-09-30": "81", "2016-06-30": "81", "2016-03-31": "82", "2015-12-31": "83", "2015-09-30": "83", "2015-06-30": "83", "2015-03-31": "84", "2014-12-31": "85", "2014-09-30": "85", "2014-06-30": "86", "2014-03-31": "86", "2013-12-31": "87", "2013-09-30": "88", "2013-06-30": "87", "2013-03-31": "87", "2012-12-31": "87", "2012-09-30": "87", "2012-06-30": "87", "2012-03-31": "88", "2011-12-31": "90", "2011-09-30": "90", "2011-06-30": "90", "2011-03-31": "90", "2010-12-31": "96", "2010-09-30": "102", "2010-06-30": "92", "2010-03-31": "91", "2009-12-31": "90", "2009-09-30": "91", "2009-06-30": "91", "2009-03-31": "103", "2008-12-31": ""}}, "total-assets": {"Cboe Global Markets Annual Total Assets (Millions of US $)": {"2019": "$5,114", "2018": "$5,321", "2017": "$5,266", "2016": "$477", "2015": "$385", "2014": "$384", "2013": "$442", "2012": "$339", "2011": "$328", "2010": "$254", "2009": "$572", "2008": "$0"}, "Cboe Global Markets Quarterly Total Assets (Millions of US $)": {"2020-09-30": "$6,077", "2020-06-30": "$5,366", "2020-03-31": "$5,238", "2019-12-31": "$5,114", "2019-09-30": "$5,019", "2019-06-30": "$5,159", "2019-03-31": "$5,330", "2018-12-31": "$5,321", "2018-09-30": "$5,120", "2018-06-30": "$5,317", "2018-03-31": "$5,328", "2017-12-31": "$5,266", "2017-09-30": "$5,228", "2017-06-30": "$5,396", "2017-03-31": "$5,345", "2016-12-31": "$477", "2016-09-30": "$441", "2016-06-30": "$407", "2016-03-31": "$395", "2015-12-31": "$385", "2015-09-30": "$397", "2015-06-30": "$362", "2015-03-31": "$376", "2014-12-31": "$384", "2014-09-30": "$367", "2014-06-30": "$386", "2014-03-31": "$413", "2013-12-31": "$442", "2013-09-30": "$441", "2013-06-30": "$430", "2013-03-31": "$410", "2012-12-31": "$339", "2012-09-30": "$378", "2012-06-30": "$344", "2012-03-31": "$353", "2011-12-31": "$328", "2011-09-30": "$345", "2011-06-30": "$319", "2011-03-31": "$321", "2010-12-31": "$254", "2010-09-30": "$531", "2010-06-30": "$524", "2010-03-31": "$633", "2009-12-31": "$572", "2009-09-30": "$0", "2009-06-30": "$0", "2009-03-31": "$0", "2008-12-31": "$0"}}, "cash-on-hand": {"Cboe Global Markets Annual Cash on Hand (Millions of US $)": {"2019": "$300", "2018": "$311", "2017": "$191", "2016": "$97", "2015": "$102", "2014": "$148", "2013": "$221", "2012": "$136", "2011": "$135", "2010": "$54", "2009": "$384", "2008": "$"}, "Cboe Global Markets Quarterly Cash on Hand (Millions of US $)": {"2020-09-30": "$236", "2020-06-30": "$387", "2020-03-31": "$209", "2019-12-31": "$300", "2019-09-30": "$171", "2019-06-30": "$244", "2019-03-31": "$376", "2018-12-31": "$311", "2018-09-30": "$138", "2018-06-30": "$272", "2018-03-31": "$230", "2017-12-31": "$191", "2017-09-30": "$127", "2017-06-30": "$259", "2017-03-31": "$195", "2016-12-31": "$97", "2016-09-30": "$73", "2016-06-30": "$52", "2016-03-31": "$107", "2015-12-31": "$102", "2015-09-30": "$122", "2015-06-30": "$90", "2015-03-31": "$138", "2014-12-31": "$148", "2014-09-30": "$127", "2014-06-30": "$145", "2014-03-31": "$199", "2013-12-31": "$221", "2013-09-30": "$226", "2013-06-30": "$208", "2013-03-31": "$210", "2012-12-31": "$136", "2012-09-30": "$160", "2012-06-30": "$127", "2012-03-31": "$149", "2011-12-31": "$135", "2011-09-30": "$147", "2011-06-30": "$107", "2011-03-31": "$116", "2010-12-31": "$54", "2010-09-30": "$323", "2010-06-30": "$324", "2010-03-31": "$439", "2009-12-31": "$384", "2009-09-30": "", "2009-06-30": "", "2009-03-31": "", "2008-12-31": ""}}, "long-term-debt": {"Cboe Global Markets Annual Long Term Debt (Millions of US $)": {"2019": "$868", "2018": "$916", "2017": "$1,238", "2016": "$", "2015": "$", "2014": "$", "2013": "$", "2012": "$", "2011": "$", "2010": "$", "2009": "$", "2008": "$"}, "Cboe Global Markets Quarterly Long Term Debt (Millions of US $)": {"2020-09-30": "$869", "2020-06-30": "$869", "2020-03-31": "$868", "2019-12-31": "$868", "2019-09-30": "$867", "2019-06-30": "$917", "2019-03-31": "$916", "2018-12-31": "$916", "2018-09-30": "$915", "2018-06-30": "$915", "2018-03-31": "$1,213", "2017-12-31": "$1,238", "2017-09-30": "$1,312", "2017-06-30": "$1,411", "2017-03-31": "$1,487", "2016-12-31": "", "2016-09-30": "", "2016-06-30": "", "2016-03-31": "", "2015-12-31": "", "2015-09-30": "", "2015-06-30": "", "2015-03-31": "", "2014-12-31": "", "2014-09-30": "", "2014-06-30": "", "2014-03-31": "", "2013-12-31": "", "2013-09-30": "", "2013-06-30": "", "2013-03-31": "", "2012-12-31": "", "2012-09-30": "", "2012-06-30": "", "2012-03-31": "", "2011-12-31": "", "2011-09-30": "", "2011-06-30": "", "2011-03-31": "", "2010-12-31": "", "2010-09-30": "", "2010-06-30": "", "2010-03-31": "", "2009-12-31": "", "2009-09-30": "", "2009-06-30": "", "2009-03-31": "", "2008-12-31": ""}}, "total-liabilities": {"Cboe Global Markets Annual Total Liabilities (Millions of US $)": {"2019": "$1,758", "2018": "$2,080", "2017": "$2,155", "2016": "$159", "2015": "$125", "2014": "$134", "2013": "$157", "2012": "$100", "2011": "$92", "2010": "$78", "2009": "$384", "2008": "$0"}, "Cboe Global Markets Quarterly Total Liabilities (Millions of US $)": {"2020-09-30": "$2,732", "2020-06-30": "$2,080", "2020-03-31": "$1,927", "2019-12-31": "$1,758", "2019-09-30": "$1,691", "2019-06-30": "$1,832", "2019-03-31": "$2,045", "2018-12-31": "$2,080", "2018-09-30": "$1,968", "2018-06-30": "$2,167", "2018-03-31": "$2,153", "2017-12-31": "$2,155", "2017-09-30": "$2,350", "2017-06-30": "$2,579", "2017-03-31": "$2,600", "2016-12-31": "$159", "2016-09-30": "$152", "2016-06-30": "$141", "2016-03-31": "$147", "2015-12-31": "$125", "2015-09-30": "$138", "2015-06-30": "$135", "2015-03-31": "$132", "2014-12-31": "$134", "2014-09-30": "$122", "2014-06-30": "$122", "2014-03-31": "$126", "2013-12-31": "$157", "2013-09-30": "$116", "2013-06-30": "$120", "2013-03-31": "$135", "2012-12-31": "$100", "2012-09-30": "$102", "2012-06-30": "$104", "2012-03-31": "$122", "2011-12-31": "$92", "2011-09-30": "$99", "2011-06-30": "$92", "2011-03-31": "$118", "2010-12-31": "$78", "2010-09-30": "$81", "2010-06-30": "$99", "2010-03-31": "$422", "2009-12-31": "$384", "2009-09-30": "$0", "2009-06-30": "$0", "2009-03-31": "$0", "2008-12-31": "$0"}}, "total-share-holder-equity": {"Cboe Global Markets Annual Share Holder Equity (Millions of US $)": {"2019": "$3,356", "2018": "$3,241", "2017": "$3,111", "2016": "$318", "2015": "$260", "2014": "$250", "2013": "$285", "2012": "$239", "2011": "$236", "2010": "$176", "2009": "$188", "2008": "$0"}, "Cboe Global Markets Quarterly Share Holder Equity (Millions of US $)": {"2020-09-30": "$3,345", "2020-06-30": "$3,286", "2020-03-31": "$3,310", "2019-12-31": "$3,356", "2019-09-30": "$3,329", "2019-06-30": "$3,327", "2019-03-31": "$3,285", "2018-12-31": "$3,241", "2018-09-30": "$3,152", "2018-06-30": "$3,150", "2018-03-31": "$3,175", "2017-12-31": "$3,111", "2017-09-30": "$2,878", "2017-06-30": "$2,817", "2017-03-31": "$2,745", "2016-12-31": "$318", "2016-09-30": "$290", "2016-06-30": "$266", "2016-03-31": "$248", "2015-12-31": "$260", "2015-09-30": "$260", "2015-06-30": "$227", "2015-03-31": "$244", "2014-12-31": "$250", "2014-09-30": "$245", "2014-06-30": "$264", "2014-03-31": "$287", "2013-12-31": "$285", "2013-09-30": "$325", "2013-06-30": "$310", "2013-03-31": "$275", "2012-12-31": "$239", "2012-09-30": "$276", "2012-06-30": "$240", "2012-03-31": "$231", "2011-12-31": "$236", "2011-09-30": "$246", "2011-06-30": "$227", "2011-03-31": "$203", "2010-12-31": "$176", "2010-09-30": "$449", "2010-06-30": "$424", "2010-03-31": "$211", "2009-12-31": "$188", "2009-09-30": "$0", "2009-06-30": "$0", "2009-03-31": "$0", "2008-12-31": "$0"}}, "profit-margins": {"current": "13.63%"}, "gross margin": {"2020-12-31": "36.58%", "2020-09-30": "38.53%", "2020-06-30": "40.08%", "2020-03-31": "43.11%", "2019-12-31": "45.53%", "2019-09-30": "45.03%", "2019-06-30": "45.88%", "2019-03-31": "45.09%", "2018-12-31": "43.97%", "2018-09-30": "43.51%", "2018-06-30": "42.91%", "2018-03-31": "42.70%", "2017-12-31": "44.68%", "2017-09-30": "48.53%", "2017-06-30": "54.46%", "2017-03-31": "69.29%", "2016-12-31": "80.40%", "2016-09-30": "87.11%", "2016-06-30": "92.04%", "2016-03-31": "95.95%", "2015-12-31": "100.00%", "2015-09-30": "100.00%", "2015-06-30": "100.00%", "2015-03-31": "100.00%", "2014-12-31": "100.00%", "2014-09-30": "100.00%", "2014-06-30": "100.00%", "2014-03-31": "100.00%", "2013-12-31": "100.00%", "2013-09-30": "100.00%", "2013-06-30": "100.00%", "2013-03-31": "100.00%", "2012-12-31": "100.00%", "2012-09-30": "100.00%", "2012-06-30": "100.00%", "2012-03-31": "100.00%", "2011-12-31": "100.00%", "2011-09-30": "100.00%", "2011-06-30": "100.00%", "2011-03-31": "100.00%", "2010-12-31": "100.00%", "2010-09-30": "100.00%", "2010-06-30": "100.00%", "2010-03-31": "100.00%", "2009-12-31": "100.00%"}, "operating margin": {"2020-12-31": "19.31%", "2020-09-30": "20.27%", "2020-06-30": "21.31%", "2020-03-31": "21.88%", "2019-12-31": "21.51%", "2019-09-30": "22.48%", "2019-06-30": "22.53%", "2019-03-31": "22.27%", "2018-12-31": "21.62%", "2018-09-30": "20.13%", "2018-06-30": "19.60%", "2018-03-31": "19.39%", "2017-12-31": "16.69%", "2017-09-30": "18.79%", "2017-06-30": "21.00%", "2017-03-31": "27.56%", "2016-12-31": "42.47%", "2016-09-30": "42.98%", "2016-06-30": "46.79%", "2016-03-31": "47.69%", "2015-12-31": "48.19%", "2015-09-30": "51.32%", "2015-06-30": "50.25%", "2015-03-31": "50.17%", "2014-12-31": "50.89%", "2014-09-30": "50.59%", "2014-06-30": "50.43%", "2014-03-31": "50.68%", "2013-12-31": "49.74%", "2013-09-30": "48.48%", "2013-06-30": "48.01%", "2013-03-31": "47.94%", "2012-12-31": "47.66%", "2012-09-30": "47.21%", "2012-06-30": "48.46%", "2012-03-31": "47.72%", "2011-12-31": "47.64%", "2011-09-30": "47.72%", "2011-06-30": "43.04%", "2011-03-31": "40.65%", "2010-12-31": "38.44%", "2010-09-30": "39.23%", "2010-06-30": "39.49%", "2010-03-31": "41.26%", "2009-12-31": "41.78%"}, "ebitda margin": {"2020-09-30": "25.36%", "2020-06-30": "26.73%", "2020-03-31": "28.37%", "2019-12-31": "29.07%", "2019-09-30": "29.88%", "2019-06-30": "30.49%", "2019-03-31": "29.94%", "2018-12-31": "29.10%", "2018-09-30": "28.19%", "2018-06-30": "27.82%", "2018-03-31": "27.88%", "2017-12-31": "25.48%", "2017-09-30": "27.13%", "2017-06-30": "28.52%", "2017-03-31": "34.08%", "2016-12-31": "48.58%", "2016-09-30": "49.43%", "2016-06-30": "53.49%", "2016-03-31": "54.62%", "2015-12-31": "55.27%", "2015-09-30": "58.45%", "2015-06-30": "57.33%", "2015-03-31": "56.98%", "2014-12-31": "57.37%", "2014-09-30": "57.00%", "2014-06-30": "56.80%", "2014-03-31": "56.80%", "2013-12-31": "56.02%", "2013-09-30": "54.37%", "2013-06-30": "53.99%", "2013-03-31": "53.93%", "2012-12-31": "53.91%", "2012-09-30": "53.78%", "2012-06-30": "54.83%", "2012-03-31": "54.46%", "2011-12-31": "54.13%", "2011-09-30": "54.46%", "2011-06-30": "49.89%", "2011-03-31": "47.17%", "2010-12-31": "45.08%", "2010-09-30": "45.58%", "2010-06-30": "45.96%", "2010-03-31": "47.79%", "2009-12-31": "48.36%"}, "pre tax profit margin": {"2020-12-31": "19.28%", "2020-09-30": "20.46%", "2020-06-30": "20.53%", "2020-03-31": "21.02%", "2019-12-31": "20.10%", "2019-09-30": "21.34%", "2019-06-30": "21.19%", "2019-03-31": "20.81%", "2018-12-31": "20.61%", "2018-09-30": "18.88%", "2018-06-30": "18.26%", "2018-03-31": "17.92%", "2017-12-31": "14.98%", "2017-09-30": "16.95%", "2017-06-30": "19.60%", "2017-03-31": "27.45%", "2016-12-31": "43.61%", "2016-09-30": "44.70%", "2016-06-30": "48.32%", "2016-03-31": "48.55%", "2015-12-31": "48.80%", "2015-09-30": "50.85%", "2015-06-30": "49.75%", "2015-03-31": "49.34%", "2014-12-31": "50.24%", "2014-09-30": "50.25%", "2014-06-30": "50.09%", "2014-03-31": "50.51%", "2013-12-31": "49.56%", "2013-09-30": "48.31%", "2013-06-30": "47.83%", "2013-03-31": "47.75%", "2012-12-31": "47.46%", "2012-09-30": "47.01%", "2012-06-30": "48.26%", "2012-03-31": "47.52%", "2011-12-31": "47.24%", "2011-09-30": "47.13%", "2011-06-30": "42.40%", "2011-03-31": "40.00%", "2010-12-31": "37.76%", "2010-09-30": "39.00%", "2010-06-30": "39.26%", "2010-03-31": "40.79%", "2009-12-31": "41.55%"}, "net profit margin": {"2020-12-31": "13.62%", "2020-09-30": "14.61%", "2020-06-30": "15.05%", "2020-03-31": "15.48%", "2019-12-31": "14.98%", "2019-09-30": "16.09%", "2019-06-30": "15.89%", "2019-03-31": "15.38%", "2018-12-31": "15.20%", "2018-09-30": "20.39%", "2018-06-30": "19.19%", "2018-03-31": "18.82%", "2017-12-31": "17.81%", "2017-09-30": "10.39%", "2017-06-30": "12.31%", "2017-03-31": "16.99%", "2016-12-31": "26.28%", "2016-09-30": "27.22%", "2016-06-30": "30.31%", "2016-03-31": "30.49%", "2015-12-31": "30.72%", "2015-09-30": "31.47%", "2015-06-30": "30.31%", "2015-03-31": "30.23%", "2014-12-31": "30.63%", "2014-09-30": "31.37%", "2014-06-30": "30.81%", "2014-03-31": "30.78%", "2013-12-31": "30.37%", "2013-09-30": "29.77%", "2013-06-30": "30.98%", "2013-03-31": "30.71%", "2012-12-31": "30.27%", "2012-09-30": "29.28%", "2012-06-30": "27.61%", "2012-03-31": "27.33%", "2011-12-31": "26.97%", "2011-09-30": "27.13%", "2011-06-30": "24.84%", "2011-03-31": "23.48%", "2010-12-31": "22.65%", "2010-09-30": "23.36%", "2010-06-30": "23.56%", "2010-03-31": "24.48%", "2009-12-31": "24.88%"}, "pe ratio": {"current": "17.45", "2018-09-14": "21.75", "2018-09-30": "21.75", "2018-06-30": "22.75", "2018-03-31": "25.61", "2017-12-31": "34.81", "2017-09-30": "57.89", "2017-06-30": "49.84", "2017-03-31": "43.60", "2016-12-31": "31.93", "2016-09-30": "27.21", "2016-06-30": "24.58", "2016-03-31": "24.76", "2015-12-31": "25.51", "2015-09-30": "26.60", "2015-06-30": "25.09", "2015-03-31": "25.55", "2014-12-31": "27.36", "2014-09-30": "23.66", "2014-06-30": "22.72", "2014-03-31": "25.79", "2013-12-31": "24.54", "2013-09-30": "21.86", "2013-06-30": "21.88", "2013-03-31": "18.00", "2012-12-31": "15.18", "2012-09-30": "15.57", "2012-06-30": "15.22", "2012-03-31": "16.36", "2011-12-31": "14.92", "2011-09-30": "14.44", "2011-06-30": "17.38", "2011-03-31": "22.00"}, "price sales": {"2018-09-14": "4.38", "2018-09-30": "4.38", "2018-06-30": "4.31", "2018-03-31": "4.77", "2017-12-31": "5.95", "2017-09-30": "6.14", "2017-06-30": "6.45", "2017-03-31": "7.66", "2016-12-31": "8.40", "2016-09-30": "7.44", "2016-06-30": "7.46", "2016-03-31": "7.58", "2015-12-31": "7.87", "2015-09-30": "8.40", "2015-06-30": "7.64", "2015-03-31": "7.76", "2014-12-31": "8.40", "2014-09-30": "7.39", "2014-06-30": "6.96", "2014-03-31": "7.92", "2013-12-31": "7.46", "2013-09-30": "6.55", "2013-06-30": "6.82", "2013-03-31": "5.56", "2012-12-31": "4.61", "2012-09-30": "4.59", "2012-06-30": "4.21", "2012-03-31": "4.44", "2011-12-31": "4.02", "2011-09-30": "3.87", "2011-06-30": "4.30", "2011-03-31": "5.16"}, "price book": {"current": "2.97", "2018-09-14": "3.69", "2018-09-30": "3.69", "2018-06-30": "3.69", "2018-03-31": "4.02", "2017-12-31": "4.48", "2017-09-30": "4.20", "2017-06-30": "3.61", "2017-03-31": "3.26", "2016-12-31": "18.53", "2016-09-30": "17.79", "2016-06-30": "19.84", "2016-03-31": "20.85", "2015-12-31": "19.84", "2015-09-30": "20.55", "2015-06-30": "20.06", "2015-03-31": "18.86", "2014-12-31": "20.34", "2014-09-30": "17.55", "2014-06-30": "15.11", "2014-03-31": "16.05", "2013-12-31": "14.89", "2013-09-30": "11.27", "2013-06-30": "12.20", "2013-03-31": "10.81", "2012-12-31": "9.86", "2012-09-30": "8.29", "2012-06-30": "8.91", "2012-03-31": "9.49", "2011-12-31": "8.52", "2011-09-30": "7.82", "2011-06-30": "8.51", "2011-03-31": "11.13", "2010-12-31": "10.10", "2010-09-30": "3.94", "2010-06-30": "6.70"}, "price fcf": {"2018-09-14": "", "2018-09-30": "$4.28", "2018-06-30": "$4.77", "2018-03-31": "$4.79", "2017-12-31": "$3.13", "2017-09-30": "$1.94", "2017-06-30": "$2.53", "2017-03-31": "$0.92", "2016-12-31": "$2.28", "2016-09-30": "$2.15", "2016-06-30": "$2.52", "2016-03-31": "$2.72", "2015-12-31": "$2.48", "2015-09-30": "$2.81", "2015-06-30": "$2.46", "2015-03-31": "$2.45", "2014-12-31": "$2.49", "2014-09-30": "$2.19", "2014-06-30": "$2.14", "2014-03-31": "$2.10", "2013-12-31": "$2.24", "2013-09-30": "$2.38", "2013-06-30": "$2.37", "2013-03-31": "$2.34", "2012-12-31": "$1.95", "2012-09-30": "$1.68", "2012-06-30": "$1.88", "2012-03-31": "$1.77", "2011-12-31": "$1.93", "2011-09-30": "$2.04", "2011-06-30": "$1.33", "2011-03-31": "$1.95"}, "net worth": {"value": "$9.95B"}, "current ratio": {"2020-12-31": "1.19", "2020-09-30": "1.23", "2020-06-30": "1.57", "2020-03-31": "1.77", "2019-12-31": "2.16", "2019-09-30": "2.46", "2019-06-30": "2.02", "2019-03-31": "1.34", "2018-12-31": "1.15", "2018-09-30": "0.91", "2018-06-30": "0.86", "2018-03-31": "1.33", "2017-12-31": "1.30", "2017-09-30": "1.57", "2017-06-30": "1.38", "2017-03-31": "1.75", "2016-12-31": "2.62", "2016-09-30": "2.55", "2016-06-30": "2.27", "2016-03-31": "2.22", "2015-12-31": "2.76", "2015-09-30": "2.83", "2015-06-30": "2.69", "2015-03-31": "2.96", "2014-12-31": "3.31", "2014-09-30": "3.26", "2014-06-30": "3.53", "2014-03-31": "3.71", "2013-12-31": "2.87", "2013-09-30": "4.72", "2013-06-30": "4.22", "2013-03-31": "3.21", "2012-12-31": "3.89", "2012-09-30": "4.25", "2012-06-30": "3.16", "2012-03-31": "2.60", "2011-12-31": "3.63", "2011-09-30": "3.18", "2011-06-30": "2.91", "2011-03-31": "2.09", "2010-12-31": "2.25", "2010-09-30": "7.07", "2010-06-30": "4.86", "2010-03-31": "1.24", "2009-12-31": "1.21", "2009-09-30": "0.00", "2009-06-30": "0.00", "2009-03-31": "0.00", "2008-12-31": "0.00"}, "quick ratio": {"2020-12-31": "0.00", "2020-09-30": "0.00", "2020-06-30": "0.00", "2020-03-31": "0.00", "2019-12-31": "0.00", "2019-09-30": "0.00", "2019-06-30": "0.00", "2019-03-31": "0.00", "2018-12-31": "0.00", "2018-09-30": "0.00", "2018-06-30": "0.00", "2018-03-31": "0.00", "2017-12-31": "0.00", "2017-09-30": "0.00", "2017-06-30": "0.00", "2017-03-31": "0.00", "2016-12-31": "0.00", "2016-09-30": "0.00", "2016-06-30": "0.00", "2016-03-31": "0.00", "2015-12-31": "0.00", "2015-09-30": "0.00", "2015-06-30": "0.00", "2015-03-31": "0.00", "2014-12-31": "0.00", "2014-09-30": "0.00", "2014-06-30": "0.00", "2014-03-31": "0.00", "2013-12-31": "0.00", "2013-09-30": "0.00", "2013-06-30": "0.00", "2013-03-31": "0.00", "2012-12-31": "0.00", "2012-09-30": "0.00", "2012-06-30": "0.00", "2012-03-31": "0.00", "2011-12-31": "0.00", "2011-09-30": "0.00", "2011-06-30": "0.00", "2011-03-31": "0.00", "2010-12-31": "0.00", "2010-09-30": "0.00", "2010-06-30": "0.00", "2010-03-31": "0.00", "2009-12-31": "0.00", "2009-09-30": "0.00", "2009-06-30": "0.00", "2009-03-31": "0.00", "2008-12-31": "0.00"}, "debt equity ratio": {"current": "0.34", "2020-12-31": "0.95", "2020-09-30": "0.82", "2020-06-30": "0.63", "2020-03-31": "0.58", "2019-12-31": "0.52", "2019-09-30": "0.51", "2019-06-30": "0.55", "2019-03-31": "0.62", "2018-12-31": "0.64", "2018-09-30": "0.62", "2018-06-30": "0.69", "2018-03-31": "0.68", "2017-12-31": "0.69", "2017-09-30": "0.82", "2017-06-30": "0.92", "2017-03-31": "0.95", "2016-12-31": "0.50", "2016-09-30": "0.52", "2016-06-30": "0.53", "2016-03-31": "0.59", "2015-12-31": "0.48", "2015-09-30": "0.53", "2015-06-30": "0.60", "2015-03-31": "0.54", "2014-12-31": "0.54", "2014-09-30": "0.50", "2014-06-30": "0.46", "2014-03-31": "0.44", "2013-12-31": "0.55", "2013-09-30": "0.36", "2013-06-30": "0.39", "2013-03-31": "0.49", "2012-12-31": "0.42", "2012-09-30": "0.37", "2012-06-30": "0.43", "2012-03-31": "0.53", "2011-12-31": "0.39", "2011-09-30": "0.40", "2011-06-30": "0.41", "2011-03-31": "0.58", "2010-12-31": "0.45", "2010-09-30": "0.18", "2010-06-30": "0.23", "2010-03-31": "2.00", "2009-12-31": "2.04", "2009-09-30": "0.00", "2009-06-30": "0.00", "2009-03-31": "0.00", "2008-12-31": "0.00"}, "return on equity": {"2020-12-31": "14.06%", "2020-09-30": "13.99%", "2020-06-30": "13.88%", "2020-03-31": "13.09%", "2019-12-31": "11.25%", "2019-09-30": "12.93%", "2019-06-30": "12.46%", "2019-03-31": "12.44%", "2018-12-31": "13.24%", "2018-09-30": "17.13%", "2018-06-30": "16.70%", "2018-03-31": "16.66%", "2017-12-31": "13.75%", "2017-09-30": "8.54%", "2017-06-30": "10.83%", "2017-03-31": "16.69%", "2016-12-31": "65.95%", "2016-09-30": "71.43%", "2016-06-30": "83.95%", "2016-03-31": "84.82%", "2015-12-31": "82.34%", "2015-09-30": "82.77%", "2015-06-30": "76.19%", "2015-03-31": "72.58%", "2014-12-31": "72.28%", "2014-09-30": "68.83%", "2014-06-30": "61.67%", "2014-03-31": "59.98%", "2013-12-31": "58.24%", "2013-09-30": "58.14%", "2013-06-30": "62.18%", "2013-03-31": "63.69%", "2012-12-31": "62.88%", "2012-09-30": "59.82%", "2012-06-30": "60.02%", "2012-03-31": "58.72%", "2011-12-31": "60.09%", "2011-09-30": "64.32%", "2011-06-30": "43.98%", "2011-03-31": "34.50%", "2010-12-31": "31.43%", "2010-09-30": "32.39%", "2010-06-30": "49.57%", "2010-03-31": "105.26%", "2009-12-31": "225.53%"}, "return on assets": {"2020-12-31": "8.05%", "2020-09-30": "8.53%", "2020-06-30": "8.89%", "2020-03-31": "8.49%", "2019-12-31": "7.25%", "2019-09-30": "8.18%", "2019-06-30": "7.74%", "2019-03-31": "7.57%", "2018-12-31": "7.99%", "2018-09-30": "10.25%", "2018-06-30": "9.73%", "2018-03-31": "9.41%", "2017-12-31": "7.48%", "2017-09-30": "4.55%", "2017-06-30": "5.73%", "2017-03-31": "9.06%", "2016-12-31": "43.02%", "2016-09-30": "46.68%", "2016-06-30": "54.80%", "2016-03-31": "54.84%", "2015-12-31": "53.68%", "2015-09-30": "53.46%", "2015-06-30": "49.43%", "2015-03-31": "48.12%", "2014-12-31": "48.77%", "2014-09-30": "46.27%", "2014-06-30": "42.57%", "2014-03-31": "41.95%", "2013-12-31": "40.39%", "2013-09-30": "41.23%", "2013-06-30": "43.93%", "2013-03-31": "44.60%", "2012-12-31": "43.85%", "2012-09-30": "41.91%", "2012-06-30": "41.75%", "2012-03-31": "41.04%", "2011-12-31": "41.74%", "2011-09-30": "44.23%", "2011-06-30": "32.56%", "2011-03-31": "26.50%", "2010-12-31": "20.39%", "2010-09-30": "18.23%", "2010-06-30": "23.60%", "2010-03-31": "34.85%", "2009-12-31": "74.13%"}, "return on investments": {"2020-12-31": "15.55%", "2020-09-30": "15.38%", "2020-06-30": "15.59%", "2020-03-31": "14.63%", "2019-12-31": "12.74%", "2019-09-30": "14.17%", "2019-06-30": "13.77%", "2019-03-31": "14.02%", "2018-12-31": "14.37%", "2018-09-30": "12.61%", "2018-06-30": "12.36%", "2018-03-31": "11.98%", "2017-12-31": "8.75%", "2017-09-30": "10.69%", "2017-06-30": "13.48%", "2017-03-31": "23.16%", "2016-12-31": "inf%", "2016-09-30": "inf%", "2016-06-30": "inf%", "2016-03-31": "inf%", "2015-12-31": "inf%", "2015-09-30": "inf%", "2015-06-30": "inf%", "2015-03-31": "inf%", "2014-12-31": "inf%", "2014-09-30": "inf%", "2014-06-30": "inf%", "2014-03-31": "inf%", "2013-12-31": "inf%", "2013-09-30": "inf%", "2013-06-30": "inf%", "2013-03-31": "inf%", "2012-12-31": "inf%", "2012-09-30": "inf%", "2012-06-30": "inf%", "2012-03-31": "inf%", "2011-12-31": "inf%", "2011-09-30": "inf%", "2011-06-30": "inf%", "2011-03-31": "inf%", "2010-12-31": "inf%", "2010-09-30": "inf%", "2010-06-30": "inf%", "2010-03-31": "inf%", "2009-12-31": "inf%"}, "return on tangible equity": {"2020-09-30": "-48.01%", "2020-06-30": "-48.65%", "2020-03-31": "-45.65%", "2019-12-31": "-37.86%", "2019-09-30": "-40.51%", "2019-06-30": "-35.32%", "2019-03-31": "-32.23%", "2018-12-31": "-31.95%", "2018-09-30": "-38.51%", "2018-06-30": "-34.02%", "2018-03-31": "-30.62%", "2017-12-31": "-22.61%", "2017-09-30": "-14.27%", "2017-06-30": "-20.30%", "2017-03-31": "-47.26%", "2016-12-31": "92.27%", "2016-09-30": "106.74%", "2016-06-30": "122.08%", "2016-03-31": "119.04%", "2015-12-31": "109.83%", "2015-09-30": "109.14%", "2015-06-30": "99.06%", "2015-03-31": "92.74%", "2014-12-31": "90.43%", "2014-09-30": "84.45%", "2014-06-30": "73.74%", "2014-03-31": "70.57%", "2013-12-31": "68.30%", "2013-09-30": "68.44%", "2013-06-30": "73.71%", "2013-03-31": "76.55%", "2012-12-31": "76.26%", "2012-09-30": "72.50%", "2012-06-30": "73.24%", "2012-03-31": "71.78%", "2011-12-31": "73.95%", "2011-09-30": "80.83%", "2011-06-30": "52.37%", "2011-03-31": "39.74%", "2010-12-31": "36.03%", "2010-09-30": "36.88%", "2010-06-30": "57.79%", "2010-03-31": "130.84%", "2009-12-31": "284.56%"}, "dividend yield history": {"last payout": "$1.68", "last yield": "1.82%"}}