{"ticker": "CBRE", "price": {"title": "CBRE Historical Annual Stock Price Data", "value": 67.42, "historical": {"2020": {"Average Stock Price": "50.1189", "Year Open": "61.4800", "Year High": "66.7500", "Year Low": "29.8300", "Year Close": "62.7200", "Annual % Change": "2.33%"}, "2019": {"Average Stock Price": "51.2110", "Year Open": "39.9300", "Year High": "61.2900", "Year Low": "37.8900", "Year Close": "61.2900", "Annual % Change": "53.07%"}, "2018": {"Average Stock Price": "45.4784", "Year Open": "43.8200", "Year High": "49.9800", "Year Low": "37.6400", "Year Close": "40.0400", "Annual % Change": "-7.55%"}, "2017": {"Average Stock Price": "36.6287", "Year Open": "31.5700", "Year High": "44.2000", "Year Low": "30.0400", "Year Close": "43.3100", "Annual % Change": "37.54%"}, "2016": {"Average Stock Price": "28.5709", "Year Open": "34.0900", "Year High": "34.3900", "Year Low": "23.3200", "Year Close": "31.4900", "Annual % Change": "-8.94%"}, "2015": {"Average Stock Price": "35.7988", "Year Open": "34.6700", "Year High": "38.9200", "Year Low": "30.9300", "Year Close": "34.5800", "Annual % Change": "0.96%"}, "2014": {"Average Stock Price": "29.8535", "Year Open": "26.3400", "Year High": "35.0600", "Year Low": "25.4700", "Year Close": "34.2500", "Annual % Change": "30.23%"}, "2013": {"Average Stock Price": "23.4546", "Year Open": "20.3600", "Year High": "26.3100", "Year Low": "20.1600", "Year Close": "26.3000", "Annual % Change": "32.16%"}, "2012": {"Average Stock Price": "17.9588", "Year Open": "16.0300", "Year High": "20.8600", "Year Low": "15.1000", "Year Close": "19.9000", "Annual % Change": "30.75%"}, "2011": {"Average Stock Price": "20.9729", "Year Open": "21.0100", "Year High": "29.7000", "Year Low": "12.7800", "Year Close": "15.2200", "Annual % Change": "-25.68%"}, "2010": {"Average Stock Price": "16.3884", "Year Open": "13.8200", "Year High": "21.3100", "Year Low": "12.1600", "Year Close": "20.4800", "Annual % Change": "50.92%"}, "2009": {"Average Stock Price": "8.5331", "Year Open": "4.4800", "Year High": "14.0400", "Year Low": "2.3600", "Year Close": "13.5700", "Annual % Change": "214.12%"}, "2008": {"Average Stock Price": "15.4169", "Year Open": "21.3800", "Year High": "24.0100", "Year Low": "3.2200", "Year Close": "4.3200", "Annual % Change": "-79.95%"}, "2007": {"Average Stock Price": "31.6242", "Year Open": "33.6500", "Year High": "41.4400", "Year Low": "18.3800", "Year Close": "21.5500", "Annual % Change": "-35.09%"}, "2006": {"Average Stock Price": "25.5733", "Year Open": "20.0967", "Year High": "33.8300", "Year Low": "20.0967", "Year Close": "33.2000", "Annual % Change": "69.24%"}, "2005": {"Average Stock Price": "14.2382", "Year Open": "10.9833", "Year High": "19.8167", "Year Low": "10.6067", "Year Close": "19.6167", "Annual % Change": "75.41%"}, "2004": {"Average Stock Price": "7.7409", "Year Open": "6.1167", "Year High": "11.3033", "Year Low": "6.0667", "Year Close": "11.1833", "Annual % Change": "0.00%"}}}, "market cap": {"value": "$22.62B"}, "income statement": {"Revenue": {"2019-12-31": "23894.09000", "2018-12-31": "21340.09000", "2017-12-31": "18628.79000", "2016-12-31": "17369.11000", "2015-12-31": "10855.81000", "2014-12-31": "9049.91800", "2013-12-31": "7184.79400", "2012-12-31": "6514.09900", "2011-12-31": "5905.41100", "2010-12-31": "5115.31600", "2009-12-31": "4165.82000", "2008-12-31": "5128.81700", "2007-12-31": "6034.24900", "2006-12-31": "4032.02700", "2005-12-31": "3194.02600"}, "Cost Of Goods Sold": {"2019-12-31": "18689.01000", "2018-12-31": "16449.21000", "2017-12-31": "14305.10000", "2016-12-31": "13420.91000", "2015-12-31": "7082.93200", "2014-12-31": "5611.26200", "2013-12-31": "4189.38900", "2012-12-31": "3742.51400", "2011-12-31": "3457.13000", "2010-12-31": "2960.17000", "2009-12-31": "2447.88500", "2008-12-31": "2926.72100", "2007-12-31": "3200.71800", "2006-12-31": "2110.51200", "2005-12-31": "1753.47200"}, "Gross Profit": {"2019-12-31": "5205.07800", "2018-12-31": "4890.87500", "2017-12-31": "4323.68800", "2016-12-31": "3948.19600", "2015-12-31": "3772.87700", "2014-12-31": "3438.65600", "2013-12-31": "2995.40500", "2012-12-31": "2771.58500", "2011-12-31": "2448.28100", "2010-12-31": "2155.14600", "2009-12-31": "1717.93500", "2008-12-31": "2202.09600", "2007-12-31": "2833.53100", "2006-12-31": "1921.51500", "2005-12-31": "1440.55400"}, "Research And Development Expenses": {"2019-12-31": "", "2018-12-31": "", "2017-12-31": "", "2016-12-31": "", "2015-12-31": "", "2014-12-31": "", "2013-12-31": "", "2012-12-31": "", "2011-12-31": "", "2010-12-31": "", "2009-12-31": "", "2008-12-31": "", "2007-12-31": "", "2006-12-31": "", "2005-12-31": ""}, "SG&A Expenses": {"2019-12-31": "3436.00900", "2018-12-31": "3365.77300", "2017-12-31": "2858.72000", "2016-12-31": "2780.30100", "2015-12-31": "2633.60900", "2014-12-31": "2438.96000", "2013-12-31": "2104.31000", "2012-12-31": "2002.91400", "2011-12-31": "1882.66600", "2010-12-31": "1607.68200", "2009-12-31": "1383.57900", "2008-12-31": "1747.08200", "2007-12-31": "1988.65800", "2006-12-31": "1303.78100", "2005-12-31": "1022.63200"}, "Other Operating Income Or Expenses": {"2019-12-31": "-69.97000", "2018-12-31": "14.87400", "2017-12-31": "19.82800", "2016-12-31": "15.86200", "2015-12-31": "10.77100", "2014-12-31": "57.65900", "2013-12-31": "-84.57700", "2012-12-31": "-13.94500", "2011-12-31": "12.96600", "2010-12-31": "7.29600", "2009-12-31": "6.95900", "2008-12-31": "18.74000", "2007-12-31": "24.29900", "2006-12-31": "", "2005-12-31": ""}, "Operating Expenses": {"2019-12-31": "22634.22000", "2018-12-31": "20252.10000", "2017-12-31": "17550.11000", "2016-12-31": "16552.28000", "2015-12-31": "10019.87000", "2014-12-31": "8257.66400", "2013-12-31": "6568.66700", "2012-12-31": "5929.01800", "2011-12-31": "5442.54900", "2010-12-31": "4668.93700", "2009-12-31": "3923.97800", "2008-12-31": "5917.28600", "2007-12-31": "5335.27800", "2006-12-31": "3481.88800", "2005-12-31": "2821.62000"}, "Operating Income": {"2019-12-31": "1259.87300", "2018-12-31": "1087.98600", "2017-12-31": "1078.68200", "2016-12-31": "816.83010", "2015-12-31": "835.94430", "2014-12-31": "792.25390", "2013-12-31": "616.12740", "2012-12-31": "585.08150", "2011-12-31": "462.86230", "2010-12-31": "446.37890", "2009-12-31": "241.84180", "2008-12-31": "-788.46880", "2007-12-31": "698.97070", "2006-12-31": "550.13920", "2005-12-31": "372.40580"}, "Total Non-Operating Income/Expense": {"2019-12-31": "101.47000", "2018-12-31": "291.01700", "2017-12-31": "92.65100", "2016-12-31": "65.23900", "2015-12-31": "43.78600", "2014-12-31": "-14.99200", "2013-12-31": "-107.14300", "2012-12-31": "-95.60300", "2011-12-31": "-33.32400", "2010-12-31": "-174.32200", "2009-12-31": "-242.48700", "2008-12-31": "-237.21000", "2007-12-31": "-106.58200", "2006-12-31": "-33.24200", "2005-12-31": "-16.18400"}, "Pre-Tax Income": {"2019-12-31": "1361.34500", "2018-12-31": "1379.00600", "2017-12-31": "1171.33300", "2016-12-31": "882.07000", "2015-12-31": "879.73000", "2014-12-31": "777.26200", "2013-12-31": "508.98500", "2012-12-31": "489.47800", "2011-12-31": "429.53800", "2010-12-31": "272.05700", "2009-12-31": "-0.64500", "2008-12-31": "-1025.67900", "2007-12-31": "592.38900", "2006-12-31": "516.89700", "2005-12-31": "356.22200"}, "Income Taxes": {"2019-12-31": "69.89500", "2018-12-31": "313.05800", "2017-12-31": "467.75700", "2016-12-31": "296.90000", "2015-12-31": "320.85300", "2014-12-31": "263.75900", "2013-12-31": "187.18700", "2012-12-31": "185.32200", "2011-12-31": "189.10300", "2010-12-31": "130.36800", "2009-12-31": "26.99300", "2008-12-31": "50.81000", "2007-12-31": "192.64300", "2006-12-31": "198.32600", "2005-12-31": "138.88100"}, "Income After Taxes": {"2019-12-31": "1291.45000", "2018-12-31": "1065.94800", "2017-12-31": "703.57600", "2016-12-31": "585.17000", "2015-12-31": "558.87700", "2014-12-31": "513.50310", "2013-12-31": "321.79800", "2012-12-31": "304.15600", "2011-12-31": "240.43500", "2010-12-31": "141.68900", "2009-12-31": "-27.63800", "2008-12-31": "-1076.48900", "2007-12-31": "399.74600", "2006-12-31": "318.57100", "2005-12-31": "217.34100"}, "Other Income": {"2019-12-31": "", "2018-12-31": "", "2017-12-31": "", "2016-12-31": "", "2015-12-31": "", "2014-12-31": "", "2013-12-31": "", "2012-12-31": "", "2011-12-31": "", "2010-12-31": "", "2009-12-31": "", "2008-12-31": "", "2007-12-31": "", "2006-12-31": "", "2005-12-31": ""}, "Income From Continuous Operations": {"2019-12-31": "1291.45000", "2018-12-31": "1065.94800", "2017-12-31": "703.57600", "2016-12-31": "585.17000", "2015-12-31": "558.87700", "2014-12-31": "513.50310", "2013-12-31": "321.79800", "2012-12-31": "304.15600", "2011-12-31": "240.43500", "2010-12-31": "141.68900", "2009-12-31": "-27.63800", "2008-12-31": "-1076.48900", "2007-12-31": "399.74600", "2006-12-31": "318.57100", "2005-12-31": "217.34100"}, "Income From Discontinued Operations": {"2019-12-31": "", "2018-12-31": "", "2017-12-31": "", "2016-12-31": "", "2015-12-31": "", "2014-12-31": "", "2013-12-31": "26.99700", "2012-12-31": "0.63100", "2011-12-31": "49.89000", "2010-12-31": "14.32000", "2009-12-31": "0.00000", "2008-12-31": "26.74800", "2007-12-31": "5.30800", "2006-12-31": "", "2005-12-31": ""}, "Net Income": {"2019-12-31": "1282.35700", "2018-12-31": "1063.21900", "2017-12-31": "697.10900", "2016-12-31": "573.07900", "2015-12-31": "547.13200", "2014-12-31": "484.50300", "2013-12-31": "316.53800", "2012-12-31": "315.55500", "2011-12-31": "239.16200", "2010-12-31": "200.34500", "2009-12-31": "33.34100", "2008-12-31": "-1012.06600", "2007-12-31": "390.50500", "2006-12-31": "318.57100", "2005-12-31": "217.34100"}, "EBITDA": {"2019-12-31": "1797.54600", "2018-12-31": "1575.14900", "2017-12-31": "1495.57900", "2016-12-31": "1194.69200", "2015-12-31": "1162.35100", "2014-12-31": "1070.51000", "2013-12-31": "943.87450", "2012-12-31": "785.33060", "2011-12-31": "587.24530", "2010-12-31": "584.35390", "2009-12-31": "379.69880", "2008-12-31": "485.50830", "2007-12-31": "820.62270", "2006-12-31": "637.82920", "2005-12-31": "424.52470"}, "EBIT": {"2019-12-31": "1259.87300", "2018-12-31": "1087.98600", "2017-12-31": "1078.68200", "2016-12-31": "816.83010", "2015-12-31": "835.94430", "2014-12-31": "792.25390", "2013-12-31": "616.12740", "2012-12-31": "585.08150", "2011-12-31": "462.86230", "2010-12-31": "446.37890", "2009-12-31": "241.84180", "2008-12-31": "-788.46880", "2007-12-31": "698.97070", "2006-12-31": "550.13920", "2005-12-31": "372.40580"}, "Basic Shares Outstanding": {"2019-12-31": "335.79600", "2018-12-31": "339.32100", "2017-12-31": "337.65800", "2016-12-31": "335.41500", "2015-12-31": "332.61600", "2014-12-31": "330.62000", "2013-12-31": "328.11000", "2012-12-31": "322.31600", "2011-12-31": "318.45400", "2010-12-31": "313.87300", "2009-12-31": "277.36200", "2008-12-31": "210.53900", "2007-12-31": "228.47700", "2006-12-31": "226.68500", "2005-12-31": "222.12900"}, "Shares Outstanding": {"2019-12-31": "340.52300", "2018-12-31": "343.12300", "2017-12-31": "340.78400", "2016-12-31": "338.42500", "2015-12-31": "336.41500", "2014-12-31": "334.17200", "2013-12-31": "331.76300", "2012-12-31": "327.04400", "2011-12-31": "323.72400", "2010-12-31": "319.01700", "2009-12-31": "279.99500", "2008-12-31": "210.53900", "2007-12-31": "234.97800", "2006-12-31": "235.11800", "2005-12-31": "229.85500"}, "Basic EPS": {"2019-12-31": "3.82000", "2018-12-31": "3.13000", "2017-12-31": "2.06000", "2016-12-31": "1.71000", "2015-12-31": "1.64000", "2014-12-31": "1.47000", "2013-12-31": "0.96000", "2012-12-31": "0.98000", "2011-12-31": "0.75000", "2010-12-31": "0.64000", "2009-12-31": "0.12000", "2008-12-31": "-4.81000", "2007-12-31": "1.71000", "2006-12-31": "1.41000", "2005-12-31": "0.98000"}, "EPS - Earnings Per Share": {"2019-12-31": "3.77000", "2018-12-31": "3.10000", "2017-12-31": "2.05000", "2016-12-31": "1.69000", "2015-12-31": "1.63000", "2014-12-31": "1.45000", "2013-12-31": "0.95000", "2012-12-31": "0.97000", "2011-12-31": "0.74000", "2010-12-31": "0.63000", "2009-12-31": "0.12000", "2008-12-31": "-4.81000", "2007-12-31": "1.66000", "2006-12-31": "1.35000", "2005-12-31": "0.95000"}}, "income statement, quarterly": {"Revenue": {"2020-09-30": "5645.14200", "2020-06-30": "5381.38400", "2020-03-31": "5889.16800", "2019-12-31": "7119.40700", "2019-09-30": "5925.10100", "2019-06-30": "5714.07300", "2019-03-31": "5135.51000", "2018-12-31": "6293.74700", "2018-09-30": "5260.95400", "2018-06-30": "5111.43400", "2018-03-31": "4673.95200", "2017-12-31": "5499.65500", "2017-09-30": "4638.59600", "2017-06-30": "4439.57100", "2017-03-31": "4050.96600", "2016-12-31": "8121.34900", "2016-09-30": "3193.48700", "2016-06-30": "3207.53700", "2016-03-31": "2846.73400", "2015-12-31": "3700.24100", "2015-09-30": "2712.55900", "2015-06-30": "2390.50600", "2015-03-31": "2052.50300", "2014-12-31": "2787.19400", "2014-09-30": "2275.07600", "2014-06-30": "2126.80600", "2014-03-31": "1860.84200", "2013-12-31": "2233.85100", "2013-09-30": "1733.86600", "2013-06-30": "1742.01400", "2013-03-31": "1475.06300", "2012-12-31": "2005.84600", "2012-09-30": "1557.14700", "2012-06-30": "1601.11700", "2012-03-31": "1349.98900", "2011-12-31": "1763.62500", "2011-09-30": "1534.46300", "2011-06-30": "1422.21800", "2011-03-31": "1185.10500", "2010-12-31": "1651.29600", "2010-09-30": "1266.21800", "2010-06-30": "1171.91900", "2010-03-31": "1025.88300", "2009-12-31": "1296.49900", "2009-09-30": "1023.20500", "2009-06-30": "955.66700", "2009-03-31": "890.44900", "2008-12-31": "1283.28400", "2008-09-30": "1299.73500", "2008-06-30": "1314.87300", "2008-03-31": "1230.92500", "2007-12-31": "1837.11600", "2007-09-30": "1492.80900", "2007-06-30": "1490.36300", "2007-03-31": "1213.96100", "2006-12-31": "1409.27000", "2006-09-30": "967.94100", "2006-06-30": "903.54400", "2006-03-31": "751.27200", "2005-12-31": "1239.39900", "2005-09-30": "744.19800", "2005-06-30": "672.16300", "2005-03-31": "538.26600"}, "Cost Of Goods Sold": {"2020-09-30": "4564.57900", "2020-06-30": "4399.53700", "2020-03-31": "4712.67400", "2019-12-31": "5533.85400", "2019-09-30": "4687.33600", "2019-06-30": "4445.79000", "2019-03-31": "4022.03400", "2018-12-31": "4771.60000", "2018-09-30": "4098.90400", "2018-06-30": "3958.74800", "2018-03-31": "3619.96100", "2017-12-31": "4150.80200", "2017-09-30": "3598.27900", "2017-06-30": "3409.54000", "2017-03-31": "3146.47700", "2016-12-31": "6900.28100", "2016-09-30": "2252.78300", "2016-06-30": "2254.23300", "2016-03-31": "2013.61300", "2015-12-31": "2530.52100", "2015-09-30": "1773.66000", "2015-06-30": "1487.97400", "2015-03-31": "1290.77700", "2014-12-31": "1706.34300", "2014-09-30": "1428.98600", "2014-06-30": "1314.47300", "2014-03-31": "1161.46000", "2013-12-31": "1276.99800", "2013-09-30": "1032.34800", "2013-06-30": "1018.82700", "2013-03-31": "861.21600", "2012-12-31": "1131.57000", "2012-09-30": "915.24500", "2012-06-30": "908.14300", "2012-03-31": "787.55600", "2011-12-31": "1008.94600", "2011-09-30": "894.60700", "2011-06-30": "839.82200", "2011-03-31": "713.75500", "2010-12-31": "930.86890", "2010-09-30": "735.39300", "2010-06-30": "678.71400", "2010-03-31": "615.19400", "2009-12-31": "721.16500", "2009-09-30": "606.47000", "2009-06-30": "566.83100", "2009-03-31": "553.41900", "2008-12-31": "729.70780", "2008-09-30": "755.36200", "2008-06-30": "737.20500", "2008-03-31": "704.44600", "2007-12-31": "967.58800", "2007-09-30": "791.85200", "2007-06-30": "791.60500", "2007-03-31": "649.67300", "2006-12-31": "698.01490", "2006-09-30": "521.05900", "2006-06-30": "479.81200", "2006-03-31": "411.62600", "2005-12-31": "765.79200", "2005-09-30": "380.94300", "2005-06-30": "338.69100", "2005-03-31": "268.04600"}, "Gross Profit": {"2020-09-30": "1080.56300", "2020-06-30": "981.84670", "2020-03-31": "1176.49400", "2019-12-31": "1585.55400", "2019-09-30": "1237.76500", "2019-06-30": "1268.28300", "2019-03-31": "1113.47600", "2018-12-31": "1522.14700", "2018-09-30": "1162.05000", "2018-06-30": "1152.68600", "2018-03-31": "1053.99100", "2017-12-31": "1348.85300", "2017-09-30": "1040.31700", "2017-06-30": "1030.03100", "2017-03-31": "904.48900", "2016-12-31": "1221.06800", "2016-09-30": "940.70410", "2016-06-30": "953.30420", "2016-03-31": "833.12080", "2015-12-31": "1169.72000", "2015-09-30": "938.89900", "2015-06-30": "902.53210", "2015-03-31": "761.72600", "2014-12-31": "1080.85100", "2014-09-30": "846.09000", "2014-06-30": "812.33290", "2014-03-31": "699.38210", "2013-12-31": "956.85280", "2013-09-30": "701.51790", "2013-06-30": "723.18700", "2013-03-31": "613.84700", "2012-12-31": "874.27620", "2012-09-30": "641.90200", "2012-06-30": "692.97390", "2012-03-31": "562.43300", "2011-12-31": "754.67930", "2011-09-30": "639.85600", "2011-06-30": "582.39600", "2011-03-31": "471.35000", "2010-12-31": "720.42700", "2010-09-30": "530.82500", "2010-06-30": "493.20500", "2010-03-31": "410.68910", "2009-12-31": "575.33380", "2009-09-30": "416.73500", "2009-06-30": "388.83600", "2009-03-31": "337.03000", "2008-12-31": "553.57610", "2008-09-30": "544.37300", "2008-06-30": "577.66800", "2008-03-31": "526.47910", "2007-12-31": "869.52780", "2007-09-30": "700.95700", "2007-06-30": "698.75810", "2007-03-31": "564.28810", "2006-12-31": "711.25540", "2006-09-30": "446.88200", "2006-06-30": "423.73200", "2006-03-31": "339.64600", "2005-12-31": "473.60680", "2005-09-30": "363.25500", "2005-06-30": "333.47200", "2005-03-31": "270.22000"}, "Research And Development Expenses": {"2020-09-30": "", "2020-06-30": "", "2020-03-31": "", "2019-12-31": "", "2019-09-30": "", "2019-06-30": "", "2019-03-31": "", "2018-12-31": "", "2018-09-30": "", "2018-06-30": "", "2018-03-31": "", "2017-12-31": "", "2017-09-30": "", "2017-06-30": "", "2017-03-31": "", "2016-12-31": "", "2016-09-30": "", "2016-06-30": "", "2016-03-31": "", "2015-12-31": "", "2015-09-30": "", "2015-06-30": "", "2015-03-31": "", "2014-12-31": "", "2014-09-30": "", "2014-06-30": "", "2014-03-31": "", "2013-12-31": "", "2013-09-30": "", "2013-06-30": "", "2013-03-31": "", "2012-12-31": "", "2012-09-30": "", "2012-06-30": "", "2012-03-31": "", "2011-12-31": "", "2011-09-30": "", "2011-06-30": "", "2011-03-31": "", "2010-12-31": "", "2010-09-30": "", "2010-06-30": "", "2010-03-31": "", "2009-12-31": "", "2009-09-30": "", "2009-06-30": "", "2009-03-31": "", "2008-12-31": "", "2008-09-30": "", "2008-06-30": "", "2008-03-31": "", "2007-12-31": "", "2007-09-30": "", "2007-06-30": "", "2007-03-31": "", "2006-12-31": "", "2006-09-30": "", "2006-06-30": "", "2006-03-31": "", "2005-12-31": "", "2005-09-30": "", "2005-06-30": "", "2005-03-31": ""}, "SG&A Expenses": {"2020-09-30": "794.22700", "2020-06-30": "770.80600", "2020-03-31": "790.06600", "2019-12-31": "956.15210", "2019-09-30": "809.58400", "2019-06-30": "877.39700", "2019-03-31": "792.87600", "2018-12-31": "948.17100", "2018-09-30": "859.08500", "2018-06-30": "826.28200", "2018-03-31": "732.23500", "2017-12-31": "834.52910", "2017-09-30": "704.95000", "2017-06-30": "712.61500", "2017-03-31": "606.62600", "2016-12-31": "769.96300", "2016-09-30": "686.53000", "2016-06-30": "680.44200", "2016-03-31": "643.36600", "2015-12-31": "864.77090", "2015-09-30": "626.90500", "2015-06-30": "610.15800", "2015-03-31": "531.77500", "2014-12-31": "743.33690", "2014-09-30": "601.02600", "2014-06-30": "566.20200", "2014-03-31": "528.39500", "2013-12-31": "638.69600", "2013-09-30": "496.61500", "2013-06-30": "499.45800", "2013-03-31": "469.54100", "2012-12-31": "597.45310", "2012-09-30": "482.36200", "2012-06-30": "482.37700", "2012-03-31": "440.72200", "2011-12-31": "603.64710", "2011-09-30": "469.13800", "2011-06-30": "432.85600", "2011-03-31": "377.02500", "2010-12-31": "522.12800", "2010-09-30": "374.81500", "2010-06-30": "372.03300", "2010-03-31": "338.70600", "2009-12-31": "410.68700", "2009-09-30": "338.06200", "2009-06-30": "328.67100", "2009-03-31": "306.15900", "2008-12-31": "425.54600", "2008-09-30": "420.35200", "2008-06-30": "468.83900", "2008-03-31": "432.34500", "2007-12-31": "638.59190", "2007-09-30": "468.37500", "2007-06-30": "469.75400", "2007-03-31": "411.93700", "2006-12-31": "461.90000", "2006-09-30": "293.12200", "2006-06-30": "283.59800", "2006-03-31": "265.16100", "2005-12-31": "301.97500", "2005-09-30": "255.70600", "2005-06-30": "241.73000", "2005-03-31": "223.22100"}, "Other Operating Income Or Expenses": {"2020-09-30": "52.79700", "2020-06-30": "-0.49200", "2020-03-31": "-52.34400", "2019-12-31": "-0.19900", "2019-09-30": "0.00900", "2019-06-30": "0.01000", "2019-03-31": "-69.79000", "2018-12-31": "2.30900", "2018-09-30": "0.23600", "2018-06-30": "12.31100", "2018-03-31": "0.01800", "2017-12-31": "0.96500", "2017-09-30": "6.18000", "2017-06-30": "11.29800", "2017-03-31": "1.38500", "2016-12-31": "0.00000", "2016-09-30": "11.04300", "2016-06-30": "0.00000", "2016-03-31": "4.81900", "2015-12-31": "0.63100", "2015-09-30": "3.15400", "2015-06-30": "6.98600", "2015-03-31": "", "2014-12-31": "20.55700", "2014-09-30": "7.23500", "2014-06-30": "23.17000", "2014-03-31": "6.69700", "2013-12-31": "-95.96200", "2013-09-30": "0.74000", "2013-06-30": "7.49600", "2013-03-31": "3.14900", "2012-12-31": "0.65000", "2012-09-30": "-15.84300", "2012-06-30": "0.43900", "2012-03-31": "0.80900", "2011-12-31": "1.37200", "2011-09-30": "3.59500", "2011-06-30": "6.02700", "2011-03-31": "1.97200", "2010-12-31": "3.49900", "2010-09-30": "0.17400", "2010-06-30": "3.62300", "2010-03-31": "", "2009-12-31": "1.26800", "2009-09-30": "2.76600", "2009-06-30": "2.92500", "2009-03-31": "", "2008-12-31": "4.93200", "2008-09-30": "9.76600", "2008-06-30": "4.04200", "2008-03-31": "", "2007-12-31": "8.22400", "2007-09-30": "16.07500", "2007-06-30": "", "2007-03-31": "", "2006-12-31": "", "2006-09-30": "", "2006-06-30": "", "2006-03-31": "", "2005-12-31": "", "2005-09-30": "", "2005-06-30": "", "2005-03-31": ""}, "Operating Expenses": {"2020-09-30": "5433.73400", "2020-06-30": "5287.21900", "2020-03-31": "5668.87800", "2019-12-31": "6605.56900", "2019-09-30": "5608.47100", "2019-06-30": "5429.65600", "2019-03-31": "4990.52300", "2018-12-31": "5834.40500", "2018-09-30": "5071.23700", "2018-06-30": "4886.11800", "2018-03-31": "4460.34300", "2017-12-31": "5093.46700", "2017-09-30": "4399.64000", "2017-06-30": "4211.24300", "2017-03-31": "3845.75500", "2016-12-31": "7767.18600", "2016-09-30": "3020.99500", "2016-06-30": "3024.94300", "2016-03-31": "2739.15400", "2015-12-31": "3493.25800", "2015-09-30": "2472.45800", "2015-06-30": "2161.75100", "2015-03-31": "1892.39800", "2014-12-31": "2498.56800", "2014-09-30": "2089.93600", "2014-06-30": "1920.80000", "2014-03-31": "1748.36100", "2013-12-31": "2064.64000", "2013-09-30": "1575.74700", "2013-06-30": "1554.39000", "2013-03-31": "1373.88900", "2012-12-31": "1773.12300", "2012-09-30": "1453.55200", "2012-06-30": "1428.41700", "2012-03-31": "1273.92600", "2011-12-31": "1647.06900", "2011-09-30": "1391.45800", "2011-06-30": "1292.03600", "2011-03-31": "1111.98600", "2010-12-31": "1478.36300", "2010-09-30": "1135.63900", "2010-06-30": "1074.74000", "2010-03-31": "980.19490", "2009-12-31": "1156.05400", "2009-09-30": "966.21100", "2009-06-30": "916.74300", "2009-03-31": "884.97000", "2008-12-31": "2338.30900", "2008-09-30": "1191.36000", "2008-06-30": "1227.02400", "2008-03-31": "1160.59300", "2007-12-31": "1645.14300", "2007-09-30": "1277.55500", "2007-06-30": "1291.74700", "2007-03-31": "1120.83300", "2006-12-31": "1185.43300", "2006-09-30": "829.07310", "2006-06-30": "775.66500", "2006-03-31": "691.71700", "2005-12-31": "1080.43000", "2005-09-30": "648.31400", "2005-06-30": "591.23900", "2005-03-31": "501.63700"}, "Operating Income": {"2020-09-30": "211.40770", "2020-06-30": "94.16460", "2020-03-31": "220.29000", "2019-12-31": "513.83840", "2019-09-30": "316.62990", "2019-06-30": "284.41700", "2019-03-31": "144.98680", "2018-12-31": "459.34180", "2018-09-30": "189.71730", "2018-06-30": "225.31640", "2018-03-31": "213.60940", "2017-12-31": "406.18850", "2017-09-30": "238.95610", "2017-06-30": "228.32760", "2017-03-31": "205.21090", "2016-12-31": "354.16310", "2016-09-30": "172.49190", "2016-06-30": "182.59420", "2016-03-31": "107.58010", "2015-12-31": "206.98290", "2015-09-30": "240.10110", "2015-06-30": "228.75510", "2015-03-31": "160.10500", "2014-12-31": "288.62620", "2014-09-30": "185.14010", "2014-06-30": "206.00590", "2014-03-31": "112.48110", "2013-12-31": "169.21020", "2013-09-30": "158.11890", "2013-06-30": "187.62400", "2013-03-31": "101.17410", "2012-12-31": "232.72350", "2012-09-30": "103.59500", "2012-06-30": "172.70000", "2012-03-31": "76.06290", "2011-12-31": "116.55650", "2011-09-30": "143.00500", "2011-06-30": "130.18200", "2011-03-31": "73.11900", "2010-12-31": "172.93300", "2010-09-30": "130.57900", "2010-06-30": "97.17900", "2010-03-31": "45.68810", "2009-12-31": "140.44460", "2009-09-30": "56.99400", "2009-06-30": "38.92400", "2009-03-31": "5.47890", "2008-12-31": "-1055.02500", "2008-09-30": "108.37500", "2008-06-30": "87.84910", "2008-03-31": "70.33200", "2007-12-31": "191.97280", "2007-09-30": "215.25390", "2007-06-30": "198.61610", "2007-03-31": "93.12810", "2006-12-31": "223.83740", "2006-09-30": "138.86790", "2006-06-30": "127.87900", "2006-03-31": "59.55490", "2005-12-31": "158.96860", "2005-09-30": "95.88400", "2005-06-30": "80.92400", "2005-03-31": "36.62900"}, "Total Non-Operating Income/Expense": {"2020-09-30": "22.49400", "2020-06-30": "6.75000", "2020-03-31": "4.42200", "2019-12-31": "25.32000", "2019-09-30": "4.89100", "2019-06-30": "1.54200", "2019-03-31": "69.71700", "2018-12-31": "36.76800", "2018-09-30": "196.93500", "2018-06-30": "74.63400", "2018-03-31": "-17.32000", "2017-12-31": "22.30200", "2017-09-30": "38.24800", "2017-06-30": "44.56700", "2017-03-31": "-12.46600", "2016-12-31": "43.38900", "2016-09-30": "-10.22500", "2016-06-30": "4.89000", "2016-03-31": "27.18500", "2015-12-31": "90.22200", "2015-09-30": "-17.24400", "2015-06-30": "-19.12800", "2015-03-31": "-10.06400", "2014-12-31": "9.48400", "2014-09-30": "-6.14300", "2014-06-30": "-11.69600", "2014-03-31": "-6.63700", "2013-12-31": "12.86800", "2013-09-30": "-7.82700", "2013-06-30": "-70.68000", "2013-03-31": "-41.50400", "2012-12-31": "6.15200", "2012-09-30": "-38.73000", "2012-06-30": "-42.32100", "2012-03-31": "-20.70400", "2011-12-31": "33.47500", "2011-09-30": "-35.68200", "2011-06-30": "-15.24600", "2011-03-31": "-15.87100", "2010-12-31": "-42.20700", "2010-09-30": "-44.61000", "2010-06-30": "-32.92900", "2010-03-31": "-54.57600", "2009-12-31": "-63.47900", "2009-09-30": "-59.13900", "2009-06-30": "-47.92400", "2009-03-31": "-71.94500", "2008-12-31": "-93.93300", "2008-09-30": "-41.29800", "2008-06-30": "-53.43800", "2008-03-31": "-48.54100", "2007-12-31": "10.84500", "2007-09-30": "-36.15200", "2007-06-30": "-10.12100", "2007-03-31": "-71.15400", "2006-12-31": "-8.54400", "2006-09-30": "3.24600", "2006-06-30": "-25.78300", "2006-03-31": "-2.16100", "2005-12-31": "4.45000", "2005-09-30": "-10.42300", "2005-06-30": "2.63100", "2005-03-31": "-12.84200"}, "Pre-Tax Income": {"2020-09-30": "233.90200", "2020-06-30": "100.91500", "2020-03-31": "224.71200", "2019-12-31": "539.16100", "2019-09-30": "321.52100", "2019-06-30": "285.95900", "2019-03-31": "214.70400", "2018-12-31": "496.11500", "2018-09-30": "386.65200", "2018-06-30": "299.95000", "2018-03-31": "196.28900", "2017-12-31": "428.48900", "2017-09-30": "277.20400", "2017-06-30": "272.89500", "2017-03-31": "192.74500", "2016-12-31": "397.55400", "2016-09-30": "162.26700", "2016-06-30": "187.48400", "2016-03-31": "134.76500", "2015-12-31": "297.20500", "2015-09-30": "222.85700", "2015-06-30": "209.62700", "2015-03-31": "150.04100", "2014-12-31": "298.11100", "2014-09-30": "178.99700", "2014-06-30": "194.31000", "2014-03-31": "105.84400", "2013-12-31": "182.07900", "2013-09-30": "150.29200", "2013-06-30": "116.94400", "2013-03-31": "59.67000", "2012-12-31": "238.87500", "2012-09-30": "64.86500", "2012-06-30": "130.37900", "2012-03-31": "55.35900", "2011-12-31": "150.03100", "2011-09-30": "107.32300", "2011-06-30": "114.93600", "2011-03-31": "57.24800", "2010-12-31": "130.72600", "2010-09-30": "85.96900", "2010-06-30": "64.25000", "2010-03-31": "-8.88800", "2009-12-31": "76.96600", "2009-09-30": "-2.14500", "2009-06-30": "-9.00000", "2009-03-31": "-66.46600", "2008-12-31": "-1148.95800", "2008-09-30": "67.07700", "2008-06-30": "34.41100", "2008-03-31": "21.79100", "2007-12-31": "202.81800", "2007-09-30": "179.10200", "2007-06-30": "188.49500", "2007-03-31": "21.97400", "2006-12-31": "215.29300", "2006-09-30": "142.11400", "2006-06-30": "102.09600", "2006-03-31": "57.39400", "2005-12-31": "163.41900", "2005-09-30": "85.46100", "2005-06-30": "83.55500", "2005-03-31": "23.78700"}, "Income Taxes": {"2020-09-30": "49.06200", "2020-06-30": "18.80300", "2020-03-31": "51.18200", "2019-12-31": "-99.97200", "2019-09-30": "63.46800", "2019-06-30": "62.52100", "2019-03-31": "43.87800", "2018-12-31": "101.61200", "2018-09-30": "94.96300", "2018-06-30": "70.31900", "2018-03-31": "46.16400", "2017-12-31": "266.97900", "2017-09-30": "77.07200", "2017-06-30": "69.88700", "2017-03-31": "53.81900", "2016-12-31": "131.32200", "2016-09-30": "51.41400", "2016-06-30": "64.03900", "2016-03-31": "50.12500", "2015-12-31": "114.61000", "2015-09-30": "72.86600", "2015-06-30": "76.47400", "2015-03-31": "56.90300", "2014-12-31": "92.44100", "2014-09-30": "69.30500", "2014-06-30": "64.11100", "2014-03-31": "37.90200", "2013-12-31": "66.24200", "2013-09-30": "56.12600", "2013-06-30": "45.81500", "2013-03-31": "19.00400", "2012-12-31": "82.96900", "2012-09-30": "22.16000", "2012-06-30": "54.78000", "2012-03-31": "25.41300", "2011-12-31": "72.07100", "2011-09-30": "47.29000", "2011-06-30": "46.33600", "2011-03-31": "23.40600", "2010-12-31": "58.29000", "2010-09-30": "38.07500", "2010-06-30": "26.70400", "2010-03-31": "7.29900", "2009-12-31": "25.83600", "2009-09-30": "8.49800", "2009-06-30": "4.70600", "2009-03-31": "-12.04700", "2008-12-31": "-13.68300", "2008-09-30": "37.70100", "2008-06-30": "20.33000", "2008-03-31": "6.46200", "2007-12-31": "71.13100", "2007-09-30": "64.15500", "2007-06-30": "47.36000", "2007-03-31": "9.99700", "2006-12-31": "90.19500", "2006-09-30": "49.80500", "2006-06-30": "37.84200", "2006-03-31": "20.48400", "2005-12-31": "68.00700", "2005-09-30": "28.52500", "2005-06-30": "33.13400", "2005-03-31": "9.21500"}, "Income After Taxes": {"2020-09-30": "184.84000", "2020-06-30": "82.11200", "2020-03-31": "173.53000", "2019-12-31": "639.13300", "2019-09-30": "258.05300", "2019-06-30": "223.43800", "2019-03-31": "170.82600", "2018-12-31": "394.50290", "2018-09-30": "291.68900", "2018-06-30": "229.63100", "2018-03-31": "150.12500", "2017-12-31": "161.51000", "2017-09-30": "200.13200", "2017-06-30": "203.00800", "2017-03-31": "138.92600", "2016-12-31": "266.23210", "2016-09-30": "110.85300", "2016-06-30": "123.44500", "2016-03-31": "84.64000", "2015-12-31": "182.59500", "2015-09-30": "149.99100", "2015-06-30": "133.15300", "2015-03-31": "93.13800", "2014-12-31": "205.67010", "2014-09-30": "109.69200", "2014-06-30": "130.19900", "2014-03-31": "67.94200", "2013-12-31": "115.83700", "2013-09-30": "94.16600", "2013-06-30": "71.12900", "2013-03-31": "40.66600", "2012-12-31": "155.90600", "2012-09-30": "42.70500", "2012-06-30": "75.59900", "2012-03-31": "29.94600", "2011-12-31": "77.96000", "2011-09-30": "60.03300", "2011-06-30": "68.60000", "2011-03-31": "33.84200", "2010-12-31": "72.43600", "2010-09-30": "47.89400", "2010-06-30": "37.54600", "2010-03-31": "-16.18700", "2009-12-31": "51.13000", "2009-09-30": "-10.64300", "2009-06-30": "-13.70600", "2009-03-31": "-54.41900", "2008-12-31": "-1135.27500", "2008-09-30": "29.37600", "2008-06-30": "14.08100", "2008-03-31": "15.32900", "2007-12-31": "131.68700", "2007-09-30": "114.94700", "2007-06-30": "141.13500", "2007-03-31": "11.97700", "2006-12-31": "125.09800", "2006-09-30": "92.30900", "2006-06-30": "64.25400", "2006-03-31": "36.91000", "2005-12-31": "95.41200", "2005-09-30": "56.93600", "2005-06-30": "50.42100", "2005-03-31": "14.57200"}, "Other Income": {"2020-09-30": "", "2020-06-30": "", "2020-03-31": "", "2019-12-31": "", "2019-09-30": "", "2019-06-30": "", "2019-03-31": "", "2018-12-31": "", "2018-09-30": "", "2018-06-30": "", "2018-03-31": "", "2017-12-31": "", "2017-09-30": "", "2017-06-30": "", "2017-03-31": "", "2016-12-31": "", "2016-09-30": "", "2016-06-30": "", "2016-03-31": "", "2015-12-31": "", "2015-09-30": "", "2015-06-30": "", "2015-03-31": "", "2014-12-31": "", "2014-09-30": "", "2014-06-30": "", "2014-03-31": "", "2013-12-31": "", "2013-09-30": "", "2013-06-30": "", "2013-03-31": "", "2012-12-31": "", "2012-09-30": "", "2012-06-30": "", "2012-03-31": "", "2011-12-31": "", "2011-09-30": "", "2011-06-30": "", "2011-03-31": "", "2010-12-31": "", "2010-09-30": "", "2010-06-30": "", "2010-03-31": "", "2009-12-31": "", "2009-09-30": "", "2009-06-30": "", "2009-03-31": "", "2008-12-31": "", "2008-09-30": "", "2008-06-30": "", "2008-03-31": "", "2007-12-31": "", "2007-09-30": "", "2007-06-30": "", "2007-03-31": "", "2006-12-31": "", "2006-09-30": "", "2006-06-30": "", "2006-03-31": "", "2005-12-31": "", "2005-09-30": "", "2005-06-30": "", "2005-03-31": ""}, "Income From Continuous Operations": {"2020-09-30": "184.84000", "2020-06-30": "82.11200", "2020-03-31": "173.53000", "2019-12-31": "639.13300", "2019-09-30": "258.05300", "2019-06-30": "223.43800", "2019-03-31": "170.82600", "2018-12-31": "394.50290", "2018-09-30": "291.68900", "2018-06-30": "229.63100", "2018-03-31": "150.12500", "2017-12-31": "161.51000", "2017-09-30": "200.13200", "2017-06-30": "203.00800", "2017-03-31": "138.92600", "2016-12-31": "266.23210", "2016-09-30": "110.85300", "2016-06-30": "123.44500", "2016-03-31": "84.64000", "2015-12-31": "182.59500", "2015-09-30": "149.99100", "2015-06-30": "133.15300", "2015-03-31": "93.13800", "2014-12-31": "205.67010", "2014-09-30": "109.69200", "2014-06-30": "130.19900", "2014-03-31": "67.94200", "2013-12-31": "115.83700", "2013-09-30": "94.16600", "2013-06-30": "71.12900", "2013-03-31": "40.66600", "2012-12-31": "155.90600", "2012-09-30": "42.70500", "2012-06-30": "75.59900", "2012-03-31": "29.94600", "2011-12-31": "77.96000", "2011-09-30": "60.03300", "2011-06-30": "68.60000", "2011-03-31": "33.84200", "2010-12-31": "72.43600", "2010-09-30": "47.89400", "2010-06-30": "37.54600", "2010-03-31": "-16.18700", "2009-12-31": "51.13000", "2009-09-30": "-10.64300", "2009-06-30": "-13.70600", "2009-03-31": "-54.41900", "2008-12-31": "-1135.27500", "2008-09-30": "29.37600", "2008-06-30": "14.08100", "2008-03-31": "15.32900", "2007-12-31": "131.68700", "2007-09-30": "114.94700", "2007-06-30": "141.13500", "2007-03-31": "11.97700", "2006-12-31": "125.09800", "2006-09-30": "92.30900", "2006-06-30": "64.25400", "2006-03-31": "36.91000", "2005-12-31": "95.41200", "2005-09-30": "56.93600", "2005-06-30": "50.42100", "2005-03-31": "14.57200"}, "Income From Discontinued Operations": {"2020-09-30": "", "2020-06-30": "", "2020-03-31": "", "2019-12-31": "", "2019-09-30": "", "2019-06-30": "", "2019-03-31": "", "2018-12-31": "", "2018-09-30": "", "2018-06-30": "", "2018-03-31": "", "2017-12-31": "", "2017-09-30": "", "2017-06-30": "", "2017-03-31": "", "2016-12-31": "", "2016-09-30": "", "2016-06-30": "", "2016-03-31": "", "2015-12-31": "", "2015-09-30": "", "2015-06-30": "", "2015-03-31": "", "2014-12-31": "", "2014-09-30": "", "2014-06-30": "", "2014-03-31": "", "2013-12-31": "2.70300", "2013-09-30": "0.00000", "2013-06-30": "3.10500", "2013-03-31": "21.18900", "2012-12-31": "", "2012-09-30": "", "2012-06-30": "", "2012-03-31": "0.00000", "2011-12-31": "32.97900", "2011-09-30": "", "2011-06-30": "6.26700", "2011-03-31": "10.64400", "2010-12-31": "-0.64100", "2010-09-30": "7.82100", "2010-06-30": "7.14000", "2010-03-31": "", "2009-12-31": "", "2009-09-30": "", "2009-06-30": "", "2009-03-31": "", "2008-12-31": "", "2008-09-30": "26.74800", "2008-06-30": "", "2008-03-31": "", "2007-12-31": "", "2007-09-30": "", "2007-06-30": "", "2007-03-31": "", "2006-12-31": "", "2006-09-30": "", "2006-06-30": "", "2006-03-31": "", "2005-12-31": "", "2005-09-30": "", "2005-06-30": "", "2005-03-31": ""}, "Net Income": {"2020-09-30": "184.13200", "2020-06-30": "81.89700", "2020-03-31": "172.19500", "2019-12-31": "637.61800", "2019-09-30": "256.59900", "2019-06-30": "223.73100", "2019-03-31": "164.40900", "2018-12-31": "393.79500", "2018-09-30": "290.46900", "2018-06-30": "228.66700", "2018-03-31": "150.28800", "2017-12-31": "159.22400", "2017-09-30": "199.08800", "2017-06-30": "201.77700", "2017-03-31": "137.02000", "2016-12-31": "265.08100", "2016-09-30": "104.16300", "2016-06-30": "121.66800", "2016-03-31": "82.16700", "2015-12-31": "180.04300", "2015-09-30": "149.12300", "2015-06-30": "125.02900", "2015-03-31": "92.93700", "2014-12-31": "204.27700", "2014-09-30": "107.09900", "2014-06-30": "105.46400", "2014-03-31": "67.66300", "2013-12-31": "114.64600", "2013-09-30": "94.44400", "2013-06-30": "69.90200", "2013-03-31": "37.54600", "2012-12-31": "172.99800", "2012-09-30": "39.70900", "2012-06-30": "75.87300", "2012-03-31": "26.97500", "2011-12-31": "79.76300", "2011-09-30": "63.80700", "2011-06-30": "61.22300", "2011-03-31": "34.36900", "2010-12-31": "95.14400", "2010-09-30": "57.03800", "2010-06-30": "54.79000", "2010-03-31": "-6.62700", "2009-12-31": "64.29000", "2009-09-30": "12.37700", "2009-06-30": "-6.63700", "2009-03-31": "-36.68900", "2008-12-31": "-1089.45600", "2008-09-30": "40.37300", "2008-06-30": "16.56300", "2008-03-31": "20.45400", "2007-12-31": "122.44600", "2007-09-30": "114.94700", "2007-06-30": "141.13500", "2007-03-31": "11.97700", "2006-12-31": "125.09800", "2006-09-30": "92.30900", "2006-06-30": "64.25400", "2006-03-31": "36.91000", "2005-12-31": "95.41200", "2005-09-30": "56.93600", "2005-06-30": "50.42100", "2005-03-31": "14.57200"}, "EBITDA": {"2020-09-30": "340.68270", "2020-06-30": "287.30050", "2020-03-31": "335.58500", "2019-12-31": "631.41640", "2019-09-30": "429.68090", "2019-06-30": "481.46300", "2019-03-31": "254.98480", "2018-12-31": "578.05180", "2018-09-30": "304.96030", "2018-06-30": "340.62840", "2018-03-31": "351.50740", "2017-12-31": "518.70040", "2017-09-30": "344.00600", "2017-06-30": "331.18660", "2017-03-31": "301.68700", "2016-12-31": "453.73610", "2016-09-30": "268.31490", "2016-06-30": "275.41820", "2016-03-31": "197.22210", "2015-12-31": "308.18890", "2015-09-30": "317.58710", "2015-06-30": "301.67710", "2015-03-31": "234.89800", "2014-12-31": "360.05320", "2014-09-30": "259.82610", "2014-06-30": "271.12990", "2014-03-31": "179.50010", "2013-12-31": "322.18220", "2013-09-30": "207.41790", "2013-06-30": "250.95400", "2013-03-31": "163.32010", "2012-12-31": "281.11650", "2012-09-30": "165.28400", "2012-06-30": "214.06590", "2012-03-31": "124.86390", "2011-12-31": "155.40250", "2011-09-30": "176.21300", "2011-06-30": "157.29100", "2011-03-31": "98.33900", "2010-12-31": "222.88600", "2010-09-30": "159.19700", "2010-06-30": "127.47100", "2010-03-31": "74.80010", "2009-12-31": "168.44860", "2009-09-30": "83.82800", "2009-06-30": "64.88100", "2009-03-31": "62.54090", "2008-12-31": "135.54610", "2008-09-30": "136.10400", "2008-06-30": "115.07410", "2008-03-31": "98.78400", "2007-12-31": "224.55180", "2007-09-30": "245.70390", "2007-06-30": "228.07710", "2007-03-31": "122.29010", "2006-12-31": "253.45140", "2006-09-30": "154.25990", "2006-06-30": "154.36700", "2006-03-31": "75.75090", "2005-12-31": "172.89660", "2005-09-30": "108.96600", "2005-06-30": "93.42300", "2005-03-31": "49.23900"}, "EBIT": {"2020-09-30": "211.40770", "2020-06-30": "94.16460", "2020-03-31": "220.29000", "2019-12-31": "513.83940", "2019-09-30": "316.62990", "2019-06-30": "284.41700", "2019-03-31": "144.98680", "2018-12-31": "459.34330", "2018-09-30": "189.71730", "2018-06-30": "225.31640", "2018-03-31": "213.60940", "2017-12-31": "406.18700", "2017-09-30": "238.95610", "2017-06-30": "228.32760", "2017-03-31": "205.21090", "2016-12-31": "354.16380", "2016-09-30": "172.49190", "2016-06-30": "182.59420", "2016-03-31": "107.58010", "2015-12-31": "206.98320", "2015-09-30": "240.10110", "2015-06-30": "228.75510", "2015-03-31": "160.10500", "2014-12-31": "288.62680", "2014-09-30": "185.14010", "2014-06-30": "206.00590", "2014-03-31": "112.48110", "2013-12-31": "169.21040", "2013-09-30": "158.11890", "2013-06-30": "187.62400", "2013-03-31": "101.17410", "2012-12-31": "232.72380", "2012-09-30": "103.59500", "2012-06-30": "172.70000", "2012-03-31": "76.06290", "2011-12-31": "116.55630", "2011-09-30": "143.00500", "2011-06-30": "130.18200", "2011-03-31": "73.11900", "2010-12-31": "172.93290", "2010-09-30": "130.57900", "2010-06-30": "97.17900", "2010-03-31": "45.68810", "2009-12-31": "140.44480", "2009-09-30": "56.99400", "2009-06-30": "38.92400", "2009-03-31": "5.47890", "2008-12-31": "-1055.02500", "2008-09-30": "108.37500", "2008-06-30": "87.84910", "2008-03-31": "70.33200", "2007-12-31": "191.97270", "2007-09-30": "215.25390", "2007-06-30": "198.61610", "2007-03-31": "93.12810", "2006-12-31": "223.83730", "2006-09-30": "138.86790", "2006-06-30": "127.87900", "2006-03-31": "59.55490", "2005-12-31": "158.96870", "2005-09-30": "95.88400", "2005-06-30": "80.92400", "2005-03-31": "36.62900"}, "Basic Shares Outstanding": {"2020-09-30": "335.28700", "2020-06-30": "335.12600", "2020-03-31": "334.97000", "2019-12-31": "335.79600", "2019-09-30": "336.20400", "2019-06-30": "336.22200", "2019-03-31": "336.02000", "2018-12-31": "339.32100", "2018-09-30": "339.47700", "2018-06-30": "339.08200", "2018-03-31": "338.89000", "2017-12-31": "337.65800", "2017-09-30": "337.94800", "2017-06-30": "336.97500", "2017-03-31": "336.90800", "2016-12-31": "335.41500", "2016-09-30": "335.77000", "2016-06-30": "335.07700", "2016-03-31": "333.99300", "2015-12-31": "332.61600", "2015-09-30": "332.68400", "2015-06-30": "332.00000", "2015-03-31": "331.97700", "2014-12-31": "330.62000", "2014-09-30": "330.41900", "2014-06-30": "330.13300", "2014-03-31": "330.03500", "2013-12-31": "328.11000", "2013-09-30": "328.30800", "2013-06-30": "327.42400", "2013-03-31": "326.75900", "2012-12-31": "322.31600", "2012-09-30": "322.33200", "2012-06-30": "320.85200", "2012-03-31": "320.67100", "2011-12-31": "318.45400", "2011-09-30": "318.86700", "2011-06-30": "317.69800", "2011-03-31": "316.56300", "2010-12-31": "313.87300", "2010-09-30": "313.79200", "2010-06-30": "312.91100", "2010-03-31": "312.88000", "2009-12-31": "277.36200", "2009-09-30": "282.73280", "2009-06-30": "265.68300", "2009-03-31": "261.99900", "2008-12-31": "210.53900", "2008-09-30": "203.68000", "2008-06-30": "203.43500", "2008-03-31": "203.11100", "2007-12-31": "228.47700", "2007-09-30": "230.99800", "2007-06-30": "230.54300", "2007-03-31": "229.66300", "2006-12-31": "226.68500", "2006-09-30": "226.75000", "2006-06-30": "225.96500", "2006-03-31": "225.55900", "2005-12-31": "222.12900", "2005-09-30": "222.53200", "2005-06-30": "221.35600", "2005-03-31": "220.59900"}, "Shares Outstanding": {"2020-09-30": "337.66600", "2020-06-30": "337.36100", "2020-03-31": "339.73800", "2019-12-31": "340.52300", "2019-09-30": "341.10000", "2019-06-30": "340.50900", "2019-03-31": "340.15800", "2018-12-31": "343.12300", "2018-09-30": "343.73400", "2018-06-30": "343.47200", "2018-03-31": "342.59000", "2017-12-31": "340.78400", "2017-09-30": "341.18600", "2017-06-30": "340.88300", "2017-03-31": "339.69100", "2016-12-31": "338.42500", "2016-09-30": "338.48900", "2016-06-30": "338.08100", "2016-03-31": "337.50600", "2015-12-31": "336.41500", "2015-09-30": "336.56200", "2015-06-30": "336.15500", "2015-03-31": "335.69900", "2014-12-31": "334.17200", "2014-09-30": "334.29300", "2014-06-30": "333.91900", "2014-03-31": "333.35000", "2013-12-31": "331.76300", "2013-09-30": "332.06100", "2013-06-30": "331.63100", "2013-03-31": "330.80300", "2012-12-31": "327.04400", "2012-09-30": "327.30900", "2012-06-30": "326.08200", "2012-03-31": "325.73900", "2011-12-31": "323.72400", "2011-09-30": "323.71500", "2011-06-30": "324.09300", "2011-03-31": "322.92100", "2010-12-31": "319.01700", "2010-09-30": "319.35300", "2010-06-30": "318.42500", "2010-03-31": "312.88000", "2009-12-31": "279.99500", "2009-09-30": "285.92360", "2009-06-30": "265.68300", "2009-03-31": "261.99900", "2008-12-31": "210.53900", "2008-09-30": "207.70600", "2008-06-30": "208.38900", "2008-03-31": "207.73100", "2007-12-31": "234.97800", "2007-09-30": "237.45100", "2007-06-30": "237.47600", "2007-03-31": "236.93200", "2006-12-31": "235.11800", "2006-09-30": "233.94400", "2006-06-30": "233.65600", "2006-03-31": "232.94900", "2005-12-31": "229.85500", "2005-09-30": "230.33200", "2005-06-30": "229.09800", "2005-03-31": "228.55500"}, "Basic EPS": {"2020-09-30": "0.55000", "2020-06-30": "0.24000", "2020-03-31": "0.51000", "2019-12-31": "1.90000", "2019-09-30": "0.76000", "2019-06-30": "0.67000", "2019-03-31": "0.49000", "2018-12-31": "1.16000", "2018-09-30": "0.86000", "2018-06-30": "0.67000", "2018-03-31": "0.44000", "2017-12-31": "0.46000", "2017-09-30": "0.59000", "2017-06-30": "0.60000", "2017-03-31": "0.41000", "2016-12-31": "0.79000", "2016-09-30": "0.31000", "2016-06-30": "0.36000", "2016-03-31": "0.25000", "2015-12-31": "0.53000", "2015-09-30": "0.45000", "2015-06-30": "0.38000", "2015-03-31": "0.28000", "2014-12-31": "0.62000", "2014-09-30": "0.32000", "2014-06-30": "0.32000", "2014-03-31": "0.21000", "2013-12-31": "0.35000", "2013-09-30": "0.29000", "2013-06-30": "0.21000", "2013-03-31": "0.11000", "2012-12-31": "0.54000", "2012-09-30": "0.12000", "2012-06-30": "0.24000", "2012-03-31": "0.08000", "2011-12-31": "0.25000", "2011-09-30": "0.20000", "2011-06-30": "0.19000", "2011-03-31": "0.11000", "2010-12-31": "0.31000", "2010-09-30": "0.18000", "2010-06-30": "0.17000", "2010-03-31": "-0.02000", "2009-12-31": "0.24000", "2009-09-30": "0.04000", "2009-06-30": "-0.02000", "2009-03-31": "-0.14000", "2008-12-31": "-5.19000", "2008-09-30": "0.20000", "2008-06-30": "0.08000", "2008-03-31": "0.10000", "2007-12-31": "0.55000", "2007-09-30": "0.50000", "2007-06-30": "0.61000", "2007-03-31": "0.05000", "2006-12-31": "0.56000", "2006-09-30": "0.41000", "2006-06-30": "0.28000", "2006-03-31": "0.16000", "2005-12-31": "0.42330", "2005-09-30": "0.26000", "2005-06-30": "0.23000", "2005-03-31": "0.06670"}, "EPS - Earnings Per Share": {"2020-09-30": "0.55000", "2020-06-30": "0.24000", "2020-03-31": "0.51000", "2019-12-31": "1.88000", "2019-09-30": "0.75000", "2019-06-30": "0.66000", "2019-03-31": "0.48000", "2018-12-31": "1.14000", "2018-09-30": "0.85000", "2018-06-30": "0.67000", "2018-03-31": "0.44000", "2017-12-31": "0.48000", "2017-09-30": "0.58000", "2017-06-30": "0.59000", "2017-03-31": "0.40000", "2016-12-31": "0.78000", "2016-09-30": "0.31000", "2016-06-30": "0.36000", "2016-03-31": "0.24000", "2015-12-31": "0.54000", "2015-09-30": "0.44000", "2015-06-30": "0.37000", "2015-03-31": "0.28000", "2014-12-31": "0.61000", "2014-09-30": "0.32000", "2014-06-30": "0.32000", "2014-03-31": "0.20000", "2013-12-31": "0.35000", "2013-09-30": "0.28000", "2013-06-30": "0.21000", "2013-03-31": "0.11000", "2012-12-31": "0.54000", "2012-09-30": "0.12000", "2012-06-30": "0.23000", "2012-03-31": "0.08000", "2011-12-31": "0.24000", "2011-09-30": "0.20000", "2011-06-30": "0.19000", "2011-03-31": "0.11000", "2010-12-31": "0.30000", "2010-09-30": "0.18000", "2010-06-30": "0.17000", "2010-03-31": "-0.02000", "2009-12-31": "0.24000", "2009-09-30": "0.04000", "2009-06-30": "-0.02000", "2009-03-31": "-0.14000", "2008-12-31": "-5.18000", "2008-09-30": "0.19000", "2008-06-30": "0.08000", "2008-03-31": "0.10000", "2007-12-31": "0.54000", "2007-09-30": "0.48000", "2007-06-30": "0.59000", "2007-03-31": "0.05000", "2006-12-31": "0.53000", "2006-09-30": "0.39000", "2006-06-30": "0.27000", "2006-03-31": "0.16000", "2005-12-31": "0.41670", "2005-09-30": "0.25000", "2005-06-30": "0.22000", "2005-03-31": "0.06330"}}, "balance sheet": {"Cash On Hand": {"2019-12-31": "1093.74500", "2018-12-31": "863.94400", "2017-12-31": "824.81900", "2016-12-31": "831.41200", "2015-12-31": "613.16700", "2014-12-31": "768.97400", "2013-12-31": "611.50900", "2012-12-31": "1264.98300", "2011-12-31": "1314.59400", "2010-12-31": "561.84900", "2009-12-31": "789.21900", "2008-12-31": "195.38200", "2007-12-31": "388.52400", "2006-12-31": "813.28800", "2005-12-31": "454.46800"}, "Receivables": {"2019-12-31": "5553.64700", "2018-12-31": "5082.74300", "2017-12-31": "4089.95500", "2016-12-31": "3927.27500", "2015-12-31": "4298.17800", "2014-12-31": "2308.36300", "2013-12-31": "1868.03400", "2012-12-31": "2329.01000", "2011-12-31": "1855.43200", "2010-12-31": "1425.60000", "2009-12-31": "1253.99400", "2008-12-31": "1080.13300", "2007-12-31": "1337.43000", "2006-12-31": "984.80100", "2005-12-31": "739.13800"}, "Inventory": {"2019-12-31": "", "2018-12-31": "", "2017-12-31": "", "2016-12-31": "", "2015-12-31": "", "2014-12-31": "", "2013-12-31": "19.13300", "2012-12-31": "130.49900", "2011-12-31": "56.81800", "2010-12-31": "16.29500", "2009-12-31": "7.10900", "2008-12-31": "96.75600", "2007-12-31": "243.46600", "2006-12-31": "249.24900", "2005-12-31": ""}, "Pre-Paid Expenses": {"2019-12-31": "282.74100", "2018-12-31": "254.89200", "2017-12-31": "215.33600", "2016-12-31": "184.10700", "2015-12-31": "172.92200", "2014-12-31": "142.71900", "2013-12-31": "125.15100", "2012-12-31": "101.61700", "2011-12-31": "111.87900", "2010-12-31": "96.95100", "2009-12-31": "99.30900", "2008-12-31": "94.28200", "2007-12-31": "80.37900", "2006-12-31": "73.80400", "2005-12-31": "36.40200"}, "Other Current Assets": {"2019-12-31": "276.31900", "2018-12-31": "245.61100", "2017-12-31": "227.42100", "2016-12-31": "179.65600", "2015-12-31": "220.95600", "2014-12-31": "151.71300", "2013-12-31": "67.45200", "2012-12-31": "52.69500", "2011-12-31": "42.38500", "2010-12-31": "47.87100", "2009-12-31": "41.76400", "2008-12-31": "75.50600", "2007-12-31": "80.29700", "2006-12-31": "70.84600", "2005-12-31": "16.32700"}, "Total Current Assets": {"2019-12-31": "7534.46400", "2018-12-31": "6754.21000", "2017-12-31": "5630.58400", "2016-12-31": "5122.45000", "2015-12-31": "5305.22300", "2014-12-31": "3371.76900", "2013-12-31": "2879.81200", "2012-12-31": "4084.55000", "2011-12-31": "3550.04700", "2010-12-31": "2260.87000", "2009-12-31": "2266.72500", "2008-12-31": "1915.53300", "2007-12-31": "2325.56800", "2006-12-31": "2335.01200", "2005-12-31": "1284.96400"}, "Property, Plant, And Equipment": {"2019-12-31": "836.20600", "2018-12-31": "721.69200", "2017-12-31": "617.73900", "2016-12-31": "560.75600", "2015-12-31": "529.82300", "2014-12-31": "497.92600", "2013-12-31": "458.59600", "2012-12-31": "379.17600", "2011-12-31": "295.48800", "2010-12-31": "188.39700", "2009-12-31": "178.97500", "2008-12-31": "207.97600", "2007-12-31": "216.21400", "2006-12-31": "180.54600", "2005-12-31": "137.65500"}, "Long-Term Investments": {"2019-12-31": "426.71100", "2018-12-31": "216.17400", "2017-12-31": "238.00100", "2016-12-31": "232.23800", "2015-12-31": "217.94300", "2014-12-31": "218.28000", "2013-12-31": "255.49600", "2012-12-31": "263.91900", "2011-12-31": "201.43700", "2010-12-31": "170.90900", "2009-12-31": "167.61200", "2008-12-31": "174.52000", "2007-12-31": "267.20600", "2006-12-31": "255.74800", "2005-12-31": "112.81400"}, "Goodwill And Intangible Assets": {"2019-12-31": "5133.03900", "2018-12-31": "5093.61700", "2017-12-31": "4653.85200", "2016-12-31": "4392.43100", "2015-12-31": "4536.46600", "2014-12-31": "3136.18100", "2013-12-31": "3131.70200", "2012-12-31": "2676.39500", "2011-12-31": "2622.73200", "2010-12-31": "1656.65600", "2009-12-31": "1629.27600", "2008-12-31": "1563.27000", "2007-12-31": "2578.81400", "2006-12-31": "2629.42500", "2005-12-31": "989.71900"}, "Other Long-Term Assets": {"2019-12-31": "870.30190", "2018-12-31": "614.81100", "2017-12-31": "479.47400", "2016-12-31": "366.38800", "2015-12-31": "293.23600", "2014-12-31": "244.61900", "2013-12-31": "164.98700", "2012-12-31": "143.14100", "2011-12-31": "141.78900", "2010-12-31": "95.20200", "2009-12-31": "107.09000", "2008-12-31": "662.54200", "2007-12-31": "434.00600", "2006-12-31": "227.58900", "2005-12-31": "51.72300"}, "Total Long-Term Assets": {"2019-12-31": "8662.73100", "2018-12-31": "6702.58300", "2017-12-31": "6087.81200", "2016-12-31": "5657.13800", "2015-12-31": "5712.72000", "2014-12-31": "4196.24100", "2013-12-31": "4118.60200", "2012-12-31": "3724.99200", "2011-12-31": "3669.09600", "2010-12-31": "2860.69800", "2009-12-31": "2772.68100", "2008-12-31": "2810.88100", "2007-12-31": "3917.00500", "2006-12-31": "3609.61900", "2005-12-31": "1530.70800"}, "Total Assets": {"2019-12-31": "16197.20000", "2018-12-31": "13456.79000", "2017-12-31": "11718.40000", "2016-12-31": "10779.59000", "2015-12-31": "11017.94000", "2014-12-31": "7568.01000", "2013-12-31": "6998.41400", "2012-12-31": "7809.54200", "2011-12-31": "7219.14300", "2010-12-31": "5121.56800", "2009-12-31": "5039.40600", "2008-12-31": "4726.41400", "2007-12-31": "6242.57300", "2006-12-31": "5944.63100", "2005-12-31": "2815.67200"}, "Total Current Liabilities": {"2019-12-31": "6436.45100", "2018-12-31": "5803.38000", "2017-12-31": "4712.94400", "2016-12-31": "4525.42900", "2015-12-31": "4994.15700", "2014-12-31": "2928.76500", "2013-12-31": "2605.74000", "2012-12-31": "2972.29300", "2011-12-31": "2680.64800", "2010-12-31": "1956.76800", "2009-12-31": "1629.04100", "2008-12-31": "1872.84500", "2007-12-31": "2423.81100", "2006-12-31": "1954.66200", "2005-12-31": "1137.80300"}, "Long Term Debt": {"2019-12-31": "1761.24500", "2018-12-31": "1767.26000", "2017-12-31": "1999.60300", "2016-12-31": "2548.12600", "2015-12-31": "2645.11100", "2014-12-31": "1808.60500", "2013-12-31": "1866.89000", "2012-12-31": "2543.70700", "2011-12-31": "2611.18700", "2010-12-31": "1851.90100", "2009-12-31": "2372.30200", "2008-12-31": "2287.00100", "2007-12-31": "1996.22500", "2006-12-31": "2185.15000", "2005-12-31": "549.15600"}, "Other Non-Current Liabilities": {"2019-12-31": "634.03700", "2018-12-31": "768.82600", "2017-12-31": "684.01700", "2016-12-31": "578.06800", "2015-12-31": "519.24400", "2014-12-31": "486.64000", "2013-12-31": "360.98900", "2012-12-31": "356.24000", "2011-12-31": "300.31600", "2010-12-31": "207.09700", "2009-12-31": "188.82300", "2008-12-31": "201.04300", "2007-12-31": "257.95200", "2006-12-31": "181.28900", "2005-12-31": "114.13900"}, "Total Long Term Liabilities": {"2019-12-31": "3487.63300", "2018-12-31": "2643.51100", "2017-12-31": "2830.83800", "2016-12-31": "3196.91300", "2015-12-31": "3264.71600", "2014-12-31": "2337.84700", "2013-12-31": "2456.66800", "2012-12-31": "3155.43700", "2011-12-31": "3121.33200", "2010-12-31": "2099.00500", "2009-12-31": "2626.07000", "2008-12-31": "2507.84600", "2007-12-31": "2830.21900", "2006-12-31": "2808.32800", "2005-12-31": "884.18390"}, "Total Liabilities": {"2019-12-31": "9924.08400", "2018-12-31": "8446.89100", "2017-12-31": "7543.78200", "2016-12-31": "7722.34200", "2015-12-31": "8258.87300", "2014-12-31": "5266.61200", "2013-12-31": "5062.40800", "2012-12-31": "6127.73000", "2011-12-31": "5801.98000", "2010-12-31": "4055.77300", "2009-12-31": "4255.11100", "2008-12-31": "4380.69100", "2007-12-31": "5254.03000", "2006-12-31": "4762.99000", "2005-12-31": "2021.98700"}, "Common Stock Net": {"2019-12-31": "3.34800", "2018-12-31": "3.36900", "2017-12-31": "3.39500", "2016-12-31": "3.37300", "2015-12-31": "3.34200", "2014-12-31": "3.33000", "2013-12-31": "3.31900", "2012-12-31": "3.30100", "2011-12-31": "3.28000", "2010-12-31": "3.23600", "2009-12-31": "3.21800", "2008-12-31": "2.62300", "2007-12-31": "2.01600", "2006-12-31": "2.27500", "2005-12-31": "2.21400"}, "Retained Earnings (Accumulated Deficit)": {"2019-12-31": "5793.14900", "2018-12-31": "4504.68400", "2017-12-31": "3443.00700", "2016-12-31": "2656.90600", "2015-12-31": "2088.22700", "2014-12-31": "1541.09500", "2013-12-31": "1056.59200", "2012-12-31": "740.05400", "2011-12-31": "424.49900", "2010-12-31": "185.33700", "2009-12-31": "-15.00800", "2008-12-31": "-48.34900", "2007-12-31": "963.53000", "2006-12-31": "602.08600", "2005-12-31": "283.51500"}, "Comprehensive Income": {"2019-12-31": "-679.74800", "2018-12-31": "-718.26900", "2017-12-31": "-552.41400", "2016-12-31": "-791.01800", "2015-12-31": "-485.67500", "2014-12-31": "-324.02000", "2013-12-31": "-146.12300", "2012-12-31": "-165.04400", "2011-12-31": "-158.43900", "2010-12-31": "-94.60200", "2009-12-31": "-115.07700", "2008-12-31": "-125.41300", "2007-12-31": "-17.50200", "2006-12-31": "-33.06600", "2005-12-31": "-40.59500"}, "Other Share Holders Equity": {"2019-12-31": "", "2018-12-31": "", "2017-12-31": "", "2016-12-31": "", "2015-12-31": "", "2014-12-31": "", "2013-12-31": "", "2012-12-31": "", "2011-12-31": "", "2010-12-31": "", "2009-12-31": "", "2008-12-31": "", "2007-12-31": "", "2006-12-31": "", "2005-12-31": ""}, "Share Holder Equity": {"2019-12-31": "6273.11200", "2018-12-31": "5009.90200", "2017-12-31": "4174.61400", "2016-12-31": "3057.24500", "2015-12-31": "2759.07000", "2014-12-31": "2301.39800", "2013-12-31": "1936.00600", "2012-12-31": "1681.81200", "2011-12-31": "1417.16300", "2010-12-31": "1065.79500", "2009-12-31": "784.29500", "2008-12-31": "345.72300", "2007-12-31": "988.54300", "2006-12-31": "1181.64100", "2005-12-31": "793.68500"}, "Total Liabilities And Share Holders Equity": {"2019-12-31": "16197.20000", "2018-12-31": "13456.79000", "2017-12-31": "11718.40000", "2016-12-31": "10779.59000", "2015-12-31": "11017.94000", "2014-12-31": "7568.01000", "2013-12-31": "6998.41400", "2012-12-31": "7809.54200", "2011-12-31": "7219.14300", "2010-12-31": "5121.56800", "2009-12-31": "5039.40600", "2008-12-31": "4726.41400", "2007-12-31": "6242.57300", "2006-12-31": "5944.63100", "2005-12-31": "2815.67200"}}, "balance sheet, quarterly": {"Cash On Hand": {"2020-09-30": "1646.55700", "2020-06-30": "1313.73400", "2020-03-31": "732.69500", "2019-12-31": "1093.74500", "2019-09-30": "702.30500", "2019-06-30": "613.22500", "2019-03-31": "687.66800", "2018-12-31": "863.94400", "2018-09-30": "627.93800", "2018-06-30": "603.34600", "2018-03-31": "721.81300", "2017-12-31": "824.81900", "2017-09-30": "1040.39900", "2017-06-30": "610.40100", "2017-03-31": "592.32700", "2016-12-31": "831.41200", "2016-09-30": "517.10100", "2016-06-30": "502.27000", "2016-03-31": "552.60100", "2015-12-31": "613.16700", "2015-09-30": "571.43200", "2015-06-30": "472.11500", "2015-03-31": "500.69500", "2014-12-31": "768.97400", "2014-09-30": "741.10100", "2014-06-30": "500.17500", "2014-03-31": "541.90000", "2013-12-31": "611.50900", "2013-09-30": "621.33600", "2013-06-30": "576.81900", "2013-03-31": "681.12700", "2012-12-31": "1264.98300", "2012-09-30": "939.00200", "2012-06-30": "876.71300", "2012-03-31": "891.72400", "2011-12-31": "1314.59400", "2011-09-30": "1167.19200", "2011-06-30": "801.33000", "2011-03-31": "474.17800", "2010-12-31": "561.84900", "2010-09-30": "820.17200", "2010-06-30": "780.88700", "2010-03-31": "718.21400", "2009-12-31": "789.21900", "2009-09-30": "368.81300", "2009-06-30": "352.69600", "2009-03-31": "457.58800", "2008-12-31": "195.38200", "2008-09-30": "474.51900", "2008-06-30": "274.99200", "2008-03-31": "338.06200", "2007-12-31": "388.52400", "2007-09-30": "512.80700", "2007-06-30": "518.57300", "2007-03-31": "436.93000", "2006-12-31": "813.28800", "2006-09-30": "147.01000", "2006-06-30": "131.18600", "2006-03-31": "258.41900", "2005-12-31": "454.46800", "2005-09-30": "290.53300", "2005-06-30": "198.05800", "2005-03-31": "166.88800"}, "Receivables": {"2020-09-30": "5272.62000", "2020-06-30": "5002.98600", "2020-03-31": "5623.67600", "2019-12-31": "5553.64700", "2019-09-30": "5084.28900", "2019-06-30": "5420.69500", "2019-03-31": "5408.06000", "2018-12-31": "5082.74300", "2018-09-30": "5063.45900", "2018-06-30": "4860.59800", "2018-03-31": "4344.58600", "2017-12-31": "4089.95500", "2017-09-30": "4344.42200", "2017-06-30": "3778.82800", "2017-03-31": "3239.68600", "2016-12-31": "3927.27500", "2016-09-30": "4130.11500", "2016-06-30": "3313.70700", "2016-03-31": "3142.63600", "2015-12-31": "4298.17800", "2015-09-30": "2883.81500", "2015-06-30": "2405.43100", "2015-03-31": "2648.31100", "2014-12-31": "2308.36300", "2014-09-30": "2305.46700", "2014-06-30": "2413.02300", "2014-03-31": "1777.09900", "2013-12-31": "1868.03400", "2013-09-30": "1514.79900", "2013-06-30": "1823.03800", "2013-03-31": "2113.28600", "2012-12-31": "2329.01000", "2012-09-30": "1679.72100", "2012-06-30": "1565.05900", "2012-03-31": "1526.33100", "2011-12-31": "1855.43200", "2011-09-30": "1697.24000", "2011-06-30": "1313.19000", "2011-03-31": "1201.66100", "2010-12-31": "1425.60000", "2010-09-30": "1144.72300", "2010-06-30": "1046.46100", "2010-03-31": "969.37600", "2009-12-31": "1253.99400", "2009-09-30": "1007.65000", "2009-06-30": "922.17400", "2009-03-31": "1035.44500", "2008-12-31": "1080.13300", "2008-09-30": "1061.70600", "2008-06-30": "1124.19500", "2008-03-31": "1194.85300", "2007-12-31": "1337.43000", "2007-09-30": "1409.88000", "2007-06-30": "1067.61300", "2007-03-31": "804.62810", "2006-12-31": "984.80100", "2006-09-30": "597.33000", "2006-06-30": "490.81100", "2006-03-31": "509.95400", "2005-12-31": "739.13800", "2005-09-30": "502.36200", "2005-06-30": "493.81800", "2005-03-31": "337.63400"}, "Inventory": {"2020-09-30": "", "2020-06-30": "", "2020-03-31": "", "2019-12-31": "", "2019-09-30": "", "2019-06-30": "", "2019-03-31": "", "2018-12-31": "", "2018-09-30": "", "2018-06-30": "", "2018-03-31": "", "2017-12-31": "", "2017-09-30": "", "2017-06-30": "", "2017-03-31": "", "2016-12-31": "", "2016-09-30": "", "2016-06-30": "", "2016-03-31": "", "2015-12-31": "", "2015-09-30": "2.79600", "2015-06-30": "1.89900", "2015-03-31": "5.12200", "2014-12-31": "", "2014-09-30": "32.84600", "2014-06-30": "13.20400", "2014-03-31": "61.81700", "2013-12-31": "19.13300", "2013-09-30": "58.64100", "2013-06-30": "40.98400", "2013-03-31": "83.49300", "2012-12-31": "130.49900", "2012-09-30": "94.33700", "2012-06-30": "51.09300", "2012-03-31": "32.56800", "2011-12-31": "56.81800", "2011-09-30": "85.35500", "2011-06-30": "0.55800", "2011-03-31": "33.57900", "2010-12-31": "16.29500", "2010-09-30": "5.67100", "2010-06-30": "12.14000", "2010-03-31": "6.20900", "2009-12-31": "7.10900", "2009-09-30": "21.57500", "2009-06-30": "20.52900", "2009-03-31": "111.25000", "2008-12-31": "96.75600", "2008-09-30": "199.74400", "2008-06-30": "389.96100", "2008-03-31": "305.00700", "2007-12-31": "243.46600", "2007-09-30": "296.14500", "2007-06-30": "246.62100", "2007-03-31": "121.75700", "2006-12-31": "249.24900", "2006-09-30": "", "2006-06-30": "", "2006-03-31": "", "2005-12-31": "", "2005-09-30": "37.18800", "2005-06-30": "26.64200", "2005-03-31": ""}, "Pre-Paid Expenses": {"2020-09-30": "284.94700", "2020-06-30": "315.82300", "2020-03-31": "287.55600", "2019-12-31": "282.74100", "2019-09-30": "282.64000", "2019-06-30": "290.25400", "2019-03-31": "248.35900", "2018-12-31": "254.89200", "2018-09-30": "258.34100", "2018-06-30": "268.22600", "2018-03-31": "223.74600", "2017-12-31": "215.33600", "2017-09-30": "218.04900", "2017-06-30": "235.71700", "2017-03-31": "212.33600", "2016-12-31": "184.10700", "2016-09-30": "195.17900", "2016-06-30": "199.29900", "2016-03-31": "178.93500", "2015-12-31": "172.92200", "2015-09-30": "163.03800", "2015-06-30": "154.46000", "2015-03-31": "143.19700", "2014-12-31": "142.71900", "2014-09-30": "123.74600", "2014-06-30": "133.23700", "2014-03-31": "138.98900", "2013-12-31": "125.15100", "2013-09-30": "97.50400", "2013-06-30": "98.45300", "2013-03-31": "94.63200", "2012-12-31": "101.61700", "2012-09-30": "103.79400", "2012-06-30": "110.53800", "2012-03-31": "115.51900", "2011-12-31": "111.87900", "2011-09-30": "104.33900", "2011-06-30": "100.25100", "2011-03-31": "95.52300", "2010-12-31": "96.95100", "2010-09-30": "88.82100", "2010-06-30": "92.99900", "2010-03-31": "93.56500", "2009-12-31": "99.30900", "2009-09-30": "99.36700", "2009-06-30": "104.97000", "2009-03-31": "97.06800", "2008-12-31": "94.28200", "2008-09-30": "100.28300", "2008-06-30": "97.17200", "2008-03-31": "94.20600", "2007-12-31": "80.37900", "2007-09-30": "87.56700", "2007-06-30": "82.00600", "2007-03-31": "83.25700", "2006-12-31": "73.80400", "2006-09-30": "51.46600", "2006-06-30": "55.44900", "2006-03-31": "52.98600", "2005-12-31": "36.40200", "2005-09-30": "32.90400", "2005-06-30": "31.49300", "2005-03-31": "29.00400"}, "Other Current Assets": {"2020-09-30": "285.22000", "2020-06-30": "267.99600", "2020-03-31": "289.67200", "2019-12-31": "276.31900", "2019-09-30": "640.98600", "2019-06-30": "237.79600", "2019-03-31": "357.37000", "2018-12-31": "245.61100", "2018-09-30": "268.64800", "2018-06-30": "265.26800", "2018-03-31": "263.98800", "2017-12-31": "227.42100", "2017-09-30": "201.86400", "2017-06-30": "199.39000", "2017-03-31": "201.11100", "2016-12-31": "179.65600", "2016-09-30": "213.08200", "2016-06-30": "230.80500", "2016-03-31": "212.72400", "2015-12-31": "220.95600", "2015-09-30": "145.16800", "2015-06-30": "104.19300", "2015-03-31": "103.23000", "2014-12-31": "151.71300", "2014-09-30": "83.60600", "2014-06-30": "84.69100", "2014-03-31": "74.31400", "2013-12-31": "67.45200", "2013-09-30": "56.75400", "2013-06-30": "58.05700", "2013-03-31": "56.30900", "2012-12-31": "52.69500", "2012-09-30": "48.13400", "2012-06-30": "52.08400", "2012-03-31": "45.11200", "2011-12-31": "42.38500", "2011-09-30": "57.80700", "2011-06-30": "50.75600", "2011-03-31": "43.54700", "2010-12-31": "47.87100", "2010-09-30": "44.21700", "2010-06-30": "44.88000", "2010-03-31": "34.27700", "2009-12-31": "41.76400", "2009-09-30": "39.59300", "2009-06-30": "47.55000", "2009-03-31": "42.67500", "2008-12-31": "75.50600", "2008-09-30": "92.99300", "2008-06-30": "92.83000", "2008-03-31": "97.94300", "2007-12-31": "80.29700", "2007-09-30": "70.55400", "2007-06-30": "60.10500", "2007-03-31": "65.35100", "2006-12-31": "70.84600", "2006-09-30": "18.60300", "2006-06-30": "19.50100", "2006-03-31": "20.70600", "2005-12-31": "16.32700", "2005-09-30": "18.34100", "2005-06-30": "19.83400", "2005-03-31": "21.73200"}, "Total Current Assets": {"2020-09-30": "7771.37500", "2020-06-30": "7189.43500", "2020-03-31": "7263.58700", "2019-12-31": "7534.46400", "2019-09-30": "7058.83500", "2019-06-30": "6885.21700", "2019-03-31": "6996.86000", "2018-12-31": "6754.21000", "2018-09-30": "6378.31400", "2018-06-30": "6106.71000", "2018-03-31": "5754.30000", "2017-12-31": "5630.58400", "2017-09-30": "5804.73400", "2017-06-30": "4824.33600", "2017-03-31": "4245.46000", "2016-12-31": "5122.45000", "2016-09-30": "5055.47700", "2016-06-30": "4246.08100", "2016-03-31": "4086.89600", "2015-12-31": "5305.22300", "2015-09-30": "3979.64700", "2015-06-30": "3342.95600", "2015-03-31": "3593.87900", "2014-12-31": "3371.76900", "2014-09-30": "3461.03700", "2014-06-30": "3338.47100", "2014-03-31": "2762.23700", "2013-12-31": "2879.81200", "2013-09-30": "2558.96000", "2013-06-30": "2799.22500", "2013-03-31": "3232.83300", "2012-12-31": "4084.55000", "2012-09-30": "3037.27500", "2012-06-30": "2828.69800", "2012-03-31": "2781.70500", "2011-12-31": "3550.04700", "2011-09-30": "3225.91100", "2011-06-30": "2379.05400", "2011-03-31": "1969.03300", "2010-12-31": "2260.87000", "2010-09-30": "2177.58700", "2010-06-30": "2053.10400", "2010-03-31": "1897.20400", "2009-12-31": "2266.72500", "2009-09-30": "1633.06600", "2009-06-30": "1557.81000", "2009-03-31": "1904.09400", "2008-12-31": "1915.53300", "2008-09-30": "2170.73100", "2008-06-30": "2218.96900", "2008-03-31": "2224.70900", "2007-12-31": "2325.56800", "2007-09-30": "2576.26900", "2007-06-30": "2125.21000", "2007-03-31": "1787.61500", "2006-12-31": "2335.01200", "2006-09-30": "873.02100", "2006-06-30": "738.36600", "2006-03-31": "884.49900", "2005-12-31": "1284.96400", "2005-09-30": "906.98500", "2005-06-30": "800.58200", "2005-03-31": "583.12700"}, "Property, Plant, And Equipment": {"2020-09-30": "818.33300", "2020-06-30": "824.74800", "2020-03-31": "800.86900", "2019-12-31": "836.20600", "2019-09-30": "782.00400", "2019-06-30": "746.49000", "2019-03-31": "730.45000", "2018-12-31": "721.69200", "2018-09-30": "702.42800", "2018-06-30": "705.46900", "2018-03-31": "633.66600", "2017-12-31": "617.73900", "2017-09-30": "574.26600", "2017-06-30": "556.48000", "2017-03-31": "551.63300", "2016-12-31": "560.75600", "2016-09-30": "550.77900", "2016-06-30": "533.57500", "2016-03-31": "528.35000", "2015-12-31": "529.82300", "2015-09-30": "503.66600", "2015-06-30": "484.03200", "2015-03-31": "479.75100", "2014-12-31": "497.92600", "2014-09-30": "455.85900", "2014-06-30": "455.32200", "2014-03-31": "446.66000", "2013-12-31": "458.59600", "2013-09-30": "394.26300", "2013-06-30": "369.69700", "2013-03-31": "362.42100", "2012-12-31": "379.17600", "2012-09-30": "334.86000", "2012-06-30": "299.31000", "2012-03-31": "287.54800", "2011-12-31": "295.48800", "2011-09-30": "249.88900", "2011-06-30": "216.58400", "2011-03-31": "193.36700", "2010-12-31": "188.39700", "2010-09-30": "154.15700", "2010-06-30": "153.10400", "2010-03-31": "165.56500", "2009-12-31": "178.97500", "2009-09-30": "179.85200", "2009-06-30": "185.91500", "2009-03-31": "192.64900", "2008-12-31": "207.97600", "2008-09-30": "217.34600", "2008-06-30": "229.66100", "2008-03-31": "229.05600", "2007-12-31": "216.21400", "2007-09-30": "194.30800", "2007-06-30": "184.12800", "2007-03-31": "177.59200", "2006-12-31": "180.54600", "2006-09-30": "153.78100", "2006-06-30": "156.99800", "2006-03-31": "152.91500", "2005-12-31": "137.65500", "2005-09-30": "133.43900", "2005-06-30": "133.72900", "2005-03-31": "134.57600"}, "Long-Term Investments": {"2020-09-30": "392.56900", "2020-06-30": "386.12300", "2020-03-31": "422.91000", "2019-12-31": "426.71100", "2019-09-30": "328.58000", "2019-06-30": "307.30800", "2019-03-31": "228.40600", "2018-12-31": "216.17400", "2018-09-30": "195.32200", "2018-06-30": "233.88900", "2018-03-31": "228.95000", "2017-12-31": "238.00100", "2017-09-30": "233.63400", "2017-06-30": "246.71500", "2017-03-31": "242.48600", "2016-12-31": "232.23800", "2016-09-30": "249.88300", "2016-06-30": "226.74200", "2016-03-31": "220.53300", "2015-12-31": "217.94300", "2015-09-30": "287.68500", "2015-06-30": "280.66200", "2015-03-31": "265.39200", "2014-12-31": "218.28000", "2014-09-30": "284.58400", "2014-06-30": "278.37500", "2014-03-31": "261.25100", "2013-12-31": "255.49600", "2013-09-30": "266.86900", "2013-06-30": "266.95700", "2013-03-31": "284.65200", "2012-12-31": "263.91900", "2012-09-30": "269.00000", "2012-06-30": "265.25100", "2012-03-31": "239.24300", "2011-12-31": "201.43700", "2011-09-30": "181.25200", "2011-06-30": "179.08800", "2011-03-31": "179.88000", "2010-12-31": "170.90900", "2010-09-30": "164.17900", "2010-06-30": "149.78800", "2010-03-31": "160.18800", "2009-12-31": "167.61200", "2009-09-30": "188.21400", "2009-06-30": "196.17800", "2009-03-31": "173.33200", "2008-12-31": "174.52000", "2008-09-30": "243.50500", "2008-06-30": "244.84000", "2008-03-31": "258.19700", "2007-12-31": "267.20600", "2007-09-30": "244.14400", "2007-06-30": "233.73900", "2007-03-31": "229.73300", "2006-12-31": "255.74800", "2006-09-30": "122.23400", "2006-06-30": "109.12800", "2006-03-31": "100.39100", "2005-12-31": "112.81400", "2005-09-30": "98.25500", "2005-06-30": "103.87400", "2005-03-31": "91.41200"}, "Goodwill And Intangible Assets": {"2020-09-30": "5078.18600", "2020-06-30": "5026.34100", "2020-03-31": "5013.54400", "2019-12-31": "5133.03900", "2019-09-30": "4952.93000", "2019-06-30": "4995.07000", "2019-03-31": "5002.52800", "2018-12-31": "5093.61700", "2018-09-30": "5046.56700", "2018-06-30": "4855.45300", "2018-03-31": "4677.13400", "2017-12-31": "4653.85200", "2017-09-30": "4535.90700", "2017-06-30": "4494.73700", "2017-03-31": "4422.84700", "2016-12-31": "4392.43100", "2016-09-30": "4459.91500", "2016-06-30": "4457.26400", "2016-03-31": "4550.20200", "2015-12-31": "4536.46600", "2015-09-30": "4524.16500", "2015-06-30": "3119.92100", "2015-03-31": "3056.02600", "2014-12-31": "3136.18100", "2014-09-30": "3130.30900", "2014-06-30": "3151.64600", "2014-03-31": "3134.87700", "2013-12-31": "3131.70200", "2013-09-30": "2700.16100", "2013-06-30": "2638.54900", "2013-03-31": "2646.64900", "2012-12-31": "2676.39500", "2012-09-30": "2615.02700", "2012-06-30": "2600.81900", "2012-03-31": "2634.21600", "2011-12-31": "2622.73200", "2011-09-30": "2096.42200", "2011-06-30": "1741.48300", "2011-03-31": "1674.60800", "2010-12-31": "1656.65600", "2010-09-30": "1648.59100", "2010-06-30": "1600.34000", "2010-03-31": "1618.23400", "2009-12-31": "1629.27600", "2009-09-30": "1629.48100", "2009-06-30": "1597.77600", "2009-03-31": "1553.75200", "2008-12-31": "1563.27000", "2008-09-30": "2721.22300", "2008-06-30": "2753.41600", "2008-03-31": "2692.65700", "2007-12-31": "2578.81400", "2007-09-30": "2629.03400", "2007-06-30": "2600.08000", "2007-03-31": "2620.45500", "2006-12-31": "2629.42500", "2006-09-30": "1075.92400", "2006-06-30": "1041.39800", "2006-03-31": "994.70300", "2005-12-31": "989.71900", "2005-09-30": "951.36800", "2005-06-30": "933.18800", "2005-03-31": "933.04800"}, "Other Long-Term Assets": {"2020-09-30": "865.73600", "2020-06-30": "881.54100", "2020-03-31": "892.07290", "2019-12-31": "870.30200", "2019-09-30": "795.33810", "2019-06-30": "752.81890", "2019-03-31": "715.54600", "2018-12-31": "614.81100", "2018-09-30": "574.99100", "2018-06-30": "536.04600", "2018-03-31": "511.53300", "2017-12-31": "479.47400", "2017-09-30": "409.22300", "2017-06-30": "387.67800", "2017-03-31": "370.03300", "2016-12-31": "366.38800", "2016-09-30": "354.36700", "2016-06-30": "351.20100", "2016-03-31": "321.64100", "2015-12-31": "293.23600", "2015-09-30": "219.50100", "2015-06-30": "197.60300", "2015-03-31": "188.21200", "2014-12-31": "244.61900", "2014-09-30": "159.54200", "2014-06-30": "174.33900", "2014-03-31": "171.83900", "2013-12-31": "164.98700", "2013-09-30": "147.26300", "2013-06-30": "259.69300", "2013-03-31": "155.45500", "2012-12-31": "143.14100", "2012-09-30": "141.58300", "2012-06-30": "141.91900", "2012-03-31": "141.96500", "2011-12-31": "141.78900", "2011-09-30": "136.08000", "2011-06-30": "669.75400", "2011-03-31": "114.90100", "2010-12-31": "95.20200", "2010-09-30": "787.76000", "2010-06-30": "844.18600", "2010-03-31": "105.22800", "2009-12-31": "107.09000", "2009-09-30": "112.33800", "2009-06-30": "645.05300", "2009-03-31": "99.54700", "2008-12-31": "662.54200", "2008-09-30": "125.18900", "2008-06-30": "133.17400", "2008-03-31": "136.16200", "2007-12-31": "434.00600", "2007-09-30": "143.91300", "2007-06-30": "367.84500", "2007-03-31": "377.94200", "2006-12-31": "227.58900", "2006-09-30": "75.24100", "2006-06-30": "77.21200", "2006-03-31": "81.34700", "2005-12-31": "51.72300", "2005-09-30": "63.96600", "2005-06-30": "63.39600", "2005-03-31": "66.58100"}, "Total Long-Term Assets": {"2020-09-30": "8575.70100", "2020-06-30": "8510.97900", "2020-03-31": "8416.67700", "2019-12-31": "8662.73100", "2019-09-30": "7982.10600", "2019-06-30": "7833.91800", "2019-03-31": "7696.14800", "2018-12-31": "6702.58300", "2018-09-30": "6598.80200", "2018-06-30": "6428.74700", "2018-03-31": "6153.14300", "2017-12-31": "6087.81200", "2017-09-30": "5847.28000", "2017-06-30": "5781.88200", "2017-03-31": "5681.65200", "2016-12-31": "5657.13800", "2016-09-30": "5721.29300", "2016-06-30": "5676.49100", "2016-03-31": "5748.23900", "2015-12-31": "5712.72000", "2015-09-30": "5575.81700", "2015-06-30": "4117.30300", "2015-03-31": "4031.78100", "2014-12-31": "4196.24100", "2014-09-30": "4068.91700", "2014-06-30": "4133.30000", "2014-03-31": "4081.12100", "2013-12-31": "4118.60200", "2013-09-30": "3618.37500", "2013-06-30": "3549.06300", "2013-03-31": "3654.80700", "2012-12-31": "3724.99200", "2012-09-30": "3731.50200", "2012-06-30": "3747.69700", "2012-03-31": "3757.85200", "2011-12-31": "3669.09600", "2011-09-30": "3189.19200", "2011-06-30": "2903.67800", "2011-03-31": "2823.86500", "2010-12-31": "2860.69800", "2010-09-30": "2897.47600", "2010-06-30": "2877.94600", "2010-03-31": "2970.21100", "2009-12-31": "2772.68100", "2009-09-30": "2842.27800", "2009-06-30": "2861.16800", "2009-03-31": "2753.38700", "2008-12-31": "2810.88100", "2008-09-30": "4241.03500", "2008-06-30": "4220.53600", "2008-03-31": "4084.27900", "2007-12-31": "3917.00500", "2007-09-30": "3907.37200", "2007-06-30": "3824.82000", "2007-03-31": "3811.12700", "2006-12-31": "3609.61900", "2006-09-30": "1721.10500", "2006-06-30": "1658.70500", "2006-03-31": "1601.28000", "2005-12-31": "1530.70800", "2005-09-30": "1473.71600", "2005-06-30": "1440.98400", "2005-03-31": "1417.13800"}, "Total Assets": {"2020-09-30": "16347.08000", "2020-06-30": "15700.41000", "2020-03-31": "15680.26000", "2019-12-31": "16197.20000", "2019-09-30": "15040.94000", "2019-06-30": "14719.13000", "2019-03-31": "14693.01000", "2018-12-31": "13456.79000", "2018-09-30": "12977.12000", "2018-06-30": "12535.46000", "2018-03-31": "11907.44000", "2017-12-31": "11718.40000", "2017-09-30": "11652.01000", "2017-06-30": "10606.22000", "2017-03-31": "9927.11200", "2016-12-31": "10779.59000", "2016-09-30": "10776.77000", "2016-06-30": "9922.57200", "2016-03-31": "9835.13500", "2015-12-31": "11017.94000", "2015-09-30": "9555.46400", "2015-06-30": "7460.25900", "2015-03-31": "7625.66000", "2014-12-31": "7568.01000", "2014-09-30": "7529.95400", "2014-06-30": "7471.77100", "2014-03-31": "6843.35800", "2013-12-31": "6998.41400", "2013-09-30": "6177.33500", "2013-06-30": "6348.28800", "2013-03-31": "6887.64000", "2012-12-31": "7809.54200", "2012-09-30": "6768.77700", "2012-06-30": "6576.39500", "2012-03-31": "6539.55700", "2011-12-31": "7219.14300", "2011-09-30": "6415.10300", "2011-06-30": "5282.73200", "2011-03-31": "4792.89800", "2010-12-31": "5121.56800", "2010-09-30": "5075.06300", "2010-06-30": "4931.05000", "2010-03-31": "4867.41500", "2009-12-31": "5039.40600", "2009-09-30": "4475.34400", "2009-06-30": "4418.97800", "2009-03-31": "4657.48100", "2008-12-31": "4726.41400", "2008-09-30": "6411.76600", "2008-06-30": "6439.50500", "2008-03-31": "6308.98800", "2007-12-31": "6242.57300", "2007-09-30": "6483.64100", "2007-06-30": "5950.03000", "2007-03-31": "5598.74200", "2006-12-31": "5944.63100", "2006-09-30": "2594.12600", "2006-06-30": "2397.07100", "2006-03-31": "2485.77900", "2005-12-31": "2815.67200", "2005-09-30": "2380.70100", "2005-06-30": "2241.56600", "2005-03-31": "2000.26500"}, "Total Current Liabilities": {"2020-09-30": "6152.27200", "2020-06-30": "5852.89800", "2020-03-31": "6065.42600", "2019-12-31": "6436.45100", "2019-09-30": "6027.97000", "2019-06-30": "5887.44900", "2019-03-31": "6010.08200", "2018-12-31": "5803.38000", "2018-09-30": "5485.78100", "2018-06-30": "5381.13500", "2018-03-31": "4869.65500", "2017-12-31": "4712.94400", "2017-09-30": "4551.37700", "2017-06-30": "3797.55000", "2017-03-31": "3473.18000", "2016-12-31": "4525.42900", "2016-09-30": "4566.86400", "2016-06-30": "3742.64900", "2016-03-31": "3696.42000", "2015-12-31": "4994.15700", "2015-09-30": "3604.26300", "2015-06-30": "2594.77400", "2015-03-31": "2972.98900", "2014-12-31": "2928.76500", "2014-09-30": "2677.00900", "2014-06-30": "2875.96400", "2014-03-31": "2379.61400", "2013-12-31": "2605.74000", "2013-09-30": "1842.72700", "2013-06-30": "2133.09600", "2013-03-31": "2453.53500", "2012-12-31": "2972.29300", "2012-09-30": "2144.25600", "2012-06-30": "1978.45800", "2012-03-31": "1992.67900", "2011-12-31": "2680.64800", "2011-09-30": "2228.17100", "2011-06-30": "1630.83600", "2011-03-31": "1581.60300", "2010-12-31": "1956.76800", "2010-09-30": "1609.86800", "2010-06-30": "1395.13900", "2010-03-31": "1263.40700", "2009-12-31": "1629.04100", "2009-09-30": "1369.84400", "2009-06-30": "1242.27500", "2009-03-31": "2035.71400", "2008-12-31": "1872.84500", "2008-09-30": "2235.41200", "2008-06-30": "2280.98500", "2008-03-31": "2216.46000", "2007-12-31": "2423.81100", "2007-09-30": "2205.77300", "2007-06-30": "1759.88300", "2007-03-31": "1410.87300", "2006-12-31": "1954.66200", "2006-09-30": "1008.66700", "2006-06-30": "926.04500", "2006-03-31": "724.18100", "2005-12-31": "1137.80300", "2005-09-30": "826.69900", "2005-06-30": "747.83700", "2005-03-31": "551.91300"}, "Long Term Debt": {"2020-09-30": "1783.21200", "2020-06-30": "1763.11300", "2020-03-31": "1754.51800", "2019-12-31": "1761.24500", "2019-09-30": "1748.26400", "2019-06-30": "1766.56400", "2019-03-31": "1760.18100", "2018-12-31": "1767.26000", "2018-09-30": "1760.00300", "2018-06-30": "1762.88500", "2018-03-31": "1758.18800", "2017-12-31": "1999.60300", "2017-09-30": "2551.56800", "2017-06-30": "2550.40400", "2017-03-31": "2549.25800", "2016-12-31": "2548.12600", "2016-09-30": "2614.89800", "2016-06-30": "2624.97700", "2016-03-31": "2635.04500", "2015-12-31": "2645.11100", "2015-09-30": "2683.71800", "2015-06-30": "1734.35000", "2015-03-31": "1734.29400", "2014-12-31": "1808.60500", "2014-09-30": "2084.21300", "2014-06-30": "1831.64100", "2014-03-31": "1856.47900", "2013-12-31": "1866.89000", "2013-09-30": "1878.52100", "2013-06-30": "1915.45500", "2013-03-31": "2130.62100", "2012-12-31": "2543.70700", "2012-09-30": "2539.51000", "2012-06-30": "2617.91200", "2012-03-31": "2616.75100", "2011-12-31": "2611.18700", "2011-09-30": "2466.32700", "2011-06-30": "2134.26700", "2011-03-31": "1808.29200", "2010-12-31": "1851.90100", "2010-09-30": "2258.31500", "2010-06-30": "2471.68400", "2010-03-31": "2567.59900", "2009-12-31": "2372.30200", "2009-09-30": "2419.17600", "2009-06-30": "2480.06700", "2009-03-31": "2138.12400", "2008-12-31": "2287.00100", "2008-09-30": "2310.87600", "2008-06-30": "2277.30700", "2008-03-31": "2270.92700", "2007-12-31": "1996.22500", "2007-09-30": "2009.89800", "2007-06-30": "2087.58400", "2007-03-31": "2219.12400", "2006-12-31": "2185.15000", "2006-09-30": "132.26200", "2006-06-30": "132.33000", "2006-03-31": "545.59700", "2005-12-31": "549.15600", "2005-09-30": "552.04000", "2005-06-30": "559.29400", "2005-03-31": "571.84900"}, "Other Non-Current Liabilities": {"2020-09-30": "620.39300", "2020-06-30": "608.26900", "2020-03-31": "594.37900", "2019-12-31": "634.03700", "2019-09-30": "644.57600", "2019-06-30": "626.77600", "2019-03-31": "622.92900", "2018-12-31": "768.82600", "2018-09-30": "771.32800", "2018-06-30": "687.50400", "2018-03-31": "695.36600", "2017-12-31": "684.01700", "2017-09-30": "571.45100", "2017-06-30": "578.45800", "2017-03-31": "568.29300", "2016-12-31": "578.06800", "2016-09-30": "528.15000", "2016-06-30": "566.14200", "2016-03-31": "551.43800", "2015-12-31": "519.24400", "2015-09-30": "387.92900", "2015-06-30": "369.28500", "2015-03-31": "373.46600", "2014-12-31": "486.64000", "2014-09-30": "400.03700", "2014-06-30": "385.97900", "2014-03-31": "368.12100", "2013-12-31": "360.98900", "2013-09-30": "347.20200", "2013-06-30": "337.34500", "2013-03-31": "351.65600", "2012-12-31": "356.24000", "2012-09-30": "340.74100", "2012-06-30": "325.74900", "2012-03-31": "299.50300", "2011-12-31": "300.31600", "2011-09-30": "296.31900", "2011-06-30": "237.91000", "2011-03-31": "213.23200", "2010-12-31": "207.09700", "2010-09-30": "186.78800", "2010-06-30": "183.55900", "2010-03-31": "185.90600", "2009-12-31": "188.82300", "2009-09-30": "198.84900", "2009-06-30": "188.24300", "2009-03-31": "185.90800", "2008-12-31": "201.04300", "2008-09-30": "246.10200", "2008-06-30": "247.19700", "2008-03-31": "254.18300", "2007-12-31": "257.95200", "2007-09-30": "251.01000", "2007-06-30": "241.57900", "2007-03-31": "343.95700", "2006-12-31": "181.28900", "2006-09-30": "153.57500", "2006-06-30": "157.50100", "2006-03-31": "127.99700", "2005-12-31": "114.13900", "2005-09-30": "100.40000", "2005-06-30": "101.69700", "2005-03-31": "102.14500"}, "Total Long Term Liabilities": {"2020-09-30": "3600.50200", "2020-06-30": "3562.46500", "2020-03-31": "3445.29100", "2019-12-31": "3487.63300", "2019-09-30": "3453.99200", "2019-06-30": "3441.15600", "2019-03-31": "3478.71000", "2018-12-31": "2643.51100", "2018-09-30": "2718.94400", "2018-06-30": "2637.45100", "2018-03-31": "2619.11300", "2017-12-31": "2830.83800", "2017-09-30": "3248.80100", "2017-06-30": "3225.64200", "2017-03-31": "3195.69300", "2016-12-31": "3196.91300", "2016-09-30": "3228.40300", "2016-06-30": "3276.15300", "2016-03-31": "3272.01700", "2015-12-31": "3264.71600", "2015-09-30": "3361.67600", "2015-06-30": "2361.95700", "2015-03-31": "2347.65000", "2014-12-31": "2337.84700", "2014-09-30": "2670.10700", "2014-06-30": "2421.53200", "2014-03-31": "2435.48600", "2013-12-31": "2456.66800", "2013-09-30": "2498.30100", "2013-06-30": "2503.74300", "2013-03-31": "2728.31800", "2012-12-31": "3155.43700", "2012-09-30": "3105.41500", "2012-06-30": "3162.99500", "2012-03-31": "3144.53500", "2011-12-31": "3121.33200", "2011-09-30": "2828.87000", "2011-06-30": "2412.23800", "2011-03-31": "2062.15000", "2010-12-31": "2099.00500", "2010-09-30": "2508.23100", "2010-06-30": "2715.30100", "2010-03-31": "2814.53300", "2009-12-31": "2626.07000", "2009-09-30": "2639.34400", "2009-06-30": "2690.38300", "2009-03-31": "2343.36400", "2008-12-31": "2507.84600", "2008-09-30": "3122.25400", "2008-06-30": "3091.95200", "2008-03-31": "3072.56000", "2007-12-31": "2830.21900", "2007-09-30": "2754.76200", "2007-06-30": "2821.15000", "2007-03-31": "2993.08700", "2006-12-31": "2808.32800", "2006-09-30": "559.61700", "2006-06-30": "550.54410", "2006-03-31": "916.73900", "2005-12-31": "884.18390", "2005-09-30": "851.09600", "2005-06-30": "858.38310", "2005-03-31": "868.86900"}, "Total Liabilities": {"2020-09-30": "9752.77400", "2020-06-30": "9415.36300", "2020-03-31": "9510.71700", "2019-12-31": "9924.08400", "2019-09-30": "9481.96200", "2019-06-30": "9328.60500", "2019-03-31": "9488.79200", "2018-12-31": "8446.89100", "2018-09-30": "8204.72500", "2018-06-30": "8018.58600", "2018-03-31": "7488.76800", "2017-12-31": "7543.78200", "2017-09-30": "7800.17800", "2017-06-30": "7023.19200", "2017-03-31": "6668.87300", "2016-12-31": "7722.34200", "2016-09-30": "7795.26700", "2016-06-30": "7018.80200", "2016-03-31": "6968.43700", "2015-12-31": "8258.87300", "2015-09-30": "6965.93900", "2015-06-30": "4956.73100", "2015-03-31": "5320.63900", "2014-12-31": "5266.61200", "2014-09-30": "5347.11600", "2014-06-30": "5297.49600", "2014-03-31": "4815.10000", "2013-12-31": "5062.40800", "2013-09-30": "4341.02800", "2013-06-30": "4636.83900", "2013-03-31": "5181.85300", "2012-12-31": "6127.73000", "2012-09-30": "5249.67100", "2012-06-30": "5141.45300", "2012-03-31": "5137.21400", "2011-12-31": "5801.98000", "2011-09-30": "5057.04100", "2011-06-30": "4043.07400", "2011-03-31": "3643.75300", "2010-12-31": "4055.77300", "2010-09-30": "4118.09900", "2010-06-30": "4110.44000", "2010-03-31": "4077.94000", "2009-12-31": "4255.11100", "2009-09-30": "4009.18800", "2009-06-30": "3932.65800", "2009-03-31": "4379.07800", "2008-12-31": "4380.69100", "2008-09-30": "5357.66600", "2008-06-30": "5372.93700", "2008-03-31": "5289.02000", "2007-12-31": "5254.03000", "2007-09-30": "4960.53500", "2007-06-30": "4581.03300", "2007-03-31": "4403.96000", "2006-12-31": "4762.99000", "2006-09-30": "1568.28400", "2006-06-30": "1476.58900", "2006-03-31": "1640.92000", "2005-12-31": "2021.98700", "2005-09-30": "1677.79500", "2005-06-30": "1606.22000", "2005-03-31": "1420.78200"}, "Common Stock Net": {"2020-09-30": "3.35400", "2020-06-30": "3.35200", "2020-03-31": "3.35100", "2019-12-31": "3.34800", "2019-09-30": "3.35800", "2019-06-30": "3.36300", "2019-03-31": "3.36300", "2018-12-31": "3.36900", "2018-09-30": "3.40900", "2018-06-30": "3.39800", "2018-03-31": "3.39700", "2017-12-31": "3.39500", "2017-09-30": "3.39500", "2017-06-30": "3.37900", "2017-03-31": "3.37900", "2016-12-31": "3.37300", "2016-09-30": "3.37300", "2016-06-30": "3.35600", "2016-03-31": "3.35300", "2015-12-31": "3.34200", "2015-09-30": "3.34200", "2015-06-30": "3.33100", "2015-03-31": "3.33000", "2014-12-31": "3.33000", "2014-09-30": "3.32800", "2014-06-30": "3.32100", "2014-03-31": "3.32000", "2013-12-31": "3.31900", "2013-09-30": "3.31400", "2013-06-30": "3.31300", "2013-03-31": "3.31200", "2012-12-31": "3.30100", "2012-09-30": "3.29200", "2012-06-30": "3.28200", "2012-03-31": "3.28000", "2011-12-31": "3.28000", "2011-09-30": "3.27900", "2011-06-30": "3.25000", "2011-03-31": "3.24700", "2010-12-31": "3.23600", "2010-09-30": "3.23000", "2010-06-30": "3.21800", "2010-03-31": "3.21800", "2009-12-31": "3.21800", "2009-09-30": "2.92700", "2009-06-30": "2.84600", "2009-03-31": "2.64800", "2008-12-31": "2.62300", "2008-09-30": "2.04800", "2008-06-30": "2.02300", "2008-03-31": "2.02100", "2007-12-31": "2.01600", "2007-09-30": "2.30100", "2007-06-30": "2.29200", "2007-03-31": "2.28400", "2006-12-31": "2.27500", "2006-09-30": "2.25300", "2006-06-30": "2.23400", "2006-03-31": "0.74300", "2005-12-31": "2.21400", "2005-09-30": "0.73100", "2005-06-30": "0.72500", "2005-03-31": "0.72000"}, "Retained Earnings (Accumulated Deficit)": {"2020-09-30": "6216.29200", "2020-06-30": "6032.16000", "2020-03-31": "5950.26300", "2019-12-31": "5793.14900", "2019-09-30": "5155.53100", "2019-06-30": "4898.93200", "2019-03-31": "4675.20100", "2018-12-31": "4504.68400", "2018-09-30": "4110.88900", "2018-06-30": "3820.42000", "2018-03-31": "3591.75300", "2017-12-31": "3443.00700", "2017-09-30": "3179.98500", "2017-06-30": "2983.66800", "2017-03-31": "2786.50300", "2016-12-31": "2656.90600", "2016-09-30": "2392.93100", "2016-06-30": "2292.06200", "2016-03-31": "2170.39400", "2015-12-31": "2088.22700", "2015-09-30": "1908.18400", "2015-06-30": "1759.06100", "2015-03-31": "1634.03200", "2014-12-31": "1541.09500", "2014-09-30": "1336.81800", "2014-06-30": "1229.71900", "2014-03-31": "1124.25500", "2013-12-31": "1056.59200", "2013-09-30": "941.94600", "2013-06-30": "847.50200", "2013-03-31": "777.60000", "2012-12-31": "740.05400", "2012-09-30": "567.05600", "2012-06-30": "527.34700", "2012-03-31": "451.47400", "2011-12-31": "424.49900", "2011-09-30": "344.73600", "2011-06-30": "280.92900", "2011-03-31": "219.70600", "2010-12-31": "185.33700", "2010-09-30": "90.19300", "2010-06-30": "33.15500", "2010-03-31": "-21.63500", "2009-12-31": "-15.00800", "2009-09-30": "-79.29800", "2009-06-30": "-91.67500", "2009-03-31": "-85.03800", "2008-12-31": "-48.34900", "2008-09-30": "1040.92000", "2008-06-30": "1000.54700", "2008-03-31": "983.98400", "2007-12-31": "963.53000", "2007-09-30": "841.08400", "2007-06-30": "726.13700", "2007-03-31": "585.00200", "2006-12-31": "602.08600", "2006-09-30": "476.98800", "2006-06-30": "384.67900", "2006-03-31": "320.42500", "2005-12-31": "283.51500", "2005-09-30": "188.10300", "2005-06-30": "131.16700", "2005-03-31": "80.74600"}, "Comprehensive Income": {"2020-09-30": "-731.39900", "2020-06-30": "-838.51700", "2020-03-31": "-851.03900", "2019-12-31": "-679.74800", "2019-09-30": "-787.08100", "2019-06-30": "-717.66000", "2019-03-31": "-716.16900", "2018-12-31": "-718.26900", "2018-09-30": "-678.97200", "2018-06-30": "-648.49200", "2018-03-31": "-483.77000", "2017-12-31": "-552.41400", "2017-09-30": "-580.76500", "2017-06-30": "-646.91300", "2017-03-31": "-737.23100", "2016-12-31": "-791.01800", "2016-09-30": "-585.34100", "2016-06-30": "-572.18100", "2016-03-31": "-471.35500", "2015-12-31": "-485.67500", "2015-09-30": "-446.45400", "2015-06-30": "-370.73400", "2015-03-31": "-430.55000", "2014-12-31": "-324.02000", "2014-09-30": "-217.19700", "2014-06-30": "-111.09500", "2014-03-31": "-133.54700", "2013-12-31": "-146.12300", "2013-09-30": "-156.96700", "2013-06-30": "-201.67100", "2013-03-31": "-185.44600", "2012-12-31": "-165.04400", "2012-09-30": "-170.85600", "2012-06-30": "-184.42400", "2012-03-31": "-138.44500", "2011-12-31": "-158.43900", "2011-09-30": "-136.89500", "2011-06-30": "-56.15800", "2011-03-31": "-64.40100", "2010-12-31": "-94.60200", "2010-09-30": "-112.03900", "2010-06-30": "-172.43800", "2010-03-31": "-136.43300", "2009-12-31": "-115.07700", "2009-09-30": "-77.57100", "2009-06-30": "-88.19800", "2009-03-31": "-146.83600", "2008-12-31": "-125.41300", "2008-09-30": "-57.74900", "2008-06-30": "3.20700", "2008-03-31": "-18.55600", "2007-12-31": "-17.50200", "2007-09-30": "14.90000", "2007-06-30": "-15.27400", "2007-03-31": "-29.55100", "2006-12-31": "-33.06600", "2006-09-30": "-34.16400", "2006-06-30": "-32.39300", "2006-03-31": "-38.08600", "2005-12-31": "-40.59500", "2005-09-30": "-23.67500", "2005-06-30": "-23.16800", "2005-03-31": "-22.25000"}, "Other Share Holders Equity": {"2020-09-30": "", "2020-06-30": "", "2020-03-31": "", "2019-12-31": "", "2019-09-30": "", "2019-06-30": "", "2019-03-31": "", "2018-12-31": "", "2018-09-30": "", "2018-06-30": "", "2018-03-31": "", "2017-12-31": "", "2017-09-30": "", "2017-06-30": "", "2017-03-31": "", "2016-12-31": "", "2016-09-30": "", "2016-06-30": "", "2016-03-31": "", "2015-12-31": "", "2015-09-30": "", "2015-06-30": "", "2015-03-31": "", "2014-12-31": "", "2014-09-30": "", "2014-06-30": "", "2014-03-31": "", "2013-12-31": "", "2013-09-30": "", "2013-06-30": "", "2013-03-31": "", "2012-12-31": "", "2012-09-30": "", "2012-06-30": "", "2012-03-31": "", "2011-12-31": "", "2011-09-30": "", "2011-06-30": "", "2011-03-31": "", "2010-12-31": "", "2010-09-30": "", "2010-06-30": "", "2010-03-31": "", "2009-12-31": "", "2009-09-30": "", "2009-06-30": "", "2009-03-31": "", "2008-12-31": "", "2008-09-30": "", "2008-06-30": "", "2008-03-31": "", "2007-12-31": "", "2007-09-30": "", "2007-06-30": "", "2007-03-31": "", "2006-12-31": "", "2006-09-30": "", "2006-06-30": "", "2006-03-31": "", "2005-12-31": "", "2005-09-30": "", "2005-06-30": "", "2005-03-31": ""}, "Share Holder Equity": {"2020-09-30": "6594.30200", "2020-06-30": "6285.05100", "2020-03-31": "6169.54700", "2019-12-31": "6273.11200", "2019-09-30": "5558.98000", "2019-06-30": "5390.53000", "2019-03-31": "5204.21600", "2018-12-31": "5009.90200", "2018-09-30": "4772.39100", "2018-06-30": "4516.87100", "2018-03-31": "4418.67400", "2017-12-31": "4174.61400", "2017-09-30": "3851.83600", "2017-06-30": "3583.02600", "2017-03-31": "3258.23900", "2016-12-31": "3057.24500", "2016-09-30": "2981.50300", "2016-06-30": "2903.77000", "2016-03-31": "2866.69800", "2015-12-31": "2759.07000", "2015-09-30": "2589.52500", "2015-06-30": "2503.52800", "2015-03-31": "2305.02100", "2014-12-31": "2301.39800", "2014-09-30": "2182.83800", "2014-06-30": "2174.27500", "2014-03-31": "2028.25800", "2013-12-31": "1936.00600", "2013-09-30": "1836.30700", "2013-06-30": "1711.44900", "2013-03-31": "1705.78700", "2012-12-31": "1681.81200", "2012-09-30": "1519.10600", "2012-06-30": "1434.94200", "2012-03-31": "1402.34300", "2011-12-31": "1417.16300", "2011-09-30": "1358.06200", "2011-06-30": "1239.65800", "2011-03-31": "1149.14500", "2010-12-31": "1065.79500", "2010-09-30": "956.96400", "2010-06-30": "820.61000", "2010-03-31": "789.47500", "2009-12-31": "784.29500", "2009-09-30": "466.15600", "2009-06-30": "486.32000", "2009-03-31": "278.40300", "2008-12-31": "345.72300", "2008-09-30": "1054.10000", "2008-06-30": "1066.56800", "2008-03-31": "1019.96800", "2007-12-31": "988.54300", "2007-09-30": "1523.10600", "2007-06-30": "1368.99700", "2007-03-31": "1194.78200", "2006-12-31": "1181.64100", "2006-09-30": "1025.84200", "2006-06-30": "920.48200", "2006-03-31": "844.85900", "2005-12-31": "793.68500", "2005-09-30": "702.90600", "2005-06-30": "635.34600", "2005-03-31": "579.48300"}, "Total Liabilities And Share Holders Equity": {"2020-09-30": "16347.08000", "2020-06-30": "15700.41000", "2020-03-31": "15680.26000", "2019-12-31": "16197.20000", "2019-09-30": "15040.94000", "2019-06-30": "14719.13000", "2019-03-31": "14693.01000", "2018-12-31": "13456.79000", "2018-09-30": "12977.12000", "2018-06-30": "12535.46000", "2018-03-31": "11907.44000", "2017-12-31": "11718.40000", "2017-09-30": "11652.01000", "2017-06-30": "10606.22000", "2017-03-31": "9927.11200", "2016-12-31": "10779.59000", "2016-09-30": "10776.77000", "2016-06-30": "9922.57200", "2016-03-31": "9835.13500", "2015-12-31": "11017.94000", "2015-09-30": "9555.46400", "2015-06-30": "7460.25900", "2015-03-31": "7625.66000", "2014-12-31": "7568.01000", "2014-09-30": "7529.95400", "2014-06-30": "7471.77100", "2014-03-31": "6843.35800", "2013-12-31": "6998.41400", "2013-09-30": "6177.33500", "2013-06-30": "6348.28800", "2013-03-31": "6887.64000", "2012-12-31": "7809.54200", "2012-09-30": "6768.77700", "2012-06-30": "6576.39500", "2012-03-31": "6539.55700", "2011-12-31": "7219.14300", "2011-09-30": "6415.10300", "2011-06-30": "5282.73200", "2011-03-31": "4792.89800", "2010-12-31": "5121.56800", "2010-09-30": "5075.06300", "2010-06-30": "4931.05000", "2010-03-31": "4867.41500", "2009-12-31": "5039.40600", "2009-09-30": "4475.34400", "2009-06-30": "4418.97800", "2009-03-31": "4657.48100", "2008-12-31": "4726.41400", "2008-09-30": "6411.76600", "2008-06-30": "6439.50500", "2008-03-31": "6308.98800", "2007-12-31": "6242.57300", "2007-09-30": "6483.64100", "2007-06-30": "5950.03000", "2007-03-31": "5598.74200", "2006-12-31": "5944.63100", "2006-09-30": "2594.12600", "2006-06-30": "2397.07100", "2006-03-31": "2485.77900", "2005-12-31": "2815.67200", "2005-09-30": "2380.70100", "2005-06-30": "2241.56600", "2005-03-31": "2000.26500"}}, "cash flow statement": {"Net Income/Loss": {"2019-12-31": "1291.45000", "2018-12-31": "1065.94800", "2017-12-31": "703.57600", "2016-12-31": "585.17000", "2015-12-31": "558.87700", "2014-12-31": "513.50300", "2013-12-31": "348.79500", "2012-12-31": "304.78700", "2011-12-31": "290.32500", "2010-12-31": "156.00900", "2009-12-31": "-27.63800", "2008-12-31": "-1049.74100", "2007-12-31": "405.05400", "2006-12-31": "318.57100", "2005-12-31": "217.34100"}, "Total Depreciation And Amortization - Cash Flow": {"2019-12-31": "537.67300", "2018-12-31": "487.16300", "2017-12-31": "416.89700", "2016-12-31": "377.86200", "2015-12-31": "326.40700", "2014-12-31": "278.25600", "2013-12-31": "327.74700", "2012-12-31": "200.24900", "2011-12-31": "124.38300", "2010-12-31": "137.97500", "2009-12-31": "137.85700", "2008-12-31": "1273.97700", "2007-12-31": "121.65200", "2006-12-31": "87.69000", "2005-12-31": "52.11900"}, "Other Non-Cash Items": {"2019-12-31": "-87.65740", "2018-12-31": "-166.52410", "2017-12-31": "-144.48030", "2016-12-31": "-185.07740", "2015-12-31": "-249.49610", "2014-12-31": "-212.69900", "2013-12-31": "-110.10700", "2012-12-31": "-65.03000", "2011-12-31": "-24.60300", "2010-12-31": "-1.95300", "2009-12-31": "98.71900", "2008-12-31": "173.75900", "2007-12-31": "495.04300", "2006-12-31": "-10.76200", "2005-12-31": "21.49300"}, "Total Non-Cash Items": {"2019-12-31": "450.01560", "2018-12-31": "320.63890", "2017-12-31": "272.41670", "2016-12-31": "192.78460", "2015-12-31": "76.91090", "2014-12-31": "65.55700", "2013-12-31": "217.64000", "2012-12-31": "135.21900", "2011-12-31": "99.78000", "2010-12-31": "136.02200", "2009-12-31": "236.57600", "2008-12-31": "1447.73600", "2007-12-31": "616.69500", "2006-12-31": "76.92800", "2005-12-31": "73.61200"}, "Change In Accounts Receivable": {"2019-12-31": "-824.49000", "2018-12-31": "-773.36100", "2017-12-31": "-534.19000", "2016-12-31": "-336.34200", "2015-12-31": "-230.30700", "2014-12-31": "-307.97900", "2013-12-31": "-76.94600", "2012-12-31": "-142.78600", "2011-12-31": "-123.66900", "2010-12-31": "-180.12900", "2009-12-31": "-13.37900", "2008-12-31": "230.47900", "2007-12-31": "-138.96500", "2006-12-31": "-188.70800", "2005-12-31": "-93.13500"}, "Change In Inventories": {"2019-12-31": "34.77600", "2018-12-31": "-4.58600", "2017-12-31": "2.47200", "2016-12-31": "", "2015-12-31": "", "2014-12-31": "47.27600", "2013-12-31": "168.13300", "2012-12-31": "-0.75900", "2011-12-31": "84.73100", "2010-12-31": "26.45700", "2009-12-31": "2.94600", "2008-12-31": "7.86500", "2007-12-31": "-114.71400", "2006-12-31": "66.91300", "2005-12-31": ""}, "Change In Accounts Payable": {"2019-12-31": "306.67700", "2018-12-31": "273.78200", "2017-12-31": "159.14500", "2016-12-31": "15.38200", "2015-12-31": "177.56700", "2014-12-31": "31.52600", "2013-12-31": "40.20000", "2012-12-31": "43.47500", "2011-12-31": "-62.85000", "2010-12-31": "45.14500", "2009-12-31": "-11.30600", "2008-12-31": "-102.98400", "2007-12-31": "-53.20100", "2006-12-31": "71.21400", "2005-12-31": "66.34400"}, "Change In Assets/Liabilities": {"2019-12-31": "291.84400", "2018-12-31": "345.49100", "2017-12-31": "217.26100", "2016-12-31": "229.51900", "2015-12-31": "78.06000", "2014-12-31": "372.79800", "2013-12-31": "62.27600", "2012-12-31": "-15.53700", "2011-12-31": "84.08200", "2010-12-31": "289.24800", "2009-12-31": "-46.45900", "2008-12-31": "-581.79900", "2007-12-31": "70.87400", "2006-12-31": "82.58800", "2005-12-31": "9.86900"}, "Total Change In Assets/Liabilities": {"2019-12-31": "-465.62900", "2018-12-31": "-205.74800", "2017-12-31": "-47.16100", "2016-12-31": "-97.77500", "2015-12-31": "68.40500", "2014-12-31": "100.42700", "2013-12-31": "196.74000", "2012-12-31": "-143.33600", "2011-12-31": "-22.59700", "2010-12-31": "322.81100", "2009-12-31": "4.07800", "2008-12-31": "-526.38700", "2007-12-31": "-374.10000", "2006-12-31": "34.44700", "2005-12-31": "69.77400"}, "Cash Flow From Operating Activities": {"2019-12-31": "1223.38000", "2018-12-31": "1131.24900", "2017-12-31": "894.41100", "2016-12-31": "616.98500", "2015-12-31": "651.89700", "2014-12-31": "661.78000", "2013-12-31": "745.10800", "2012-12-31": "291.08100", "2011-12-31": "361.21900", "2010-12-31": "616.58700", "2009-12-31": "213.64500", "2008-12-31": "-130.37300", "2007-12-31": "648.21000", "2006-12-31": "430.04400", "2005-12-31": "359.65600"}, "Net Change In Property, Plant, And Equipment": {"2019-12-31": "-293.51400", "2018-12-31": "-227.80300", "2017-12-31": "-178.04200", "2016-12-31": "-191.20500", "2015-12-31": "-139.46400", "2014-12-31": "-171.24200", "2013-12-31": "-156.35800", "2012-12-31": "-150.23200", "2011-12-31": "-147.98000", "2010-12-31": "-68.46400", "2009-12-31": "-28.20000", "2008-12-31": "-51.47100", "2007-12-31": "-92.95500", "2006-12-31": "-55.29800", "2005-12-31": "-37.75100"}, "Net Change In Intangible Assets": {"2019-12-31": "", "2018-12-31": "", "2017-12-31": "", "2016-12-31": "", "2015-12-31": "", "2014-12-31": "25.54100", "2013-12-31": "32.01600", "2012-12-31": "40.20600", "2011-12-31": "27.03500", "2010-12-31": "28.94400", "2009-12-31": "12.28300", "2008-12-31": "29.15600", "2007-12-31": "32.50400", "2006-12-31": "8.04100", "2005-12-31": "3.64900"}, "Net Acquisitions/Divestitures": {"2019-12-31": "-355.92600", "2018-12-31": "-322.57300", "2017-12-31": "-118.42700", "2016-12-31": "-21.07700", "2015-12-31": "-1582.76900", "2014-12-31": "-147.05700", "2013-12-31": "-504.14700", "2012-12-31": "-52.57800", "2011-12-31": "-630.68500", "2010-12-31": "-70.39000", "2009-12-31": "-30.67000", "2008-12-31": "-239.92600", "2007-12-31": "-184.95600", "2006-12-31": "-1784.91300", "2005-12-31": "-75.69400"}, "Net Change In Short-term Investments": {"2019-12-31": "", "2018-12-31": "", "2017-12-31": "", "2016-12-31": "", "2015-12-31": "2.28500", "2014-12-31": "-1.67100", "2013-12-31": "4.57700", "2012-12-31": "-4.60400", "2011-12-31": "-3.80200", "2010-12-31": "", "2009-12-31": "", "2008-12-31": "", "2007-12-31": "", "2006-12-31": "", "2005-12-31": ""}, "Net Change In Long-Term Investments": {"2019-12-31": "-0.57600", "2018-12-31": "-22.65600", "2017-12-31": "-3.48700", "2016-12-31": "41.71600", "2015-12-31": "3.58400", "2014-12-31": "66.31700", "2013-12-31": "110.68200", "2012-12-31": "54.62400", "2011-12-31": "216.20500", "2010-12-31": "59.95300", "2009-12-31": "-23.24800", "2008-12-31": "-128.48700", "2007-12-31": "-178.70400", "2006-12-31": "", "2005-12-31": ""}, "Net Change In Investments - Total": {"2019-12-31": "-0.57600", "2018-12-31": "-22.65600", "2017-12-31": "-3.48700", "2016-12-31": "41.71600", "2015-12-31": "5.86900", "2014-12-31": "64.64600", "2013-12-31": "115.25900", "2012-12-31": "50.02000", "2011-12-31": "212.40300", "2010-12-31": "59.95300", "2009-12-31": "-23.24800", "2008-12-31": "-128.48700", "2007-12-31": "-178.70400", "2006-12-31": "", "2005-12-31": ""}, "Investing Activities - Other": {"2019-12-31": "-71.00800", "2018-12-31": "12.34800", "2017-12-31": "-2.64400", "2016-12-31": "20.04200", "2015-12-31": "97.40500", "2014-12-31": "76.55600", "2013-12-31": "48.23600", "2012-12-31": "-85.08700", "2011-12-31": "58.97200", "2010-12-31": "-12.54600", "2009-12-31": "-49.52700", "2008-12-31": "-28.28100", "2007-12-31": "139.69000", "2006-12-31": "-229.76300", "2005-12-31": "-5.71300"}, "Cash Flow From Investing Activities": {"2019-12-31": "-721.02400", "2018-12-31": "-560.68400", "2017-12-31": "-302.60000", "2016-12-31": "-150.52400", "2015-12-31": "-1618.95900", "2014-12-31": "-151.55600", "2013-12-31": "-464.99400", "2012-12-31": "-197.67100", "2011-12-31": "-480.25500", "2010-12-31": "-62.50300", "2009-12-31": "-119.36200", "2008-12-31": "-419.00900", "2007-12-31": "-284.42100", "2006-12-31": "-2061.93300", "2005-12-31": "-115.50900"}, "Net Long-Term Debt": {"2019-12-31": "-110.68700", "2018-12-31": "-293.54980", "2017-12-31": "-551.87600", "2016-12-31": "-149.29490", "2015-12-31": "851.55690", "2014-12-31": "-183.11400", "2013-12-31": "-704.38890", "2012-12-31": "-90.55900", "2011-12-31": "833.57520", "2010-12-31": "-768.95290", "2009-12-31": "58.03800", "2008-12-31": "204.18990", "2007-12-31": "138.87900", "2006-12-31": "1401.02800", "2005-12-31": "-54.50000"}, "Net Current Debt": {"2019-12-31": "", "2018-12-31": "", "2017-12-31": "", "2016-12-31": "", "2015-12-31": "", "2014-12-31": "", "2013-12-31": "", "2012-12-31": "", "2011-12-31": "", "2010-12-31": "-6.04800", "2009-12-31": "-4.31000", "2008-12-31": "-44.56300", "2007-12-31": "33.52500", "2006-12-31": "-8.62600", "2005-12-31": "-2.53300"}, "Debt Issuance/Retirement Net - Total": {"2019-12-31": "-110.68700", "2018-12-31": "-293.54980", "2017-12-31": "-551.87600", "2016-12-31": "-149.29490", "2015-12-31": "851.55690", "2014-12-31": "-183.11400", "2013-12-31": "-704.38890", "2012-12-31": "-90.55900", "2011-12-31": "833.57520", "2010-12-31": "-775.00090", "2009-12-31": "53.72800", "2008-12-31": "159.62690", "2007-12-31": "172.40400", "2006-12-31": "1392.40200", "2005-12-31": "-57.03300"}, "Net Common Equity Issued/Repurchased": {"2019-12-31": "-163.56300", "2018-12-31": "-190.42000", "2017-12-31": "-29.54900", "2016-12-31": "-27.42600", "2015-12-31": "-24.52300", "2014-12-31": "-10.48200", "2013-12-31": "-10.84800", "2012-12-31": "20.32400", "2011-12-31": "7.13600", "2010-12-31": "2.40100", "2009-12-31": "455.61600", "2008-12-31": "210.72600", "2007-12-31": "-623.13300", "2006-12-31": "15.57200", "2005-12-31": "11.45000"}, "Net Total Equity Issued/Repurchased": {"2019-12-31": "-163.56300", "2018-12-31": "-190.42000", "2017-12-31": "-29.54900", "2016-12-31": "-27.42600", "2015-12-31": "-24.52300", "2014-12-31": "-10.48200", "2013-12-31": "-10.84800", "2012-12-31": "20.32400", "2011-12-31": "7.13600", "2010-12-31": "2.40100", "2009-12-31": "455.61600", "2008-12-31": "210.72600", "2007-12-31": "-623.13300", "2006-12-31": "15.57200", "2005-12-31": "11.45000"}, "Total Common And Preferred Stock Dividends Paid": {"2019-12-31": "", "2018-12-31": "", "2017-12-31": "", "2016-12-31": "", "2015-12-31": "", "2014-12-31": "", "2013-12-31": "", "2012-12-31": "", "2011-12-31": "", "2010-12-31": "", "2009-12-31": "", "2008-12-31": "", "2007-12-31": "", "2006-12-31": "", "2005-12-31": ""}, "Financial Activities - Other": {"2019-12-31": "2.30100", "2018-12-31": "-22.63000", "2017-12-31": "-46.31700", "2016-12-31": "-43.95600", "2015-12-31": "-37.48600", "2014-12-31": "-38.47300", "2013-12-31": "-151.04400", "2012-12-31": "-30.45400", "2011-12-31": "-129.38600", "2010-12-31": "-11.62200", "2009-12-31": "-32.57600", "2008-12-31": "3.60600", "2007-12-31": "173.47600", "2006-12-31": "11.58600", "2005-12-31": "-1.68900"}, "Cash Flow From Financial Activities": {"2019-12-31": "-271.94900", "2018-12-31": "-506.60000", "2017-12-31": "-627.74200", "2016-12-31": "-220.67700", "2015-12-31": "789.54800", "2014-12-31": "-232.06900", "2013-12-31": "-866.28100", "2012-12-31": "-100.68900", "2011-12-31": "711.32500", "2010-12-31": "-784.22200", "2009-12-31": "476.76800", "2008-12-31": "373.95900", "2007-12-31": "-277.25300", "2006-12-31": "1419.56000", "2005-12-31": "-47.27200"}, "Net Cash Flow": {"2019-12-31": "229.80100", "2018-12-31": "39.12500", "2017-12-31": "-6.59300", "2016-12-31": "218.24500", "2015-12-31": "-200.48100", "2014-12-31": "248.97200", "2013-12-31": "-597.38500", "2012-12-31": "-3.88500", "2011-12-31": "586.60800", "2010-12-31": "-234.98300", "2009-12-31": "582.73400", "2008-12-31": "-184.05100", "2007-12-31": "98.39800", "2006-12-31": "-204.81300", "2005-12-31": "192.39300"}, "Stock-Based Compensation": {"2019-12-31": "127.73800", "2018-12-31": "128.17100", "2017-12-31": "93.08700", "2016-12-31": "63.48400", "2015-12-31": "74.70900", "2014-12-31": "59.75700", "2013-12-31": "48.42900", "2012-12-31": "51.71200", "2011-12-31": "44.32700", "2010-12-31": "46.80100", "2009-12-31": "37.92500", "2008-12-31": "29.81200", "2007-12-31": "35.54600", "2006-12-31": "11.88900", "2005-12-31": "5.46300"}, "Common Stock Dividends Paid": {"2019-12-31": "", "2018-12-31": "", "2017-12-31": "", "2016-12-31": "", "2015-12-31": "", "2014-12-31": "", "2013-12-31": "", "2012-12-31": "", "2011-12-31": "", "2010-12-31": "", "2009-12-31": "", "2008-12-31": "", "2007-12-31": "", "2006-12-31": "", "2005-12-31": ""}}, "cash flow statement, quarterly": {"Net Income/Loss": {"2020-09-30": 184.84, "2020-06-30": 82.112, "2020-03-31": "173.53000", "2019-12-31": 639.133, "2019-09-30": 258.053, "2019-06-30": 223.438, "2019-03-31": "170.82600", "2018-12-31": 394.503, "2018-09-30": 291.689, "2018-06-30": 229.631, "2018-03-31": "150.12500", "2017-12-31": 161.51, "2017-09-30": 200.132, "2017-06-30": 203.008, "2017-03-31": "138.92600", "2016-12-31": 266.232, "2016-09-30": 110.853, "2016-06-30": 123.445, "2016-03-31": "84.64000", "2015-12-31": 182.595, "2015-09-30": 149.991, "2015-06-30": 133.153, "2015-03-31": "93.13800", "2014-12-31": 205.67, "2014-09-30": 109.692, "2014-06-30": 130.199, "2014-03-31": "67.94200", "2013-12-31": 118.54, "2013-09-30": 94.166, "2013-06-30": 74.234, "2013-03-31": "61.85500", "2012-12-31": 156.537, "2012-09-30": 42.705, "2012-06-30": 75.599, "2012-03-31": "29.94600", "2011-12-31": 110.939, "2011-09-30": 60.033, "2011-06-30": 74.867, "2011-03-31": "44.48600", "2010-12-31": 71.795, "2010-09-30": 55.715, "2010-06-30": 44.686, "2010-03-31": "-16.18700", "2009-12-31": 51.13, "2009-09-30": -10.643, "2009-06-30": -13.706, "2009-03-31": "-54.41900", "2008-12-31": -1135.275, "2008-09-30": 56.124, "2008-06-30": 14.081, "2008-03-31": "15.32900", "2007-12-31": 136.995, "2007-09-30": 114.947, "2007-06-30": 141.135, "2007-03-31": "11.97700", "2006-12-31": 125.098, "2006-09-30": 92.309, "2006-06-30": 64.254, "2006-03-31": "36.91000", "2005-12-31": 95.412, "2005-09-30": 56.936, "2005-06-30": 50.421, "2005-03-31": "14.57200"}, "Total Depreciation And Amortization - Cash Flow": {"2020-09-30": 129.275, "2020-06-30": 193.136, "2020-03-31": "115.29500", "2019-12-31": 117.578, "2019-09-30": 113.051, "2019-06-30": 197.046, "2019-03-31": "109.99800", "2018-12-31": 118.71, "2018-09-30": 115.243, "2018-06-30": 115.312, "2018-03-31": "137.89800", "2017-12-31": 112.512, "2017-09-30": 105.05, "2017-06-30": 102.859, "2017-03-31": "96.47600", "2016-12-31": 99.573, "2016-09-30": 95.823, "2016-06-30": 92.824, "2016-03-31": "89.64200", "2015-12-31": 101.206, "2015-09-30": 77.486, "2015-06-30": 72.922, "2015-03-31": "74.79300", "2014-12-31": 71.427, "2014-09-30": 74.686, "2014-06-30": 65.124, "2014-03-31": "67.01900", "2013-12-31": 152.972, "2013-09-30": 49.299, "2013-06-30": 63.33, "2013-03-31": "62.14600", "2012-12-31": 48.393, "2012-09-30": 61.689, "2012-06-30": 41.366, "2012-03-31": "48.80100", "2011-12-31": 38.846, "2011-09-30": 33.208, "2011-06-30": 27.109, "2011-03-31": "25.22000", "2010-12-31": 49.953, "2010-09-30": 28.618, "2010-06-30": 30.292, "2010-03-31": "29.11200", "2009-12-31": 28.004, "2009-09-30": 26.834, "2009-06-30": 25.957, "2009-03-31": "57.06200", "2008-12-31": 1190.571, "2008-09-30": 27.729, "2008-06-30": 27.225, "2008-03-31": "28.45200", "2007-12-31": 32.579, "2007-09-30": 30.45, "2007-06-30": 29.461, "2007-03-31": "29.16200", "2006-12-31": 29.614, "2006-09-30": 15.392, "2006-06-30": 26.488, "2006-03-31": "16.19600", "2005-12-31": 13.928, "2005-09-30": 13.082, "2005-06-30": 12.499, "2005-03-31": "12.61000"}, "Other Non-Cash Items": {"2020-09-30": 1.5554, "2020-06-30": -59.6828, "2020-03-31": "71.90390", "2019-12-31": -419.9034, "2019-09-30": 380.2563, "2019-06-30": -105.2812, "2019-03-31": "57.27090", "2018-12-31": -79.7171, "2018-09-30": -94.5192, "2018-06-30": -16.1418, "2018-03-31": "23.85400", "2017-12-31": -67.1533, "2017-09-30": -61.0739, "2017-06-30": 19.5698, "2017-03-31": "-35.82290", "2016-12-31": 56.4393, "2016-09-30": -139.0267, "2016-06-30": -20.935, "2016-03-31": "-81.55500", "2015-12-31": -119.4021, "2015-09-30": -44.124, "2015-06-30": -41.922, "2015-03-31": "-44.04800", "2014-12-31": -141.634, "2014-09-30": -10.821, "2014-06-30": -39.122, "2014-03-31": "-21.12200", "2013-12-31": -32.458, "2013-09-30": -46.182, "2013-06-30": 11.656, "2013-03-31": "-43.12300", "2012-12-31": -16.625, "2012-09-30": 80.421, "2012-06-30": -71.768, "2012-03-31": "-57.05800", "2011-12-31": 45.121, "2011-09-30": -29.634, "2011-06-30": -7.994, "2011-03-31": "-32.09600", "2010-12-31": 4.313, "2010-09-30": -15.813, "2010-06-30": -10.018, "2010-03-31": "19.56500", "2009-12-31": 31.14, "2009-09-30": 31.82, "2009-06-30": 12.551, "2009-03-31": "23.20800", "2008-12-31": 72.514, "2008-09-30": 20.557, "2008-06-30": 47.117, "2008-03-31": "33.57100", "2007-12-31": 380.921, "2007-09-30": 35.547, "2007-06-30": 15.335, "2007-03-31": "63.24000", "2006-12-31": -3.218, "2006-09-30": -17.14, "2006-06-30": 16.965, "2006-03-31": "-7.36900", "2005-12-31": 2.176, "2005-09-30": 10.168, "2005-06-30": 8.468, "2005-03-31": "0.68100"}, "Total Non-Cash Items": {"2020-09-30": 130.8304, "2020-06-30": 133.4532, "2020-03-31": "187.19890", "2019-12-31": -302.3253, "2019-09-30": 493.3071, "2019-06-30": 91.7649, "2019-03-31": "167.26890", "2018-12-31": 38.9929, "2018-09-30": 20.7238, "2018-06-30": 99.1702, "2018-03-31": "161.75200", "2017-12-31": 45.3587, "2017-09-30": 43.9761, "2017-06-30": 122.4288, "2017-03-31": "60.65310", "2016-12-31": 156.0123, "2016-09-30": -43.2037, "2016-06-30": 71.889, "2016-03-31": "8.08700", "2015-12-31": -18.1961, "2015-09-30": 33.362, "2015-06-30": 31, "2015-03-31": "30.74500", "2014-12-31": -70.207, "2014-09-30": 63.865, "2014-06-30": 26.002, "2014-03-31": "45.89700", "2013-12-31": 120.514, "2013-09-30": 3.117, "2013-06-30": 74.986, "2013-03-31": "19.02300", "2012-12-31": 31.768, "2012-09-30": 142.11, "2012-06-30": -30.402, "2012-03-31": "-8.25700", "2011-12-31": 83.967, "2011-09-30": 3.574, "2011-06-30": 19.115, "2011-03-31": "-6.87600", "2010-12-31": 54.266, "2010-09-30": 12.805, "2010-06-30": 20.274, "2010-03-31": "48.67700", "2009-12-31": 59.144, "2009-09-30": 58.654, "2009-06-30": 38.508, "2009-03-31": "80.27000", "2008-12-31": 1263.085, "2008-09-30": 48.286, "2008-06-30": 74.342, "2008-03-31": "62.02300", "2007-12-31": 413.5, "2007-09-30": 65.997, "2007-06-30": 44.796, "2007-03-31": "92.40200", "2006-12-31": 26.396, "2006-09-30": -1.748, "2006-06-30": 43.453, "2006-03-31": "8.82700", "2005-12-31": 16.104, "2005-09-30": 23.25, "2005-06-30": 20.967, "2005-03-31": "13.29100"}, "Change In Accounts Receivable": {"2020-09-30": 610.058, "2020-06-30": -52.796, "2020-03-31": "52.79600", "2019-12-31": -179.904, "2019-09-30": -644.586, "2019-06-30": 168.862, "2019-03-31": "-168.86200", "2018-12-31": -773.361, "2018-09-30": 197.768, "2018-06-30": -197.768, "2018-03-31": "", "2017-12-31": -534.19, "2017-09-30": -15.995, "2017-06-30": -125.742, "2017-03-31": "141.73700", "2016-12-31": -382.631, "2016-09-30": -25.377, "2016-06-30": -74.31, "2016-03-31": "145.97600", "2015-12-31": -227.285, "2015-09-30": -116.791, "2015-06-30": -41.805, "2015-03-31": "155.57400", "2014-12-31": -169.042, "2014-09-30": -14.979, "2014-06-30": -202.127, "2014-03-31": "78.16900", "2013-12-31": -106.438, "2013-09-30": 17.276, "2013-06-30": -33.727, "2013-03-31": "45.94300", "2012-12-31": -140.441, "2012-09-30": -19.355, "2012-06-30": -35.3, "2012-03-31": "52.31000", "2011-12-31": -87.859, "2011-09-30": -39.941, "2011-06-30": -84.871, "2011-03-31": "89.00200", "2010-12-31": -128.861, "2010-09-30": -56.229, "2010-06-30": -38.637, "2010-03-31": "43.59800", "2009-12-31": -113.789, "2009-09-30": -6.227, "2009-06-30": -13.951, "2009-03-31": "120.58800", "2008-12-31": 11.348, "2008-09-30": 61.985, "2008-06-30": 13.476, "2008-03-31": "143.67000", "2007-12-31": -120.904, "2007-09-30": -10.66, "2007-06-30": -120.626, "2007-03-31": "113.22500", "2006-12-31": -178.892, "2006-09-30": -28.999, "2006-06-30": -40.158, "2006-03-31": "59.34100", "2005-12-31": -121.35, "2005-09-30": -32.441, "2005-06-30": -32.898, "2005-03-31": "93.55400"}, "Change In Inventories": {"2020-09-30": -68.879, "2020-06-30": -7.041, "2020-03-31": "7.74200", "2019-12-31": 38.132, "2019-09-30": 0, "2019-06-30": 0, "2019-03-31": "-3.35600", "2018-12-31": -4.586, "2018-09-30": 0, "2018-06-30": 0, "2018-03-31": "", "2017-12-31": -8.312, "2017-09-30": 10.784, "2017-06-30": 0, "2017-03-31": "", "2016-12-31": -2.87, "2016-09-30": 2.87, "2016-06-30": 0, "2016-03-31": "", "2015-12-31": 11.542, "2015-09-30": -11.542, "2015-06-30": 0, "2015-03-31": "", "2014-12-31": 47.276, "2014-09-30": -4.438, "2014-06-30": 5.959, "2014-03-31": "-1.52100", "2013-12-31": 37.59, "2013-09-30": -3.133, "2013-06-30": 57.786, "2013-03-31": "75.89000", "2012-12-31": 7.878, "2012-09-30": 0.741, "2012-06-30": -6.84, "2012-03-31": "-2.53800", "2011-12-31": 59.229, "2011-09-30": -7.023, "2011-06-30": 28.161, "2011-03-31": "4.36400", "2010-12-31": 3.126, "2010-09-30": 34.199, "2010-06-30": -6.756, "2010-03-31": "-4.11200", "2009-12-31": 5.62, "2009-09-30": 6.702, "2009-06-30": -1.596, "2009-03-31": "-7.78000", "2008-12-31": 10.198, "2008-09-30": 74.062, "2008-06-30": -35.368, "2008-03-31": "-41.02700", "2007-12-31": 60.992, "2007-09-30": -68.271, "2007-06-30": -109.574, "2007-03-31": "2.13900", "2006-12-31": 66.913, "2006-09-30": 0, "2006-06-30": 0, "2006-03-31": "", "2005-12-31": 0, "2005-09-30": 0, "2005-06-30": 0, "2005-03-31": ""}, "Change In Accounts Payable": {"2020-09-30": 1.571, "2020-06-30": -95.667, "2020-03-31": "-34.59700", "2019-12-31": 147.969, "2019-09-30": -4.794, "2019-06-30": 197.484, "2019-03-31": "-33.98200", "2018-12-31": 188.134, "2018-09-30": 76.105, "2018-06-30": 155.764, "2018-03-31": "-146.22100", "2017-12-31": 237.84, "2017-09-30": 36.593, "2017-06-30": 80.329, "2017-03-31": "-195.61700", "2016-12-31": 140.853, "2016-09-30": -13.772, "2016-06-30": 36.617, "2016-03-31": "-148.31600", "2015-12-31": 173.077, "2015-09-30": 14.257, "2015-06-30": 37.028, "2015-03-31": "-46.79500", "2014-12-31": 76.069, "2014-09-30": 18.396, "2014-06-30": 7.84, "2014-03-31": "-70.77900", "2013-12-31": 84.722, "2013-09-30": -29.624, "2013-06-30": -38.732, "2013-03-31": "23.83400", "2012-12-31": 91.465, "2012-09-30": -0.535, "2012-06-30": 4.036, "2012-03-31": "-51.49100", "2011-12-31": -30.379, "2011-09-30": 2.484, "2011-06-30": -9.549, "2011-03-31": "-25.40600", "2010-12-31": 41.036, "2010-09-30": 27.846, "2010-06-30": -2.747, "2010-03-31": "-20.99000", "2009-12-31": 31.537, "2009-09-30": 17.944, "2009-06-30": 8.165, "2009-03-31": "-68.95200", "2008-12-31": 12.294, "2008-09-30": -153.595, "2008-06-30": 111.334, "2008-03-31": "-73.01700", "2007-12-31": 40.101, "2007-09-30": 13.097, "2007-06-30": 7.262, "2007-03-31": "-113.66100", "2006-12-31": 100.949, "2006-09-30": 22.148, "2006-06-30": -2.324, "2006-03-31": "-49.55900", "2005-12-31": 62.479, "2005-09-30": 32.361, "2005-06-30": -12, "2005-03-31": "-16.49600"}, "Change In Assets/Liabilities": {"2020-09-30": -10.376, "2020-06-30": 65.394, "2020-03-31": "-605.95000", "2019-12-31": 863.143, "2019-09-30": 416.445, "2019-06-30": -477.339, "2019-03-31": "-510.40500", "2018-12-31": 850.572, "2018-09-30": -8.789, "2018-06-30": -83.232, "2018-03-31": "-413.06000", "2017-12-31": 507.009, "2017-09-30": 194.67, "2017-06-30": -5.13, "2017-03-31": "-479.28800", "2016-12-31": 449.064, "2016-09-30": 162.019, "2016-06-30": 2.598, "2016-03-31": "-384.16200", "2015-12-31": 374.117, "2015-09-30": 106.769, "2015-06-30": 5.494, "2015-03-31": "-408.32000", "2014-12-31": 456.635, "2014-09-30": 150.603, "2014-06-30": 91.068, "2014-03-31": "-325.50800", "2013-12-31": 253.738, "2013-09-30": 42.822, "2013-06-30": 38.191, "2013-03-31": "-272.47500", "2012-12-31": 216.526, "2012-09-30": -67.47, "2012-06-30": 109.035, "2012-03-31": "-273.62800", "2011-12-31": 97.545, "2011-09-30": 247.257, "2011-06-30": -72.844, "2011-03-31": "-187.87600", "2010-12-31": 209.823, "2010-09-30": 159.382, "2010-06-30": -25.29, "2010-03-31": "-54.66700", "2009-12-31": 99.08, "2009-09-30": 68.312, "2009-06-30": -144.592, "2009-03-31": "-69.25900", "2008-12-31": -96.178, "2008-09-30": 80.677, "2008-06-30": -187.441, "2008-03-31": "-378.85700", "2007-12-31": -139.162, "2007-09-30": 85.799, "2007-06-30": 89.889, "2007-03-31": "34.34800", "2006-12-31": 179.174, "2006-09-30": 37.767, "2006-06-30": 64.491, "2006-03-31": "-198.84400", "2005-12-31": 111.023, "2005-09-30": 35.718, "2005-06-30": 30.714, "2005-03-31": "-167.58600"}, "Total Change In Assets/Liabilities": {"2020-09-30": 525.749, "2020-06-30": -73.358, "2020-03-31": "-471.40000", "2019-12-31": 727.487, "2019-09-30": -268.258, "2019-06-30": -196.909, "2019-03-31": "-727.94900", "2018-12-31": 235.327, "2018-09-30": 285.272, "2018-06-30": -171.734, "2018-03-31": "-554.61300", "2017-12-31": 321.129, "2017-09-30": 262.805, "2017-06-30": -111.12, "2017-03-31": "-519.97500", "2016-12-31": 264.671, "2016-09-30": 112.246, "2016-06-30": -54.031, "2016-03-31": "-420.66100", "2015-12-31": 379.12, "2015-09-30": 2.234, "2015-06-30": -13.852, "2015-03-31": "-299.09700", "2014-12-31": 467.616, "2014-09-30": 121.841, "2014-06-30": -110.047, "2014-03-31": "-378.98300", "2013-12-31": 278.517, "2013-09-30": 61.795, "2013-06-30": 14.803, "2013-03-31": "-158.37500", "2012-12-31": 229.225, "2012-09-30": -105.618, "2012-06-30": 54.199, "2012-03-31": "-321.14200", "2011-12-31": 64.094, "2011-09-30": 200.573, "2011-06-30": -135.677, "2011-03-31": "-151.58700", "2010-12-31": 164.178, "2010-09-30": 154.991, "2010-06-30": 27.997, "2010-03-31": "-24.35500", "2009-12-31": 41.451, "2009-09-30": 88.174, "2009-06-30": -89.191, "2009-03-31": "-36.35600", "2008-12-31": -26.771, "2008-09-30": 45.821, "2008-06-30": -151.284, "2008-03-31": "-394.15300", "2007-12-31": -191.656, "2007-09-30": -54.458, "2007-06-30": -135.254, "2007-03-31": "7.26800", "2006-12-31": 191.809, "2006-09-30": 73.635, "2006-06-30": -0.626, "2006-03-31": "-230.37100", "2005-12-31": 111.923, "2005-09-30": 45.499, "2005-06-30": -2.317, "2005-03-31": "-85.33100"}, "Cash Flow From Operating Activities": {"2020-09-30": 854.579, "2020-06-30": 142.344, "2020-03-31": "-136.28100", "2019-12-31": 1048.631, "2019-09-30": 468.033, "2019-06-30": 99.291, "2019-03-31": "-392.57500", "2018-12-31": 628.938, "2018-09-30": 594.373, "2018-06-30": 157.896, "2018-03-31": "-249.95800", "2017-12-31": 508.818, "2017-09-30": 503.03, "2017-06-30": 203.961, "2017-03-31": "-321.39800", "2016-12-31": 670.174, "2016-09-30": 156.828, "2016-06-30": 118.623, "2016-03-31": "-328.64000", "2015-12-31": 509.487, "2015-09-30": 184.601, "2015-06-30": 137.659, "2015-03-31": "-179.85000", "2014-12-31": 593.302, "2014-09-30": 292.462, "2014-06-30": 45.982, "2014-03-31": "-269.96600", "2013-12-31": 510.468, "2013-09-30": 149.969, "2013-06-30": 164.557, "2013-03-31": "-79.88600", "2012-12-31": 411.017, "2012-09-30": 81.723, "2012-06-30": 97.29, "2012-03-31": "-298.94900", "2011-12-31": 257.095, "2011-09-30": 260.514, "2011-06-30": -42.508, "2011-03-31": "-113.88200", "2010-12-31": 291.663, "2010-09-30": 223.917, "2010-06-30": 93.916, "2010-03-31": "7.09100", "2009-12-31": 160.194, "2009-09-30": 136.17, "2009-06-30": -71.245, "2009-03-31": "-11.47400", "2008-12-31": 100.972, "2008-09-30": 148.722, "2008-06-30": -63.203, "2008-03-31": "-316.86400", "2007-12-31": 358.785, "2007-09-30": 126.503, "2007-06-30": 51.045, "2007-03-31": "111.87700", "2006-12-31": 343.633, "2006-09-30": 163.881, "2006-06-30": 107.288, "2006-03-31": "-184.75800", "2005-12-31": 222.876, "2005-09-30": 125.579, "2005-06-30": 68.846, "2005-03-31": "-57.64500"}, "Net Change In Property, Plant, And Equipment": {"2020-09-30": -56.397, "2020-06-30": -71.908, "2020-03-31": "-62.24100", "2019-12-31": -97.483, "2019-09-30": -71.809, "2019-06-30": -67.243, "2019-03-31": "-56.97900", "2018-12-31": -75.91, "2018-09-30": -44.411, "2018-06-30": -60.758, "2018-03-31": "-46.72400", "2017-12-31": -76.436, "2017-09-30": -41.743, "2017-06-30": -36.128, "2017-03-31": "-23.73500", "2016-12-31": -56.848, "2016-09-30": -55.299, "2016-06-30": -45.59, "2016-03-31": "-33.46800", "2015-12-31": -54.14, "2015-09-30": -34.936, "2015-06-30": -31.76, "2015-03-31": "-18.62800", "2014-12-31": -78.624, "2014-09-30": -39.013, "2014-06-30": -39.952, "2014-03-31": "-13.65300", "2013-12-31": -77.615, "2013-09-30": -39.191, "2013-06-30": -30.737, "2013-03-31": "-8.81500", "2012-12-31": -69.645, "2012-09-30": -41.882, "2012-06-30": -30.619, "2012-03-31": "-8.08600", "2011-12-31": -52.582, "2011-09-30": -48.25, "2011-06-30": -33.526, "2011-03-31": "-13.62200", "2010-12-31": -50.579, "2010-09-30": -10.724, "2010-06-30": -4.263, "2010-03-31": "-2.89800", "2009-12-31": -15.553, "2009-09-30": -6.767, "2009-06-30": -3.276, "2009-03-31": "-2.60400", "2008-12-31": -11.576, "2008-09-30": -13.032, "2008-06-30": -13.864, "2008-03-31": "-12.99900", "2007-12-31": -42.684, "2007-09-30": -23.279, "2007-06-30": -17.719, "2007-03-31": "-9.27300", "2006-12-31": -25.296, "2006-09-30": -2.044, "2006-06-30": -11.892, "2006-03-31": "-16.06600", "2005-12-31": -15.986, "2005-09-30": -8.901, "2005-06-30": -5.72, "2005-03-31": "-7.14400"}, "Net Change In Intangible Assets": {"2020-09-30": 0, "2020-06-30": 0, "2020-03-31": "", "2019-12-31": 0, "2019-09-30": 0, "2019-06-30": 0, "2019-03-31": "", "2018-12-31": 0, "2018-09-30": 0, "2018-06-30": 0, "2018-03-31": "", "2017-12-31": 0, "2017-09-30": 0, "2017-06-30": 0, "2017-03-31": "", "2016-12-31": 0, "2016-09-30": 0, "2016-06-30": -5.603, "2016-03-31": "5.60300", "2015-12-31": -21.434, "2015-09-30": 8.819, "2015-06-30": 7.674, "2015-03-31": "4.94100", "2014-12-31": 7.372, "2014-09-30": 5.349, "2014-06-30": 3.504, "2014-03-31": "9.31600", "2013-12-31": 5.79, "2013-09-30": 7.336, "2013-06-30": 11.727, "2013-03-31": "7.16300", "2012-12-31": 16.276, "2012-09-30": 10.44, "2012-06-30": 7.481, "2012-03-31": "6.00900", "2011-12-31": 10.077, "2011-09-30": 5.542, "2011-06-30": 6.209, "2011-03-31": "5.20700", "2010-12-31": 6.422, "2010-09-30": 12.781, "2010-06-30": 6.395, "2010-03-31": "3.34600", "2009-12-31": 5.32, "2009-09-30": 0.54, "2009-06-30": 1.034, "2009-03-31": "5.38900", "2008-12-31": 22.893, "2008-09-30": 4.426, "2008-06-30": 0.201, "2008-03-31": "1.63600", "2007-12-31": 2.766, "2007-09-30": 10.887, "2007-06-30": 15.717, "2007-03-31": "3.13400", "2006-12-31": 8.041, "2006-09-30": -3.652, "2006-06-30": 3.464, "2006-03-31": "0.18800", "2005-12-31": 3.649, "2005-09-30": 0, "2005-06-30": 0, "2005-03-31": ""}, "Net Acquisitions/Divestitures": {"2020-09-30": -0.012, "2020-06-30": -0.014, "2020-03-31": "-25.89700", "2019-12-31": -341.082, "2019-09-30": -12.702, "2019-06-30": 0, "2019-03-31": "-2.14200", "2018-12-31": -9.013, "2018-09-30": -48.858, "2018-06-30": -264.702, "2018-03-31": "", "2017-12-31": -82.364, "2017-09-30": -10.737, "2017-06-30": -12.465, "2017-03-31": "-12.86100", "2016-12-31": 11.466, "2016-09-30": 5.926, "2016-06-30": -13.271, "2016-03-31": "-25.19800", "2015-12-31": -57.966, "2015-09-30": -1429.828, "2015-06-30": -19.942, "2015-03-31": "-75.03300", "2014-12-31": -14.516, "2014-09-30": -102.764, "2014-06-30": -15.073, "2014-03-31": "-14.70400", "2013-12-31": -440.544, "2013-09-30": -27.817, "2013-06-30": -29.061, "2013-03-31": "-6.72500", "2012-12-31": -34.983, "2012-09-30": -17.412, "2012-06-30": -0.183, "2012-03-31": "", "2011-12-31": -365.03, "2011-09-30": -224.58, "2011-06-30": -40.831, "2011-03-31": "-0.24400", "2010-12-31": -1.77, "2010-09-30": -5.9, "2010-06-30": -58.955, "2010-03-31": "-3.76500", "2009-12-31": -2.407, "2009-09-30": -11.682, "2009-06-30": -7.866, "2009-03-31": "-8.71500", "2008-12-31": -43.963, "2008-09-30": -36.631, "2008-06-30": -44.287, "2008-03-31": "-115.04500", "2007-12-31": 20.607, "2007-09-30": -43.836, "2007-06-30": -23.939, "2007-03-31": "-137.78800", "2006-12-31": -1695.12, "2006-09-30": -40.266, "2006-06-30": -41.212, "2006-03-31": "-8.31500", "2005-12-31": -46.557, "2005-09-30": -25.765, "2005-06-30": -3.331, "2005-03-31": "-0.04100"}, "Net Change In Short-term Investments": {"2020-09-30": 0, "2020-06-30": 0, "2020-03-31": "", "2019-12-31": 0, "2019-09-30": 0, "2019-06-30": 0, "2019-03-31": "", "2018-12-31": 0, "2018-09-30": 0, "2018-06-30": 0, "2018-03-31": "", "2017-12-31": 0, "2017-09-30": 0, "2017-06-30": 0, "2017-03-31": "", "2016-12-31": 1.853, "2016-09-30": 0.07, "2016-06-30": -4.176, "2016-03-31": "2.25300", "2015-12-31": 1.141, "2015-09-30": 0.034, "2015-06-30": -2.866, "2015-03-31": "3.97600", "2014-12-31": 5.956, "2014-09-30": -1.217, "2014-06-30": -4.749, "2014-03-31": "-1.66100", "2013-12-31": 5.245, "2013-09-30": -0.178, "2013-06-30": 14.435, "2013-03-31": "-14.92500", "2012-12-31": -2.055, "2012-09-30": 0.489, "2012-06-30": -1.068, "2012-03-31": "-1.97000", "2011-12-31": -3.802, "2011-09-30": 0, "2011-06-30": 0, "2011-03-31": "", "2010-12-31": 0, "2010-09-30": 0, "2010-06-30": 0, "2010-03-31": "", "2009-12-31": 0, "2009-09-30": 0, "2009-06-30": 0, "2009-03-31": "", "2008-12-31": 0, "2008-09-30": 0, "2008-06-30": 0, "2008-03-31": "", "2007-12-31": 0, "2007-09-30": 0, "2007-06-30": 0, "2007-03-31": "", "2006-12-31": 0, "2006-09-30": 0, "2006-06-30": 0, "2006-03-31": "", "2005-12-31": 0, "2005-09-30": 0, "2005-06-30": 0, "2005-03-31": ""}, "Net Change In Long-Term Investments": {"2020-09-30": 0, "2020-06-30": 0, "2020-03-31": "", "2019-12-31": -0.576, "2019-09-30": 0, "2019-06-30": 0, "2019-03-31": "", "2018-12-31": -16.873, "2018-09-30": -0.526, "2018-06-30": 10.397, "2018-03-31": "-15.65400", "2017-12-31": 0.303, "2017-09-30": -1.333, "2017-06-30": -2.388, "2017-03-31": "-0.06900", "2016-12-31": -2.61, "2016-09-30": 44.326, "2016-06-30": 0, "2016-03-31": "", "2015-12-31": 0, "2015-09-30": 3.584, "2015-06-30": 0, "2015-03-31": "", "2014-12-31": -5.918, "2014-09-30": 9.196, "2014-06-30": 63.039, "2014-03-31": "", "2013-12-31": 2.276, "2013-09-30": 1.017, "2013-06-30": 73.425, "2013-03-31": "33.96400", "2012-12-31": 28.207, "2012-09-30": 28.979, "2012-06-30": -1.391, "2012-03-31": "-1.17100", "2011-12-31": 108.145, "2011-09-30": 4.708, "2011-06-30": 38.092, "2011-03-31": "65.26000", "2010-12-31": 6.31, "2010-09-30": 1.606, "2010-06-30": 54.421, "2010-03-31": "-2.38400", "2009-12-31": -3.704, "2009-09-30": -11.63, "2009-06-30": -3.1, "2009-03-31": "-4.81400", "2008-12-31": -5.869, "2008-09-30": -25.22, "2008-06-30": -41.937, "2008-03-31": "-55.46100", "2007-12-31": -70.965, "2007-09-30": -34.285, "2007-06-30": -22.628, "2007-03-31": "-50.82600", "2006-12-31": 0, "2006-09-30": 0, "2006-06-30": 0, "2006-03-31": "", "2005-12-31": 37.485, "2005-09-30": -9.264, "2005-06-30": -28.221, "2005-03-31": ""}, "Net Change In Investments - Total": {"2020-09-30": 0, "2020-06-30": 0, "2020-03-31": "", "2019-12-31": -0.576, "2019-09-30": 0, "2019-06-30": 0, "2019-03-31": "", "2018-12-31": -16.873, "2018-09-30": -0.526, "2018-06-30": 10.397, "2018-03-31": "-15.65400", "2017-12-31": 0.303, "2017-09-30": -1.333, "2017-06-30": -2.388, "2017-03-31": "-0.06900", "2016-12-31": -0.757, "2016-09-30": 44.396, "2016-06-30": -4.176, "2016-03-31": "2.25300", "2015-12-31": 1.141, "2015-09-30": 3.618, "2015-06-30": -2.866, "2015-03-31": "3.97600", "2014-12-31": 0.038, "2014-09-30": 7.979, "2014-06-30": 58.29, "2014-03-31": "-1.66100", "2013-12-31": 7.521, "2013-09-30": 0.839, "2013-06-30": 87.86, "2013-03-31": "19.03900", "2012-12-31": 26.152, "2012-09-30": 29.468, "2012-06-30": -2.459, "2012-03-31": "-3.14100", "2011-12-31": 104.343, "2011-09-30": 4.708, "2011-06-30": 38.092, "2011-03-31": "65.26000", "2010-12-31": 6.31, "2010-09-30": 1.606, "2010-06-30": 54.421, "2010-03-31": "-2.38400", "2009-12-31": -3.704, "2009-09-30": -11.63, "2009-06-30": -3.1, "2009-03-31": "-4.81400", "2008-12-31": -5.869, "2008-09-30": -25.22, "2008-06-30": -41.937, "2008-03-31": "-55.46100", "2007-12-31": -70.965, "2007-09-30": -34.285, "2007-06-30": -22.628, "2007-03-31": "-50.82600", "2006-12-31": 0, "2006-09-30": 0, "2006-06-30": 0, "2006-03-31": "", "2005-12-31": 37.485, "2005-09-30": -9.264, "2005-06-30": -28.221, "2005-03-31": ""}, "Investing Activities - Other": {"2020-09-30": -14.136, "2020-06-30": 28.211, "2020-03-31": "-4.09300", "2019-12-31": -10.184, "2019-09-30": -39.056, "2019-06-30": -6.951, "2019-03-31": "-14.81700", "2018-12-31": -4.789, "2018-09-30": 16.328, "2018-06-30": 2.643, "2018-03-31": "-1.83400", "2017-12-31": -6.322, "2017-09-30": 10.089, "2017-06-30": 0.201, "2017-03-31": "-6.61200", "2016-12-31": -64.764, "2016-09-30": 4.874, "2016-06-30": 27.816, "2016-03-31": "52.11600", "2015-12-31": 145.386, "2015-09-30": -8.782, "2015-06-30": -17.11, "2015-03-31": "-22.08900", "2014-12-31": 48.68, "2014-09-30": 15.941, "2014-06-30": -5.271, "2014-03-31": "17.20600", "2013-12-31": 13.592, "2013-09-30": 20.065, "2013-06-30": 11.69, "2013-03-31": "2.88900", "2012-12-31": 18.041, "2012-09-30": -0.579, "2012-06-30": -33.372, "2012-03-31": "-69.17700", "2011-12-31": 369.478, "2011-09-30": -331.67, "2011-06-30": 12.444, "2011-03-31": "8.72000", "2010-12-31": -2.031, "2010-09-30": -22.643, "2010-06-30": 11.275, "2010-03-31": "0.85300", "2009-12-31": -5.113, "2009-09-30": -4.816, "2009-06-30": -31.051, "2009-03-31": "-8.54700", "2008-12-31": 30.493, "2008-09-30": -66.33, "2008-06-30": -8.381, "2008-03-31": "15.93700", "2007-12-31": 19.011, "2007-09-30": -14.1, "2007-06-30": 20.224, "2007-03-31": "114.55500", "2006-12-31": -213.683, "2006-09-30": -11.594, "2006-06-30": -8.577, "2006-03-31": "4.09100", "2005-12-31": -4.189, "2005-09-30": 6.257, "2005-06-30": -1.809, "2005-03-31": "-5.97200"}, "Cash Flow From Investing Activities": {"2020-09-30": -70.545, "2020-06-30": -43.711, "2020-03-31": "-92.23100", "2019-12-31": -449.325, "2019-09-30": -123.567, "2019-06-30": -74.194, "2019-03-31": "-73.93800", "2018-12-31": -106.585, "2018-09-30": -77.467, "2018-06-30": -312.42, "2018-03-31": "-64.21200", "2017-12-31": -164.819, "2017-09-30": -43.724, "2017-06-30": -50.78, "2017-03-31": "-43.27700", "2016-12-31": -110.903, "2016-09-30": -0.103, "2016-06-30": -40.824, "2016-03-31": "1.30600", "2015-12-31": 12.987, "2015-09-30": -1461.109, "2015-06-30": -64.004, "2015-03-31": "-106.83300", "2014-12-31": -37.05, "2014-09-30": -112.508, "2014-06-30": 1.498, "2014-03-31": "-3.49600", "2013-12-31": -491.256, "2013-09-30": -38.768, "2013-06-30": 51.479, "2013-03-31": "13.55100", "2012-12-31": -44.159, "2012-09-30": -19.965, "2012-06-30": -59.152, "2012-03-31": "-74.39500", "2011-12-31": 66.286, "2011-09-30": -594.25, "2011-06-30": -17.612, "2011-03-31": "65.32100", "2010-12-31": -41.648, "2010-09-30": -24.88, "2010-06-30": 8.873, "2010-03-31": "-4.84800", "2009-12-31": -21.457, "2009-09-30": -34.355, "2009-06-30": -44.259, "2009-03-31": "-19.29100", "2008-12-31": -8.022, "2008-09-30": -136.787, "2008-06-30": -108.268, "2008-03-31": "-165.93200", "2007-12-31": -71.265, "2007-09-30": -104.613, "2007-06-30": -28.345, "2007-03-31": "-80.19800", "2006-12-31": -1926.058, "2006-09-30": -57.556, "2006-06-30": -58.217, "2006-03-31": "-20.10200", "2005-12-31": -25.598, "2005-09-30": -37.673, "2005-06-30": -39.081, "2005-03-31": "-13.15700"}, "Net Long-Term Debt": {"2020-09-30": -458.146, "2020-06-30": 473.735, "2020-03-31": "-0.03000", "2019-12-31": -167.9299, "2019-09-30": -176.9221, "2019-06-30": -101.835, "2019-03-31": "336.00000", "2018-12-31": -125.4748, "2018-09-30": -454.914, "2018-06-30": 93.839, "2018-03-31": "193.00000", "2017-12-31": -543.195, "2017-09-30": -1.629, "2017-06-30": -125.584, "2017-03-31": "118.53200", "2016-12-31": -193.9358, "2016-09-30": -106.197, "2016-06-30": -131.8621, "2016-03-31": "282.70000", "2015-12-31": -399.4191, "2015-09-30": 1399.8219, "2015-06-30": -109.4669, "2015-03-31": "-39.37900", "2014-12-31": -407.291, "2014-09-30": 99.2631, "2014-06-30": -82.9781, "2014-03-31": "207.89200", "2013-12-31": 20.9229, "2013-09-30": -63.2106, "2013-06-30": -219.3752, "2013-03-31": "-442.72600", "2012-12-31": -40.692, "2012-09-30": -23.433, "2012-06-30": -0.757, "2012-03-31": "-25.67700", "2011-12-31": 152.9334, "2011-09-30": 319.7578, "2011-06-30": 384.953, "2011-03-31": "-24.06900", "2010-12-31": -484.3079, "2010-09-30": -189.778, "2010-06-30": -34.71, "2010-03-31": "-60.15700", "2009-12-31": -19.362, "2009-09-30": -86.665, "2009-06-30": -154.4, "2009-03-31": "318.46500", "2008-12-31": -522.9583, "2008-09-30": 188.3252, "2008-06-30": 99.6171, "2008-03-31": "439.20590", "2007-12-31": 199.541, "2007-09-30": -64.057, "2007-06-30": -72.913, "2007-03-31": "76.30800", "2006-12-31": 1691.34, "2006-09-30": -108.393, "2006-06-30": -178.969, "2006-03-31": "-2.95000", "2005-12-31": -2.95, "2005-09-30": -7.45, "2005-06-30": -14.745, "2005-03-31": "-29.35500"}, "Net Current Debt": {"2020-09-30": 0, "2020-06-30": 0, "2020-03-31": "", "2019-12-31": 0, "2019-09-30": 0, "2019-06-30": 0, "2019-03-31": "", "2018-12-31": 0, "2018-09-30": 0, "2018-06-30": 0, "2018-03-31": "", "2017-12-31": 0, "2017-09-30": 0, "2017-06-30": 0, "2017-03-31": "", "2016-12-31": 0, "2016-09-30": 0, "2016-06-30": 0, "2016-03-31": "", "2015-12-31": -15.862, "2015-09-30": 15.293, "2015-06-30": 0.569, "2015-03-31": "", "2014-12-31": -4.545, "2014-09-30": -1.993, "2014-06-30": 6.538, "2014-03-31": "", "2013-12-31": -4.724, "2013-09-30": -10.019, "2013-06-30": 14.743, "2013-03-31": "", "2012-12-31": 0, "2012-09-30": -4.683, "2012-06-30": 4.683, "2012-03-31": "", "2011-12-31": 0, "2011-09-30": 0, "2011-06-30": 0, "2011-03-31": "", "2010-12-31": -2, "2010-09-30": -0.001, "2010-06-30": -11.545, "2010-03-31": "7.49800", "2009-12-31": -0.117, "2009-09-30": -2.781, "2009-06-30": -0.431, "2009-03-31": "-0.98100", "2008-12-31": -6.79, "2008-09-30": -39.033, "2008-06-30": -10.475, "2008-03-31": "11.73500", "2007-12-31": -6.713, "2007-09-30": 1.25, "2007-06-30": 45.897, "2007-03-31": "-6.90900", "2006-12-31": -3.478, "2006-09-30": -0.009, "2006-06-30": -6.42, "2006-03-31": "1.28100", "2005-12-31": -31.247, "2005-09-30": 7.835, "2005-06-30": 21.185, "2005-03-31": "-0.30600"}, "Debt Issuance/Retirement Net - Total": {"2020-09-30": -458.146, "2020-06-30": 473.735, "2020-03-31": "-0.03000", "2019-12-31": -167.9299, "2019-09-30": -176.9221, "2019-06-30": -101.835, "2019-03-31": "336.00000", "2018-12-31": -125.4748, "2018-09-30": -454.914, "2018-06-30": 93.839, "2018-03-31": "193.00000", "2017-12-31": -543.195, "2017-09-30": -1.629, "2017-06-30": -125.584, "2017-03-31": "118.53200", "2016-12-31": -193.9358, "2016-09-30": -106.197, "2016-06-30": -131.8621, "2016-03-31": "282.70000", "2015-12-31": -415.2811, "2015-09-30": 1415.1149, "2015-06-30": -108.8979, "2015-03-31": "-39.37900", "2014-12-31": -411.836, "2014-09-30": 97.2701, "2014-06-30": -76.4401, "2014-03-31": "207.89200", "2013-12-31": 16.1989, "2013-09-30": -73.2296, "2013-06-30": -204.6322, "2013-03-31": "-442.72600", "2012-12-31": -40.692, "2012-09-30": -28.116, "2012-06-30": 3.926, "2012-03-31": "-25.67700", "2011-12-31": 152.9334, "2011-09-30": 319.7578, "2011-06-30": 384.953, "2011-03-31": "-24.06900", "2010-12-31": -486.3079, "2010-09-30": -189.779, "2010-06-30": -46.255, "2010-03-31": "-52.65900", "2009-12-31": -19.479, "2009-09-30": -89.446, "2009-06-30": -154.831, "2009-03-31": "317.48400", "2008-12-31": -529.7483, "2008-09-30": 149.2922, "2008-06-30": 89.1421, "2008-03-31": "450.94090", "2007-12-31": 192.828, "2007-09-30": -62.807, "2007-06-30": -27.016, "2007-03-31": "69.39900", "2006-12-31": 1687.862, "2006-09-30": -108.402, "2006-06-30": -185.389, "2006-03-31": "-1.66900", "2005-12-31": -34.197, "2005-09-30": 0.385, "2005-06-30": 6.44, "2005-03-31": "-29.66100"}, "Net Common Equity Issued/Repurchased": {"2020-09-30": -4.269, "2020-06-30": -0.485, "2020-03-31": "-86.90100", "2019-12-31": -52.902, "2019-09-30": -56.008, "2019-06-30": -0.379, "2019-03-31": "-54.27400", "2018-12-31": -162.724, "2018-09-30": -23.066, "2018-06-30": -0.08, "2018-03-31": "-4.55000", "2017-12-31": 0, "2017-09-30": -27.649, "2017-06-30": 0, "2017-03-31": "-1.90000", "2016-12-31": 0.37, "2016-09-30": -22.684, "2016-06-30": -0.86, "2016-03-31": "-4.25200", "2015-12-31": -6.761, "2015-09-30": -15.863, "2015-06-30": 3.193, "2015-03-31": "-5.09200", "2014-12-31": 1.708, "2014-09-30": -14.384, "2014-06-30": 2.194, "2014-03-31": "", "2013-12-31": 0.856, "2013-09-30": -15.69, "2013-06-30": 3.986, "2013-03-31": "", "2012-12-31": 3.923, "2012-09-30": 13.264, "2012-06-30": 3.137, "2012-03-31": "", "2011-12-31": 0.077, "2011-09-30": 2.201, "2011-06-30": 4.858, "2011-03-31": "", "2010-12-31": 1.823, "2010-09-30": 0.266, "2010-06-30": 0.312, "2010-03-31": "", "2009-12-31": 294.52, "2009-09-30": 10.654, "2009-06-30": 150.442, "2009-03-31": "", "2008-12-31": 206.921, "2008-09-30": 0.928, "2008-06-30": 1.37, "2008-03-31": "1.50700", "2007-12-31": -632.247, "2007-09-30": 0.954, "2007-06-30": 3.863, "2007-03-31": "4.29700", "2006-12-31": 7.996, "2006-09-30": 3.132, "2006-06-30": 1.171, "2006-03-31": "3.27300", "2005-12-31": 4.866, "2005-09-30": 2.743, "2005-06-30": 1.766, "2005-03-31": "2.07500"}, "Net Total Equity Issued/Repurchased": {"2020-09-30": -4.269, "2020-06-30": -0.485, "2020-03-31": "-86.90100", "2019-12-31": -52.902, "2019-09-30": -56.008, "2019-06-30": -0.379, "2019-03-31": "-54.27400", "2018-12-31": -162.724, "2018-09-30": -23.066, "2018-06-30": -0.08, "2018-03-31": "-4.55000", "2017-12-31": 0, "2017-09-30": -27.649, "2017-06-30": 0, "2017-03-31": "-1.90000", "2016-12-31": 0.37, "2016-09-30": -22.684, "2016-06-30": -0.86, "2016-03-31": "-4.25200", "2015-12-31": -6.761, "2015-09-30": -15.863, "2015-06-30": 3.193, "2015-03-31": "-5.09200", "2014-12-31": 1.708, "2014-09-30": -14.384, "2014-06-30": 2.194, "2014-03-31": "", "2013-12-31": 0.856, "2013-09-30": -15.69, "2013-06-30": 3.986, "2013-03-31": "", "2012-12-31": 3.923, "2012-09-30": 13.264, "2012-06-30": 3.137, "2012-03-31": "", "2011-12-31": 0.077, "2011-09-30": 2.201, "2011-06-30": 4.858, "2011-03-31": "", "2010-12-31": 1.823, "2010-09-30": 0.266, "2010-06-30": 0.312, "2010-03-31": "", "2009-12-31": 294.52, "2009-09-30": 10.654, "2009-06-30": 150.442, "2009-03-31": "", "2008-12-31": 206.921, "2008-09-30": 0.928, "2008-06-30": 1.37, "2008-03-31": "1.50700", "2007-12-31": -632.247, "2007-09-30": 0.954, "2007-06-30": 3.863, "2007-03-31": "4.29700", "2006-12-31": 7.996, "2006-09-30": 3.132, "2006-06-30": 1.171, "2006-03-31": "3.27300", "2005-12-31": 4.866, "2005-09-30": 2.743, "2005-06-30": 1.766, "2005-03-31": "2.07500"}, "Total Common And Preferred Stock Dividends Paid": {"2020-09-30": 0, "2020-06-30": 0, "2020-03-31": "", "2019-12-31": 0, "2019-09-30": 0, "2019-06-30": 0, "2019-03-31": "", "2018-12-31": 0, "2018-09-30": 0, "2018-06-30": 0, "2018-03-31": "", "2017-12-31": 0, "2017-09-30": 0, "2017-06-30": 0, "2017-03-31": "", "2016-12-31": 0, "2016-09-30": 0, "2016-06-30": 0, "2016-03-31": "", "2015-12-31": 0, "2015-09-30": 0, "2015-06-30": 0, "2015-03-31": "", "2014-12-31": 0, "2014-09-30": 0, "2014-06-30": 0, "2014-03-31": "", "2013-12-31": 0, "2013-09-30": 0, "2013-06-30": 0, "2013-03-31": "", "2012-12-31": 0, "2012-09-30": 0, "2012-06-30": 0, "2012-03-31": "", "2011-12-31": 0, "2011-09-30": 0, "2011-06-30": 0, "2011-03-31": "", "2010-12-31": 0, "2010-09-30": 0, "2010-06-30": 0, "2010-03-31": "", "2009-12-31": 0, "2009-09-30": 0, "2009-06-30": 0, "2009-03-31": "", "2008-12-31": 0, "2008-09-30": 0, "2008-06-30": 0, "2008-03-31": "", "2007-12-31": 0, "2007-09-30": 0, "2007-06-30": 0, "2007-03-31": "", "2006-12-31": 0, "2006-09-30": 0, "2006-06-30": 0, "2006-03-31": "", "2005-12-31": 0, "2005-09-30": 0, "2005-06-30": 0, "2005-03-31": ""}, "Financial Activities - Other": {"2020-09-30": -25.872, "2020-06-30": -2.382, "2020-03-31": "-6.97400", "2019-12-31": 0.846, "2019-09-30": -5.007, "2019-06-30": -11.84, "2019-03-31": "18.30200", "2018-12-31": -4.921, "2018-09-30": -1.542, "2018-06-30": -9.062, "2018-03-31": "-7.10500", "2017-12-31": -17.059, "2017-09-30": -8.503, "2017-06-30": -13.55, "2017-03-31": "-7.20500", "2016-12-31": -26.272, "2016-09-30": -13.446, "2016-06-30": 1.896, "2016-03-31": "-6.13400", "2015-12-31": 1.42, "2015-09-30": -8.613, "2015-06-30": -14.329, "2015-03-31": "-15.96400", "2014-12-31": -4.098, "2014-09-30": -11.452, "2014-06-30": -23.359, "2014-03-31": "0.43600", "2013-12-31": -43.692, "2013-09-30": -10.735, "2013-06-30": -42.678, "2013-03-31": "-53.93900", "2012-12-31": -16.145, "2012-09-30": -6.886, "2012-06-30": -10.615, "2012-03-31": "3.19200", "2011-12-31": -41.206, "2011-09-30": -62.081, "2011-06-30": -11.004, "2011-03-31": "-15.09500", "2010-12-31": -26.716, "2010-09-30": 5.633, "2010-06-30": 11.026, "2010-03-31": "-1.56500", "2009-12-31": -0.518, "2009-09-30": -8.371, "2009-06-30": -9.232, "2009-03-31": "-14.45500", "2008-12-31": -3.444, "2008-09-30": -0.543, "2008-06-30": 20.729, "2008-03-31": "-13.13600", "2007-12-31": 56.856, "2007-09-30": 29.856, "2007-06-30": 91.871, "2007-03-31": "-5.10700", "2006-12-31": -10.245, "2006-09-30": 10.046, "2006-06-30": 5.314, "2006-03-31": "6.47100", "2005-12-31": -0.627, "2005-09-30": 0.251, "2005-06-30": -1.766, "2005-03-31": "0.45300"}, "Cash Flow From Financial Activities": {"2020-09-30": -488.287, "2020-06-30": 470.868, "2020-03-31": "-93.90500", "2019-12-31": -219.986, "2019-09-30": -237.937, "2019-06-30": -114.054, "2019-03-31": "300.02800", "2018-12-31": -293.12, "2018-09-30": -479.522, "2018-06-30": 84.697, "2018-03-31": "181.34500", "2017-12-31": -560.254, "2017-09-30": -37.781, "2017-06-30": -139.134, "2017-03-31": "109.42700", "2016-12-31": -219.838, "2016-09-30": -142.327, "2016-06-30": -130.826, "2016-03-31": "272.31400", "2015-12-31": -420.622, "2015-09-30": 1390.639, "2015-06-30": -120.034, "2015-03-31": "-60.43500", "2014-12-31": -414.226, "2014-09-30": 71.434, "2014-06-30": -97.605, "2014-03-31": "208.32800", "2013-12-31": -26.637, "2013-09-30": -99.655, "2013-06-30": -243.324, "2013-03-31": "-496.66500", "2012-12-31": -52.914, "2012-09-30": -21.738, "2012-06-30": -3.552, "2012-03-31": "-22.48500", "2011-12-31": 111.804, "2011-09-30": 259.878, "2011-06-30": 378.807, "2011-03-31": "-39.16400", "2010-12-31": -511.201, "2010-09-30": -183.88, "2010-06-30": -34.917, "2010-03-31": "-54.22400", "2009-12-31": 274.523, "2009-09-30": -87.163, "2009-06-30": -13.621, "2009-03-31": "303.02900", "2008-12-31": -326.271, "2008-09-30": 149.677, "2008-06-30": 111.241, "2008-03-31": "439.31200", "2007-12-31": -382.563, "2007-09-30": -31.997, "2007-06-30": 68.718, "2007-03-31": "68.58900", "2006-12-31": 1685.613, "2006-09-30": -95.224, "2006-06-30": -178.904, "2006-03-31": "8.07500", "2005-12-31": -29.958, "2005-09-30": 3.379, "2005-06-30": 6.44, "2005-03-31": "-27.13300"}, "Net Cash Flow": {"2020-09-30": 332.823, "2020-06-30": 581.039, "2020-03-31": "-361.05000", "2019-12-31": 391.44, "2019-09-30": 89.08, "2019-06-30": -74.443, "2019-03-31": "-176.27600", "2018-12-31": 236.006, "2018-09-30": 24.592, "2018-06-30": -118.467, "2018-03-31": "-103.00600", "2017-12-31": -215.58, "2017-09-30": 429.998, "2017-06-30": 18.074, "2017-03-31": "-239.08500", "2016-12-31": 312.302, "2016-09-30": 14.578, "2016-06-30": -57.461, "2016-03-31": "-51.17400", "2015-12-31": 100.046, "2015-09-30": 103.935, "2015-06-30": -42.606, "2015-03-31": "-361.85600", "2014-12-31": 125.526, "2014-09-30": 233.492, "2014-06-30": -46.371, "2014-03-31": "-63.67500", "2013-12-31": -10.709, "2013-09-30": 17.126, "2013-06-30": -33.205, "2013-03-31": "-570.59700", "2012-12-31": 313.037, "2012-09-30": 45.058, "2012-06-30": 27.265, "2012-03-31": "-389.24500", "2011-12-31": 430.588, "2011-09-30": -89.515, "2011-06-30": 324.464, "2011-03-31": "-78.92900", "2010-12-31": -262.101, "2010-09-30": 25.112, "2010-06-30": 63.268, "2010-03-31": "-61.26200", "2009-12-31": 415.512, "2009-09-30": 16.525, "2009-06-30": -113.943, "2009-03-31": "264.64000", "2008-12-31": -241.957, "2008-09-30": 150.262, "2008-06-30": -62.644, "2008-03-31": "-29.71200", "2007-12-31": -92.333, "2007-09-30": -2.961, "2007-06-30": 91.82, "2007-03-31": "101.87200", "2006-12-31": 106.203, "2006-09-30": 10.984, "2006-06-30": -125.8, "2006-03-31": "-196.20000", "2005-12-31": 164.718, "2005-09-30": 92.354, "2005-06-30": 34.433, "2005-03-31": "-99.11200"}, "Stock-Based Compensation": {"2020-09-30": 22.137, "2020-06-30": 20.943, "2020-03-31": "-1.23900", "2019-12-31": 28.78, "2019-09-30": 33.378, "2019-06-30": 36.309, "2019-03-31": "29.27100", "2018-12-31": 31.136, "2018-09-30": 35.36, "2018-06-30": 32.105, "2018-03-31": "29.57000", "2017-12-31": 24.112, "2017-09-30": 20.692, "2017-06-30": 32.872, "2017-03-31": "15.41100", "2016-12-31": 20.138, "2016-09-30": 14.792, "2016-06-30": 15.96, "2016-03-31": "12.59400", "2015-12-31": 26.59, "2015-09-30": 18.987, "2015-06-30": 13.191, "2015-03-31": "15.94100", "2014-12-31": 15.627, "2014-09-30": 19.659, "2014-06-30": 13.3, "2014-03-31": "11.17100", "2013-12-31": 10.887, "2013-09-30": 15.243, "2013-06-30": 10.628, "2013-03-31": "11.67100", "2012-12-31": 13.845, "2012-09-30": 15.261, "2012-06-30": 10.967, "2012-03-31": "11.63900", "2011-12-31": 11.461, "2011-09-30": 11.574, "2011-06-30": 10.673, "2011-03-31": "10.61900", "2010-12-31": 11.448, "2010-09-30": 13.335, "2010-06-30": 11.231, "2010-03-31": "10.78700", "2009-12-31": 11.317, "2009-09-30": 10.312, "2009-06-30": 8.175, "2009-03-31": "8.12100", "2008-12-31": 8.562, "2008-09-30": 7.871, "2008-06-30": 6.347, "2008-03-31": "7.03200", "2007-12-31": 6.963, "2007-09-30": 5.99, "2007-06-30": 5.342, "2007-03-31": "17.25100", "2006-12-31": 4.233, "2006-09-30": 2.814, "2006-06-30": 2.579, "2006-03-31": "2.26300", "2005-12-31": 2.484, "2005-09-30": 1.453, "2005-06-30": 0.749, "2005-03-31": "0.77700"}, "Common Stock Dividends Paid": {"2020-09-30": 0, "2020-06-30": 0, "2020-03-31": "", "2019-12-31": 0, "2019-09-30": 0, "2019-06-30": 0, "2019-03-31": "", "2018-12-31": 0, "2018-09-30": 0, "2018-06-30": 0, "2018-03-31": "", "2017-12-31": 0, "2017-09-30": 0, "2017-06-30": 0, "2017-03-31": "", "2016-12-31": 0, "2016-09-30": 0, "2016-06-30": 0, "2016-03-31": "", "2015-12-31": 0, "2015-09-30": 0, "2015-06-30": 0, "2015-03-31": "", "2014-12-31": 0, "2014-09-30": 0, "2014-06-30": 0, "2014-03-31": "", "2013-12-31": 0, "2013-09-30": 0, "2013-06-30": 0, "2013-03-31": "", "2012-12-31": 0, "2012-09-30": 0, "2012-06-30": 0, "2012-03-31": "", "2011-12-31": 0, "2011-09-30": 0, "2011-06-30": 0, "2011-03-31": "", "2010-12-31": 0, "2010-09-30": 0, "2010-06-30": 0, "2010-03-31": "", "2009-12-31": 0, "2009-09-30": 0, "2009-06-30": 0, "2009-03-31": "", "2008-12-31": 0, "2008-09-30": 0, "2008-06-30": 0, "2008-03-31": "", "2007-12-31": 0, "2007-09-30": 0, "2007-06-30": 0, "2007-03-31": "", "2006-12-31": 0, "2006-09-30": 0, "2006-06-30": 0, "2006-03-31": "", "2005-12-31": 0, "2005-09-30": 0, "2005-06-30": 0, "2005-03-31": ""}}, "financial ratios": {"Current Ratio": {"2019-12-31": "1.17060", "2018-12-31": "1.16380", "2017-12-31": "1.19470", "2016-12-31": "1.13190", "2015-12-31": "1.06230", "2014-12-31": "1.15130", "2013-12-31": "1.10520", "2012-12-31": "1.37420", "2011-12-31": "1.32430", "2010-12-31": "1.15540", "2009-12-31": "1.39140", "2008-12-31": "1.02280", "2007-12-31": "0.95950", "2006-12-31": "1.19460", "2005-12-31": "1.12930"}, "Long-term Debt / Capital": {"2019-12-31": "0.21920", "2018-12-31": "0.26080", "2017-12-31": "0.32390", "2016-12-31": "0.45460", "2015-12-31": "0.48950", "2014-12-31": "0.44000", "2013-12-31": "0.49090", "2012-12-31": "0.60200", "2011-12-31": "0.64820", "2010-12-31": "0.63470", "2009-12-31": "0.75150", "2008-12-31": "0.86870", "2007-12-31": "0.66880", "2006-12-31": "0.64900", "2005-12-31": "0.40900"}, "Debt/Equity Ratio": {"2019-12-31": "0.43750", "2018-12-31": "0.61860", "2017-12-31": "0.69720", "2016-12-31": "1.24390", "2015-12-31": "1.60570", "2014-12-31": "1.02420", "2013-12-31": "1.28520", "2012-12-31": "2.23060", "2011-12-31": "2.52850", "2010-12-31": "2.36030", "2009-12-31": "3.83870", "2008-12-31": "8.44640", "2007-12-31": "2.70500", "2006-12-31": "2.00320", "2005-12-31": "1.04980"}, "Gross Margin": {"2019-12-31": "21.78400", "2018-12-31": "22.91870", "2017-12-31": "23.20970", "2016-12-31": "22.73110", "2015-12-31": "34.75450", "2014-12-31": "37.99650", "2013-12-31": "41.69090", "2012-12-31": "42.54750", "2011-12-31": "41.45830", "2010-12-31": "42.13120", "2009-12-31": "41.23880", "2008-12-31": "42.93580", "2007-12-31": "46.95750", "2006-12-31": "47.65630", "2005-12-31": "45.10150"}, "Operating Margin": {"2019-12-31": "5.27270", "2018-12-31": "5.09830", "2017-12-31": "5.79040", "2016-12-31": "4.70280", "2015-12-31": "7.70040", "2014-12-31": "8.75430", "2013-12-31": "8.57540", "2012-12-31": "8.98180", "2011-12-31": "7.83790", "2010-12-31": "8.72630", "2009-12-31": "5.80540", "2008-12-31": "-15.37330", "2007-12-31": "11.58340", "2006-12-31": "13.64420", "2005-12-31": "11.65950"}, "EBIT Margin": {"2019-12-31": "5.27270", "2018-12-31": "5.09830", "2017-12-31": "5.79040", "2016-12-31": "4.70280", "2015-12-31": "7.70040", "2014-12-31": "8.75430", "2013-12-31": "8.57540", "2012-12-31": "8.98180", "2011-12-31": "7.83790", "2010-12-31": "8.72630", "2009-12-31": "5.80540", "2008-12-31": "-15.37330", "2007-12-31": "11.58340", "2006-12-31": "13.64420", "2005-12-31": "11.65950"}, "EBITDA Margin": {"2019-12-31": "7.52300", "2018-12-31": "7.38120", "2017-12-31": "8.02830", "2016-12-31": "6.87830", "2015-12-31": "10.70720", "2014-12-31": "11.82900", "2013-12-31": "13.13710", "2012-12-31": "12.05590", "2011-12-31": "9.94420", "2010-12-31": "11.42360", "2009-12-31": "9.11460", "2008-12-31": "9.46630", "2007-12-31": "13.59940", "2006-12-31": "15.81910", "2005-12-31": "13.29120"}, "Pre-Tax Profit Margin": {"2019-12-31": "5.69740", "2018-12-31": "6.46200", "2017-12-31": "6.28780", "2016-12-31": "5.07840", "2015-12-31": "8.10380", "2014-12-31": "8.58860", "2013-12-31": "7.08420", "2012-12-31": "7.51410", "2011-12-31": "7.27360", "2010-12-31": "5.31850", "2009-12-31": "-0.01550", "2008-12-31": "-19.99840", "2007-12-31": "9.81710", "2006-12-31": "12.81980", "2005-12-31": "11.15280"}, "Net Profit Margin": {"2019-12-31": "5.36680", "2018-12-31": "4.98230", "2017-12-31": "3.74210", "2016-12-31": "3.29940", "2015-12-31": "5.04000", "2014-12-31": "5.35370", "2013-12-31": "4.40570", "2012-12-31": "4.84420", "2011-12-31": "4.04990", "2010-12-31": "3.91660", "2009-12-31": "0.80030", "2008-12-31": "-19.73290", "2007-12-31": "6.47150", "2006-12-31": "7.90100", "2005-12-31": "6.80460"}, "Asset Turnover": {"2019-12-31": "1.47520", "2018-12-31": "1.58580", "2017-12-31": "1.58970", "2016-12-31": "1.61130", "2015-12-31": "0.98530", "2014-12-31": "1.19580", "2013-12-31": "1.02660", "2012-12-31": "0.83410", "2011-12-31": "0.81800", "2010-12-31": "0.99880", "2009-12-31": "0.82660", "2008-12-31": "1.08510", "2007-12-31": "0.96660", "2006-12-31": "0.67830", "2005-12-31": "1.13440"}, "Inventory Turnover Ratio": {"2019-12-31": "", "2018-12-31": "", "2017-12-31": "", "2016-12-31": "", "2015-12-31": "", "2014-12-31": "", "2013-12-31": "218.96140", "2012-12-31": "28.67850", "2011-12-31": "60.84570", "2010-12-31": "181.66120", "2009-12-31": "344.33600", "2008-12-31": "30.24850", "2007-12-31": "13.14650", "2006-12-31": "8.46750", "2005-12-31": ""}, "Receiveable Turnover": {"2019-12-31": "4.30240", "2018-12-31": "4.19850", "2017-12-31": "4.55480", "2016-12-31": "4.42270", "2015-12-31": "2.52570", "2014-12-31": "3.92050", "2013-12-31": "3.84620", "2012-12-31": "2.79690", "2011-12-31": "3.18280", "2010-12-31": "3.58820", "2009-12-31": "3.32200", "2008-12-31": "4.74830", "2007-12-31": "4.51180", "2006-12-31": "4.09430", "2005-12-31": "4.32130"}, "Days Sales In Receivables": {"2019-12-31": "84.83610", "2018-12-31": "86.93500", "2017-12-31": "80.13590", "2016-12-31": "82.52900", "2015-12-31": "144.51570", "2014-12-31": "93.10060", "2013-12-31": "94.89940", "2012-12-31": "130.49980", "2011-12-31": "114.68000", "2010-12-31": "101.72270", "2009-12-31": "109.87220", "2008-12-31": "76.86930", "2007-12-31": "80.89850", "2006-12-31": "89.14930", "2005-12-31": "84.46560"}, "ROE - Return On Equity": {"2019-12-31": "20.58710", "2018-12-31": "21.27680", "2017-12-31": "16.85370", "2016-12-31": "19.14040", "2015-12-31": "20.25600", "2014-12-31": "22.31270", "2013-12-31": "16.62180", "2012-12-31": "18.08500", "2011-12-31": "16.96590", "2010-12-31": "13.29420", "2009-12-31": "-3.52390", "2008-12-31": "-311.37330", "2007-12-31": "40.43790", "2006-12-31": "26.96010", "2005-12-31": "27.38380"}, "Return On Tangible Equity": {"2019-12-31": "113.27780", "2018-12-31": "-1273.30800", "2017-12-31": "-146.81150", "2016-12-31": "-43.82690", "2015-12-31": "-31.44360", "2014-12-31": "-61.51330", "2013-12-31": "-26.91300", "2012-12-31": "-30.58130", "2011-12-31": "-19.94370", "2010-12-31": "-23.98010", "2009-12-31": "3.27080", "2008-12-31": "88.41460", "2007-12-31": "-25.13700", "2006-12-31": "-22.00400", "2005-12-31": "-110.86910"}, "ROA - Return On Assets": {"2019-12-31": "7.97330", "2018-12-31": "7.92130", "2017-12-31": "6.00400", "2016-12-31": "5.42850", "2015-12-31": "5.07240", "2014-12-31": "6.78520", "2013-12-31": "4.59820", "2012-12-31": "3.89470", "2011-12-31": "3.33050", "2010-12-31": "2.76650", "2009-12-31": "-0.54840", "2008-12-31": "-22.77600", "2007-12-31": "6.40350", "2006-12-31": "5.35900", "2005-12-31": "7.71900"}, "ROI - Return On Investment": {"2019-12-31": "16.07410", "2018-12-31": "15.72850", "2017-12-31": "11.39540", "2016-12-31": "10.43950", "2015-12-31": "10.34160", "2014-12-31": "12.49400", "2013-12-31": "8.46190", "2012-12-31": "7.19810", "2011-12-31": "5.96860", "2010-12-31": "4.85620", "2009-12-31": "-0.87560", "2008-12-31": "-40.88880", "2007-12-31": "13.39290", "2006-12-31": "9.46220", "2005-12-31": "16.18520"}, "Book Value Per Share": {"2019-12-31": "18.73960", "2018-12-31": "14.87000", "2017-12-31": "12.29780", "2016-12-31": "9.06440", "2015-12-31": "8.25500", "2014-12-31": "6.91130", "2013-12-31": "5.83260", "2012-12-31": "5.09510", "2011-12-31": "4.32100", "2010-12-31": "3.29360", "2009-12-31": "2.43750", "2008-12-31": "1.31790", "2007-12-31": "4.90360", "2006-12-31": "5.19460", "2005-12-31": "3.58560"}, "Operating Cash Flow Per Share": {"2019-12-31": 0.2958, "2018-12-31": 0.6723, "2017-12-31": 0.8015, "2016-12-31": -0.1147, "2015-12-31": -0.0426, "2014-12-31": -0.2655, "2013-12-31": 1.3559, "2012-12-31": -0.2258, "2011-12-31": -0.817, "2010-12-31": 1.1698, "2009-12-31": 1.3822, "2008-12-31": -3.3778, "2007-12-31": 0.9295, "2006-12-31": 0.2644, "2005-12-31": 1.5647}, "Free Cash Flow Per Share": {"2019-12-31": 0.0977, "2018-12-31": 0.5309, "2017-12-31": 0.844, "2016-12-31": -0.2651, "2015-12-31": 0.0553, "2014-12-31": -0.3067, "2013-12-31": 1.3439, "2012-12-31": -0.228, "2011-12-31": -1.0595, "2010-12-31": 1.0559, "2009-12-31": 1.526, "2008-12-31": -3.2267, "2007-12-31": 0.7691, "2006-12-31": 0.1934, "2005-12-31": 1.4005}}, "financial ratios, quarterly": {"Current Ratio": {"2020-09-30": "1.26320", "2020-06-30": "1.22840", "2020-03-31": "1.19750", "2019-12-31": "1.17060", "2019-09-30": "1.17100", "2019-06-30": "1.16950", "2019-03-31": "1.16420", "2018-12-31": "1.16380", "2018-09-30": "1.16270", "2018-06-30": "1.13480", "2018-03-31": "1.18170", "2017-12-31": "1.19470", "2017-09-30": "1.27540", "2017-06-30": "1.27040", "2017-03-31": "1.22240", "2016-12-31": "1.13190", "2016-09-30": "1.10700", "2016-06-30": "1.13450", "2016-03-31": "1.10560", "2015-12-31": "1.06230", "2015-09-30": "1.10420", "2015-06-30": "1.28830", "2015-03-31": "1.20880", "2014-12-31": "1.15130", "2014-09-30": "1.29290", "2014-06-30": "1.16080", "2014-03-31": "1.16080", "2013-12-31": "1.10520", "2013-09-30": "1.38870", "2013-06-30": "1.31230", "2013-03-31": "1.31760", "2012-12-31": "1.37420", "2012-09-30": "1.41650", "2012-06-30": "1.42970", "2012-03-31": "1.39600", "2011-12-31": "1.32430", "2011-09-30": "1.44780", "2011-06-30": "1.45880", "2011-03-31": "1.24500", "2010-12-31": "1.15540", "2010-09-30": "1.35260", "2010-06-30": "1.47160", "2010-03-31": "1.50170", "2009-12-31": "1.39140", "2009-09-30": "1.19220", "2009-06-30": "1.25400", "2009-03-31": "0.93530", "2008-12-31": "1.02280", "2008-09-30": "0.97110", "2008-06-30": "0.97280", "2008-03-31": "1.00370", "2007-12-31": "0.95950", "2007-09-30": "1.16800", "2007-06-30": "1.20760", "2007-03-31": "1.26700", "2006-12-31": "1.19460", "2006-09-30": "0.86550", "2006-06-30": "0.79730", "2006-03-31": "1.22140", "2005-12-31": "1.12930", "2005-09-30": "1.09710", "2005-06-30": "1.07050", "2005-03-31": "1.05660"}, "Long-term Debt / Capital": {"2020-09-30": "0.21290", "2020-06-30": "0.21910", "2020-03-31": "0.22140", "2019-12-31": "0.21920", "2019-09-30": "0.23930", "2019-06-30": "0.24680", "2019-03-31": "0.25270", "2018-12-31": "0.26080", "2018-09-30": "0.26940", "2018-06-30": "0.28070", "2018-03-31": "0.28460", "2017-12-31": "0.32390", "2017-09-30": "0.39850", "2017-06-30": "0.41580", "2017-03-31": "0.43900", "2016-12-31": "0.45460", "2016-09-30": "0.46720", "2016-06-30": "0.47480", "2016-03-31": "0.47890", "2015-12-31": "0.48950", "2015-09-30": "0.50890", "2015-06-30": "0.40920", "2015-03-31": "0.42940", "2014-12-31": "0.44000", "2014-09-30": "0.48840", "2014-06-30": "0.45720", "2014-03-31": "0.47790", "2013-12-31": "0.49090", "2013-09-30": "0.50570", "2013-06-30": "0.52810", "2013-03-31": "0.55540", "2012-12-31": "0.60200", "2012-09-30": "0.62570", "2012-06-30": "0.64590", "2012-03-31": "0.65110", "2011-12-31": "0.64820", "2011-09-30": "0.64490", "2011-06-30": "0.63260", "2011-03-31": "0.61140", "2010-12-31": "0.63470", "2010-09-30": "0.70240", "2010-06-30": "0.75070", "2010-03-31": "0.76480", "2009-12-31": "0.75150", "2009-09-30": "0.83840", "2009-06-30": "0.83610", "2009-03-31": "0.88480", "2008-12-31": "0.86870", "2008-09-30": "0.68670", "2008-06-30": "0.68100", "2008-03-31": "0.69010", "2007-12-31": "0.66880", "2007-09-30": "0.56890", "2007-06-30": "0.60390", "2007-03-31": "0.65000", "2006-12-31": "0.64900", "2006-09-30": "0.11420", "2006-06-30": "0.12570", "2006-03-31": "0.39240", "2005-12-31": "0.40900", "2005-09-30": "0.43990", "2005-06-30": "0.46820", "2005-03-31": "0.49670"}, "Debt/Equity Ratio": {"2020-09-30": "0.45210", "2020-06-30": "0.47330", "2020-03-31": "0.48950", "2019-12-31": "0.43750", "2019-09-30": "0.56750", "2019-06-30": "0.62120", "2019-03-31": "0.70330", "2018-12-31": "0.61860", "2018-09-30": "0.73020", "2018-06-30": "0.84880", "2018-03-31": "0.76250", "2017-12-31": "0.69720", "2017-09-30": "1.03010", "2017-06-30": "1.00620", "2017-03-31": "1.02530", "2016-12-31": "1.24390", "2016-09-30": "1.46300", "2016-06-30": "1.26140", "2016-03-31": "1.28000", "2015-12-31": "1.60570", "2015-09-30": "1.43460", "2015-06-30": "0.99630", "2015-03-31": "1.27930", "2014-12-31": "1.02420", "2014-09-30": "1.34460", "2014-06-30": "1.36660", "2014-03-31": "1.28720", "2013-12-31": "1.28520", "2013-09-30": "1.25170", "2013-06-30": "1.55980", "2013-03-31": "1.84250", "2012-12-31": "2.23060", "2012-09-30": "2.16980", "2012-06-30": "2.29990", "2012-03-31": "2.35330", "2011-12-31": "2.52850", "2011-09-30": "2.50100", "2011-06-30": "2.21320", "2011-03-31": "2.02180", "2010-12-31": "2.36030", "2010-09-30": "2.99030", "2010-06-30": "3.72130", "2010-03-31": "3.72880", "2009-12-31": "3.83870", "2009-09-30": "6.25820", "2009-06-30": "6.13530", "2009-03-31": "11.86960", "2008-12-31": "8.44640", "2008-09-30": "3.24580", "2008-06-30": "3.02160", "2008-03-31": "3.06490", "2007-12-31": "2.70500", "2007-09-30": "1.78870", "2007-06-30": "1.89610", "2007-03-31": "2.11150", "2006-12-31": "2.00320", "2006-09-30": "0.38080", "2006-06-30": "0.46070", "2006-03-31": "0.79070", "2005-12-31": "1.04980", "2005-09-30": "1.03490", "2005-06-30": "1.19950", "2005-03-31": "1.12190"}, "Gross Margin": {"2020-09-30": "19.14150", "2020-06-30": "18.24520", "2020-03-31": "19.97730", "2019-12-31": "22.27090", "2019-09-30": "20.89020", "2019-06-30": "22.19580", "2019-03-31": "21.68190", "2018-12-31": "24.18510", "2018-09-30": "22.08820", "2018-06-30": "22.55110", "2018-03-31": "22.55030", "2017-12-31": "24.52610", "2017-09-30": "22.42740", "2017-06-30": "23.20110", "2017-03-31": "22.32770", "2016-12-31": "15.03530", "2016-09-30": "29.45700", "2016-06-30": "29.72080", "2016-03-31": "29.26590", "2015-12-31": "31.61200", "2015-09-30": "34.61300", "2015-06-30": "37.75490", "2015-03-31": "37.11210", "2014-12-31": "38.77920", "2014-09-30": "37.18950", "2014-06-30": "38.19500", "2014-03-31": "37.58420", "2013-12-31": "42.83420", "2013-09-30": "40.45980", "2013-06-30": "41.51440", "2013-03-31": "41.61500", "2012-12-31": "43.58640", "2012-09-30": "41.22300", "2012-06-30": "43.28070", "2012-03-31": "41.66200", "2011-12-31": "42.79140", "2011-09-30": "41.69900", "2011-06-30": "40.94980", "2011-03-31": "39.77280", "2010-12-31": "43.62800", "2010-09-30": "41.92210", "2010-06-30": "42.08530", "2010-03-31": "40.03270", "2009-12-31": "44.37600", "2009-09-30": "40.72840", "2009-06-30": "40.68740", "2009-03-31": "37.84940", "2008-12-31": "43.13740", "2008-09-30": "41.88340", "2008-06-30": "43.93340", "2008-03-31": "42.77100", "2007-12-31": "47.33110", "2007-09-30": "46.95560", "2007-06-30": "46.88510", "2007-03-31": "46.48320", "2006-12-31": "50.46980", "2006-09-30": "46.16830", "2006-06-30": "46.89670", "2006-03-31": "45.20950", "2005-12-31": "38.21260", "2005-09-30": "48.81160", "2005-06-30": "49.61180", "2005-03-31": "50.20200"}, "Operating Margin": {"2020-09-30": "3.74490", "2020-06-30": "1.74980", "2020-03-31": "3.74060", "2019-12-31": "7.21740", "2019-09-30": "5.34390", "2019-06-30": "4.97750", "2019-03-31": "2.82320", "2018-12-31": "7.29840", "2018-09-30": "3.60610", "2018-06-30": "4.40810", "2018-03-31": "4.57020", "2017-12-31": "7.38570", "2017-09-30": "5.15150", "2017-06-30": "5.14300", "2017-03-31": "5.06570", "2016-12-31": "4.36090", "2016-09-30": "5.40140", "2016-06-30": "5.69270", "2016-03-31": "3.77910", "2015-12-31": "5.59380", "2015-09-30": "8.85150", "2015-06-30": "9.56930", "2015-03-31": "7.80050", "2014-12-31": "10.35540", "2014-09-30": "8.13780", "2014-06-30": "9.68620", "2014-03-31": "6.04460", "2013-12-31": "7.57480", "2013-09-30": "9.11940", "2013-06-30": "10.77050", "2013-03-31": "6.85900", "2012-12-31": "11.60230", "2012-09-30": "6.65290", "2012-06-30": "10.78620", "2012-03-31": "5.63430", "2011-12-31": "6.60890", "2011-09-30": "9.31950", "2011-06-30": "9.15350", "2011-03-31": "6.16980", "2010-12-31": "10.47260", "2010-09-30": "10.31250", "2010-06-30": "8.29230", "2010-03-31": "4.45350", "2009-12-31": "10.83260", "2009-09-30": "5.57010", "2009-06-30": "4.07300", "2009-03-31": "0.61530", "2008-12-31": "-82.21290", "2008-09-30": "8.33820", "2008-06-30": "6.68120", "2008-03-31": "5.71380", "2007-12-31": "10.44970", "2007-09-30": "14.41940", "2007-06-30": "13.32670", "2007-03-31": "7.67140", "2006-12-31": "15.88320", "2006-09-30": "14.34670", "2006-06-30": "14.15300", "2006-03-31": "7.92720", "2005-12-31": "12.82630", "2005-09-30": "12.88420", "2005-06-30": "12.03930", "2005-03-31": "6.80500"}, "EBIT Margin": {"2020-09-30": "3.74490", "2020-06-30": "1.74980", "2020-03-31": "3.74060", "2019-12-31": "7.21740", "2019-09-30": "5.34390", "2019-06-30": "4.97750", "2019-03-31": "2.82320", "2018-12-31": "7.29840", "2018-09-30": "3.60610", "2018-06-30": "4.40810", "2018-03-31": "4.57020", "2017-12-31": "7.38570", "2017-09-30": "5.15150", "2017-06-30": "5.14300", "2017-03-31": "5.06570", "2016-12-31": "4.36090", "2016-09-30": "5.40140", "2016-06-30": "5.69270", "2016-03-31": "3.77910", "2015-12-31": "5.59380", "2015-09-30": "8.85150", "2015-06-30": "9.56930", "2015-03-31": "7.80050", "2014-12-31": "10.35550", "2014-09-30": "8.13780", "2014-06-30": "9.68620", "2014-03-31": "6.04460", "2013-12-31": "7.57480", "2013-09-30": "9.11940", "2013-06-30": "10.77050", "2013-03-31": "6.85900", "2012-12-31": "11.60230", "2012-09-30": "6.65290", "2012-06-30": "10.78620", "2012-03-31": "5.63430", "2011-12-31": "6.60890", "2011-09-30": "9.31950", "2011-06-30": "9.15350", "2011-03-31": "6.16980", "2010-12-31": "10.47260", "2010-09-30": "10.31250", "2010-06-30": "8.29230", "2010-03-31": "4.45350", "2009-12-31": "10.83260", "2009-09-30": "5.57010", "2009-06-30": "4.07300", "2009-03-31": "0.61530", "2008-12-31": "-82.21290", "2008-09-30": "8.33820", "2008-06-30": "6.68120", "2008-03-31": "5.71380", "2007-12-31": "10.44970", "2007-09-30": "14.41940", "2007-06-30": "13.32670", "2007-03-31": "7.67140", "2006-12-31": "15.88320", "2006-09-30": "14.34670", "2006-06-30": "14.15300", "2006-03-31": "7.92720", "2005-12-31": "12.82630", "2005-09-30": "12.88420", "2005-06-30": "12.03930", "2005-03-31": "6.80500"}, "EBITDA Margin": {"2020-09-30": "", "2020-06-30": "", "2020-03-31": "", "2019-12-31": "", "2019-09-30": "", "2019-06-30": "", "2019-03-31": "", "2018-12-31": "", "2018-09-30": "", "2018-06-30": "", "2018-03-31": "", "2017-12-31": "", "2017-09-30": "", "2017-06-30": "", "2017-03-31": "", "2016-12-31": "", "2016-09-30": "", "2016-06-30": "", "2016-03-31": "", "2015-12-31": "", "2015-09-30": "", "2015-06-30": "", "2015-03-31": "", "2014-12-31": "", "2014-09-30": "", "2014-06-30": "", "2014-03-31": "", "2013-12-31": "", "2013-09-30": "", "2013-06-30": "", "2013-03-31": "", "2012-12-31": "", "2012-09-30": "", "2012-06-30": "", "2012-03-31": "", "2011-12-31": "", "2011-09-30": "", "2011-06-30": "", "2011-03-31": "", "2010-12-31": "", "2010-09-30": "", "2010-06-30": "", "2010-03-31": "", "2009-12-31": "", "2009-09-30": "", "2009-06-30": "", "2009-03-31": "", "2008-12-31": "", "2008-09-30": "", "2008-06-30": "", "2008-03-31": "", "2007-12-31": "", "2007-09-30": "", "2007-06-30": "", "2007-03-31": "", "2006-12-31": "", "2006-09-30": "", "2006-06-30": "", "2006-03-31": "", "2005-12-31": "", "2005-09-30": "", "2005-06-30": "", "2005-03-31": ""}, "Pre-Tax Profit Margin": {"2020-09-30": "4.14340", "2020-06-30": "1.87530", "2020-03-31": "3.81570", "2019-12-31": "7.57310", "2019-09-30": "5.42640", "2019-06-30": "5.00450", "2019-03-31": "4.18080", "2018-12-31": "7.88270", "2018-09-30": "7.34950", "2018-06-30": "5.86820", "2018-03-31": "4.19960", "2017-12-31": "7.79120", "2017-09-30": "5.97600", "2017-06-30": "6.14690", "2017-03-31": "4.75800", "2016-12-31": "4.89520", "2016-09-30": "5.08120", "2016-06-30": "5.84510", "2016-03-31": "4.73400", "2015-12-31": "8.03200", "2015-09-30": "8.21570", "2015-06-30": "8.76910", "2015-03-31": "7.31010", "2014-12-31": "10.69570", "2014-09-30": "7.86770", "2014-06-30": "9.13620", "2014-03-31": "5.68800", "2013-12-31": "8.15090", "2013-09-30": "8.66800", "2013-06-30": "6.71310", "2013-03-31": "4.04530", "2012-12-31": "11.90890", "2012-09-30": "4.16560", "2012-06-30": "8.14300", "2012-03-31": "4.10070", "2011-12-31": "8.50700", "2011-09-30": "6.99420", "2011-06-30": "8.08150", "2011-03-31": "4.83060", "2010-12-31": "7.91660", "2010-09-30": "6.78940", "2010-06-30": "5.48250", "2010-03-31": "-0.86640", "2009-12-31": "5.93650", "2009-09-30": "-0.20960", "2009-06-30": "-0.94180", "2009-03-31": "-7.46430", "2008-12-31": "-89.53270", "2008-09-30": "5.16080", "2008-06-30": "2.61710", "2008-03-31": "1.77030", "2007-12-31": "11.04000", "2007-09-30": "11.99770", "2007-06-30": "12.64760", "2007-03-31": "1.81010", "2006-12-31": "15.27690", "2006-09-30": "14.68210", "2006-06-30": "11.29950", "2006-03-31": "7.63960", "2005-12-31": "13.18530", "2005-09-30": "11.48360", "2005-06-30": "12.43080", "2005-03-31": "4.41920"}, "Net Profit Margin": {"2020-09-30": "3.26180", "2020-06-30": "1.52190", "2020-03-31": "2.92390", "2019-12-31": "8.95610", "2019-09-30": "4.33070", "2019-06-30": "3.91540", "2019-03-31": "3.20140", "2018-12-31": "6.25690", "2018-09-30": "5.52120", "2018-06-30": "4.47360", "2018-03-31": "3.21540", "2017-12-31": "2.89520", "2017-09-30": "4.29200", "2017-06-30": "4.54500", "2017-03-31": "3.38240", "2016-12-31": "3.26400", "2016-09-30": "3.26170", "2016-06-30": "3.79320", "2016-03-31": "2.88640", "2015-12-31": "4.86570", "2015-09-30": "5.49750", "2015-06-30": "5.23020", "2015-03-31": "4.52800", "2014-12-31": "7.32910", "2014-09-30": "4.70750", "2014-06-30": "4.95880", "2014-03-31": "3.63620", "2013-12-31": "5.13220", "2013-09-30": "5.44700", "2013-06-30": "4.01270", "2013-03-31": "2.54540", "2012-12-31": "8.62470", "2012-09-30": "2.55010", "2012-06-30": "4.73880", "2012-03-31": "1.99820", "2011-12-31": "4.52270", "2011-09-30": "4.15830", "2011-06-30": "4.30480", "2011-03-31": "2.90010", "2010-12-31": "5.76180", "2010-09-30": "4.50460", "2010-06-30": "4.67520", "2010-03-31": "-0.64600", "2009-12-31": "4.95870", "2009-09-30": "1.20960", "2009-06-30": "-0.69450", "2009-03-31": "-4.12030", "2008-12-31": "-84.89590", "2008-09-30": "3.10620", "2008-06-30": "1.25970", "2008-03-31": "1.66170", "2007-12-31": "6.66510", "2007-09-30": "7.70000", "2007-06-30": "9.46980", "2007-03-31": "0.98660", "2006-12-31": "8.87680", "2006-09-30": "9.53660", "2006-06-30": "7.11130", "2006-03-31": "4.91300", "2005-12-31": "7.69820", "2005-09-30": "7.65070", "2005-06-30": "7.50130", "2005-03-31": "2.70720"}, "Asset Turnover": {"2020-09-30": "0.34530", "2020-06-30": "0.34280", "2020-03-31": "0.37560", "2019-12-31": "0.43950", "2019-09-30": "0.39390", "2019-06-30": "0.38820", "2019-03-31": "0.34950", "2018-12-31": "0.46770", "2018-09-30": "0.40540", "2018-06-30": "0.40780", "2018-03-31": "0.39250", "2017-12-31": "0.46930", "2017-09-30": "0.39810", "2017-06-30": "0.41860", "2017-03-31": "0.40810", "2016-12-31": "0.75340", "2016-09-30": "0.29630", "2016-06-30": "0.32330", "2016-03-31": "0.28940", "2015-12-31": "0.33580", "2015-09-30": "0.28390", "2015-06-30": "0.32040", "2015-03-31": "0.26920", "2014-12-31": "0.36830", "2014-09-30": "0.30210", "2014-06-30": "0.28460", "2014-03-31": "0.27190", "2013-12-31": "0.31920", "2013-09-30": "0.28070", "2013-06-30": "0.27440", "2013-03-31": "0.21420", "2012-12-31": "0.25680", "2012-09-30": "0.23000", "2012-06-30": "0.24350", "2012-03-31": "0.20640", "2011-12-31": "0.24430", "2011-09-30": "0.23920", "2011-06-30": "0.26920", "2011-03-31": "0.24730", "2010-12-31": "0.32240", "2010-09-30": "0.24950", "2010-06-30": "0.23770", "2010-03-31": "0.21080", "2009-12-31": "0.25730", "2009-09-30": "0.22860", "2009-06-30": "0.21630", "2009-03-31": "0.19120", "2008-12-31": "0.27150", "2008-09-30": "0.20270", "2008-06-30": "0.20420", "2008-03-31": "0.19510", "2007-12-31": "0.29430", "2007-09-30": "0.23020", "2007-06-30": "0.25050", "2007-03-31": "0.21680", "2006-12-31": "0.23710", "2006-09-30": "0.37310", "2006-06-30": "0.37690", "2006-03-31": "0.30220", "2005-12-31": "0.44020", "2005-09-30": "0.31260", "2005-06-30": "0.29990", "2005-03-31": "0.26910"}, "Inventory Turnover Ratio": {"2020-09-30": "", "2020-06-30": "", "2020-03-31": "", "2019-12-31": "", "2019-09-30": "", "2019-06-30": "", "2019-03-31": "", "2018-12-31": "", "2018-09-30": "", "2018-06-30": "", "2018-03-31": "", "2017-12-31": "", "2017-09-30": "", "2017-06-30": "", "2017-03-31": "", "2016-12-31": "", "2016-09-30": "", "2016-06-30": "", "2016-03-31": "", "2015-12-31": "", "2015-09-30": "634.35630", "2015-06-30": "783.55660", "2015-03-31": "252.00640", "2014-12-31": "", "2014-09-30": "43.50560", "2014-06-30": "99.55110", "2014-03-31": "18.78870", "2013-12-31": "66.74320", "2013-09-30": "17.60450", "2013-06-30": "24.85910", "2013-03-31": "10.31480", "2012-12-31": "8.67110", "2012-09-30": "9.70190", "2012-06-30": "17.77430", "2012-03-31": "24.18190", "2011-12-31": "17.75750", "2011-09-30": "10.48100", "2011-06-30": "1505.05700", "2011-03-31": "21.25600", "2010-12-31": "57.12610", "2010-09-30": "129.67610", "2010-06-30": "55.90730", "2010-03-31": "99.08100", "2009-12-31": "101.44390", "2009-09-30": "28.10990", "2009-06-30": "27.61120", "2009-03-31": "4.97460", "2008-12-31": "7.54170", "2008-09-30": "3.78170", "2008-06-30": "1.89050", "2008-03-31": "2.30960", "2007-12-31": "3.97420", "2007-09-30": "2.67390", "2007-06-30": "3.20980", "2007-03-31": "5.33580", "2006-12-31": "2.80050", "2006-09-30": "", "2006-06-30": "", "2006-03-31": "", "2005-12-31": "", "2005-09-30": "10.24370", "2005-06-30": "12.71270", "2005-03-31": ""}, "Receiveable Turnover": {"2020-09-30": "1.07070", "2020-06-30": "1.07560", "2020-03-31": "1.04720", "2019-12-31": "1.28190", "2019-09-30": "1.16540", "2019-06-30": "1.05410", "2019-03-31": "0.94960", "2018-12-31": "1.23830", "2018-09-30": "1.03900", "2018-06-30": "1.05160", "2018-03-31": "1.07580", "2017-12-31": "1.34470", "2017-09-30": "1.06770", "2017-06-30": "1.17490", "2017-03-31": "1.25040", "2016-12-31": "2.06790", "2016-09-30": "0.77320", "2016-06-30": "0.96800", "2016-03-31": "0.90580", "2015-12-31": "0.86090", "2015-09-30": "0.94060", "2015-06-30": "0.99380", "2015-03-31": "0.77500", "2014-12-31": "1.20740", "2014-09-30": "0.98680", "2014-06-30": "0.88140", "2014-03-31": "1.04710", "2013-12-31": "1.19580", "2013-09-30": "1.14460", "2013-06-30": "0.95560", "2013-03-31": "0.69800", "2012-12-31": "0.86120", "2012-09-30": "0.92700", "2012-06-30": "1.02300", "2012-03-31": "0.88450", "2011-12-31": "0.95050", "2011-09-30": "0.90410", "2011-06-30": "1.08300", "2011-03-31": "0.98620", "2010-12-31": "1.15830", "2010-09-30": "1.10610", "2010-06-30": "1.11990", "2010-03-31": "1.05830", "2009-12-31": "1.03390", "2009-09-30": "1.01540", "2009-06-30": "1.03630", "2009-03-31": "0.86000", "2008-12-31": "1.18810", "2008-09-30": "1.22420", "2008-06-30": "1.16960", "2008-03-31": "1.03020", "2007-12-31": "1.37360", "2007-09-30": "1.05880", "2007-06-30": "1.39600", "2007-03-31": "1.50870", "2006-12-31": "1.43100", "2006-09-30": "1.62040", "2006-06-30": "1.84090", "2006-03-31": "1.47320", "2005-12-31": "1.67680", "2005-09-30": "1.48140", "2005-06-30": "1.36120", "2005-03-31": "1.59420"}, "Days Sales In Receivables": {"2020-09-30": "84.06090", "2020-06-30": "83.67160", "2020-03-31": "85.94270", "2019-12-31": "70.20640", "2019-09-30": "77.22840", "2019-06-30": "85.37910", "2019-03-31": "94.77650", "2018-12-31": "72.68280", "2018-09-30": "86.62140", "2018-06-30": "85.58340", "2018-03-31": "83.65780", "2017-12-31": "66.93070", "2017-09-30": "84.29230", "2017-06-30": "76.60530", "2017-03-31": "71.97590", "2016-12-31": "43.52170", "2016-09-30": "116.39640", "2016-06-30": "92.97900", "2016-03-31": "99.35500", "2015-12-31": "104.54350", "2015-09-30": "95.68210", "2015-06-30": "90.56190", "2015-03-31": "116.12550", "2014-12-31": "74.53830", "2014-09-30": "91.20230", "2014-06-30": "102.11180", "2014-03-31": "85.94980", "2013-12-31": "75.26160", "2013-09-30": "78.62890", "2013-06-30": "94.18600", "2013-03-31": "128.94080", "2012-12-31": "104.50000", "2012-09-30": "97.08450", "2012-06-30": "87.97320", "2012-03-31": "101.75620", "2011-12-31": "94.68500", "2011-09-30": "99.54730", "2011-06-30": "83.10060", "2011-03-31": "91.25730", "2010-12-31": "77.69900", "2010-09-30": "81.36440", "2010-06-30": "80.36520", "2010-03-31": "85.04270", "2009-12-31": "87.04940", "2009-09-30": "88.63180", "2009-06-30": "86.84580", "2009-03-31": "104.65510", "2008-12-31": "75.75250", "2008-09-30": "73.51770", "2008-06-30": "76.94850", "2008-03-31": "87.36260", "2007-12-31": "65.52050", "2007-09-30": "85.00030", "2007-06-30": "64.47100", "2007-03-31": "59.65310", "2006-12-31": "62.89220", "2006-09-30": "55.54030", "2006-06-30": "48.88860", "2006-03-31": "61.09090", "2005-12-31": "53.67310", "2005-09-30": "60.75340", "2005-06-30": "66.12030", "2005-03-31": "56.45360"}, "ROE - Return On Equity": {"2020-09-30": "2.80300", "2020-06-30": "1.30650", "2020-03-31": "2.81270", "2019-12-31": "10.18850", "2019-09-30": "4.64210", "2019-06-30": "4.14500", "2019-03-31": "3.28250", "2018-12-31": "7.87450", "2018-09-30": "6.11200", "2018-06-30": "5.08390", "2018-03-31": "3.39750", "2017-12-31": "3.86890", "2017-09-30": "5.19580", "2017-06-30": "5.66580", "2017-03-31": "4.26380", "2016-12-31": "8.70820", "2016-09-30": "3.71800", "2016-06-30": "4.25120", "2016-03-31": "2.95250", "2015-12-31": "6.61800", "2015-09-30": "5.79220", "2015-06-30": "5.31860", "2015-03-31": "4.04070", "2014-12-31": "8.93670", "2014-09-30": "5.02520", "2014-06-30": "5.98820", "2014-03-31": "3.34980", "2013-12-31": "5.98330", "2013-09-30": "5.12800", "2013-06-30": "4.15610", "2013-03-31": "2.38400", "2012-12-31": "9.27010", "2012-09-30": "2.81120", "2012-06-30": "5.26840", "2012-03-31": "2.13540", "2011-12-31": "5.50110", "2011-09-30": "4.42050", "2011-06-30": "5.53380", "2011-03-31": "2.94500", "2010-12-31": "6.79640", "2010-09-30": "5.00480", "2010-06-30": "4.57540", "2010-03-31": "-2.05040", "2009-12-31": "6.51920", "2009-09-30": "-2.28310", "2009-06-30": "-2.81830", "2009-03-31": "-19.54680", "2008-12-31": "-328.37700", "2008-09-30": "2.78680", "2008-06-30": "1.32020", "2008-03-31": "1.50290", "2007-12-31": "13.32130", "2007-09-30": "7.54690", "2007-06-30": "10.30940", "2007-03-31": "1.00240", "2006-12-31": "10.58680", "2006-09-30": "8.99840", "2006-06-30": "6.98050", "2006-03-31": "4.36880", "2005-12-31": "12.02140", "2005-09-30": "8.10010", "2005-06-30": "7.93600", "2005-03-31": "2.51470"}, "Return On Tangible Equity": {"2020-09-30": "12.19170", "2020-06-30": "6.52350", "2020-03-31": "15.01120", "2019-12-31": "56.06070", "2019-09-30": "42.57940", "2019-06-30": "56.50090", "2019-03-31": "84.69840", "2018-12-31": "-471.24610", "2018-09-30": "-106.38780", "2018-06-30": "-67.82140", "2018-03-31": "-58.08440", "2017-12-31": "-33.70140", "2017-09-30": "-29.25600", "2017-06-30": "-22.26670", "2017-03-31": "-11.92900", "2016-12-31": "-19.93970", "2016-09-30": "-7.49810", "2016-06-30": "-7.94630", "2016-03-31": "-5.02760", "2015-12-31": "-10.27320", "2015-09-30": "-7.75290", "2015-06-30": "-21.60200", "2015-03-31": "-12.40180", "2014-12-31": "-24.63750", "2014-09-30": "-11.57730", "2014-06-30": "-13.32140", "2014-03-31": "-6.13960", "2013-12-31": "-9.68780", "2013-09-30": "-10.90070", "2013-06-30": "-7.67220", "2013-03-31": "-4.32220", "2012-12-31": "-15.67550", "2012-09-30": "-3.89670", "2012-06-30": "-6.48430", "2012-03-31": "-2.43090", "2011-12-31": "-6.46670", "2011-09-30": "-8.13060", "2011-06-30": "-13.67010", "2011-03-31": "-6.44040", "2010-12-31": "-12.25940", "2010-09-30": "-6.92480", "2010-06-30": "-4.81530", "2010-03-31": "1.95320", "2009-12-31": "-6.05100", "2009-09-30": "0.91490", "2009-06-30": "1.23320", "2009-03-31": "4.26700", "2008-12-31": "93.24280", "2008-09-30": "-1.76210", "2008-06-30": "-0.83480", "2008-03-31": "-0.91640", "2007-12-31": "-8.28080", "2007-09-30": "-10.39370", "2007-06-30": "-11.46430", "2007-03-31": "-0.84010", "2006-12-31": "-8.64070", "2006-09-30": "-184.31560", "2006-06-30": "-53.13940", "2006-03-31": "-24.63230", "2005-12-31": "-48.67120", "2005-09-30": "-22.91540", "2005-06-30": "-16.92880", "2005-03-31": "-4.12140"}, "ROA - Return On Assets": {"2020-09-30": "1.13070", "2020-06-30": "0.52300", "2020-03-31": "1.10670", "2019-12-31": "3.94590", "2019-09-30": "1.71570", "2019-06-30": "1.51800", "2019-03-31": "1.16260", "2018-12-31": "2.93160", "2018-09-30": "2.24770", "2018-06-30": "1.83190", "2018-03-31": "1.26080", "2017-12-31": "1.37830", "2017-09-30": "1.71760", "2017-06-30": "1.91400", "2017-03-31": "1.39950", "2016-12-31": "2.46980", "2016-09-30": "1.02860", "2016-06-30": "1.24410", "2016-03-31": "0.86060", "2015-12-31": "1.65730", "2015-09-30": "1.56970", "2015-06-30": "1.78480", "2015-03-31": "1.22140", "2014-12-31": "2.71760", "2014-09-30": "1.45670", "2014-06-30": "1.74250", "2014-03-31": "0.99280", "2013-12-31": "1.65520", "2013-09-30": "1.52440", "2013-06-30": "1.12040", "2013-03-31": "0.59040", "2012-12-31": "1.99640", "2012-09-30": "0.63090", "2012-06-30": "1.14960", "2012-03-31": "0.45790", "2011-12-31": "1.07990", "2011-09-30": "0.93580", "2011-06-30": "1.29860", "2011-03-31": "0.70610", "2010-12-31": "1.41430", "2010-09-30": "0.94370", "2010-06-30": "0.76140", "2010-03-31": "-0.33260", "2009-12-31": "1.01460", "2009-09-30": "-0.23780", "2009-06-30": "-0.31020", "2009-03-31": "-1.16840", "2008-12-31": "-24.01980", "2008-09-30": "0.45820", "2008-06-30": "0.21870", "2008-03-31": "0.24300", "2007-12-31": "2.10950", "2007-09-30": "1.77290", "2007-06-30": "2.37200", "2007-03-31": "0.21390", "2006-12-31": "2.10440", "2006-09-30": "3.55840", "2006-06-30": "2.68050", "2006-03-31": "1.48480", "2005-12-31": "3.38860", "2005-09-30": "2.39160", "2005-06-30": "2.24940", "2005-03-31": "0.72850"}, "ROI - Return On Investment": {"2020-09-30": "2.20640", "2020-06-30": "1.02030", "2020-03-31": "2.18990", "2019-12-31": "7.95500", "2019-09-30": "3.53150", "2019-06-30": "3.12190", "2019-03-31": "2.45280", "2018-12-31": "5.82110", "2018-09-30": "4.46530", "2018-06-30": "3.65670", "2018-03-31": "2.43040", "2017-12-31": "2.61590", "2017-09-30": "3.12540", "2017-06-30": "3.30990", "2017-03-31": "2.39220", "2016-12-31": "4.74960", "2016-09-30": "1.98080", "2016-06-30": "2.23280", "2016-03-31": "1.53840", "2015-12-31": "3.37880", "2015-09-30": "2.84440", "2015-06-30": "3.14200", "2015-03-31": "2.30580", "2014-12-31": "5.00410", "2014-09-30": "2.57070", "2014-06-30": "3.25020", "2014-03-31": "1.74890", "2013-12-31": "3.04600", "2013-09-30": "2.53490", "2013-06-30": "1.96110", "2013-03-31": "1.06000", "2012-12-31": "3.68960", "2012-09-30": "1.05220", "2012-06-30": "1.86530", "2012-03-31": "0.74510", "2011-12-31": "1.93530", "2011-09-30": "1.56970", "2011-06-30": "2.03320", "2011-03-31": "1.14430", "2010-12-31": "2.48260", "2010-09-30": "1.48960", "2010-06-30": "1.14040", "2010-03-31": "-0.48220", "2009-12-31": "1.61980", "2009-09-30": "-0.36890", "2009-06-30": "-0.46200", "2009-03-31": "-2.25200", "2008-12-31": "-43.12170", "2008-09-30": "0.87300", "2008-06-30": "0.42110", "2008-03-31": "0.46580", "2007-12-31": "4.41200", "2007-09-30": "3.25350", "2007-06-30": "4.08310", "2007-03-31": "0.35080", "2006-12-31": "3.71560", "2006-09-30": "7.97070", "2006-06-30": "6.10310", "2006-03-31": "2.65450", "2005-12-31": "7.10520", "2005-09-30": "4.53690", "2005-06-30": "4.22060", "2005-03-31": "1.26570"}, "Book Value Per Share": {"2020-09-30": "19.65870", "2020-06-30": "18.74790", "2020-03-31": "18.40860", "2019-12-31": "18.73960", "2019-09-30": "16.55670", "2019-06-30": "16.02750", "2019-03-31": "15.47650", "2018-12-31": "14.87000", "2018-09-30": "14.00020", "2018-06-30": "13.29300", "2018-03-31": "13.00620", "2017-12-31": "12.29780", "2017-09-30": "11.34700", "2017-06-30": "10.60290", "2017-03-31": "9.64330", "2016-12-31": "9.06440", "2016-09-30": "8.83990", "2016-06-30": "8.65310", "2016-03-31": "8.54980", "2015-12-31": "8.25500", "2015-09-30": "7.74920", "2015-06-30": "7.51580", "2015-03-31": "6.92280", "2014-12-31": "6.91130", "2014-09-30": "6.55840", "2014-06-30": "6.54670", "2014-03-31": "6.10860", "2013-12-31": "5.83260", "2013-09-30": "5.54140", "2013-06-30": "5.16580", "2013-03-31": "5.15060", "2012-12-31": "5.09510", "2012-09-30": "4.61510", "2012-06-30": "4.37190", "2012-03-31": "4.27490", "2011-12-31": "4.32100", "2011-09-30": "4.14160", "2011-06-30": "3.81440", "2011-03-31": "3.53950", "2010-12-31": "3.29360", "2010-09-30": "2.96290", "2010-06-30": "2.55020", "2010-03-31": "2.45320", "2009-12-31": "2.43750", "2009-09-30": "1.59260", "2009-06-30": "1.70890", "2009-03-31": "1.05130", "2008-12-31": "1.31790", "2008-09-30": "5.14580", "2008-06-30": "5.27340", "2008-03-31": "5.04660", "2007-12-31": "4.90360", "2007-09-30": "6.61960", "2007-06-30": "5.97390", "2007-03-31": "5.23000", "2006-12-31": "5.19460", "2006-09-30": "4.55360", "2006-06-30": "4.12080", "2006-03-31": "3.79230", "2005-12-31": "3.58560", "2005-09-30": "3.20330", "2005-06-30": "2.92120", "2005-03-31": "2.68420"}, "Operating Cash Flow Per Share": {"2020-09-30": 2.5308, "2020-06-30": 0.4191, "2020-03-31": "-0.40110", "2019-12-31": 3.0804, "2019-09-30": 1.3736, "2019-06-30": 0.2928, "2019-03-31": "-1.15410", "2018-12-31": 1.8356, "2018-09-30": 1.7293, "2018-06-30": 0.4616, "2018-03-31": "-0.72960", "2017-12-31": 1.4944, "2017-09-30": 1.4747, "2017-06-30": 0.6016, "2017-03-31": "-0.94610", "2016-12-31": 1.9802, "2016-09-30": 0.4641, "2016-06-30": 0.3525, "2016-03-31": "-0.97370", "2015-12-31": 1.5147, "2015-09-30": 0.5486, "2015-06-30": 0.4102, "2015-03-31": "-0.53570", "2014-12-31": 1.7756, "2014-09-30": 0.8756, "2014-06-30": 0.1391, "2014-03-31": "-0.80990", "2013-12-31": 1.5393, "2013-09-30": 0.4513, "2013-06-30": 0.4968, "2013-03-31": "-0.24150", "2012-12-31": 1.2564, "2012-09-30": 0.252, "2012-06-30": 0.2994, "2012-03-31": "-0.91780", "2011-12-31": 0.7941, "2011-09-30": 0.8042, "2011-06-30": -0.1298, "2011-03-31": "-0.35270", "2010-12-31": 0.9154, "2010-09-30": 0.7002, "2010-06-30": 0.2945, "2010-03-31": "0.02270", "2009-12-31": 0.5761, "2009-09-30": 0.4982, "2009-06-30": -0.2675, "2009-03-31": "-0.04380", "2008-12-31": 0.4946, "2008-09-30": 0.71, "2008-06-30": -0.2984, "2008-03-31": "-1.52540", "2007-12-31": 1.5397, "2007-09-30": 0.5328, "2007-06-30": 0.2139, "2007-03-31": "0.47220", "2006-12-31": 1.4597, "2006-09-30": 0.701, "2006-06-30": 0.4615, "2006-03-31": "-0.79310", "2005-12-31": 0.9709, "2005-09-30": 0.5449, "2005-06-30": 0.3011, "2005-03-31": "-0.25220"}, "Free Cash Flow Per Share": {"2020-09-30": 2.3642, "2020-06-30": 0.2046, "2020-03-31": "-0.58430", "2019-12-31": 2.7931, "2019-09-30": 1.1637, "2019-06-30": 0.0955, "2019-03-31": "-1.32160", "2018-12-31": 1.6136, "2018-09-30": 1.6004, "2018-06-30": 0.285, "2018-03-31": "-0.86600", "2017-12-31": 1.2697, "2017-09-30": 1.3525, "2017-06-30": 0.4959, "2017-03-31": "-1.01600", "2016-12-31": 1.8122, "2016-09-30": 0.3009, "2016-06-30": 0.2179, "2016-03-31": "-1.07290", "2015-12-31": 1.3536, "2015-09-30": 0.445, "2015-06-30": 0.3158, "2015-03-31": "-0.59120", "2014-12-31": 1.5401, "2014-09-30": 0.7591, "2014-06-30": 0.0195, "2014-03-31": "-0.85080", "2013-12-31": 1.3051, "2013-09-30": 0.3334, "2013-06-30": 0.4042, "2013-03-31": "-0.26810", "2012-12-31": 1.0433, "2012-09-30": 0.1245, "2012-06-30": 0.2055, "2012-03-31": "-0.94260", "2011-12-31": 0.6317, "2011-09-30": 0.655, "2011-06-30": -0.2332, "2011-03-31": "-0.39480", "2010-12-31": 0.7568, "2010-09-30": 0.6667, "2010-06-30": 0.2813, "2010-03-31": "0.01340", "2009-12-31": 0.5196, "2009-09-30": 0.4762, "2009-06-30": -0.2798, "2009-03-31": "-0.05370", "2008-12-31": 0.4422, "2008-09-30": 0.6468, "2008-06-30": -0.3648, "2008-03-31": "-1.58790", "2007-12-31": 1.3558, "2007-09-30": 0.4348, "2007-06-30": 0.1393, "2007-03-31": "0.43310", "2006-12-31": 1.3528, "2006-09-30": 0.6923, "2006-06-30": 0.4109, "2006-03-31": "-0.86210", "2005-12-31": 0.9012, "2005-09-30": 0.5066, "2005-06-30": 0.2762, "2005-03-31": "-0.28350"}}, "revenue": {"CBRE Annual Revenue (Millions of US $)": {"2019": "$23,894", "2018": "$21,340", "2017": "$18,629", "2016": "$17,369", "2015": "$10,856", "2014": "$9,050", "2013": "$7,185", "2012": "$6,514", "2011": "$5,905", "2010": "$5,115", "2009": "$4,166", "2008": "$5,129", "2007": "$6,034", "2006": "$4,032", "2005": "$3,194"}, "CBRE Quarterly Revenue (Millions of US $)": {"2020-09-30": "$5,645", "2020-06-30": "$5,381", "2020-03-31": "$5,889", "2019-12-31": "$7,119", "2019-09-30": "$5,925", "2019-06-30": "$5,714", "2019-03-31": "$5,136", "2018-12-31": "$6,294", "2018-09-30": "$5,261", "2018-06-30": "$5,111", "2018-03-31": "$4,674", "2017-12-31": "$5,500", "2017-09-30": "$4,639", "2017-06-30": "$4,440", "2017-03-31": "$4,051", "2016-12-31": "$8,121", "2016-09-30": "$3,193", "2016-06-30": "$3,208", "2016-03-31": "$2,847", "2015-12-31": "$3,700", "2015-09-30": "$2,713", "2015-06-30": "$2,391", "2015-03-31": "$2,053", "2014-12-31": "$2,787", "2014-09-30": "$2,275", "2014-06-30": "$2,127", "2014-03-31": "$1,861", "2013-12-31": "$2,234", "2013-09-30": "$1,734", "2013-06-30": "$1,742", "2013-03-31": "$1,475", "2012-12-31": "$2,006", "2012-09-30": "$1,557", "2012-06-30": "$1,601", "2012-03-31": "$1,350", "2011-12-31": "$1,764", "2011-09-30": "$1,534", "2011-06-30": "$1,422", "2011-03-31": "$1,185", "2010-12-31": "$1,651", "2010-09-30": "$1,266", "2010-06-30": "$1,172", "2010-03-31": "$1,026", "2009-12-31": "$1,296", "2009-09-30": "$1,023", "2009-06-30": "$956", "2009-03-31": "$890", "2008-12-31": "$1,283", "2008-09-30": "$1,300", "2008-06-30": "$1,315", "2008-03-31": "$1,231", "2007-12-31": "$1,837", "2007-09-30": "$1,493", "2007-06-30": "$1,490", "2007-03-31": "$1,214", "2006-12-31": "$1,409", "2006-09-30": "$968", "2006-06-30": "$904", "2006-03-31": "$751", "2005-12-31": "$1,239", "2005-09-30": "$744", "2005-06-30": "$672", "2005-03-31": "$538"}}, "gross-profit": {"CBRE Annual Gross Profit (Millions of US $)": {"2019": "$5,205", "2018": "$4,891", "2017": "$4,324", "2016": "$3,948", "2015": "$3,773", "2014": "$3,439", "2013": "$2,995", "2012": "$2,772", "2011": "$2,448", "2010": "$2,155", "2009": "$1,718", "2008": "$2,202", "2007": "$2,834", "2006": "$1,922", "2005": "$1,441"}, "CBRE Quarterly Gross Profit (Millions of US $)": {"2020-09-30": "$1,081", "2020-06-30": "$982", "2020-03-31": "$1,176", "2019-12-31": "$1,586", "2019-09-30": "$1,238", "2019-06-30": "$1,268", "2019-03-31": "$1,113", "2018-12-31": "$1,522", "2018-09-30": "$1,162", "2018-06-30": "$1,153", "2018-03-31": "$1,054", "2017-12-31": "$1,349", "2017-09-30": "$1,040", "2017-06-30": "$1,030", "2017-03-31": "$904", "2016-12-31": "$1,221", "2016-09-30": "$941", "2016-06-30": "$953", "2016-03-31": "$833", "2015-12-31": "$1,170", "2015-09-30": "$939", "2015-06-30": "$903", "2015-03-31": "$762", "2014-12-31": "$1,081", "2014-09-30": "$846", "2014-06-30": "$812", "2014-03-31": "$699", "2013-12-31": "$957", "2013-09-30": "$702", "2013-06-30": "$723", "2013-03-31": "$614", "2012-12-31": "$874", "2012-09-30": "$642", "2012-06-30": "$693", "2012-03-31": "$562", "2011-12-31": "$755", "2011-09-30": "$640", "2011-06-30": "$582", "2011-03-31": "$471", "2010-12-31": "$720", "2010-09-30": "$531", "2010-06-30": "$493", "2010-03-31": "$411", "2009-12-31": "$575", "2009-09-30": "$417", "2009-06-30": "$389", "2009-03-31": "$337", "2008-12-31": "$554", "2008-09-30": "$544", "2008-06-30": "$578", "2008-03-31": "$526", "2007-12-31": "$870", "2007-09-30": "$701", "2007-06-30": "$699", "2007-03-31": "$564", "2006-12-31": "$711", "2006-09-30": "$447", "2006-06-30": "$424", "2006-03-31": "$340", "2005-12-31": "$474", "2005-09-30": "$363", "2005-06-30": "$333", "2005-03-31": "$270"}}, "operating-income": {"CBRE Annual Operating Income (Millions of US $)": {"2019": "$1,260", "2018": "$1,088", "2017": "$1,079", "2016": "$817", "2015": "$836", "2014": "$792", "2013": "$616", "2012": "$585", "2011": "$463", "2010": "$446", "2009": "$242", "2008": "$-788", "2007": "$699", "2006": "$550", "2005": "$372"}, "CBRE Quarterly Operating Income (Millions of US $)": {"2020-09-30": "$211", "2020-06-30": "$94", "2020-03-31": "$220", "2019-12-31": "$514", "2019-09-30": "$317", "2019-06-30": "$284", "2019-03-31": "$145", "2018-12-31": "$459", "2018-09-30": "$190", "2018-06-30": "$225", "2018-03-31": "$214", "2017-12-31": "$406", "2017-09-30": "$239", "2017-06-30": "$228", "2017-03-31": "$205", "2016-12-31": "$354", "2016-09-30": "$172", "2016-06-30": "$183", "2016-03-31": "$108", "2015-12-31": "$207", "2015-09-30": "$240", "2015-06-30": "$229", "2015-03-31": "$160", "2014-12-31": "$289", "2014-09-30": "$185", "2014-06-30": "$206", "2014-03-31": "$112", "2013-12-31": "$169", "2013-09-30": "$158", "2013-06-30": "$188", "2013-03-31": "$101", "2012-12-31": "$233", "2012-09-30": "$104", "2012-06-30": "$173", "2012-03-31": "$76", "2011-12-31": "$117", "2011-09-30": "$143", "2011-06-30": "$130", "2011-03-31": "$73", "2010-12-31": "$173", "2010-09-30": "$131", "2010-06-30": "$97", "2010-03-31": "$46", "2009-12-31": "$140", "2009-09-30": "$57", "2009-06-30": "$39", "2009-03-31": "$5", "2008-12-31": "$-1,055", "2008-09-30": "$108", "2008-06-30": "$88", "2008-03-31": "$70", "2007-12-31": "$192", "2007-09-30": "$215", "2007-06-30": "$199", "2007-03-31": "$93", "2006-12-31": "$224", "2006-09-30": "$139", "2006-06-30": "$128", "2006-03-31": "$60", "2005-12-31": "$159", "2005-09-30": "$96", "2005-06-30": "$81", "2005-03-31": "$37"}}, "ebitda": {"CBRE Annual EBITDA (Millions of US $)": {"2019": "$1,798", "2018": "$1,575", "2017": "$1,496", "2016": "$1,195", "2015": "$1,162", "2014": "$1,071", "2013": "$944", "2012": "$785", "2011": "$587", "2010": "$584", "2009": "$380", "2008": "$486", "2007": "$821", "2006": "$638", "2005": "$425"}, "CBRE Quarterly EBITDA (Millions of US $)": {"2020-09-30": "$341", "2020-06-30": "$287", "2020-03-31": "$336", "2019-12-31": "$631", "2019-09-30": "$430", "2019-06-30": "$481", "2019-03-31": "$255", "2018-12-31": "$578", "2018-09-30": "$305", "2018-06-30": "$341", "2018-03-31": "$352", "2017-12-31": "$519", "2017-09-30": "$344", "2017-06-30": "$331", "2017-03-31": "$302", "2016-12-31": "$454", "2016-09-30": "$268", "2016-06-30": "$275", "2016-03-31": "$197", "2015-12-31": "$308", "2015-09-30": "$318", "2015-06-30": "$302", "2015-03-31": "$235", "2014-12-31": "$360", "2014-09-30": "$260", "2014-06-30": "$271", "2014-03-31": "$180", "2013-12-31": "$322", "2013-09-30": "$207", "2013-06-30": "$251", "2013-03-31": "$163", "2012-12-31": "$281", "2012-09-30": "$165", "2012-06-30": "$214", "2012-03-31": "$125", "2011-12-31": "$155", "2011-09-30": "$176", "2011-06-30": "$157", "2011-03-31": "$98", "2010-12-31": "$223", "2010-09-30": "$159", "2010-06-30": "$127", "2010-03-31": "$75", "2009-12-31": "$168", "2009-09-30": "$84", "2009-06-30": "$65", "2009-03-31": "$63", "2008-12-31": "$136", "2008-09-30": "$136", "2008-06-30": "$115", "2008-03-31": "$99", "2007-12-31": "$225", "2007-09-30": "$246", "2007-06-30": "$228", "2007-03-31": "$122", "2006-12-31": "$253", "2006-09-30": "$154", "2006-06-30": "$154", "2006-03-31": "$76", "2005-12-31": "$173", "2005-09-30": "$109", "2005-06-30": "$93", "2005-03-31": "$49"}}, "net-income": {"CBRE Annual Net Income (Millions of US $)": {"2019": "$1,282", "2018": "$1,063", "2017": "$697", "2016": "$573", "2015": "$547", "2014": "$485", "2013": "$317", "2012": "$316", "2011": "$239", "2010": "$200", "2009": "$33", "2008": "$-1,012", "2007": "$391", "2006": "$319", "2005": "$217"}, "CBRE Quarterly Net Income (Millions of US $)": {"2020-09-30": "$184", "2020-06-30": "$82", "2020-03-31": "$172", "2019-12-31": "$638", "2019-09-30": "$257", "2019-06-30": "$224", "2019-03-31": "$164", "2018-12-31": "$394", "2018-09-30": "$290", "2018-06-30": "$229", "2018-03-31": "$150", "2017-12-31": "$159", "2017-09-30": "$199", "2017-06-30": "$202", "2017-03-31": "$137", "2016-12-31": "$265", "2016-09-30": "$104", "2016-06-30": "$122", "2016-03-31": "$82", "2015-12-31": "$180", "2015-09-30": "$149", "2015-06-30": "$125", "2015-03-31": "$93", "2014-12-31": "$204", "2014-09-30": "$107", "2014-06-30": "$105", "2014-03-31": "$68", "2013-12-31": "$115", "2013-09-30": "$94", "2013-06-30": "$70", "2013-03-31": "$38", "2012-12-31": "$173", "2012-09-30": "$40", "2012-06-30": "$76", "2012-03-31": "$27", "2011-12-31": "$80", "2011-09-30": "$64", "2011-06-30": "$61", "2011-03-31": "$34", "2010-12-31": "$95", "2010-09-30": "$57", "2010-06-30": "$55", "2010-03-31": "$-7", "2009-12-31": "$64", "2009-09-30": "$12", "2009-06-30": "$-7", "2009-03-31": "$-37", "2008-12-31": "$-1,089", "2008-09-30": "$40", "2008-06-30": "$17", "2008-03-31": "$20", "2007-12-31": "$122", "2007-09-30": "$115", "2007-06-30": "$141", "2007-03-31": "$12", "2006-12-31": "$125", "2006-09-30": "$92", "2006-06-30": "$64", "2006-03-31": "$37", "2005-12-31": "$95", "2005-09-30": "$57", "2005-06-30": "$50", "2005-03-31": "$15"}}, "eps-earnings-per-share-diluted": {"CBRE Annual EPS": {"2019": "$3.77", "2018": "$3.10", "2017": "$2.05", "2016": "$1.69", "2015": "$1.63", "2014": "$1.45", "2013": "$0.95", "2012": "$0.97", "2011": "$0.74", "2010": "$0.63", "2009": "$0.12", "2008": "$-4.81", "2007": "$1.66", "2006": "$1.35", "2005": "$0.95"}, "CBRE Quarterly EPS": {"2020-09-30": "$0.55", "2020-06-30": "$0.24", "2020-03-31": "$0.51", "2019-12-31": "$1.88", "2019-09-30": "$0.75", "2019-06-30": "$0.66", "2019-03-31": "$0.48", "2018-12-31": "$1.14", "2018-09-30": "$0.85", "2018-06-30": "$0.67", "2018-03-31": "$0.44", "2017-12-31": "$0.48", "2017-09-30": "$0.58", "2017-06-30": "$0.59", "2017-03-31": "$0.40", "2016-12-31": "$0.78", "2016-09-30": "$0.31", "2016-06-30": "$0.36", "2016-03-31": "$0.24", "2015-12-31": "$0.54", "2015-09-30": "$0.44", "2015-06-30": "$0.37", "2015-03-31": "$0.28", "2014-12-31": "$0.61", "2014-09-30": "$0.32", "2014-06-30": "$0.32", "2014-03-31": "$0.20", "2013-12-31": "$0.35", "2013-09-30": "$0.28", "2013-06-30": "$0.21", "2013-03-31": "$0.11", "2012-12-31": "$0.54", "2012-09-30": "$0.12", "2012-06-30": "$0.23", "2012-03-31": "$0.08", "2011-12-31": "$0.24", "2011-09-30": "$0.20", "2011-06-30": "$0.19", "2011-03-31": "$0.11", "2010-12-31": "$0.30", "2010-09-30": "$0.18", "2010-06-30": "$0.17", "2010-03-31": "$-0.02", "2009-12-31": "$0.24", "2009-09-30": "$0.04", "2009-06-30": "$-0.02", "2009-03-31": "$-0.14", "2008-12-31": "$-5.18", "2008-09-30": "$0.19", "2008-06-30": "$0.08", "2008-03-31": "$0.10", "2007-12-31": "$0.54", "2007-09-30": "$0.48", "2007-06-30": "$0.59", "2007-03-31": "$0.05", "2006-12-31": "$0.53", "2006-09-30": "$0.39", "2006-06-30": "$0.27", "2006-03-31": "$0.16", "2005-12-31": "$0.42", "2005-09-30": "$0.25", "2005-06-30": "$0.22", "2005-03-31": "$0.06"}}, "shares-outstanding": {"CBRE Annual Shares Outstanding (Millions of Shares)": {"2019": "341", "2018": "343", "2017": "341", "2016": "338", "2015": "336", "2014": "334", "2013": "332", "2012": "327", "2011": "324", "2010": "319", "2009": "280", "2008": "211", "2007": "235", "2006": "235", "2005": "230"}, "CBRE Quarterly Shares Outstanding (Millions of Shares)": {"2020-09-30": "338", "2020-06-30": "337", "2020-03-31": "340", "2019-12-31": "341", "2019-09-30": "341", "2019-06-30": "341", "2019-03-31": "340", "2018-12-31": "343", "2018-09-30": "344", "2018-06-30": "343", "2018-03-31": "343", "2017-12-31": "341", "2017-09-30": "341", "2017-06-30": "341", "2017-03-31": "340", "2016-12-31": "338", "2016-09-30": "338", "2016-06-30": "338", "2016-03-31": "338", "2015-12-31": "336", "2015-09-30": "337", "2015-06-30": "336", "2015-03-31": "336", "2014-12-31": "334", "2014-09-30": "334", "2014-06-30": "334", "2014-03-31": "333", "2013-12-31": "332", "2013-09-30": "332", "2013-06-30": "332", "2013-03-31": "331", "2012-12-31": "327", "2012-09-30": "327", "2012-06-30": "326", "2012-03-31": "326", "2011-12-31": "324", "2011-09-30": "324", "2011-06-30": "324", "2011-03-31": "323", "2010-12-31": "319", "2010-09-30": "319", "2010-06-30": "318", "2010-03-31": "313", "2009-12-31": "280", "2009-09-30": "286", "2009-06-30": "266", "2009-03-31": "262", "2008-12-31": "211", "2008-09-30": "208", "2008-06-30": "208", "2008-03-31": "208", "2007-12-31": "235", "2007-09-30": "237", "2007-06-30": "237", "2007-03-31": "237", "2006-12-31": "235", "2006-09-30": "234", "2006-06-30": "234", "2006-03-31": "233", "2005-12-31": "230", "2005-09-30": "230", "2005-06-30": "229", "2005-03-31": "229"}}, "total-assets": {"CBRE Annual Total Assets (Millions of US $)": {"2019": "$16,197", "2018": "$13,457", "2017": "$11,718", "2016": "$10,780", "2015": "$11,018", "2014": "$7,568", "2013": "$6,998", "2012": "$7,810", "2011": "$7,219", "2010": "$5,122", "2009": "$5,039", "2008": "$4,726", "2007": "$6,243", "2006": "$5,945", "2005": "$2,816"}, "CBRE Quarterly Total Assets (Millions of US $)": {"2020-09-30": "$16,347", "2020-06-30": "$15,700", "2020-03-31": "$15,680", "2019-12-31": "$16,197", "2019-09-30": "$15,041", "2019-06-30": "$14,719", "2019-03-31": "$14,693", "2018-12-31": "$13,457", "2018-09-30": "$12,977", "2018-06-30": "$12,535", "2018-03-31": "$11,907", "2017-12-31": "$11,718", "2017-09-30": "$11,652", "2017-06-30": "$10,606", "2017-03-31": "$9,927", "2016-12-31": "$10,780", "2016-09-30": "$10,777", "2016-06-30": "$9,923", "2016-03-31": "$9,835", "2015-12-31": "$11,018", "2015-09-30": "$9,555", "2015-06-30": "$7,460", "2015-03-31": "$7,626", "2014-12-31": "$7,568", "2014-09-30": "$7,530", "2014-06-30": "$7,472", "2014-03-31": "$6,843", "2013-12-31": "$6,998", "2013-09-30": "$6,177", "2013-06-30": "$6,348", "2013-03-31": "$6,888", "2012-12-31": "$7,810", "2012-09-30": "$6,769", "2012-06-30": "$6,576", "2012-03-31": "$6,540", "2011-12-31": "$7,219", "2011-09-30": "$6,415", "2011-06-30": "$5,283", "2011-03-31": "$4,793", "2010-12-31": "$5,122", "2010-09-30": "$5,075", "2010-06-30": "$4,931", "2010-03-31": "$4,867", "2009-12-31": "$5,039", "2009-09-30": "$4,475", "2009-06-30": "$4,419", "2009-03-31": "$4,657", "2008-12-31": "$4,726", "2008-09-30": "$6,412", "2008-06-30": "$6,440", "2008-03-31": "$6,309", "2007-12-31": "$6,243", "2007-09-30": "$6,484", "2007-06-30": "$5,950", "2007-03-31": "$5,599", "2006-12-31": "$5,945", "2006-09-30": "$2,594", "2006-06-30": "$2,397", "2006-03-31": "$2,486", "2005-12-31": "$2,816", "2005-09-30": "$2,381", "2005-06-30": "$2,242", "2005-03-31": "$2,000"}}, "cash-on-hand": {"CBRE Annual Cash on Hand (Millions of US $)": {"2019": "$1,094", "2018": "$864", "2017": "$825", "2016": "$831", "2015": "$613", "2014": "$769", "2013": "$612", "2012": "$1,265", "2011": "$1,315", "2010": "$562", "2009": "$789", "2008": "$195", "2007": "$389", "2006": "$813", "2005": "$454"}, "CBRE Quarterly Cash on Hand (Millions of US $)": {"2020-09-30": "$1,647", "2020-06-30": "$1,314", "2020-03-31": "$733", "2019-12-31": "$1,094", "2019-09-30": "$702", "2019-06-30": "$613", "2019-03-31": "$688", "2018-12-31": "$864", "2018-09-30": "$628", "2018-06-30": "$603", "2018-03-31": "$722", "2017-12-31": "$825", "2017-09-30": "$1,040", "2017-06-30": "$610", "2017-03-31": "$592", "2016-12-31": "$831", "2016-09-30": "$517", "2016-06-30": "$502", "2016-03-31": "$553", "2015-12-31": "$613", "2015-09-30": "$571", "2015-06-30": "$472", "2015-03-31": "$501", "2014-12-31": "$769", "2014-09-30": "$741", "2014-06-30": "$500", "2014-03-31": "$542", "2013-12-31": "$612", "2013-09-30": "$621", "2013-06-30": "$577", "2013-03-31": "$681", "2012-12-31": "$1,265", "2012-09-30": "$939", "2012-06-30": "$877", "2012-03-31": "$892", "2011-12-31": "$1,315", "2011-09-30": "$1,167", "2011-06-30": "$801", "2011-03-31": "$474", "2010-12-31": "$562", "2010-09-30": "$820", "2010-06-30": "$781", "2010-03-31": "$718", "2009-12-31": "$789", "2009-09-30": "$369", "2009-06-30": "$353", "2009-03-31": "$458", "2008-12-31": "$195", "2008-09-30": "$475", "2008-06-30": "$275", "2008-03-31": "$338", "2007-12-31": "$389", "2007-09-30": "$513", "2007-06-30": "$519", "2007-03-31": "$437", "2006-12-31": "$813", "2006-09-30": "$147", "2006-06-30": "$131", "2006-03-31": "$258", "2005-12-31": "$454", "2005-09-30": "$291", "2005-06-30": "$198", "2005-03-31": "$167"}}, "long-term-debt": {"CBRE Annual Long Term Debt (Millions of US $)": {"2019": "$1,761", "2018": "$1,767", "2017": "$2,000", "2016": "$2,548", "2015": "$2,645", "2014": "$1,809", "2013": "$1,867", "2012": "$2,544", "2011": "$2,611", "2010": "$1,852", "2009": "$2,372", "2008": "$2,287", "2007": "$1,996", "2006": "$2,185", "2005": "$549"}, "CBRE Quarterly Long Term Debt (Millions of US $)": {"2020-09-30": "$1,783", "2020-06-30": "$1,763", "2020-03-31": "$1,755", "2019-12-31": "$1,761", "2019-09-30": "$1,748", "2019-06-30": "$1,767", "2019-03-31": "$1,760", "2018-12-31": "$1,767", "2018-09-30": "$1,760", "2018-06-30": "$1,763", "2018-03-31": "$1,758", "2017-12-31": "$2,000", "2017-09-30": "$2,552", "2017-06-30": "$2,550", "2017-03-31": "$2,549", "2016-12-31": "$2,548", "2016-09-30": "$2,615", "2016-06-30": "$2,625", "2016-03-31": "$2,635", "2015-12-31": "$2,645", "2015-09-30": "$2,684", "2015-06-30": "$1,734", "2015-03-31": "$1,734", "2014-12-31": "$1,809", "2014-09-30": "$2,084", "2014-06-30": "$1,832", "2014-03-31": "$1,856", "2013-12-31": "$1,867", "2013-09-30": "$1,879", "2013-06-30": "$1,915", "2013-03-31": "$2,131", "2012-12-31": "$2,544", "2012-09-30": "$2,540", "2012-06-30": "$2,618", "2012-03-31": "$2,617", "2011-12-31": "$2,611", "2011-09-30": "$2,466", "2011-06-30": "$2,134", "2011-03-31": "$1,808", "2010-12-31": "$1,852", "2010-09-30": "$2,258", "2010-06-30": "$2,472", "2010-03-31": "$2,568", "2009-12-31": "$2,372", "2009-09-30": "$2,419", "2009-06-30": "$2,480", "2009-03-31": "$2,138", "2008-12-31": "$2,287", "2008-09-30": "$2,311", "2008-06-30": "$2,277", "2008-03-31": "$2,271", "2007-12-31": "$1,996", "2007-09-30": "$2,010", "2007-06-30": "$2,088", "2007-03-31": "$2,219", "2006-12-31": "$2,185", "2006-09-30": "$132", "2006-06-30": "$132", "2006-03-31": "$546", "2005-12-31": "$549", "2005-09-30": "$552", "2005-06-30": "$559", "2005-03-31": "$572"}}, "total-liabilities": {"CBRE Annual Total Liabilities (Millions of US $)": {"2019": "$9,924", "2018": "$8,447", "2017": "$7,544", "2016": "$7,722", "2015": "$8,259", "2014": "$5,267", "2013": "$5,062", "2012": "$6,128", "2011": "$5,802", "2010": "$4,056", "2009": "$4,255", "2008": "$4,381", "2007": "$5,254", "2006": "$4,763", "2005": "$2,022"}, "CBRE Quarterly Total Liabilities (Millions of US $)": {"2020-09-30": "$9,753", "2020-06-30": "$9,415", "2020-03-31": "$9,511", "2019-12-31": "$9,924", "2019-09-30": "$9,482", "2019-06-30": "$9,329", "2019-03-31": "$9,489", "2018-12-31": "$8,447", "2018-09-30": "$8,205", "2018-06-30": "$8,019", "2018-03-31": "$7,489", "2017-12-31": "$7,544", "2017-09-30": "$7,800", "2017-06-30": "$7,023", "2017-03-31": "$6,669", "2016-12-31": "$7,722", "2016-09-30": "$7,795", "2016-06-30": "$7,019", "2016-03-31": "$6,968", "2015-12-31": "$8,259", "2015-09-30": "$6,966", "2015-06-30": "$4,957", "2015-03-31": "$5,321", "2014-12-31": "$5,267", "2014-09-30": "$5,347", "2014-06-30": "$5,297", "2014-03-31": "$4,815", "2013-12-31": "$5,062", "2013-09-30": "$4,341", "2013-06-30": "$4,637", "2013-03-31": "$5,182", "2012-12-31": "$6,128", "2012-09-30": "$5,250", "2012-06-30": "$5,141", "2012-03-31": "$5,137", "2011-12-31": "$5,802", "2011-09-30": "$5,057", "2011-06-30": "$4,043", "2011-03-31": "$3,644", "2010-12-31": "$4,056", "2010-09-30": "$4,118", "2010-06-30": "$4,110", "2010-03-31": "$4,078", "2009-12-31": "$4,255", "2009-09-30": "$4,009", "2009-06-30": "$3,933", "2009-03-31": "$4,379", "2008-12-31": "$4,381", "2008-09-30": "$5,358", "2008-06-30": "$5,373", "2008-03-31": "$5,289", "2007-12-31": "$5,254", "2007-09-30": "$4,961", "2007-06-30": "$4,581", "2007-03-31": "$4,404", "2006-12-31": "$4,763", "2006-09-30": "$1,568", "2006-06-30": "$1,477", "2006-03-31": "$1,641", "2005-12-31": "$2,022", "2005-09-30": "$1,678", "2005-06-30": "$1,606", "2005-03-31": "$1,421"}}, "total-share-holder-equity": {"CBRE Annual Share Holder Equity (Millions of US $)": {"2019": "$6,273", "2018": "$5,010", "2017": "$4,175", "2016": "$3,057", "2015": "$2,759", "2014": "$2,301", "2013": "$1,936", "2012": "$1,682", "2011": "$1,417", "2010": "$1,066", "2009": "$784", "2008": "$346", "2007": "$989", "2006": "$1,182", "2005": "$794"}, "CBRE Quarterly Share Holder Equity (Millions of US $)": {"2020-09-30": "$6,594", "2020-06-30": "$6,285", "2020-03-31": "$6,170", "2019-12-31": "$6,273", "2019-09-30": "$5,559", "2019-06-30": "$5,391", "2019-03-31": "$5,204", "2018-12-31": "$5,010", "2018-09-30": "$4,772", "2018-06-30": "$4,517", "2018-03-31": "$4,419", "2017-12-31": "$4,175", "2017-09-30": "$3,852", "2017-06-30": "$3,583", "2017-03-31": "$3,258", "2016-12-31": "$3,057", "2016-09-30": "$2,982", "2016-06-30": "$2,904", "2016-03-31": "$2,867", "2015-12-31": "$2,759", "2015-09-30": "$2,590", "2015-06-30": "$2,504", "2015-03-31": "$2,305", "2014-12-31": "$2,301", "2014-09-30": "$2,183", "2014-06-30": "$2,174", "2014-03-31": "$2,028", "2013-12-31": "$1,936", "2013-09-30": "$1,836", "2013-06-30": "$1,711", "2013-03-31": "$1,706", "2012-12-31": "$1,682", "2012-09-30": "$1,519", "2012-06-30": "$1,435", "2012-03-31": "$1,402", "2011-12-31": "$1,417", "2011-09-30": "$1,358", "2011-06-30": "$1,240", "2011-03-31": "$1,149", "2010-12-31": "$1,066", "2010-09-30": "$957", "2010-06-30": "$821", "2010-03-31": "$789", "2009-12-31": "$784", "2009-09-30": "$466", "2009-06-30": "$486", "2009-03-31": "$278", "2008-12-31": "$346", "2008-09-30": "$1,054", "2008-06-30": "$1,067", "2008-03-31": "$1,020", "2007-12-31": "$989", "2007-09-30": "$1,523", "2007-06-30": "$1,369", "2007-03-31": "$1,195", "2006-12-31": "$1,182", "2006-09-30": "$1,026", "2006-06-30": "$920", "2006-03-31": "$845", "2005-12-31": "$794", "2005-09-30": "$703", "2005-06-30": "$635", "2005-03-31": "$579"}}, "profit-margins": {"current": "4.48%"}, "gross margin": {"2020-09-30": "20.08%", "2020-06-30": "20.49%", "2020-03-31": "21.37%", "2019-12-31": "21.78%", "2019-09-30": "22.29%", "2019-06-30": "22.61%", "2019-03-31": "22.70%", "2018-12-31": "22.92%", "2018-09-30": "22.96%", "2018-06-30": "23.07%", "2018-03-31": "23.23%", "2017-12-31": "23.20%", "2017-09-30": "19.74%", "2017-06-30": "20.68%", "2017-03-31": "21.64%", "2016-12-31": "22.73%", "2016-09-30": "30.10%", "2016-06-30": "31.24%", "2016-03-31": "33.00%", "2015-12-31": "34.76%", "2015-09-30": "37.06%", "2015-06-30": "37.79%", "2015-03-31": "37.88%", "2014-12-31": "37.99%", "2014-09-30": "39.00%", "2014-06-30": "39.84%", "2014-03-31": "40.69%", "2013-12-31": "41.70%", "2013-09-30": "41.87%", "2013-06-30": "42.08%", "2013-03-31": "42.52%", "2012-12-31": "42.54%", "2012-09-30": "42.28%", "2012-06-30": "42.41%", "2012-03-31": "41.83%", "2011-12-31": "41.46%", "2011-09-30": "41.66%", "2011-06-30": "41.71%", "2011-03-31": "42.00%", "2010-12-31": "42.13%", "2010-09-30": "42.23%", "2010-06-30": "41.97%", "2010-03-31": "41.66%", "2009-12-31": "41.25%", "2009-09-30": "40.87%", "2009-06-30": "41.18%", "2009-03-31": "42.04%", "2008-12-31": "42.93%", "2008-09-30": "44.31%", "2008-06-30": "45.52%", "2008-03-31": "46.21%", "2007-12-31": "46.97%", "2007-09-30": "47.72%", "2007-06-30": "47.65%", "2007-03-31": "47.74%", "2006-12-31": "47.67%", "2006-09-30": "43.63%", "2006-06-30": "44.01%", "2006-03-31": "44.33%", "2005-12-31": "45.10%"}, "operating margin": {"2020-09-30": "4.32%", "2020-06-30": "4.71%", "2020-03-31": "5.42%", "2019-12-31": "5.27%", "2019-09-30": "5.22%", "2019-06-30": "4.81%", "2019-03-31": "4.67%", "2018-12-31": "5.10%", "2018-09-30": "5.04%", "2018-06-30": "5.44%", "2018-03-31": "5.65%", "2017-12-31": "5.79%", "2017-09-30": "4.83%", "2017-06-30": "4.84%", "2017-03-31": "4.92%", "2016-12-31": "4.70%", "2016-09-30": "5.17%", "2016-06-30": "5.92%", "2016-03-31": "6.73%", "2015-12-31": "7.70%", "2015-09-30": "9.23%", "2015-06-30": "9.08%", "2015-03-31": "9.09%", "2014-12-31": "8.75%", "2014-09-30": "7.91%", "2014-06-30": "8.11%", "2014-03-31": "8.28%", "2013-12-31": "8.57%", "2013-09-30": "9.77%", "2013-06-30": "9.23%", "2013-03-31": "9.20%", "2012-12-31": "9.00%", "2012-09-30": "7.49%", "2012-06-30": "8.15%", "2012-03-31": "7.68%", "2011-12-31": "7.84%", "2011-09-30": "8.96%", "2011-06-30": "9.18%", "2011-03-31": "8.99%", "2010-12-31": "8.74%", "2010-09-30": "8.70%", "2010-06-30": "7.53%", "2010-03-31": "6.56%", "2009-12-31": "5.79%", "2009-09-30": "-22.98%", "2009-06-30": "-20.39%", "2009-03-31": "-17.84%", "2008-12-31": "-15.38%", "2008-09-30": "8.06%", "2008-06-30": "9.62%", "2008-03-31": "11.17%", "2007-12-31": "11.58%", "2007-09-30": "13.04%", "2007-06-30": "12.89%", "2007-03-31": "12.99%", "2006-12-31": "13.67%", "2006-09-30": "12.58%", "2006-06-30": "12.18%", "2006-03-31": "11.63%", "2005-12-31": "11.68%"}, "ebitda margin": {"2020-09-30": "6.64%", "2020-06-30": "6.93%", "2020-03-31": "7.62%", "2019-12-31": "7.52%", "2019-09-30": "7.56%", "2019-06-30": "7.23%", "2019-03-31": "6.78%", "2018-12-31": "7.39%", "2018-09-30": "7.38%", "2018-06-30": "7.81%", "2018-03-31": "8.03%", "2017-12-31": "8.03%", "2017-09-30": "6.73%", "2017-06-30": "6.84%", "2017-03-31": "6.99%", "2016-12-31": "6.87%", "2016-09-30": "8.09%", "2016-06-30": "8.81%", "2016-03-31": "9.66%", "2015-12-31": "10.71%", "2015-09-30": "12.22%", "2015-06-30": "12.17%", "2015-03-31": "12.18%", "2014-12-31": "11.83%", "2014-09-30": "12.16%", "2014-06-30": "12.32%", "2014-03-31": "12.68%", "2013-12-31": "13.12%", "2013-09-30": "12.97%", "2013-06-30": "12.68%", "2013-03-31": "12.40%", "2012-12-31": "12.05%", "2012-09-30": "10.51%", "2012-06-30": "10.72%", "2012-03-31": "10.10%", "2011-12-31": "9.92%", "2011-09-30": "11.29%", "2011-06-30": "11.53%", "2011-03-31": "11.51%", "2010-12-31": "11.42%", "2010-09-30": "11.11%", "2010-06-30": "10.05%", "2010-03-31": "9.11%", "2009-12-31": "9.12%", "2009-09-30": "8.38%", "2009-06-30": "9.03%", "2009-03-31": "9.40%", "2008-12-31": "9.48%", "2008-09-30": "10.12%", "2008-06-30": "11.66%", "2008-03-31": "13.19%", "2007-12-31": "13.61%", "2007-09-30": "15.14%", "2007-06-30": "14.90%", "2007-03-31": "15.19%", "2006-12-31": "15.80%", "2006-09-30": "14.42%", "2006-06-30": "14.07%", "2006-03-31": "13.24%", "2005-12-31": "13.28%"}, "pre tax profit margin": {"2020-09-30": "4.57%", "2020-06-30": "4.88%", "2020-03-31": "5.57%", "2019-12-31": "5.70%", "2019-09-30": "5.72%", "2019-06-30": "6.18%", "2019-03-31": "6.41%", "2018-12-31": "6.46%", "2018-09-30": "6.38%", "2018-06-30": "6.03%", "2018-03-31": "6.10%", "2017-12-31": "6.29%", "2017-09-30": "5.37%", "2017-06-30": "5.18%", "2017-03-31": "5.06%", "2016-12-31": "5.08%", "2016-09-30": "6.03%", "2016-06-30": "6.75%", "2016-03-31": "7.42%", "2015-12-31": "8.11%", "2015-09-30": "8.86%", "2015-06-30": "8.80%", "2015-03-31": "8.88%", "2014-12-31": "8.59%", "2014-09-30": "7.78%", "2014-06-30": "7.94%", "2014-03-31": "7.33%", "2013-12-31": "7.08%", "2013-09-30": "8.14%", "2013-06-30": "7.09%", "2013-03-31": "7.44%", "2012-12-31": "7.51%", "2012-09-30": "6.38%", "2012-06-30": "7.07%", "2012-03-31": "7.03%", "2011-12-31": "7.27%", "2011-09-30": "7.08%", "2011-06-30": "7.04%", "2011-03-31": "6.41%", "2010-12-31": "5.32%", "2010-09-30": "4.58%", "2010-06-30": "2.88%", "2010-03-31": "1.33%", "2009-12-31": "0.00%", "2009-09-30": "-29.53%", "2009-06-30": "-26.12%", "2009-03-31": "-23.27%", "2008-12-31": "-20.00%", "2008-09-30": "5.74%", "2008-06-30": "7.45%", "2008-03-31": "9.78%", "2007-12-31": "9.81%", "2007-09-30": "10.77%", "2007-06-30": "11.16%", "2007-03-31": "10.70%", "2006-12-31": "12.80%", "2006-09-30": "12.01%", "2006-06-30": "11.19%", "2006-03-31": "11.42%", "2005-12-31": "11.15%"}, "net profit margin": {"2020-09-30": "4.48%", "2020-06-30": "4.73%", "2020-03-31": "5.24%", "2019-12-31": "5.37%", "2019-09-30": "4.50%", "2019-06-30": "4.78%", "2019-03-31": "4.94%", "2018-12-31": "4.98%", "2018-09-30": "4.03%", "2018-06-30": "3.70%", "2018-03-31": "3.69%", "2017-12-31": "3.74%", "2017-09-30": "3.78%", "2017-06-30": "3.57%", "2017-03-31": "3.38%", "2016-12-31": "3.30%", "2016-09-30": "3.77%", "2016-06-30": "4.27%", "2016-03-31": "4.60%", "2015-12-31": "5.04%", "2015-09-30": "5.74%", "2015-06-30": "5.56%", "2015-03-31": "5.51%", "2014-12-31": "5.35%", "2014-09-30": "4.65%", "2014-06-30": "4.80%", "2014-03-31": "4.58%", "2013-12-31": "4.41%", "2013-09-30": "5.39%", "2013-06-30": "4.73%", "2013-03-31": "4.93%", "2012-12-31": "4.85%", "2012-09-30": "3.56%", "2012-06-30": "3.95%", "2012-03-31": "3.82%", "2011-12-31": "4.05%", "2011-09-30": "4.39%", "2011-06-30": "4.47%", "2011-03-31": "4.57%", "2010-12-31": "3.91%", "2010-09-30": "3.55%", "2010-06-30": "2.75%", "2010-03-31": "1.44%", "2009-12-31": "0.77%", "2009-09-30": "-27.00%", "2009-06-30": "-24.68%", "2009-03-31": "-22.33%", "2008-12-31": "-19.73%", "2008-09-30": "3.50%", "2008-06-30": "4.66%", "2008-03-31": "6.58%", "2007-12-31": "6.46%", "2007-09-30": "7.01%", "2007-06-30": "7.28%", "2007-03-31": "6.52%", "2006-12-31": "7.89%", "2006-09-30": "7.46%", "2006-06-30": "6.95%", "2006-03-31": "7.02%", "2005-12-31": "6.80%"}, "pe ratio": {"current": "21.40", "2021-02-05": "21.27", "2020-09-30": "14.82", "2020-06-30": "13.42", "2020-03-31": "9.95", "2019-12-31": "16.30", "2019-09-30": "17.44", "2019-06-30": "16.34", "2019-03-31": "15.70", "2018-12-31": "12.87", "2018-09-30": "18.00", "2018-06-30": "21.90", "2018-03-31": "22.59", "2017-12-31": "21.33", "2017-09-30": "16.33", "2017-06-30": "17.76", "2017-03-31": "19.01", "2016-12-31": "18.63", "2016-09-30": "19.43", "2016-06-30": "16.87", "2016-03-31": "18.24", "2015-12-31": "21.35", "2015-09-30": "18.82", "2015-06-30": "23.42", "2015-03-31": "25.30", "2014-12-31": "23.62", "2014-09-30": "25.20", "2014-06-30": "28.11", "2014-03-31": "26.63", "2013-12-31": "27.98", "2013-09-30": "20.47", "2013-06-30": "24.08", "2013-03-31": "25.51", "2012-12-31": "20.73", "2012-09-30": "27.07", "2012-06-30": "21.53", "2012-03-31": "27.72", "2011-12-31": "20.29", "2011-09-30": "16.83", "2011-06-30": "32.19", "2011-03-31": "35.13", "2010-12-31": "32.51", "2010-09-30": "33.85", "2010-06-30": "34.03", "2010-03-31": "79.25", "2009-12-31": "169.63", "2009-09-30": "0.00", "2009-06-30": "187.20", "2009-03-31": "25.19", "2008-12-31": "10.80", "2008-09-30": "14.69", "2008-06-30": "16.00", "2008-03-31": "12.65", "2007-12-31": "12.98", "2007-09-30": "16.87", "2007-06-30": "23.25", "2007-03-31": "27.34", "2006-12-31": "24.47"}, "price sales": {"2021-02-05": "0.95", "2020-09-30": "0.66", "2020-06-30": "0.63", "2020-03-31": "0.52", "2019-12-31": "0.87", "2019-09-30": "0.78", "2019-06-30": "0.78", "2019-03-31": "0.78", "2018-12-31": "0.64", "2018-09-30": "0.74", "2018-06-30": "0.82", "2018-03-31": "0.84", "2017-12-31": "0.79", "2017-09-30": "0.61", "2017-06-30": "0.62", "2017-03-31": "0.63", "2016-12-31": "0.61", "2016-09-30": "0.73", "2016-06-30": "0.72", "2016-03-31": "0.83", "2015-12-31": "1.07", "2015-09-30": "1.08", "2015-06-30": "1.30", "2015-03-31": "1.40", "2014-12-31": "1.26", "2014-09-30": "1.17", "2014-06-30": "1.34", "2014-03-31": "1.20", "2013-12-31": "1.21", "2013-09-30": "1.10", "2013-06-30": "1.13", "2013-03-31": "1.25", "2012-12-31": "1.00", "2012-09-30": "0.96", "2012-06-30": "0.85", "2012-03-31": "1.07", "2011-12-31": "0.83", "2011-09-30": "0.75", "2011-06-30": "1.46", "2011-03-31": "1.62", "2010-12-31": "1.27", "2010-09-30": "1.18", "2010-06-30": "0.90", "2010-03-31": "1.05", "2009-12-31": "0.89", "2009-09-30": "0.70", "2009-06-30": "0.48", "2009-03-31": "0.18", "2008-12-31": "0.18", "2008-09-30": "0.51", "2008-06-30": "0.73", "2008-03-31": "0.82", "2007-12-31": "0.84", "2007-09-30": "1.18", "2007-06-30": "1.70", "2007-03-31": "1.79", "2006-12-31": "1.93"}, "price book": {"current": "3.43", "2021-02-05": "3.43", "2020-09-30": "2.39", "2020-06-30": "2.41", "2020-03-31": "2.05", "2019-12-31": "3.27", "2019-09-30": "3.20", "2019-06-30": "3.20", "2019-03-31": "3.20", "2018-12-31": "2.69", "2018-09-30": "3.15", "2018-06-30": "3.59", "2018-03-31": "3.63", "2017-12-31": "3.52", "2017-09-30": "3.34", "2017-06-30": "3.43", "2017-03-31": "3.61", "2016-12-31": "3.47", "2016-09-30": "3.17", "2016-06-30": "3.06", "2016-03-31": "3.37", "2015-12-31": "4.19", "2015-09-30": "4.13", "2015-06-30": "4.92", "2015-03-31": "5.59", "2014-12-31": "4.96", "2014-09-30": "4.53", "2014-06-30": "4.89", "2014-03-31": "4.49", "2013-12-31": "4.51", "2013-09-30": "4.17", "2013-06-30": "4.52", "2013-03-31": "4.90", "2012-12-31": "3.91", "2012-09-30": "3.99", "2012-06-30": "3.74", "2012-03-31": "4.67", "2011-12-31": "3.52", "2011-09-30": "3.25", "2011-06-30": "6.58", "2011-03-31": "7.54", "2010-12-31": "6.22", "2010-09-30": "6.17", "2010-06-30": "5.34", "2010-03-31": "6.46", "2009-12-31": "5.57", "2009-09-30": "7.37", "2009-06-30": "5.48", "2009-03-31": "3.83", "2008-12-31": "3.28", "2008-09-30": "2.60", "2008-06-30": "3.64", "2008-03-31": "4.29", "2007-12-31": "4.39", "2007-09-30": "4.21", "2007-06-30": "6.11", "2007-03-31": "6.54", "2006-12-31": "6.39", "2006-09-30": "5.40", "2006-06-30": "6.04", "2006-03-31": "7.09"}, "price fcf": {"2021-02-05": "", "2020-09-30": "$4.78", "2020-06-30": "$3.58", "2020-03-31": "$3.47", "2019-12-31": "$2.73", "2019-09-30": "$1.55", "2019-06-30": "$1.99", "2019-03-31": "$2.18", "2018-12-31": "$2.63", "2018-09-30": "$2.29", "2018-06-30": "$2.04", "2018-03-31": "$2.25", "2017-12-31": "$2.10", "2017-09-30": "$2.64", "2017-06-30": "$1.59", "2017-03-31": "$1.32", "2016-12-31": "$1.26", "2016-09-30": "$0.80", "2016-06-30": "$0.94", "2016-03-31": "$1.04", "2015-12-31": "$1.52", "2015-09-30": "$1.71", "2015-06-30": "$2.02", "2015-03-31": "$1.73", "2014-12-31": "$1.47", "2014-09-30": "$1.23", "2014-06-30": "$0.81", "2014-03-31": "$1.19", "2013-12-31": "$1.77", "2013-09-30": "$1.51", "2013-06-30": "$1.30", "2013-03-31": "$1.11", "2012-12-31": "$0.43", "2012-09-30": "$0.02", "2012-06-30": "$0.55", "2012-03-31": "$0.11", "2011-12-31": "$0.66", "2011-09-30": "$0.78", "2011-06-30": "$0.80", "2011-03-31": "$1.31", "2010-12-31": "$1.72", "2010-09-30": "$1.48", "2010-06-30": "$1.29", "2010-03-31": "$0.73", "2009-12-31": "$0.66", "2009-09-30": "$0.58", "2009-06-30": "$0.76", "2009-03-31": "$0.67", "2008-12-31": "$-0.86", "2008-09-30": "$0.05", "2008-06-30": "$-0.16", "2008-03-31": "$0.34", "2007-12-31": "$2.36", "2007-09-30": "$2.36", "2007-06-30": "$2.62", "2007-03-31": "$2.89", "2006-12-31": "$1.59"}, "net worth": {"value": "$22.62B"}, "current ratio": {"current": "1.26", "2020-09-30": "1.26", "2020-06-30": "1.23", "2020-03-31": "1.20", "2019-12-31": "1.17", "2019-09-30": "1.17", "2019-06-30": "1.17", "2019-03-31": "1.16", "2018-12-31": "1.16", "2018-09-30": "1.16", "2018-06-30": "1.14", "2018-03-31": "1.18", "2017-12-31": "1.20", "2017-09-30": "1.28", "2017-06-30": "1.27", "2017-03-31": "1.22", "2016-12-31": "1.13", "2016-09-30": "1.11", "2016-06-30": "1.14", "2016-03-31": "1.11", "2015-12-31": "1.06", "2015-09-30": "1.10", "2015-06-30": "1.29", "2015-03-31": "1.21", "2014-12-31": "1.15", "2014-09-30": "1.29", "2014-06-30": "1.16", "2014-03-31": "1.16", "2013-12-31": "1.11", "2013-09-30": "1.39", "2013-06-30": "1.31", "2013-03-31": "1.32", "2012-12-31": "1.37", "2012-09-30": "1.42", "2012-06-30": "1.43", "2012-03-31": "1.40", "2011-12-31": "1.32", "2011-09-30": "1.45", "2011-06-30": "1.46", "2011-03-31": "1.25", "2010-12-31": "1.16", "2010-09-30": "1.35", "2010-06-30": "1.47", "2010-03-31": "1.50", "2009-12-31": "1.39", "2009-09-30": "1.19", "2009-06-30": "1.25", "2009-03-31": "0.94", "2008-12-31": "1.02", "2008-09-30": "0.97", "2008-06-30": "0.97", "2008-03-31": "1.00", "2007-12-31": "0.96", "2007-09-30": "1.17", "2007-06-30": "1.21", "2007-03-31": "1.27", "2006-12-31": "1.20", "2006-09-30": "0.87", "2006-06-30": "0.80", "2006-03-31": "1.22", "2005-12-31": "1.13", "2005-09-30": "1.10", "2005-06-30": "1.07", "2005-03-31": "1.06"}, "quick ratio": {"2020-09-30": "0.00", "2020-06-30": "0.00", "2020-03-31": "0.00", "2019-12-31": "0.00", "2019-09-30": "0.00", "2019-06-30": "0.00", "2019-03-31": "0.00", "2018-12-31": "0.00", "2018-09-30": "0.00", "2018-06-30": "0.00", "2018-03-31": "0.00", "2017-12-31": "0.00", "2017-09-30": "0.00", "2017-06-30": "0.00", "2017-03-31": "0.00", "2016-12-31": "0.00", "2016-09-30": "0.00", "2016-06-30": "0.00", "2016-03-31": "0.00", "2015-12-31": "0.00", "2015-09-30": "1.10", "2015-06-30": "1.29", "2015-03-31": "1.21", "2014-12-31": "0.00", "2014-09-30": "1.28", "2014-06-30": "1.16", "2014-03-31": "1.14", "2013-12-31": "1.10", "2013-09-30": "1.36", "2013-06-30": "1.29", "2013-03-31": "1.28", "2012-12-31": "1.33", "2012-09-30": "1.37", "2012-06-30": "1.40", "2012-03-31": "1.38", "2011-12-31": "1.30", "2011-09-30": "1.41", "2011-06-30": "1.46", "2011-03-31": "1.22", "2010-12-31": "1.15", "2010-09-30": "1.35", "2010-06-30": "1.46", "2010-03-31": "1.50", "2009-12-31": "1.39", "2009-09-30": "1.18", "2009-06-30": "1.24", "2009-03-31": "0.88", "2008-12-31": "0.97", "2008-09-30": "0.88", "2008-06-30": "0.80", "2008-03-31": "0.87", "2007-12-31": "0.86", "2007-09-30": "1.03", "2007-06-30": "1.07", "2007-03-31": "1.18", "2006-12-31": "1.07", "2006-09-30": "0.00", "2006-06-30": "0.00", "2006-03-31": "0.00", "2005-12-31": "0.00", "2005-09-30": "1.05", "2005-06-30": "1.04", "2005-03-31": "0.00"}, "debt equity ratio": {"current": "0.27", "2020-09-30": "1.48", "2020-06-30": "1.50", "2020-03-31": "1.54", "2019-12-31": "1.58", "2019-09-30": "1.71", "2019-06-30": "1.73", "2019-03-31": "1.82", "2018-12-31": "1.69", "2018-09-30": "1.72", "2018-06-30": "1.78", "2018-03-31": "1.70", "2017-12-31": "1.81", "2017-09-30": "2.03", "2017-06-30": "1.96", "2017-03-31": "2.05", "2016-12-31": "2.53", "2016-09-30": "2.62", "2016-06-30": "2.42", "2016-03-31": "2.43", "2015-12-31": "2.99", "2015-09-30": "2.69", "2015-06-30": "1.98", "2015-03-31": "2.31", "2014-12-31": "2.29", "2014-09-30": "2.45", "2014-06-30": "2.44", "2014-03-31": "2.37", "2013-12-31": "2.62", "2013-09-30": "2.36", "2013-06-30": "2.71", "2013-03-31": "3.04", "2012-12-31": "3.64", "2012-09-30": "3.46", "2012-06-30": "3.58", "2012-03-31": "3.66", "2011-12-31": "4.09", "2011-09-30": "3.72", "2011-06-30": "3.26", "2011-03-31": "3.17", "2010-12-31": "3.81", "2010-09-30": "4.30", "2010-06-30": "5.01", "2010-03-31": "5.17", "2009-12-31": "5.43", "2009-09-30": "8.60", "2009-06-30": "8.09", "2009-03-31": "15.73", "2008-12-31": "12.67", "2008-09-30": "5.08", "2008-06-30": "5.04", "2008-03-31": "5.19", "2007-12-31": "5.32", "2007-09-30": "3.26", "2007-06-30": "3.35", "2007-03-31": "3.69", "2006-12-31": "4.03", "2006-09-30": "1.53", "2006-06-30": "1.60", "2006-03-31": "1.94", "2005-12-31": "2.55", "2005-09-30": "2.39", "2005-06-30": "2.53", "2005-03-31": "2.45"}, "return on equity": {"2020-09-30": "17.00%", "2020-06-30": "18.92%", "2020-03-31": "22.07%", "2019-12-31": "22.88%", "2019-09-30": "19.64%", "2019-06-30": "21.04%", "2019-03-31": "22.09%", "2018-12-31": "22.72%", "2018-09-30": "18.52%", "2018-06-30": "17.38%", "2018-03-31": "17.72%", "2017-12-31": "18.75%", "2017-09-30": "23.36%", "2017-06-30": "21.99%", "2017-03-31": "20.59%", "2016-12-31": "19.41%", "2016-09-30": "16.96%", "2016-06-30": "19.17%", "2016-03-31": "20.00%", "2015-12-31": "21.54%", "2015-09-30": "23.55%", "2015-06-30": "22.77%", "2015-03-31": "22.72%", "2014-12-31": "22.29%", "2014-09-30": "18.99%", "2014-06-30": "19.16%", "2014-03-31": "18.48%", "2013-12-31": "17.64%", "2013-09-30": "21.63%", "2013-06-30": "19.40%", "2013-03-31": "20.62%", "2012-12-31": "20.93%", "2012-09-30": "15.45%", "2012-06-30": "17.61%", "2012-03-31": "17.13%", "2011-12-31": "18.51%", "2011-09-30": "21.11%", "2011-06-30": "22.39%", "2011-03-31": "24.14%", "2010-12-31": "22.02%", "2010-09-30": "20.17%", "2010-06-30": "17.34%", "2010-03-31": "9.82%", "2009-12-31": "6.36%", "2009-09-30": "-284.52%", "2009-06-30": "-202.03%", "2009-03-31": "-155.77%", "2008-12-31": "-116.09%", "2008-09-30": "19.27%", "2008-06-30": "23.83%", "2008-03-31": "32.48%", "2007-12-31": "30.73%", "2007-09-30": "29.83%", "2007-06-30": "31.01%", "2007-03-31": "27.11%", "2006-12-31": "32.02%", "2006-09-30": "32.13%", "2006-06-30": "31.02%", "2006-03-31": "32.11%", "2005-12-31": "32.02%"}, "return on assets": {"2020-09-30": "6.73%", "2020-06-30": "7.34%", "2020-03-31": "8.38%", "2019-12-31": "8.46%", "2019-09-30": "7.18%", "2019-06-30": "7.68%", "2019-03-31": "8.03%", "2018-12-31": "8.36%", "2018-09-30": "6.74%", "2018-06-30": "6.17%", "2018-03-31": "6.19%", "2017-12-31": "6.35%", "2017-09-30": "7.48%", "2017-06-30": "6.73%", "2017-03-31": "6.07%", "2016-12-31": "5.55%", "2016-09-30": "4.70%", "2016-06-30": "5.29%", "2016-03-31": "5.66%", "2015-12-31": "6.14%", "2015-09-30": "7.09%", "2015-06-30": "7.01%", "2015-03-31": "6.74%", "2014-12-31": "6.58%", "2014-09-30": "5.48%", "2014-06-30": "5.56%", "2014-03-31": "5.26%", "2013-12-31": "4.80%", "2013-09-30": "5.51%", "2013-06-30": "4.62%", "2013-03-31": "4.66%", "2012-12-31": "4.56%", "2012-09-30": "3.29%", "2012-06-30": "3.69%", "2012-03-31": "3.65%", "2011-12-31": "4.03%", "2011-09-30": "4.70%", "2011-06-30": "4.87%", "2011-03-31": "4.84%", "2010-12-31": "4.00%", "2010-09-30": "3.39%", "2010-06-30": "2.57%", "2010-03-31": "1.32%", "2009-12-31": "0.69%", "2009-09-30": "-24.53%", "2009-06-30": "-21.63%", "2009-03-31": "-19.23%", "2008-12-31": "-16.95%", "2008-09-30": "3.13%", "2008-06-30": "4.30%", "2008-03-31": "6.37%", "2007-12-31": "6.43%", "2007-09-30": "6.56%", "2007-06-30": "7.37%", "2007-03-31": "7.09%", "2006-12-31": "9.48%", "2006-09-30": "11.19%", "2006-06-30": "10.04%", "2006-03-31": "9.63%", "2005-12-31": "9.20%"}, "return on investments": {"2020-09-30": "12.83%", "2020-06-30": "14.63%", "2020-03-31": "17.55%", "2019-12-31": "17.11%", "2019-09-30": "17.09%", "2019-06-30": "15.72%", "2019-03-31": "15.35%", "2018-12-31": "16.89%", "2018-09-30": "16.45%", "2018-06-30": "17.32%", "2018-03-31": "17.47%", "2017-12-31": "17.59%", "2017-09-30": "17.14%", "2017-06-30": "16.58%", "2017-03-31": "16.22%", "2016-12-31": "14.70%", "2016-09-30": "12.16%", "2016-06-30": "13.60%", "2016-03-31": "15.36%", "2015-12-31": "17.64%", "2015-09-30": "20.79%", "2015-06-30": "20.73%", "2015-03-31": "20.46%", "2014-12-31": "19.47%", "2014-09-30": "16.84%", "2014-06-30": "16.74%", "2014-03-31": "16.69%", "2013-12-31": "16.45%", "2013-09-30": "17.66%", "2013-06-30": "15.90%", "2013-03-31": "15.11%", "2012-12-31": "14.33%", "2012-09-30": "11.63%", "2012-06-30": "12.79%", "2012-03-31": "12.23%", "2011-12-31": "13.06%", "2011-09-30": "15.88%", "2011-06-30": "16.27%", "2011-03-31": "15.31%", "2010-12-31": "13.99%", "2010-09-30": "12.72%", "2010-06-30": "10.72%", "2010-03-31": "9.12%", "2009-12-31": "8.44%", "2009-09-30": "-35.01%", "2009-06-30": "-31.74%", "2009-03-31": "-29.05%", "2008-12-31": "-24.98%", "2008-09-30": "14.11%", "2008-06-30": "17.18%", "2008-03-31": "20.38%", "2007-12-31": "20.88%", "2007-09-30": "21.23%", "2007-06-30": "22.99%", "2007-03-31": "25.98%", "2006-12-31": "31.63%", "2006-09-30": "39.32%", "2006-06-30": "35.15%", "2006-03-31": "30.56%", "2005-12-31": "30.18%"}, "return on tangible equity": {"2020-09-30": "84.87%", "2020-06-30": "110.45%", "2020-03-31": "156.63%", "2019-12-31": "219.04%", "2019-09-30": "371.40%", "2019-06-30": "1794.14%", "2019-03-31": "-870.30%", "2018-12-31": "-445.24%", "2018-09-30": "-245.33%", "2018-06-30": "-167.50%", "2018-03-31": "-121.73%", "2017-12-31": "-86.05%", "2017-09-30": "-78.42%", "2017-06-30": "-57.91%", "2017-03-31": "-45.42%", "2016-12-31": "-37.88%", "2016-09-30": "-30.07%", "2016-06-30": "-30.68%", "2016-03-31": "-35.66%", "2015-12-31": "-43.08%", "2015-09-30": "-55.21%", "2015-06-30": "-67.20%", "2015-03-31": "-58.01%", "2014-12-31": "-50.08%", "2014-09-30": "-37.38%", "2014-06-30": "-36.87%", "2014-03-31": "-33.90%", "2013-12-31": "-32.28%", "2013-09-30": "-40.25%", "2013-06-30": "-32.43%", "2013-03-31": "-31.16%", "2012-12-31": "-28.16%", "2012-09-30": "-18.98%", "2012-06-30": "-22.75%", "2012-03-31": "-25.23%", "2011-12-31": "-32.18%", "2011-09-30": "-43.12%", "2011-06-30": "-42.77%", "2011-03-31": "-37.25%", "2010-12-31": "-27.66%", "2010-09-30": "-21.49%", "2010-06-30": "-13.71%", "2010-03-31": "-6.28%", "2009-12-31": "-2.91%", "2009-09-30": "94.06%", "2009-06-30": "82.94%", "2009-03-31": "73.13%", "2008-12-31": "64.82%", "2008-09-30": "-12.03%", "2008-06-30": "-18.10%", "2008-03-31": "-28.43%", "2007-12-31": "-29.14%", "2007-09-30": "-30.17%", "2007-06-30": "-35.62%", "2007-03-31": "-38.49%", "2006-12-31": "-71.91%", "2006-09-30": "-222.82%", "2006-06-30": "-141.54%", "2006-03-31": "-107.17%", "2005-12-31": "-79.20%"}, "dividend yield history": {"last payout": "$0.00", "last yield": "0.00%"}}