{"ticker": "CCL", "price": {"title": "Carnival Historical Annual Stock Price Data", "value": 20.72, "historical": {"2021": {"Average Stock Price": "20.2846", "Year Open": "20.3800", "Year High": "21.6100", "Year Low": "18.6700", "Year Close": "20.7200", "Annual % Change": "-4.34%"}, "2020": {"Average Stock Price": "20.8591", "Year Open": "51.3100", "Year High": "51.9000", "Year Low": "7.9700", "Year Close": "21.6600", "Annual % Change": "-57.39%"}, "2019": {"Average Stock Price": "49.5631", "Year Open": "49.8500", "Year High": "58.8500", "Year Low": "40.1300", "Year Close": "50.8300", "Annual % Change": "3.10%"}, "2018": {"Average Stock Price": "62.3047", "Year Open": "66.7500", "Year High": "71.9400", "Year Low": "46.2100", "Year Close": "49.3000", "Annual % Change": "-25.72%"}, "2017": {"Average Stock Price": "62.8625", "Year Open": "52.1400", "Year High": "69.4800", "Year Low": "52.1400", "Year Close": "66.3700", "Annual % Change": "27.49%"}, "2016": {"Average Stock Price": "48.4264", "Year Open": "54.2000", "Year High": "54.6800", "Year Low": "41.9200", "Year Close": "52.0600", "Annual % Change": "-4.44%"}, "2015": {"Average Stock Price": "48.7652", "Year Open": "45.6100", "Year High": "55.1400", "Year Low": "42.6500", "Year Close": "54.4800", "Annual % Change": "20.19%"}, "2014": {"Average Stock Price": "39.2835", "Year Open": "39.8100", "Year High": "45.9500", "Year Low": "33.8800", "Year Close": "45.3300", "Annual % Change": "12.85%"}, "2013": {"Average Stock Price": "35.5141", "Year Open": "37.5000", "Year High": "40.1700", "Year Low": "31.6000", "Year Close": "40.1700", "Annual % Change": "9.25%"}, "2012": {"Average Stock Price": "34.0656", "Year Open": "32.9600", "Year High": "39.3200", "Year Low": "29.4800", "Year Close": "36.7700", "Annual % Change": "12.65%"}, "2011": {"Average Stock Price": "36.9060", "Year Open": "46.8100", "Year High": "47.8500", "Year Low": "29.4200", "Year Close": "32.6400", "Annual % Change": "-29.21%"}, "2010": {"Average Stock Price": "37.2492", "Year Open": "32.0600", "Year High": "46.5900", "Year Low": "30.1400", "Year Close": "46.1100", "Annual % Change": "45.50%"}, "2009": {"Average Stock Price": "27.0781", "Year Open": "25.5500", "Year High": "33.9500", "Year Low": "16.9800", "Year Close": "31.6900", "Annual % Change": "30.30%"}, "2008": {"Average Stock Price": "35.1157", "Year Open": "43.6600", "Year High": "44.7800", "Year Low": "15.0200", "Year Close": "24.3200", "Annual % Change": "-45.34%"}, "2007": {"Average Stock Price": "47.3818", "Year Open": "50.9500", "Year High": "52.3900", "Year Low": "42.2300", "Year Close": "44.4900", "Annual % Change": "-9.30%"}, "2006": {"Average Stock Price": "46.1640", "Year Open": "54.5700", "Year High": "55.9000", "Year Low": "36.4100", "Year Close": "49.0500", "Annual % Change": "-8.27%"}, "2005": {"Average Stock Price": "52.4663", "Year Open": "57.3100", "Year High": "58.4500", "Year Low": "46.5500", "Year Close": "53.4700", "Annual % Change": "-7.22%"}, "2004": {"Average Stock Price": "46.4798", "Year Open": "39.8200", "Year High": "58.7400", "Year Low": "39.8200", "Year Close": "57.6300", "Annual % Change": "45.05%"}, "2003": {"Average Stock Price": "30.6254", "Year Open": "25.6300", "Year High": "39.7300", "Year Low": "20.7500", "Year Close": "39.7300", "Annual % Change": "59.24%"}, "2002": {"Average Stock Price": "27.7481", "Year Open": "27.6500", "Year High": "34.5800", "Year Low": "22.3000", "Year Close": "24.9500", "Annual % Change": "-11.15%"}, "2001": {"Average Stock Price": "28.0094", "Year Open": "28.3100", "Year High": "33.8100", "Year Low": "18.0500", "Year Close": "28.0800", "Annual % Change": "-8.86%"}, "2000": {"Average Stock Price": "26.2152", "Year Open": "46.8800", "Year High": "50.5600", "Year Low": "18.6300", "Year Close": "30.8100", "Annual % Change": "-35.56%"}, "1999": {"Average Stock Price": "45.4963", "Year Open": "45.4400", "Year High": "53.5000", "Year Low": "39.1300", "Year Close": "47.8100", "Annual % Change": "-0.40%"}, "1998": {"Average Stock Price": "33.2224", "Year Open": "27.1900", "Year High": "48.0000", "Year Low": "21.6900", "Year Close": "48.0000", "Annual % Change": "73.35%"}, "1997": {"Average Stock Price": "20.9760", "Year Open": "15.8750", "Year High": "27.6900", "Year Low": "15.8150", "Year Close": "27.6900", "Annual % Change": "67.82%"}, "1996": {"Average Stock Price": "14.3094", "Year Open": "12.4400", "Year High": "16.5000", "Year Low": "11.6875", "Year Close": "16.5000", "Annual % Change": "35.36%"}, "1995": {"Average Stock Price": "11.6268", "Year Open": "10.1250", "Year High": "13.5000", "Year Low": "10.1250", "Year Close": "12.1900", "Annual % Change": "14.73%"}, "1994": {"Average Stock Price": "11.4083", "Year Open": "11.6875", "Year High": "13.0000", "Year Low": "9.7200", "Year Close": "10.6250", "Annual % Change": "-10.30%"}, "1993": {"Average Stock Price": "9.8736", "Year Open": "8.2200", "Year High": "12.1875", "Year Low": "7.8125", "Year Close": "11.8450", "Annual % Change": "44.67%"}, "1992": {"Average Stock Price": "7.3101", "Year Open": "6.4375", "Year High": "8.4375", "Year Low": "6.2800", "Year Close": "8.1875", "Annual % Change": "24.76%"}, "1991": {"Average Stock Price": "5.4675", "Year Open": "3.5300", "Year High": "7.1875", "Year Low": "3.0950", "Year Close": "6.5625", "Annual % Change": "85.91%"}, "1990": {"Average Stock Price": "4.5871", "Year Open": "5.0000", "Year High": "6.1875", "Year Low": "2.7500", "Year Close": "3.5300", "Annual % Change": "-28.97%"}}}, "market cap": {"value": "$19.63B"}, "income statement": {"Revenue": {"2020-11-30": "5595.00000", "2019-11-30": "20825.00000", "2018-11-30": "18881.00000", "2017-11-30": "17510.00000", "2016-11-30": "16389.00000", "2015-11-30": "15714.00000", "2014-11-30": "15884.00000", "2013-11-30": "15456.00000", "2012-11-30": "15382.00000", "2011-11-30": "15793.00000", "2010-11-30": "14469.00000", "2009-11-30": "13460.00000", "2008-11-30": "14947.00000", "2007-11-30": "13033.00000", "2006-11-30": "11839.00000", "2005-11-30": "11094.00000"}, "Cost Of Goods Sold": {"2020-11-30": "6278.00000", "2019-11-30": "12882.00000", "2018-11-30": "11074.00000", "2017-11-30": "10501.00000", "2016-11-30": "9383.00000", "2015-11-30": "9447.00000", "2014-11-30": "10421.00000", "2013-11-30": "10645.00000", "2012-11-30": "10320.00000", "2011-11-30": "10299.00000", "2010-11-30": "9092.00000", "2009-11-30": "8407.00000", "2008-11-30": "9340.00000", "2007-11-30": "7628.00000", "2006-11-30": "6791.00000", "2005-11-30": "6218.00000"}, "Gross Profit": {"2020-11-30": "-683.00000", "2019-11-30": "7943.00000", "2018-11-30": "7807.00000", "2017-11-30": "7009.00000", "2016-11-30": "7006.00000", "2015-11-30": "6267.00000", "2014-11-30": "5463.00000", "2013-11-30": "4811.00000", "2012-11-30": "5062.00000", "2011-11-30": "5494.00000", "2010-11-30": "5377.00000", "2009-11-30": "5053.00000", "2008-11-30": "5607.00000", "2007-11-30": "5405.00000", "2006-11-30": "5048.00000", "2005-11-30": "4876.00000"}, "Research And Development Expenses": {"2020-11-30": "", "2019-11-30": "", "2018-11-30": "", "2017-11-30": "", "2016-11-30": "", "2015-11-30": "", "2014-11-30": "", "2013-11-30": "", "2012-11-30": "", "2011-11-30": "", "2010-11-30": "", "2009-11-30": "", "2008-11-30": "", "2007-11-30": "", "2006-11-30": "", "2005-11-30": ""}, "SG&A Expenses": {"2020-11-30": "1878.00000", "2019-11-30": "2480.00000", "2018-11-30": "2450.00000", "2017-11-30": "2265.00000", "2016-11-30": "2197.00000", "2015-11-30": "2067.00000", "2014-11-30": "2054.00000", "2013-11-30": "1879.00000", "2012-11-30": "1720.00000", "2011-11-30": "1717.00000", "2010-11-30": "1614.00000", "2009-11-30": "1590.00000", "2008-11-30": "1629.00000", "2007-11-30": "1579.00000", "2006-11-30": "1447.00000", "2005-11-30": "1335.00000"}, "Other Operating Income Or Expenses": {"2020-11-30": "-1967.00000", "2019-11-30": "-26.00000", "2018-11-30": "-16.00000", "2017-11-30": "", "2016-11-30": "", "2015-11-30": "", "2014-11-30": "", "2013-11-30": "", "2012-11-30": "", "2011-11-30": "", "2010-11-30": "", "2009-11-30": "", "2008-11-30": "", "2007-11-30": "", "2006-11-30": "", "2005-11-30": ""}, "Operating Expenses": {"2020-11-30": "14460.00000", "2019-11-30": "17548.00000", "2018-11-30": "15557.00000", "2017-11-30": "14701.00000", "2016-11-30": "13318.00000", "2015-11-30": "13140.00000", "2014-11-30": "14112.00000", "2013-11-30": "14127.00000", "2012-11-30": "13740.00000", "2011-11-30": "13538.00000", "2010-11-30": "12122.00000", "2009-11-30": "11306.00000", "2008-11-30": "12218.00000", "2007-11-30": "10308.00000", "2006-11-30": "9226.00000", "2005-11-30": "8455.00000"}, "Operating Income": {"2020-11-30": "-8865.00000", "2019-11-30": "3277.00000", "2018-11-30": "3324.00000", "2017-11-30": "2809.00000", "2016-11-30": "3071.00000", "2015-11-30": "2574.00000", "2014-11-30": "1772.00000", "2013-11-30": "1329.00000", "2012-11-30": "1642.00000", "2011-11-30": "2255.00000", "2010-11-30": "2347.00000", "2009-11-30": "2154.00000", "2008-11-30": "2729.00000", "2007-11-30": "2725.00000", "2006-11-30": "2613.00000", "2005-11-30": "2639.00000"}, "Total Non-Operating Income/Expense": {"2020-11-30": "-1388.00000", "2019-11-30": "-215.00000", "2018-11-30": "-118.00000", "2017-11-30": "-143.00000", "2016-11-30": "-243.00000", "2015-11-30": "-775.00000", "2014-11-30": "-547.00000", "2013-11-30": "-280.00000", "2012-11-30": "-340.00000", "2011-11-30": "-343.00000", "2010-11-30": "-368.00000", "2009-11-30": "-348.00000", "2008-11-30": "-358.00000", "2007-11-30": "-301.00000", "2006-11-30": "-295.00000", "2005-11-30": "-314.00000"}, "Pre-Tax Income": {"2020-11-30": "-10253.00000", "2019-11-30": "3060.00000", "2018-11-30": "3207.00000", "2017-11-30": "2666.00000", "2016-11-30": "2828.00000", "2015-11-30": "1799.00000", "2014-11-30": "1225.00000", "2013-11-30": "1049.00000", "2012-11-30": "1302.00000", "2011-11-30": "1912.00000", "2010-11-30": "1979.00000", "2009-11-30": "1806.00000", "2008-11-30": "2371.00000", "2007-11-30": "2424.00000", "2006-11-30": "2318.00000", "2005-11-30": "2325.00000"}, "Income Taxes": {"2020-11-30": "-17.00000", "2019-11-30": "71.00000", "2018-11-30": "54.00000", "2017-11-30": "60.00000", "2016-11-30": "49.00000", "2015-11-30": "42.00000", "2014-11-30": "9.00000", "2013-11-30": "-6.00000", "2012-11-30": "4.00000", "2011-11-30": "0.00000", "2010-11-30": "1.00000", "2009-11-30": "16.00000", "2008-11-30": "47.00000", "2007-11-30": "16.00000", "2006-11-30": "39.00000", "2005-11-30": "72.00000"}, "Income After Taxes": {"2020-11-30": "-10236.00000", "2019-11-30": "2989.00000", "2018-11-30": "3153.00000", "2017-11-30": "2606.00000", "2016-11-30": "2779.00000", "2015-11-30": "1757.00000", "2014-11-30": "1216.00000", "2013-11-30": "1055.00000", "2012-11-30": "1298.00000", "2011-11-30": "1912.00000", "2010-11-30": "1978.00000", "2009-11-30": "1790.00000", "2008-11-30": "2324.00000", "2007-11-30": "2408.00000", "2006-11-30": "2279.00000", "2005-11-30": "2253.00000"}, "Other Income": {"2020-11-30": "", "2019-11-30": "", "2018-11-30": "", "2017-11-30": "", "2016-11-30": "", "2015-11-30": "", "2014-11-30": "", "2013-11-30": "", "2012-11-30": "", "2011-11-30": "", "2010-11-30": "", "2009-11-30": "", "2008-11-30": "", "2007-11-30": "", "2006-11-30": "", "2005-11-30": ""}, "Income From Continuous Operations": {"2020-11-30": "-10236.00000", "2019-11-30": "2989.00000", "2018-11-30": "3153.00000", "2017-11-30": "2606.00000", "2016-11-30": "2779.00000", "2015-11-30": "1757.00000", "2014-11-30": "1216.00000", "2013-11-30": "1055.00000", "2012-11-30": "1298.00000", "2011-11-30": "1912.00000", "2010-11-30": "1978.00000", "2009-11-30": "1790.00000", "2008-11-30": "2324.00000", "2007-11-30": "2408.00000", "2006-11-30": "2279.00000", "2005-11-30": "2253.00000"}, "Income From Discontinued Operations": {"2020-11-30": "", "2019-11-30": "", "2018-11-30": "", "2017-11-30": "", "2016-11-30": "", "2015-11-30": "", "2014-11-30": "", "2013-11-30": "", "2012-11-30": "", "2011-11-30": "", "2010-11-30": "", "2009-11-30": "", "2008-11-30": "", "2007-11-30": "", "2006-11-30": "", "2005-11-30": ""}, "Net Income": {"2020-11-30": "-10236.00000", "2019-11-30": "2990.00000", "2018-11-30": "3152.00000", "2017-11-30": "2606.00000", "2016-11-30": "2779.00000", "2015-11-30": "1757.00000", "2014-11-30": "1216.00000", "2013-11-30": "1055.00000", "2012-11-30": "1298.00000", "2011-11-30": "1912.00000", "2010-11-30": "1978.00000", "2009-11-30": "1790.00000", "2008-11-30": "2324.00000", "2007-11-30": "2408.00000", "2006-11-30": "2279.00000", "2005-11-30": "2253.00000"}, "EBITDA": {"2020-11-30": "-6624.00000", "2019-11-30": "5437.00000", "2018-11-30": "5341.00000", "2017-11-30": "4655.00000", "2016-11-30": "4809.00000", "2015-11-30": "4200.00000", "2014-11-30": "3409.00000", "2013-11-30": "2919.00000", "2012-11-30": "3169.00000", "2011-11-30": "3777.00000", "2010-11-30": "3763.00000", "2009-11-30": "3463.00000", "2008-11-30": "3978.00000", "2007-11-30": "3826.00000", "2006-11-30": "3601.00000", "2005-11-30": "3561.00000"}, "EBIT": {"2020-11-30": "-8865.00000", "2019-11-30": "3277.00000", "2018-11-30": "3324.00000", "2017-11-30": "2809.00000", "2016-11-30": "3071.00000", "2015-11-30": "2574.00000", "2014-11-30": "1772.00000", "2013-11-30": "1329.00000", "2012-11-30": "1642.00000", "2011-11-30": "2255.00000", "2010-11-30": "2347.00000", "2009-11-30": "2154.00000", "2008-11-30": "2729.00000", "2007-11-30": "2725.00000", "2006-11-30": "2613.00000", "2005-11-30": "2639.00000"}, "Basic Shares Outstanding": {"2020-11-30": "775.00000", "2019-11-30": "690.00000", "2018-11-30": "709.00000", "2017-11-30": "722.00000", "2016-11-30": "745.00000", "2015-11-30": "777.00000", "2014-11-30": "776.00000", "2013-11-30": "775.00000", "2012-11-30": "778.00000", "2011-11-30": "787.00000", "2010-11-30": "788.00000", "2009-11-30": "787.00000", "2008-11-30": "786.00000", "2007-11-30": "793.00000", "2006-11-30": "801.00000", "2005-11-30": "806.00000"}, "Shares Outstanding": {"2020-11-30": "775.00000", "2019-11-30": "692.00000", "2018-11-30": "710.00000", "2017-11-30": "725.00000", "2016-11-30": "747.00000", "2015-11-30": "779.00000", "2014-11-30": "778.00000", "2013-11-30": "777.00000", "2012-11-30": "779.00000", "2011-11-30": "789.00000", "2010-11-30": "805.00000", "2009-11-30": "804.00000", "2008-11-30": "816.00000", "2007-11-30": "828.00000", "2006-11-30": "836.00000", "2005-11-30": "853.00000"}, "Basic EPS": {"2020-11-30": "-13.20000", "2019-11-30": "4.34000", "2018-11-30": "4.45000", "2017-11-30": "3.61000", "2016-11-30": "3.73000", "2015-11-30": "2.26000", "2014-11-30": "1.57000", "2013-11-30": "1.36000", "2012-11-30": "1.67000", "2011-11-30": "2.43000", "2010-11-30": "2.51000", "2009-11-30": "2.27000", "2008-11-30": "2.96000", "2007-11-30": "3.04000", "2006-11-30": "2.85000", "2005-11-30": "2.80000"}, "EPS - Earnings Per Share": {"2020-11-30": "-13.20000", "2019-11-30": "4.32000", "2018-11-30": "4.44000", "2017-11-30": "3.59000", "2016-11-30": "3.72000", "2015-11-30": "2.26000", "2014-11-30": "1.56000", "2013-11-30": "1.36000", "2012-11-30": "1.67000", "2011-11-30": "2.42000", "2010-11-30": "2.47000", "2009-11-30": "2.24000", "2008-11-30": "2.90000", "2007-11-30": "2.95000", "2006-11-30": "2.77000", "2005-11-30": "2.70000"}}, "income statement, quarterly": {"Revenue": {"2020-11-30": "35.00000", "2020-08-31": "31.00000", "2020-05-31": "740.00000", "2020-02-29": "4789.00000", "2019-11-30": "4781.00000", "2019-08-31": "6533.00000", "2019-05-31": "4838.00000", "2019-02-28": "4673.00000", "2018-11-30": "4456.00000", "2018-08-31": "5836.00000", "2018-05-31": "4357.00000", "2018-02-28": "4232.00000", "2017-11-30": "4259.00000", "2017-08-31": "5515.00000", "2017-05-31": "3945.00000", "2017-02-28": "3791.00000", "2016-11-30": "3936.00000", "2016-08-31": "5097.00000", "2016-05-31": "3705.00000", "2016-02-29": "3651.00000", "2015-11-30": "3710.00000", "2015-08-31": "4883.00000", "2015-05-31": "3590.00000", "2015-02-28": "3531.00000", "2014-11-30": "3719.00000", "2014-08-31": "4947.00000", "2014-05-31": "3633.00000", "2014-02-28": "3585.00000", "2013-11-30": "3658.00000", "2013-08-31": "4726.00000", "2013-05-31": "3479.00000", "2013-02-28": "3593.00000", "2012-11-30": "3578.00000", "2012-08-31": "4684.00000", "2012-05-31": "3538.00000", "2012-02-29": "3582.00000", "2011-11-30": "3696.00000", "2011-08-31": "5058.00000", "2011-05-31": "3620.00000", "2011-02-28": "3419.00000", "2010-11-30": "3497.00000", "2010-08-31": "4527.00000", "2010-05-31": "3267.00000", "2010-02-28": "3178.00000", "2009-11-30": "3509.00000", "2009-08-31": "4139.00000", "2009-05-31": "2948.00000", "2009-02-28": "2864.00000", "2008-11-30": "3603.00000", "2008-08-31": "4814.00000", "2008-05-31": "3378.00000", "2008-02-29": "3152.00000", "2007-11-30": "3124.00000", "2007-08-31": "4321.00000", "2007-05-31": "2900.00000", "2007-02-28": "2688.00000", "2006-11-30": "2809.00000", "2006-08-31": "3905.00000", "2006-05-31": "2662.00000", "2006-02-28": "2463.00000", "2005-11-30": "2575.00000", "2005-08-31": "3607.00000", "2005-05-31": "2516.00000", "2005-02-28": "2396.00000"}, "Cost Of Goods Sold": {"2020-11-30": "222.00000", "2020-08-31": "639.00000", "2020-05-31": "1896.00000", "2020-02-29": "3521.00000", "2019-11-30": "3073.00000", "2019-08-31": "3509.00000", "2019-05-31": "3159.00000", "2019-02-28": "3141.00000", "2018-11-30": "2726.00000", "2018-08-31": "2958.00000", "2018-05-31": "2681.00000", "2018-02-28": "2709.00000", "2017-11-30": "2617.00000", "2017-08-31": "3013.00000", "2017-05-31": "2436.00000", "2017-02-28": "2435.00000", "2016-11-30": "2319.00000", "2016-08-31": "2563.00000", "2016-05-31": "2258.00000", "2016-02-29": "2243.00000", "2015-11-30": "2218.00000", "2015-08-31": "2490.00000", "2015-05-31": "2404.00000", "2015-02-28": "2335.00000", "2014-11-30": "2497.00000", "2014-08-31": "2760.00000", "2014-05-31": "2572.00000", "2014-02-28": "2592.00000", "2013-11-30": "2642.00000", "2013-08-31": "2917.00000", "2013-05-31": "2487.00000", "2013-02-28": "2599.00000", "2012-11-30": "2551.00000", "2012-08-31": "2597.00000", "2012-05-31": "2478.00000", "2012-02-29": "2694.00000", "2011-11-30": "2569.00000", "2011-08-31": "2814.00000", "2011-05-31": "2521.00000", "2011-02-28": "2395.00000", "2010-11-30": "2356.00000", "2010-08-31": "2389.00000", "2010-05-31": "2165.00000", "2010-02-28": "2182.00000", "2009-11-30": "2446.00000", "2009-08-31": "2226.00000", "2009-05-31": "1885.00000", "2009-02-28": "1850.00000", "2008-11-30": "2433.00000", "2008-08-31": "2634.00000", "2008-05-31": "2159.00000", "2008-02-29": "2114.00000", "2007-11-30": "1985.00000", "2007-08-31": "2189.00000", "2007-05-31": "1763.00000", "2007-02-28": "1691.00000", "2006-11-30": "1680.00000", "2006-08-31": "1975.00000", "2006-05-31": "1620.00000", "2006-02-28": "1516.00000", "2005-11-30": "1547.00000", "2005-08-31": "1760.00000", "2005-05-31": "1488.00000", "2005-02-28": "1423.00000"}, "Gross Profit": {"2020-11-30": "-187.00000", "2020-08-31": "-608.00000", "2020-05-31": "-1156.00000", "2020-02-29": "1268.00000", "2019-11-30": "1708.00000", "2019-08-31": "3024.00000", "2019-05-31": "1679.00000", "2019-02-28": "1532.00000", "2018-11-30": "1730.00000", "2018-08-31": "2878.00000", "2018-05-31": "1676.00000", "2018-02-28": "1523.00000", "2017-11-30": "1642.00000", "2017-08-31": "2502.00000", "2017-05-31": "1509.00000", "2017-02-28": "1356.00000", "2016-11-30": "1617.00000", "2016-08-31": "2534.00000", "2016-05-31": "1447.00000", "2016-02-29": "1408.00000", "2015-11-30": "1492.00000", "2015-08-31": "2393.00000", "2015-05-31": "1186.00000", "2015-02-28": "1196.00000", "2014-11-30": "1222.00000", "2014-08-31": "2187.00000", "2014-05-31": "1061.00000", "2014-02-28": "993.00000", "2013-11-30": "1016.00000", "2013-08-31": "1809.00000", "2013-05-31": "992.00000", "2013-02-28": "994.00000", "2012-11-30": "1027.00000", "2012-08-31": "2087.00000", "2012-05-31": "1060.00000", "2012-02-29": "888.00000", "2011-11-30": "1127.00000", "2011-08-31": "2244.00000", "2011-05-31": "1099.00000", "2011-02-28": "1024.00000", "2010-11-30": "1141.00000", "2010-08-31": "2138.00000", "2010-05-31": "1102.00000", "2010-02-28": "996.00000", "2009-11-30": "1063.00000", "2009-08-31": "1913.00000", "2009-05-31": "1063.00000", "2009-02-28": "1014.00000", "2008-11-30": "1170.00000", "2008-08-31": "2180.00000", "2008-05-31": "1219.00000", "2008-02-29": "1038.00000", "2007-11-30": "1139.00000", "2007-08-31": "2132.00000", "2007-05-31": "1137.00000", "2007-02-28": "997.00000", "2006-11-30": "1129.00000", "2006-08-31": "1930.00000", "2006-05-31": "1042.00000", "2006-02-28": "947.00000", "2005-11-30": "1028.00000", "2005-08-31": "1847.00000", "2005-05-31": "1028.00000", "2005-02-28": "973.00000"}, "Research And Development Expenses": {"2020-11-30": "", "2020-08-31": "", "2020-05-31": "", "2020-02-29": "", "2019-11-30": "", "2019-08-31": "", "2019-05-31": "", "2019-02-28": "", "2018-11-30": "", "2018-08-31": "", "2018-05-31": "", "2018-02-28": "", "2017-11-30": "", "2017-08-31": "", "2017-05-31": "", "2017-02-28": "", "2016-11-30": "", "2016-08-31": "", "2016-05-31": "", "2016-02-29": "", "2015-11-30": "", "2015-08-31": "", "2015-05-31": "", "2015-02-28": "", "2014-11-30": "", "2014-08-31": "", "2014-05-31": "", "2014-02-28": "", "2013-11-30": "", "2013-08-31": "", "2013-05-31": "", "2013-02-28": "", "2012-11-30": "", "2012-08-31": "", "2012-05-31": "", "2012-02-29": "", "2011-11-30": "", "2011-08-31": "", "2011-05-31": "", "2011-02-28": "", "2010-11-30": "", "2010-08-31": "", "2010-05-31": "", "2010-02-28": "", "2009-11-30": "", "2009-08-31": "", "2009-05-31": "", "2009-02-28": "", "2008-11-30": "", "2008-08-31": "", "2008-05-31": "", "2008-02-29": "", "2007-11-30": "", "2007-08-31": "", "2007-05-31": "", "2007-02-28": "", "2006-11-30": "", "2006-08-31": "", "2006-05-31": "", "2006-02-28": "", "2005-11-30": "", "2005-08-31": "", "2005-05-31": "", "2005-02-28": ""}, "SG&A Expenses": {"2020-11-30": "443.00000", "2020-08-31": "265.00000", "2020-05-31": "492.00000", "2020-02-29": "678.00000", "2019-11-30": "667.00000", "2019-08-31": "563.00000", "2019-05-31": "621.00000", "2019-02-28": "629.00000", "2018-11-30": "656.00000", "2018-08-31": "573.00000", "2018-05-31": "605.00000", "2018-02-28": "616.00000", "2017-11-30": "616.00000", "2017-08-31": "547.00000", "2017-05-31": "553.00000", "2017-02-28": "549.00000", "2016-11-30": "585.00000", "2016-08-31": "529.00000", "2016-05-31": "532.00000", "2016-02-29": "551.00000", "2015-11-30": "563.00000", "2015-08-31": "484.00000", "2015-05-31": "491.00000", "2015-02-28": "529.00000", "2014-11-30": "548.00000", "2014-08-31": "481.00000", "2014-05-31": "504.00000", "2014-02-28": "521.00000", "2013-11-30": "531.00000", "2013-08-31": "439.00000", "2013-05-31": "449.00000", "2013-02-28": "460.00000", "2012-11-30": "459.00000", "2012-08-31": "409.00000", "2012-05-31": "431.00000", "2012-02-29": "421.00000", "2011-11-30": "434.00000", "2011-08-31": "421.00000", "2011-05-31": "440.00000", "2011-02-28": "422.00000", "2010-11-30": "433.00000", "2010-08-31": "381.00000", "2010-05-31": "404.00000", "2010-02-28": "396.00000", "2009-11-30": "424.00000", "2009-08-31": "381.00000", "2009-05-31": "393.00000", "2009-02-28": "392.00000", "2008-11-30": "407.00000", "2008-08-31": "372.00000", "2008-05-31": "425.00000", "2008-02-29": "425.00000", "2007-11-30": "426.00000", "2007-08-31": "363.00000", "2007-05-31": "406.00000", "2007-02-28": "384.00000", "2006-11-30": "392.00000", "2006-08-31": "335.00000", "2006-05-31": "354.00000", "2006-02-28": "366.00000", "2005-11-30": "359.00000", "2005-08-31": "300.00000", "2005-05-31": "342.00000", "2005-02-28": "334.00000"}, "Other Operating Income Or Expenses": {"2020-11-30": "-468.00000", "2020-08-31": "-910.00000", "2020-05-31": "-589.00000", "2020-02-29": "", "2019-11-30": "-3.00000", "2019-08-31": "-23.00000", "2019-05-31": "", "2019-02-28": "", "2018-11-30": "", "2018-08-31": "", "2018-05-31": "", "2018-02-28": "", "2017-11-30": "", "2017-08-31": "", "2017-05-31": "", "2017-02-28": "", "2016-11-30": "", "2016-08-31": "", "2016-05-31": "", "2016-02-29": "", "2015-11-30": "", "2015-08-31": "", "2015-05-31": "", "2015-02-28": "", "2014-11-30": "", "2014-08-31": "", "2014-05-31": "", "2014-02-28": "", "2013-11-30": "", "2013-08-31": "", "2013-05-31": "", "2013-02-28": "", "2012-11-30": "", "2012-08-31": "", "2012-05-31": "", "2012-02-29": "", "2011-11-30": "", "2011-08-31": "", "2011-05-31": "", "2011-02-28": "", "2010-11-30": "", "2010-08-31": "", "2010-05-31": "", "2010-02-28": "", "2009-11-30": "", "2009-08-31": "", "2009-05-31": "", "2009-02-28": "", "2008-11-30": "", "2008-08-31": "", "2008-05-31": "", "2008-02-29": "", "2007-11-30": "", "2007-08-31": "", "2007-05-31": "", "2007-02-28": "", "2006-11-30": "", "2006-08-31": "", "2006-05-31": "", "2006-02-28": "", "2005-11-30": "", "2005-08-31": "", "2005-05-31": "", "2005-02-28": ""}, "Operating Expenses": {"2020-11-30": "1677.00000", "2020-08-31": "2365.00000", "2020-05-31": "4918.00000", "2020-02-29": "5500.00000", "2019-11-30": "4297.00000", "2019-08-31": "4643.00000", "2019-05-31": "4322.00000", "2019-02-28": "4286.00000", "2018-11-30": "3904.00000", "2018-08-31": "4042.00000", "2018-05-31": "3798.00000", "2018-02-28": "3813.00000", "2017-11-30": "3711.00000", "2017-08-31": "4122.00000", "2017-05-31": "3445.00000", "2017-02-28": "3423.00000", "2016-11-30": "3339.00000", "2016-08-31": "3535.00000", "2016-05-31": "3227.00000", "2016-02-29": "3217.00000", "2015-11-30": "3201.00000", "2015-08-31": "3373.00000", "2015-05-31": "3301.00000", "2015-02-28": "3265.00000", "2014-11-30": "3453.00000", "2014-08-31": "3655.00000", "2014-05-31": "3486.00000", "2014-02-28": "3518.00000", "2013-11-30": "3577.00000", "2013-08-31": "3775.00000", "2013-05-31": "3327.00000", "2013-02-28": "3448.00000", "2012-11-30": "3402.00000", "2012-08-31": "3389.00000", "2012-05-31": "3285.00000", "2012-02-29": "3664.00000", "2011-11-30": "3388.00000", "2011-08-31": "3625.00000", "2011-05-31": "3341.00000", "2011-02-28": "3184.00000", "2010-11-30": "3156.00000", "2010-08-31": "3125.00000", "2010-05-31": "2918.00000", "2010-02-28": "2923.00000", "2009-11-30": "3215.00000", "2009-08-31": "2943.00000", "2009-05-31": "2595.00000", "2009-02-28": "2553.00000", "2008-11-30": "3153.00000", "2008-08-31": "3329.00000", "2008-05-31": "2896.00000", "2008-02-29": "2840.00000", "2007-11-30": "2701.00000", "2007-08-31": "2831.00000", "2007-05-31": "2441.00000", "2007-02-28": "2335.00000", "2006-11-30": "2333.00000", "2006-08-31": "2565.00000", "2006-05-31": "2214.00000", "2006-02-28": "2114.00000", "2005-11-30": "2137.00000", "2005-08-31": "2286.00000", "2005-05-31": "2054.00000", "2005-02-28": "1978.00000"}, "Operating Income": {"2020-11-30": "-1642.00000", "2020-08-31": "-2334.00000", "2020-05-31": "-4178.00000", "2020-02-29": "-711.00000", "2019-11-30": "484.00000", "2019-08-31": "1890.00000", "2019-05-31": "516.00000", "2019-02-28": "387.00000", "2018-11-30": "552.00000", "2018-08-31": "1794.00000", "2018-05-31": "559.00000", "2018-02-28": "419.00000", "2017-11-30": "548.00000", "2017-08-31": "1393.00000", "2017-05-31": "500.00000", "2017-02-28": "368.00000", "2016-11-30": "597.00000", "2016-08-31": "1562.00000", "2016-05-31": "478.00000", "2016-02-29": "434.00000", "2015-11-30": "509.00000", "2015-08-31": "1510.00000", "2015-05-31": "289.00000", "2015-02-28": "266.00000", "2014-11-30": "266.00000", "2014-08-31": "1292.00000", "2014-05-31": "147.00000", "2014-02-28": "67.00000", "2013-11-30": "81.00000", "2013-08-31": "951.00000", "2013-05-31": "152.00000", "2013-02-28": "145.00000", "2012-11-30": "176.00000", "2012-08-31": "1295.00000", "2012-05-31": "253.00000", "2012-02-29": "-82.00000", "2011-11-30": "308.00000", "2011-08-31": "1433.00000", "2011-05-31": "279.00000", "2011-02-28": "235.00000", "2010-11-30": "341.00000", "2010-08-31": "1402.00000", "2010-05-31": "349.00000", "2010-02-28": "255.00000", "2009-11-30": "294.00000", "2009-08-31": "1196.00000", "2009-05-31": "353.00000", "2009-02-28": "311.00000", "2008-11-30": "450.00000", "2008-08-31": "1485.00000", "2008-05-31": "482.00000", "2008-02-29": "312.00000", "2007-11-30": "423.00000", "2007-08-31": "1490.00000", "2007-05-31": "459.00000", "2007-02-28": "353.00000", "2006-11-30": "476.00000", "2006-08-31": "1340.00000", "2006-05-31": "448.00000", "2006-02-28": "349.00000", "2005-11-30": "438.00000", "2005-08-31": "1321.00000", "2005-05-31": "462.00000", "2005-02-28": "418.00000"}, "Total Non-Operating Income/Expense": {"2020-11-30": "-595.00000", "2020-08-31": "-528.00000", "2020-05-31": "-208.00000", "2020-02-29": "-57.00000", "2019-11-30": "-47.00000", "2019-08-31": "-63.00000", "2019-05-31": "-56.00000", "2019-02-28": "-49.00000", "2018-11-30": "-46.00000", "2018-08-31": "-49.00000", "2018-05-31": "5.00000", "2018-02-28": "-28.00000", "2017-11-30": "12.00000", "2017-08-31": "-25.00000", "2017-05-31": "-116.00000", "2017-02-28": "-14.00000", "2016-11-30": "16.00000", "2016-08-31": "-97.00000", "2016-05-31": "129.00000", "2016-02-29": "-291.00000", "2015-11-30": "-238.00000", "2015-08-31": "-260.00000", "2015-05-31": "-63.00000", "2015-02-28": "-214.00000", "2014-11-30": "-362.00000", "2014-08-31": "-51.00000", "2014-05-31": "-48.00000", "2014-02-28": "-86.00000", "2013-11-30": "-47.00000", "2013-08-31": "-16.00000", "2013-05-31": "-111.00000", "2013-02-28": "-106.00000", "2012-11-30": "-83.00000", "2012-08-31": "41.00000", "2012-05-31": "-239.00000", "2012-02-29": "-59.00000", "2011-11-30": "-99.00000", "2011-08-31": "-91.00000", "2011-05-31": "-75.00000", "2011-02-28": "-78.00000", "2010-11-30": "-86.00000", "2010-08-31": "-89.00000", "2010-05-31": "-98.00000", "2010-02-28": "-95.00000", "2009-11-30": "-93.00000", "2009-08-31": "-99.00000", "2009-05-31": "-83.00000", "2009-02-28": "-73.00000", "2008-11-30": "-86.00000", "2008-08-31": "-100.00000", "2008-05-31": "-86.00000", "2008-02-29": "-86.00000", "2007-11-30": "-75.00000", "2007-08-31": "-74.00000", "2007-05-31": "-78.00000", "2007-02-28": "-74.00000", "2006-11-30": "-63.00000", "2006-08-31": "-77.00000", "2006-05-31": "-71.00000", "2006-02-28": "-84.00000", "2005-11-30": "-69.00000", "2005-08-31": "-95.00000", "2005-05-31": "-74.00000", "2005-02-28": "-76.00000"}, "Pre-Tax Income": {"2020-11-30": "-2237.00000", "2020-08-31": "-2861.00000", "2020-05-31": "-4385.00000", "2020-02-29": "-770.00000", "2019-11-30": "436.00000", "2019-08-31": "1827.00000", "2019-05-31": "459.00000", "2019-02-28": "338.00000", "2018-11-30": "509.00000", "2018-08-31": "1744.00000", "2018-05-31": "564.00000", "2018-02-28": "390.00000", "2017-11-30": "560.00000", "2017-08-31": "1368.00000", "2017-05-31": "384.00000", "2017-02-28": "354.00000", "2016-11-30": "613.00000", "2016-08-31": "1465.00000", "2016-05-31": "607.00000", "2016-02-29": "143.00000", "2015-11-30": "271.00000", "2015-08-31": "1250.00000", "2015-05-31": "226.00000", "2015-02-28": "52.00000", "2014-11-30": "-96.00000", "2014-08-31": "1241.00000", "2014-05-31": "99.00000", "2014-02-28": "-19.00000", "2013-11-30": "34.00000", "2013-08-31": "935.00000", "2013-05-31": "41.00000", "2013-02-28": "39.00000", "2012-11-30": "93.00000", "2012-08-31": "1336.00000", "2012-05-31": "14.00000", "2012-02-29": "-141.00000", "2011-11-30": "209.00000", "2011-08-31": "1342.00000", "2011-05-31": "204.00000", "2011-02-28": "157.00000", "2010-11-30": "255.00000", "2010-08-31": "1313.00000", "2010-05-31": "251.00000", "2010-02-28": "160.00000", "2009-11-30": "201.00000", "2009-08-31": "1097.00000", "2009-05-31": "270.00000", "2009-02-28": "238.00000", "2008-11-30": "364.00000", "2008-08-31": "1385.00000", "2008-05-31": "396.00000", "2008-02-29": "226.00000", "2007-11-30": "348.00000", "2007-08-31": "1416.00000", "2007-05-31": "381.00000", "2007-02-28": "279.00000", "2006-11-30": "413.00000", "2006-08-31": "1263.00000", "2006-05-31": "377.00000", "2006-02-28": "265.00000", "2005-11-30": "369.00000", "2005-08-31": "1226.00000", "2005-05-31": "388.00000", "2005-02-28": "342.00000"}, "Income Taxes": {"2020-11-30": "-15.00000", "2020-08-31": "-2.00000", "2020-05-31": "-11.00000", "2020-02-29": "11.00000", "2019-11-30": "14.00000", "2019-08-31": "47.00000", "2019-05-31": "8.00000", "2019-02-28": "2.00000", "2018-11-30": "14.00000", "2018-08-31": "37.00000", "2018-05-31": "3.00000", "2018-02-28": "0.00000", "2017-11-30": "14.00000", "2017-08-31": "39.00000", "2017-05-31": "5.00000", "2017-02-28": "2.00000", "2016-11-30": "5.00000", "2016-08-31": "41.00000", "2016-05-31": "2.00000", "2016-02-29": "1.00000", "2015-11-30": "1.00000", "2015-08-31": "34.00000", "2015-05-31": "4.00000", "2015-02-28": "3.00000", "2014-11-30": "7.00000", "2014-08-31": "0.00000", "2014-05-31": "1.00000", "2014-02-28": "1.00000", "2013-11-30": "-9.00000", "2013-08-31": "1.00000", "2013-05-31": "0.00000", "2013-02-28": "2.00000", "2012-11-30": "", "2012-08-31": "6.00000", "2012-05-31": "0.00000", "2012-02-29": "-2.00000", "2011-11-30": "-8.00000", "2011-08-31": "5.00000", "2011-05-31": "-2.00000", "2011-02-28": "5.00000", "2010-11-30": "7.00000", "2010-08-31": "10.00000", "2010-05-31": "-1.00000", "2010-02-28": "-15.00000", "2009-11-30": "8.00000", "2009-08-31": "24.00000", "2009-05-31": "6.00000", "2009-02-28": "-22.00000", "2008-11-30": "-1.00000", "2008-08-31": "52.00000", "2008-05-31": "6.00000", "2008-02-29": "-10.00000", "2007-11-30": "-10.00000", "2007-08-31": "39.00000", "2007-05-31": "-9.00000", "2007-02-28": "-4.00000", "2006-11-30": "-3.00000", "2006-08-31": "31.00000", "2006-05-31": "-3.00000", "2006-02-28": "14.00000", "2005-11-30": "30.00000", "2005-08-31": "45.00000", "2005-05-31": "", "2005-02-28": "-3.00000"}, "Income After Taxes": {"2020-11-30": "-2222.00000", "2020-08-31": "-2859.00000", "2020-05-31": "-4374.00000", "2020-02-29": "-781.00000", "2019-11-30": "422.00000", "2019-08-31": "1780.00000", "2019-05-31": "451.00000", "2019-02-28": "336.00000", "2018-11-30": "495.00000", "2018-08-31": "1707.00000", "2018-05-31": "561.00000", "2018-02-28": "390.00000", "2017-11-30": "546.00000", "2017-08-31": "1329.00000", "2017-05-31": "379.00000", "2017-02-28": "352.00000", "2016-11-30": "608.00000", "2016-08-31": "1424.00000", "2016-05-31": "605.00000", "2016-02-29": "142.00000", "2015-11-30": "270.00000", "2015-08-31": "1216.00000", "2015-05-31": "222.00000", "2015-02-28": "49.00000", "2014-11-30": "-103.00000", "2014-08-31": "1241.00000", "2014-05-31": "98.00000", "2014-02-28": "-20.00000", "2013-11-30": "43.00000", "2013-08-31": "934.00000", "2013-05-31": "41.00000", "2013-02-28": "37.00000", "2012-11-30": "93.00000", "2012-08-31": "1330.00000", "2012-05-31": "14.00000", "2012-02-29": "-139.00000", "2011-11-30": "217.00000", "2011-08-31": "1337.00000", "2011-05-31": "206.00000", "2011-02-28": "152.00000", "2010-11-30": "248.00000", "2010-08-31": "1303.00000", "2010-05-31": "252.00000", "2010-02-28": "175.00000", "2009-11-30": "193.00000", "2009-08-31": "1073.00000", "2009-05-31": "264.00000", "2009-02-28": "260.00000", "2008-11-30": "365.00000", "2008-08-31": "1333.00000", "2008-05-31": "390.00000", "2008-02-29": "236.00000", "2007-11-30": "358.00000", "2007-08-31": "1377.00000", "2007-05-31": "390.00000", "2007-02-28": "283.00000", "2006-11-30": "416.00000", "2006-08-31": "1232.00000", "2006-05-31": "380.00000", "2006-02-28": "251.00000", "2005-11-30": "339.00000", "2005-08-31": "1181.00000", "2005-05-31": "388.00000", "2005-02-28": "345.00000"}, "Other Income": {"2020-11-30": "", "2020-08-31": "", "2020-05-31": "", "2020-02-29": "", "2019-11-30": "", "2019-08-31": "", "2019-05-31": "", "2019-02-28": "", "2018-11-30": "", "2018-08-31": "", "2018-05-31": "", "2018-02-28": "", "2017-11-30": "", "2017-08-31": "", "2017-05-31": "", "2017-02-28": "", "2016-11-30": "", "2016-08-31": "", "2016-05-31": "", "2016-02-29": "", "2015-11-30": "", "2015-08-31": "", "2015-05-31": "", "2015-02-28": "", "2014-11-30": "", "2014-08-31": "", "2014-05-31": "", "2014-02-28": "", "2013-11-30": "", "2013-08-31": "", "2013-05-31": "", "2013-02-28": "", "2012-11-30": "", "2012-08-31": "", "2012-05-31": "", "2012-02-29": "", "2011-11-30": "", "2011-08-31": "", "2011-05-31": "", "2011-02-28": "", "2010-11-30": "", "2010-08-31": "", "2010-05-31": "", "2010-02-28": "", "2009-11-30": "", "2009-08-31": "", "2009-05-31": "", "2009-02-28": "", "2008-11-30": "", "2008-08-31": "", "2008-05-31": "", "2008-02-29": "", "2007-11-30": "", "2007-08-31": "", "2007-05-31": "", "2007-02-28": "", "2006-11-30": "", "2006-08-31": "", "2006-05-31": "", "2006-02-28": "", "2005-11-30": "", "2005-08-31": "", "2005-05-31": "", "2005-02-28": ""}, "Income From Continuous Operations": {"2020-11-30": "-2222.00000", "2020-08-31": "-2859.00000", "2020-05-31": "-4374.00000", "2020-02-29": "-781.00000", "2019-11-30": "422.00000", "2019-08-31": "1780.00000", "2019-05-31": "451.00000", "2019-02-28": "336.00000", "2018-11-30": "495.00000", "2018-08-31": "1707.00000", "2018-05-31": "561.00000", "2018-02-28": "390.00000", "2017-11-30": "546.00000", "2017-08-31": "1329.00000", "2017-05-31": "379.00000", "2017-02-28": "352.00000", "2016-11-30": "608.00000", "2016-08-31": "1424.00000", "2016-05-31": "605.00000", "2016-02-29": "142.00000", "2015-11-30": "270.00000", "2015-08-31": "1216.00000", "2015-05-31": "222.00000", "2015-02-28": "49.00000", "2014-11-30": "-103.00000", "2014-08-31": "1241.00000", "2014-05-31": "98.00000", "2014-02-28": "-20.00000", "2013-11-30": "43.00000", "2013-08-31": "934.00000", "2013-05-31": "41.00000", "2013-02-28": "37.00000", "2012-11-30": "93.00000", "2012-08-31": "1330.00000", "2012-05-31": "14.00000", "2012-02-29": "-139.00000", "2011-11-30": "217.00000", "2011-08-31": "1337.00000", "2011-05-31": "206.00000", "2011-02-28": "152.00000", "2010-11-30": "248.00000", "2010-08-31": "1303.00000", "2010-05-31": "252.00000", "2010-02-28": "175.00000", "2009-11-30": "193.00000", "2009-08-31": "1073.00000", "2009-05-31": "264.00000", "2009-02-28": "260.00000", "2008-11-30": "365.00000", "2008-08-31": "1333.00000", "2008-05-31": "390.00000", "2008-02-29": "236.00000", "2007-11-30": "358.00000", "2007-08-31": "1377.00000", "2007-05-31": "390.00000", "2007-02-28": "283.00000", "2006-11-30": "416.00000", "2006-08-31": "1232.00000", "2006-05-31": "380.00000", "2006-02-28": "251.00000", "2005-11-30": "339.00000", "2005-08-31": "1181.00000", "2005-05-31": "388.00000", "2005-02-28": "345.00000"}, "Income From Discontinued Operations": {"2020-11-30": "", "2020-08-31": "", "2020-05-31": "", "2020-02-29": "", "2019-11-30": "", "2019-08-31": "", "2019-05-31": "", "2019-02-28": "", "2018-11-30": "", "2018-08-31": "", "2018-05-31": "", "2018-02-28": "", "2017-11-30": "", "2017-08-31": "", "2017-05-31": "", "2017-02-28": "", "2016-11-30": "", "2016-08-31": "", "2016-05-31": "", "2016-02-29": "", "2015-11-30": "", "2015-08-31": "", "2015-05-31": "", "2015-02-28": "", "2014-11-30": "", "2014-08-31": "", "2014-05-31": "", "2014-02-28": "", "2013-11-30": "", "2013-08-31": "", "2013-05-31": "", "2013-02-28": "", "2012-11-30": "", "2012-08-31": "", "2012-05-31": "", "2012-02-29": "", "2011-11-30": "", "2011-08-31": "", "2011-05-31": "", "2011-02-28": "", "2010-11-30": "", "2010-08-31": "", "2010-05-31": "", "2010-02-28": "", "2009-11-30": "", "2009-08-31": "", "2009-05-31": "", "2009-02-28": "", "2008-11-30": "", "2008-08-31": "", "2008-05-31": "", "2008-02-29": "", "2007-11-30": "", "2007-08-31": "", "2007-05-31": "", "2007-02-28": "", "2006-11-30": "", "2006-08-31": "", "2006-05-31": "", "2006-02-28": "", "2005-11-30": "", "2005-08-31": "", "2005-05-31": "", "2005-02-28": ""}, "Net Income": {"2020-11-30": "-2223.00000", "2020-08-31": "-2858.00000", "2020-05-31": "-4374.00000", "2020-02-29": "-781.00000", "2019-11-30": "423.00000", "2019-08-31": "1780.00000", "2019-05-31": "451.00000", "2019-02-28": "336.00000", "2018-11-30": "493.00000", "2018-08-31": "1707.00000", "2018-05-31": "561.00000", "2018-02-28": "391.00000", "2017-11-30": "546.00000", "2017-08-31": "1329.00000", "2017-05-31": "379.00000", "2017-02-28": "352.00000", "2016-11-30": "608.00000", "2016-08-31": "1424.00000", "2016-05-31": "605.00000", "2016-02-29": "142.00000", "2015-11-30": "270.00000", "2015-08-31": "1216.00000", "2015-05-31": "222.00000", "2015-02-28": "49.00000", "2014-11-30": "-103.00000", "2014-08-31": "1241.00000", "2014-05-31": "98.00000", "2014-02-28": "-20.00000", "2013-11-30": "43.00000", "2013-08-31": "934.00000", "2013-05-31": "41.00000", "2013-02-28": "37.00000", "2012-11-30": "93.00000", "2012-08-31": "1330.00000", "2012-05-31": "14.00000", "2012-02-29": "-139.00000", "2011-11-30": "217.00000", "2011-08-31": "1337.00000", "2011-05-31": "206.00000", "2011-02-28": "152.00000", "2010-11-30": "248.00000", "2010-08-31": "1303.00000", "2010-05-31": "252.00000", "2010-02-28": "175.00000", "2009-11-30": "193.00000", "2009-08-31": "1073.00000", "2009-05-31": "264.00000", "2009-02-28": "260.00000", "2008-11-30": "365.00000", "2008-08-31": "1333.00000", "2008-05-31": "390.00000", "2008-02-29": "236.00000", "2007-11-30": "358.00000", "2007-08-31": "1377.00000", "2007-05-31": "390.00000", "2007-02-28": "283.00000", "2006-11-30": "416.00000", "2006-08-31": "1232.00000", "2006-05-31": "380.00000", "2006-02-28": "251.00000", "2005-11-30": "339.00000", "2005-08-31": "1181.00000", "2005-05-31": "388.00000", "2005-02-28": "345.00000"}, "EBITDA": {"2020-11-30": "-1099.00000", "2020-08-31": "-1783.00000", "2020-05-31": "-3601.00000", "2020-02-29": "-141.00000", "2019-11-30": "1037.00000", "2019-08-31": "2438.00000", "2019-05-31": "1059.00000", "2019-02-28": "903.00000", "2018-11-30": "1059.00000", "2018-08-31": "2304.00000", "2018-05-31": "1071.00000", "2018-02-28": "907.00000", "2017-11-30": "1026.00000", "2017-08-31": "1865.00000", "2017-05-31": "957.00000", "2017-02-28": "807.00000", "2016-11-30": "1032.00000", "2016-08-31": "2004.00000", "2016-05-31": "916.00000", "2016-02-29": "857.00000", "2015-11-30": "929.00000", "2015-08-31": "1909.00000", "2015-05-31": "695.00000", "2015-02-28": "667.00000", "2014-11-30": "674.00000", "2014-08-31": "1706.00000", "2014-05-31": "557.00000", "2014-02-28": "472.00000", "2013-11-30": "485.00000", "2013-08-31": "1357.00000", "2013-05-31": "543.00000", "2013-02-28": "534.00000", "2012-11-30": "568.00000", "2012-08-31": "1678.00000", "2012-05-31": "629.00000", "2012-02-29": "294.00000", "2011-11-30": "693.00000", "2011-08-31": "1823.00000", "2011-05-31": "659.00000", "2011-02-28": "602.00000", "2010-11-30": "708.00000", "2010-08-31": "1757.00000", "2010-05-31": "698.00000", "2010-02-28": "600.00000", "2009-11-30": "639.00000", "2009-08-31": "1532.00000", "2009-05-31": "670.00000", "2009-02-28": "622.00000", "2008-11-30": "763.00000", "2008-08-31": "1808.00000", "2008-05-31": "794.00000", "2008-02-29": "613.00000", "2007-11-30": "713.00000", "2007-08-31": "1769.00000", "2007-05-31": "731.00000", "2007-02-28": "613.00000", "2006-11-30": "730.00000", "2006-08-31": "1597.00000", "2006-05-31": "690.00000", "2006-02-28": "584.00000", "2005-11-30": "672.00000", "2005-08-31": "1552.00000", "2005-05-31": "693.00000", "2005-02-28": "644.00000"}, "EBIT": {"2020-11-30": "-1642.00000", "2020-08-31": "-2334.00000", "2020-05-31": "-4178.00000", "2020-02-29": "-711.00000", "2019-11-30": "484.00000", "2019-08-31": "1890.00000", "2019-05-31": "516.00000", "2019-02-28": "387.00000", "2018-11-30": "552.00000", "2018-08-31": "1794.00000", "2018-05-31": "559.00000", "2018-02-28": "419.00000", "2017-11-30": "548.00000", "2017-08-31": "1393.00000", "2017-05-31": "500.00000", "2017-02-28": "368.00000", "2016-11-30": "597.00000", "2016-08-31": "1562.00000", "2016-05-31": "478.00000", "2016-02-29": "434.00000", "2015-11-30": "509.00000", "2015-08-31": "1510.00000", "2015-05-31": "289.00000", "2015-02-28": "266.00000", "2014-11-30": "266.00000", "2014-08-31": "1292.00000", "2014-05-31": "147.00000", "2014-02-28": "67.00000", "2013-11-30": "81.00000", "2013-08-31": "951.00000", "2013-05-31": "152.00000", "2013-02-28": "145.00000", "2012-11-30": "176.00000", "2012-08-31": "1295.00000", "2012-05-31": "253.00000", "2012-02-29": "-82.00000", "2011-11-30": "308.00000", "2011-08-31": "1433.00000", "2011-05-31": "279.00000", "2011-02-28": "235.00000", "2010-11-30": "341.00000", "2010-08-31": "1402.00000", "2010-05-31": "349.00000", "2010-02-28": "255.00000", "2009-11-30": "294.00000", "2009-08-31": "1196.00000", "2009-05-31": "353.00000", "2009-02-28": "311.00000", "2008-11-30": "450.00000", "2008-08-31": "1485.00000", "2008-05-31": "482.00000", "2008-02-29": "312.00000", "2007-11-30": "423.00000", "2007-08-31": "1490.00000", "2007-05-31": "459.00000", "2007-02-28": "353.00000", "2006-11-30": "476.00000", "2006-08-31": "1340.00000", "2006-05-31": "448.00000", "2006-02-28": "349.00000", "2005-11-30": "438.00000", "2005-08-31": "1321.00000", "2005-05-31": "462.00000", "2005-02-28": "418.00000"}, "Basic Shares Outstanding": {"2020-11-30": "775.00000", "2020-08-31": "775.00000", "2020-05-31": "721.00000", "2020-02-29": "684.00000", "2019-11-30": "690.00000", "2019-08-31": "689.00000", "2019-05-31": "691.00000", "2019-02-28": "693.00000", "2018-11-30": "709.00000", "2018-08-31": "706.00000", "2018-05-31": "714.00000", "2018-02-28": "717.00000", "2017-11-30": "722.00000", "2017-08-31": "723.00000", "2017-05-31": "724.00000", "2017-02-28": "725.00000", "2016-11-30": "745.00000", "2016-08-31": "737.00000", "2016-05-31": "751.00000", "2016-02-29": "766.00000", "2015-11-30": "777.00000", "2015-08-31": "778.00000", "2015-05-31": "778.00000", "2015-02-28": "777.00000", "2014-11-30": "776.00000", "2014-08-31": "776.00000", "2014-05-31": "776.00000", "2014-02-28": "776.00000", "2013-11-30": "775.00000", "2013-08-31": "775.00000", "2013-05-31": "775.00000", "2013-02-28": "776.00000", "2012-11-30": "778.00000", "2012-08-31": "778.00000", "2012-05-31": "779.00000", "2012-02-29": "778.00000", "2011-11-30": "787.00000", "2011-08-31": "790.00000", "2011-05-31": "791.00000", "2011-02-28": "790.00000", "2010-11-30": "788.00000", "2010-08-31": "789.00000", "2010-05-31": "788.00000", "2010-02-28": "787.00000", "2009-11-30": "787.00000", "2009-08-31": "787.00000", "2009-05-31": "787.00000", "2009-02-28": "787.00000", "2008-11-30": "786.00000", "2008-08-31": "786.00000", "2008-05-31": "786.00000", "2008-02-29": "786.00000", "2007-11-30": "793.00000", "2007-08-31": "794.00000", "2007-05-31": "794.00000", "2007-02-28": "793.00000", "2006-11-30": "801.00000", "2006-08-31": "797.00000", "2006-05-31": "805.00000", "2006-02-28": "809.00000", "2005-11-30": "806.00000", "2005-08-31": "806.00000", "2005-05-31": "805.00000", "2005-02-28": "805.00000"}, "Shares Outstanding": {"2020-11-30": "775.00000", "2020-08-31": "775.00000", "2020-05-31": "721.00000", "2020-02-29": "684.00000", "2019-11-30": "692.00000", "2019-08-31": "691.00000", "2019-05-31": "693.00000", "2019-02-28": "695.00000", "2018-11-30": "710.00000", "2018-08-31": "707.00000", "2018-05-31": "715.00000", "2018-02-28": "719.00000", "2017-11-30": "725.00000", "2017-08-31": "726.00000", "2017-05-31": "727.00000", "2017-02-28": "728.00000", "2016-11-30": "747.00000", "2016-08-31": "739.00000", "2016-05-31": "753.00000", "2016-02-29": "769.00000", "2015-11-30": "779.00000", "2015-08-31": "781.00000", "2015-05-31": "780.00000", "2015-02-28": "779.00000", "2014-11-30": "778.00000", "2014-08-31": "778.00000", "2014-05-31": "778.00000", "2014-02-28": "776.00000", "2013-11-30": "777.00000", "2013-08-31": "777.00000", "2013-05-31": "777.00000", "2013-02-28": "778.00000", "2012-11-30": "779.00000", "2012-08-31": "779.00000", "2012-05-31": "779.00000", "2012-02-29": "778.00000", "2011-11-30": "789.00000", "2011-08-31": "792.00000", "2011-05-31": "793.00000", "2011-02-28": "794.00000", "2010-11-30": "805.00000", "2010-08-31": "806.00000", "2010-05-31": "806.00000", "2010-02-28": "805.00000", "2009-11-30": "804.00000", "2009-08-31": "809.00000", "2009-05-31": "804.00000", "2009-02-28": "803.00000", "2008-11-30": "816.00000", "2008-08-31": "814.00000", "2008-05-31": "819.00000", "2008-02-29": "814.00000", "2007-11-30": "828.00000", "2007-08-31": "829.00000", "2007-05-31": "829.00000", "2007-02-28": "829.00000", "2006-11-30": "836.00000", "2006-08-31": "831.00000", "2006-05-31": "840.00000", "2006-02-28": "838.00000", "2005-11-30": "853.00000", "2005-08-31": "854.00000", "2005-05-31": "854.00000", "2005-02-28": "855.00000"}, "Basic EPS": {"2020-11-30": "-2.30000", "2020-08-31": "-3.69000", "2020-05-31": "-6.07000", "2020-02-29": "-1.14000", "2019-11-30": "0.63000", "2019-08-31": "2.58000", "2019-05-31": "0.65000", "2019-02-28": "0.48000", "2018-11-30": "0.70000", "2018-08-31": "2.42000", "2018-05-31": "0.79000", "2018-02-28": "0.54000", "2017-11-30": "0.77000", "2017-08-31": "1.84000", "2017-05-31": "0.52000", "2017-02-28": "0.48000", "2016-11-30": "0.81000", "2016-08-31": "1.93000", "2016-05-31": "0.81000", "2016-02-29": "0.18000", "2015-11-30": "0.35000", "2015-08-31": "1.56000", "2015-05-31": "0.29000", "2015-02-28": "0.06000", "2014-11-30": "-0.13000", "2014-08-31": "1.60000", "2014-05-31": "0.13000", "2014-02-28": "-0.03000", "2013-11-30": "0.06000", "2013-08-31": "1.20000", "2013-05-31": "0.05000", "2013-02-28": "0.05000", "2012-11-30": "0.12000", "2012-08-31": "1.71000", "2012-05-31": "0.02000", "2012-02-29": "-0.18000", "2011-11-30": "0.29000", "2011-08-31": "1.69000", "2011-05-31": "0.26000", "2011-02-28": "0.19000", "2010-11-30": "0.32000", "2010-08-31": "1.65000", "2010-05-31": "0.32000", "2010-02-28": "0.22000", "2009-11-30": "0.24000", "2009-08-31": "1.36000", "2009-05-31": "0.34000", "2009-02-28": "0.33000", "2008-11-30": "0.46000", "2008-08-31": "1.70000", "2008-05-31": "0.50000", "2008-02-29": "0.30000", "2007-11-30": "0.46000", "2007-08-31": "1.73000", "2007-05-31": "0.49000", "2007-02-28": "0.36000", "2006-11-30": "0.52000", "2006-08-31": "1.55000", "2006-05-31": "0.47000", "2006-02-28": "0.31000", "2005-11-30": "0.43000", "2005-08-31": "1.46000", "2005-05-31": "0.48000", "2005-02-28": "0.43000"}, "EPS - Earnings Per Share": {"2020-11-30": "-2.30000", "2020-08-31": "-3.69000", "2020-05-31": "-6.07000", "2020-02-29": "-1.14000", "2019-11-30": "0.61000", "2019-08-31": "2.58000", "2019-05-31": "0.65000", "2019-02-28": "0.48000", "2018-11-30": "0.71000", "2018-08-31": "2.41000", "2018-05-31": "0.78000", "2018-02-28": "0.54000", "2017-11-30": "0.76000", "2017-08-31": "1.83000", "2017-05-31": "0.52000", "2017-02-28": "0.48000", "2016-11-30": "0.81000", "2016-08-31": "1.93000", "2016-05-31": "0.80000", "2016-02-29": "0.18000", "2015-11-30": "0.35000", "2015-08-31": "1.56000", "2015-05-31": "0.29000", "2015-02-28": "0.06000", "2014-11-30": "-0.14000", "2014-08-31": "1.60000", "2014-05-31": "0.13000", "2014-02-28": "-0.03000", "2013-11-30": "0.06000", "2013-08-31": "1.20000", "2013-05-31": "0.05000", "2013-02-28": "0.05000", "2012-11-30": "0.12000", "2012-08-31": "1.71000", "2012-05-31": "0.02000", "2012-02-29": "-0.18000", "2011-11-30": "0.28000", "2011-08-31": "1.69000", "2011-05-31": "0.26000", "2011-02-28": "0.19000", "2010-11-30": "0.31000", "2010-08-31": "1.62000", "2010-05-31": "0.32000", "2010-02-28": "0.22000", "2009-11-30": "0.25000", "2009-08-31": "1.33000", "2009-05-31": "0.33000", "2009-02-28": "0.33000", "2008-11-30": "0.46000", "2008-08-31": "1.65000", "2008-05-31": "0.49000", "2008-02-29": "0.30000", "2007-11-30": "0.45000", "2007-08-31": "1.67000", "2007-05-31": "0.48000", "2007-02-28": "0.35000", "2006-11-30": "0.51000", "2006-08-31": "1.49000", "2006-05-31": "0.46000", "2006-02-28": "0.31000", "2005-11-30": "0.41000", "2005-08-31": "1.40000", "2005-05-31": "0.47000", "2005-02-28": "0.42000"}}, "balance sheet": {"Cash On Hand": {"2020-11-30": "9513.00000", "2019-11-30": "518.00000", "2018-11-30": "982.00000", "2017-11-30": "395.00000", "2016-11-30": "603.00000", "2015-11-30": "1395.00000", "2014-11-30": "331.00000", "2013-11-30": "462.00000", "2012-11-30": "465.00000", "2011-11-30": "450.00000", "2010-11-30": "429.00000", "2009-11-30": "538.00000", "2008-11-30": "650.00000", "2007-11-30": "943.00000", "2006-11-30": "1163.00000", "2005-11-30": "1178.00000"}, "Receivables": {"2020-11-30": "273.00000", "2019-11-30": "444.00000", "2018-11-30": "358.00000", "2017-11-30": "312.00000", "2016-11-30": "298.00000", "2015-11-30": "303.00000", "2014-11-30": "332.00000", "2013-11-30": "405.00000", "2012-11-30": "270.00000", "2011-11-30": "263.00000", "2010-11-30": "248.00000", "2009-11-30": "362.00000", "2008-11-30": "418.00000", "2007-11-30": "436.00000", "2006-11-30": "280.00000", "2005-11-30": "430.00000"}, "Inventory": {"2020-11-30": "335.00000", "2019-11-30": "427.00000", "2018-11-30": "450.00000", "2017-11-30": "387.00000", "2016-11-30": "322.00000", "2015-11-30": "330.00000", "2014-11-30": "349.00000", "2013-11-30": "374.00000", "2012-11-30": "390.00000", "2011-11-30": "374.00000", "2010-11-30": "320.00000", "2009-11-30": "320.00000", "2008-11-30": "315.00000", "2007-11-30": "331.00000", "2006-11-30": "263.00000", "2005-11-30": "250.00000"}, "Pre-Paid Expenses": {"2020-11-30": "443.00000", "2019-11-30": "671.00000", "2018-11-30": "436.00000", "2017-11-30": "502.00000", "2016-11-30": "466.00000", "2015-11-30": "423.00000", "2014-11-30": "322.00000", "2013-11-30": "315.00000", "2012-11-30": "236.00000", "2011-11-30": "195.00000", "2010-11-30": "247.00000", "2009-11-30": "298.00000", "2008-11-30": "267.00000", "2007-11-30": "266.00000", "2006-11-30": "289.00000", "2005-11-30": "263.00000"}, "Other Current Assets": {"2020-11-30": "", "2019-11-30": "", "2018-11-30": "", "2017-11-30": "", "2016-11-30": "", "2015-11-30": "", "2014-11-30": "154.00000", "2013-11-30": "381.00000", "2012-11-30": "460.00000", "2011-11-30": "30.00000", "2010-11-30": "", "2009-11-30": "", "2008-11-30": "", "2007-11-30": "", "2006-11-30": "", "2005-11-30": ""}, "Total Current Assets": {"2020-11-30": "10563.00000", "2019-11-30": "2059.00000", "2018-11-30": "2225.00000", "2017-11-30": "1596.00000", "2016-11-30": "1689.00000", "2015-11-30": "2451.00000", "2014-11-30": "1488.00000", "2013-11-30": "1937.00000", "2012-11-30": "1821.00000", "2011-11-30": "1312.00000", "2010-11-30": "1244.00000", "2009-11-30": "1518.00000", "2008-11-30": "1650.00000", "2007-11-30": "1976.00000", "2006-11-30": "1995.00000", "2005-11-30": "2121.00000"}, "Property, Plant, And Equipment": {"2020-11-30": "38073.00000", "2019-11-30": "38131.00000", "2018-11-30": "35336.00000", "2017-11-30": "34430.00000", "2016-11-30": "32429.00000", "2015-11-30": "31818.00000", "2014-11-30": "32819.00000", "2013-11-30": "32905.00000", "2012-11-30": "32137.00000", "2011-11-30": "32054.00000", "2010-11-30": "30967.00000", "2009-11-30": "29870.00000", "2008-11-30": "26457.00000", "2007-11-30": "26639.00000", "2006-11-30": "23458.00000", "2005-11-30": "21312.00000"}, "Long-Term Investments": {"2020-11-30": "", "2019-11-30": "", "2018-11-30": "", "2017-11-30": "", "2016-11-30": "", "2015-11-30": "", "2014-11-30": "", "2013-11-30": "", "2012-11-30": "", "2011-11-30": "", "2010-11-30": "", "2009-11-30": "", "2008-11-30": "", "2007-11-30": "", "2006-11-30": "", "2005-11-30": ""}, "Goodwill And Intangible Assets": {"2020-11-30": "1993.00000", "2019-11-30": "4086.00000", "2018-11-30": "4101.00000", "2017-11-30": "4167.00000", "2016-11-30": "4185.00000", "2015-11-30": "4318.00000", "2014-11-30": "4397.00000", "2013-11-30": "4502.00000", "2012-11-30": "4488.00000", "2011-11-30": "4652.00000", "2010-11-30": "4640.00000", "2009-11-30": "4797.00000", "2008-11-30": "4560.00000", "2007-11-30": "5003.00000", "2006-11-30": "4634.00000", "2005-11-30": "4488.00000"}, "Other Long-Term Assets": {"2020-11-30": "1594.00000", "2019-11-30": "783.00000", "2018-11-30": "738.00000", "2017-11-30": "585.00000", "2016-11-30": "578.00000", "2015-11-30": "650.00000", "2014-11-30": "744.00000", "2013-11-30": "760.00000", "2012-11-30": "715.00000", "2011-11-30": "619.00000", "2010-11-30": "639.00000", "2009-11-30": "650.00000", "2008-11-30": "733.00000", "2007-11-30": "563.00000", "2006-11-30": "465.00000", "2005-11-30": "428.00000"}, "Total Long-Term Assets": {"2020-11-30": "43030.00000", "2019-11-30": "43000.00000", "2018-11-30": "40175.00000", "2017-11-30": "39182.00000", "2016-11-30": "37192.00000", "2015-11-30": "36786.00000", "2014-11-30": "37960.00000", "2013-11-30": "38167.00000", "2012-11-30": "37340.00000", "2011-11-30": "37325.00000", "2010-11-30": "36246.00000", "2009-11-30": "35317.00000", "2008-11-30": "31750.00000", "2007-11-30": "32205.00000", "2006-11-30": "28557.00000", "2005-11-30": "26228.00000"}, "Total Assets": {"2020-11-30": "53593.00000", "2019-11-30": "45058.00000", "2018-11-30": "42401.00000", "2017-11-30": "40778.00000", "2016-11-30": "38881.00000", "2015-11-30": "39237.00000", "2014-11-30": "39448.00000", "2013-11-30": "40104.00000", "2012-11-30": "39161.00000", "2011-11-30": "38637.00000", "2010-11-30": "37490.00000", "2009-11-30": "36835.00000", "2008-11-30": "33400.00000", "2007-11-30": "34181.00000", "2006-11-30": "30552.00000", "2005-11-30": "28349.00000"}, "Total Current Liabilities": {"2020-11-30": "8686.00000", "2019-11-30": "9127.00000", "2018-11-30": "9204.00000", "2017-11-30": "8800.00000", "2016-11-30": "7072.00000", "2015-11-30": "6956.00000", "2014-11-30": "6921.00000", "2013-11-30": "6720.00000", "2012-11-30": "7340.00000", "2011-11-30": "6105.00000", "2010-11-30": "5755.00000", "2009-11-30": "4967.00000", "2008-11-30": "5781.00000", "2007-11-30": "7260.00000", "2006-11-30": "5415.00000", "2005-11-30": "5185.00000"}, "Long Term Debt": {"2020-11-30": "22130.00000", "2019-11-30": "9675.00000", "2018-11-30": "7897.00000", "2017-11-30": "6993.00000", "2016-11-30": "8302.00000", "2015-11-30": "7413.00000", "2014-11-30": "7363.00000", "2013-11-30": "8092.00000", "2012-11-30": "7168.00000", "2011-11-30": "8053.00000", "2010-11-30": "8011.00000", "2009-11-30": "9097.00000", "2008-11-30": "7735.00000", "2007-11-30": "6313.00000", "2006-11-30": "6355.00000", "2005-11-30": "5727.00000"}, "Other Non-Current Liabilities": {"2020-11-30": "949.00000", "2019-11-30": "890.00000", "2018-11-30": "856.00000", "2017-11-30": "769.00000", "2016-11-30": "910.00000", "2015-11-30": "1097.00000", "2014-11-30": "960.00000", "2013-11-30": "736.00000", "2012-11-30": "724.00000", "2011-11-30": "647.00000", "2010-11-30": "693.00000", "2009-11-30": "732.00000", "2008-11-30": "786.00000", "2007-11-30": "645.00000", "2006-11-30": "572.00000", "2005-11-30": "554.00000"}, "Total Long Term Liabilities": {"2020-11-30": "24352.00000", "2019-11-30": "10565.00000", "2018-11-30": "8753.00000", "2017-11-30": "7762.00000", "2016-11-30": "9212.00000", "2015-11-30": "8510.00000", "2014-11-30": "8323.00000", "2013-11-30": "8828.00000", "2012-11-30": "7892.00000", "2011-11-30": "8700.00000", "2010-11-30": "8704.00000", "2009-11-30": "9829.00000", "2008-11-30": "8521.00000", "2007-11-30": "6958.00000", "2006-11-30": "6927.00000", "2005-11-30": "6281.00000"}, "Total Liabilities": {"2020-11-30": "33038.00000", "2019-11-30": "19693.00000", "2018-11-30": "17958.00000", "2017-11-30": "16562.00000", "2016-11-30": "16284.00000", "2015-11-30": "15466.00000", "2014-11-30": "15244.00000", "2013-11-30": "15548.00000", "2012-11-30": "15232.00000", "2011-11-30": "14805.00000", "2010-11-30": "14459.00000", "2009-11-30": "14796.00000", "2008-11-30": "14302.00000", "2007-11-30": "14218.00000", "2006-11-30": "12342.00000", "2005-11-30": "11466.00000"}, "Common Stock Net": {"2020-11-30": "372.00000", "2019-11-30": "365.00000", "2018-11-30": "365.00000", "2017-11-30": "365.00000", "2016-11-30": "365.00000", "2015-11-30": "365.00000", "2014-11-30": "365.00000", "2013-11-30": "365.00000", "2012-11-30": "363.00000", "2011-11-30": "363.00000", "2010-11-30": "361.00000", "2009-11-30": "360.00000", "2008-11-30": "360.00000", "2007-11-30": "360.00000", "2006-11-30": "360.00000", "2005-11-30": "359.00000"}, "Retained Earnings (Accumulated Deficit)": {"2020-11-30": "16075.00000", "2019-11-30": "26653.00000", "2018-11-30": "25066.00000", "2017-11-30": "23292.00000", "2016-11-30": "21843.00000", "2015-11-30": "20060.00000", "2014-11-30": "19158.00000", "2013-11-30": "18782.00000", "2012-11-30": "18479.00000", "2011-11-30": "18349.00000", "2010-11-30": "17224.00000", "2009-11-30": "15561.00000", "2008-11-30": "13980.00000", "2007-11-30": "12921.00000", "2006-11-30": "11600.00000", "2005-11-30": "10141.00000"}, "Comprehensive Income": {"2020-11-30": "-1436.00000", "2019-11-30": "-2066.00000", "2018-11-30": "-1949.00000", "2017-11-30": "-1782.00000", "2016-11-30": "-2454.00000", "2015-11-30": "-1741.00000", "2014-11-30": "-616.00000", "2013-11-30": "161.00000", "2012-11-30": "-207.00000", "2011-11-30": "-209.00000", "2010-11-30": "-254.00000", "2009-11-30": "462.00000", "2008-11-30": "-623.00000", "2007-11-30": "1296.00000", "2006-11-30": "661.00000", "2005-11-30": "159.00000"}, "Other Share Holders Equity": {"2020-11-30": "", "2019-11-30": "", "2018-11-30": "", "2017-11-30": "", "2016-11-30": "", "2015-11-30": "", "2014-11-30": "", "2013-11-30": "", "2012-11-30": "", "2011-11-30": "", "2010-11-30": "", "2009-11-30": "", "2008-11-30": "", "2007-11-30": "", "2006-11-30": "", "2005-11-30": ""}, "Share Holder Equity": {"2020-11-30": "20555.00000", "2019-11-30": "25365.00000", "2018-11-30": "24443.00000", "2017-11-30": "24216.00000", "2016-11-30": "22597.00000", "2015-11-30": "23771.00000", "2014-11-30": "24204.00000", "2013-11-30": "24556.00000", "2012-11-30": "23929.00000", "2011-11-30": "23832.00000", "2010-11-30": "23031.00000", "2009-11-30": "22039.00000", "2008-11-30": "19098.00000", "2007-11-30": "19963.00000", "2006-11-30": "18210.00000", "2005-11-30": "16883.00000"}, "Total Liabilities And Share Holders Equity": {"2020-11-30": "53593.00000", "2019-11-30": "45058.00000", "2018-11-30": "42401.00000", "2017-11-30": "40778.00000", "2016-11-30": "38881.00000", "2015-11-30": "39237.00000", "2014-11-30": "39448.00000", "2013-11-30": "40104.00000", "2012-11-30": "39161.00000", "2011-11-30": "38637.00000", "2010-11-30": "37490.00000", "2009-11-30": "36835.00000", "2008-11-30": "33400.00000", "2007-11-30": "34181.00000", "2006-11-30": "30552.00000", "2005-11-30": "28349.00000"}}, "balance sheet, quarterly": {"Cash On Hand": {"2020-11-30": "9513.00000", "2020-08-31": "8176.00000", "2020-05-31": "6881.00000", "2020-02-29": "1354.00000", "2019-11-30": "518.00000", "2019-08-31": "1153.00000", "2019-05-31": "1202.00000", "2019-02-28": "649.00000", "2018-11-30": "982.00000", "2018-08-31": "526.00000", "2018-05-31": "1053.00000", "2018-02-28": "453.00000", "2017-11-30": "395.00000", "2017-08-31": "489.00000", "2017-05-31": "597.00000", "2017-02-28": "437.00000", "2016-11-30": "603.00000", "2016-08-31": "462.00000", "2016-05-31": "519.00000", "2016-02-29": "778.00000", "2015-11-30": "1395.00000", "2015-08-31": "539.00000", "2015-05-31": "298.00000", "2015-02-28": "280.00000", "2014-11-30": "331.00000", "2014-08-31": "436.00000", "2014-05-31": "343.00000", "2014-02-28": "421.00000", "2013-11-30": "462.00000", "2013-08-31": "981.00000", "2013-05-31": "711.00000", "2013-02-28": "476.00000", "2012-11-30": "465.00000", "2012-08-31": "568.00000", "2012-05-31": "900.00000", "2012-02-29": "471.00000", "2011-11-30": "450.00000", "2011-08-31": "430.00000", "2011-05-31": "557.00000", "2011-02-28": "465.00000", "2010-11-30": "429.00000", "2010-08-31": "527.00000", "2010-05-31": "594.00000", "2010-02-28": "753.00000", "2009-11-30": "538.00000", "2009-08-31": "976.00000", "2009-05-31": "485.00000", "2009-02-28": "607.00000", "2008-11-30": "650.00000", "2008-08-31": "792.00000", "2008-05-31": "988.00000", "2008-02-29": "966.00000", "2007-11-30": "943.00000", "2007-08-31": "1753.00000", "2007-05-31": "2073.00000", "2007-02-28": "685.00000", "2006-11-30": "1163.00000", "2006-08-31": "615.00000", "2006-05-31": "583.00000", "2006-02-28": "406.00000", "2005-11-30": "1178.00000", "2005-08-31": "1373.00000", "2005-05-31": "1024.00000", "2005-02-28": "321.00000"}, "Receivables": {"2020-11-30": "273.00000", "2020-08-31": "376.00000", "2020-05-31": "604.00000", "2020-02-29": "405.00000", "2019-11-30": "444.00000", "2019-08-31": "441.00000", "2019-05-31": "405.00000", "2019-02-28": "406.00000", "2018-11-30": "358.00000", "2018-08-31": "366.00000", "2018-05-31": "342.00000", "2018-02-28": "345.00000", "2017-11-30": "312.00000", "2017-08-31": "324.00000", "2017-05-31": "319.00000", "2017-02-28": "307.00000", "2016-11-30": "298.00000", "2016-08-31": "321.00000", "2016-05-31": "334.00000", "2016-02-29": "311.00000", "2015-11-30": "303.00000", "2015-08-31": "328.00000", "2015-05-31": "380.00000", "2015-02-28": "329.00000", "2014-11-30": "332.00000", "2014-08-31": "355.00000", "2014-05-31": "288.00000", "2014-02-28": "258.00000", "2013-11-30": "405.00000", "2013-08-31": "444.00000", "2013-05-31": "408.00000", "2013-02-28": "400.00000", "2012-11-30": "270.00000", "2012-08-31": "306.00000", "2012-05-31": "286.00000", "2012-02-29": "286.00000", "2011-11-30": "263.00000", "2011-08-31": "353.00000", "2011-05-31": "360.00000", "2011-02-28": "308.00000", "2010-11-30": "248.00000", "2010-08-31": "388.00000", "2010-05-31": "455.00000", "2010-02-28": "392.00000", "2009-11-30": "362.00000", "2009-08-31": "476.00000", "2009-05-31": "424.00000", "2009-02-28": "402.00000", "2008-11-30": "418.00000", "2008-08-31": "642.00000", "2008-05-31": "542.00000", "2008-02-29": "434.00000", "2007-11-30": "436.00000", "2007-08-31": "423.00000", "2007-05-31": "401.00000", "2007-02-28": "287.00000", "2006-11-30": "280.00000", "2006-08-31": "396.00000", "2006-05-31": "405.00000", "2006-02-28": "425.00000", "2005-11-30": "430.00000", "2005-08-31": "434.00000", "2005-05-31": "418.00000", "2005-02-28": "332.00000"}, "Inventory": {"2020-11-30": "335.00000", "2020-08-31": "349.00000", "2020-05-31": "362.00000", "2020-02-29": "440.00000", "2019-11-30": "427.00000", "2019-08-31": "482.00000", "2019-05-31": "501.00000", "2019-02-28": "444.00000", "2018-11-30": "450.00000", "2018-08-31": "405.00000", "2018-05-31": "402.00000", "2018-02-28": "394.00000", "2017-11-30": "387.00000", "2017-08-31": "357.00000", "2017-05-31": "351.00000", "2017-02-28": "361.00000", "2016-11-30": "322.00000", "2016-08-31": "314.00000", "2016-05-31": "315.00000", "2016-02-29": "333.00000", "2015-11-30": "330.00000", "2015-08-31": "305.00000", "2015-05-31": "327.00000", "2015-02-28": "332.00000", "2014-11-30": "349.00000", "2014-08-31": "358.00000", "2014-05-31": "383.00000", "2014-02-28": "381.00000", "2013-11-30": "374.00000", "2013-08-31": "388.00000", "2013-05-31": "381.00000", "2013-02-28": "383.00000", "2012-11-30": "390.00000", "2012-08-31": "364.00000", "2012-05-31": "377.00000", "2012-02-29": "381.00000", "2011-11-30": "374.00000", "2011-08-31": "366.00000", "2011-05-31": "365.00000", "2011-02-28": "343.00000", "2010-11-30": "320.00000", "2010-08-31": "291.00000", "2010-05-31": "297.00000", "2010-02-28": "321.00000", "2009-11-30": "320.00000", "2009-08-31": "309.00000", "2009-05-31": "308.00000", "2009-02-28": "305.00000", "2008-11-30": "315.00000", "2008-08-31": "365.00000", "2008-05-31": "349.00000", "2008-02-29": "331.00000", "2007-11-30": "331.00000", "2007-08-31": "297.00000", "2007-05-31": "282.00000", "2007-02-28": "265.00000", "2006-11-30": "263.00000", "2006-08-31": "278.00000", "2006-05-31": "278.00000", "2006-02-28": "266.00000", "2005-11-30": "250.00000", "2005-08-31": "253.00000", "2005-05-31": "253.00000", "2005-02-28": "245.00000"}, "Pre-Paid Expenses": {"2020-11-30": "443.00000", "2020-08-31": "367.00000", "2020-05-31": "374.00000", "2020-02-29": "687.00000", "2019-11-30": "671.00000", "2019-08-31": "635.00000", "2019-05-31": "727.00000", "2019-02-28": "603.00000", "2018-11-30": "436.00000", "2018-08-31": "458.00000", "2018-05-31": "481.00000", "2018-02-28": "475.00000", "2017-11-30": "502.00000", "2017-08-31": "491.00000", "2017-05-31": "507.00000", "2017-02-28": "492.00000", "2016-11-30": "466.00000", "2016-08-31": "355.00000", "2016-05-31": "324.00000", "2016-02-29": "326.00000", "2015-11-30": "423.00000", "2015-08-31": "321.00000", "2015-05-31": "298.00000", "2015-02-28": "322.00000", "2014-11-30": "322.00000", "2014-08-31": "330.00000", "2014-05-31": "312.00000", "2014-02-28": "316.00000", "2013-11-30": "315.00000", "2013-08-31": "371.00000", "2013-05-31": "187.00000", "2013-02-28": "196.00000", "2012-11-30": "236.00000", "2012-08-31": "221.00000", "2012-05-31": "203.00000", "2012-02-29": "184.00000", "2011-11-30": "195.00000", "2011-08-31": "248.00000", "2011-05-31": "217.00000", "2011-02-28": "249.00000", "2010-11-30": "247.00000", "2010-08-31": "239.00000", "2010-05-31": "240.00000", "2010-02-28": "279.00000", "2009-11-30": "298.00000", "2009-08-31": "337.00000", "2009-05-31": "317.00000", "2009-02-28": "245.00000", "2008-11-30": "267.00000", "2008-08-31": "254.00000", "2008-05-31": "300.00000", "2008-02-29": "292.00000", "2007-11-30": "266.00000", "2007-08-31": "249.00000", "2007-05-31": "263.00000", "2007-02-28": "272.00000", "2006-11-30": "289.00000", "2006-08-31": "262.00000", "2006-05-31": "240.00000", "2006-02-28": "210.00000", "2005-11-30": "263.00000", "2005-08-31": "352.00000", "2005-05-31": "404.00000", "2005-02-28": "458.00000"}, "Other Current Assets": {"2020-11-30": "", "2020-08-31": "", "2020-05-31": "", "2020-02-29": "", "2019-11-30": "", "2019-08-31": "", "2019-05-31": "", "2019-02-28": "", "2018-11-30": "", "2018-08-31": "", "2018-05-31": "", "2018-02-28": "", "2017-11-30": "", "2017-08-31": "", "2017-05-31": "", "2017-02-28": "", "2016-11-30": "", "2016-08-31": "102.00000", "2016-05-31": "108.00000", "2016-02-29": "112.00000", "2015-11-30": "", "2015-08-31": "124.00000", "2015-05-31": "176.00000", "2015-02-28": "163.00000", "2014-11-30": "154.00000", "2014-08-31": "123.00000", "2014-05-31": "299.00000", "2014-02-28": "269.00000", "2013-11-30": "381.00000", "2013-08-31": "450.00000", "2013-05-31": "637.00000", "2013-02-28": "337.00000", "2012-11-30": "460.00000", "2012-08-31": "482.00000", "2012-05-31": "403.00000", "2012-02-29": "851.00000", "2011-11-30": "30.00000", "2011-08-31": "", "2011-05-31": "", "2011-02-28": "", "2010-11-30": "", "2010-08-31": "", "2010-05-31": "", "2010-02-28": "", "2009-11-30": "", "2009-08-31": "", "2009-05-31": "", "2009-02-28": "", "2008-11-30": "", "2008-08-31": "", "2008-05-31": "", "2008-02-29": "", "2007-11-30": "", "2007-08-31": "", "2007-05-31": "", "2007-02-28": "", "2006-11-30": "", "2006-08-31": "", "2006-05-31": "", "2006-02-28": "", "2005-11-30": "", "2005-08-31": "", "2005-05-31": "", "2005-02-28": ""}, "Total Current Assets": {"2020-11-30": "10563.00000", "2020-08-31": "9268.00000", "2020-05-31": "8222.00000", "2020-02-29": "2885.00000", "2019-11-30": "2059.00000", "2019-08-31": "2712.00000", "2019-05-31": "2835.00000", "2019-02-28": "2101.00000", "2018-11-30": "2225.00000", "2018-08-31": "1755.00000", "2018-05-31": "2278.00000", "2018-02-28": "1667.00000", "2017-11-30": "1596.00000", "2017-08-31": "1661.00000", "2017-05-31": "1774.00000", "2017-02-28": "1597.00000", "2016-11-30": "1689.00000", "2016-08-31": "1554.00000", "2016-05-31": "1600.00000", "2016-02-29": "1860.00000", "2015-11-30": "2451.00000", "2015-08-31": "1617.00000", "2015-05-31": "1479.00000", "2015-02-28": "1426.00000", "2014-11-30": "1488.00000", "2014-08-31": "1602.00000", "2014-05-31": "1625.00000", "2014-02-28": "1645.00000", "2013-11-30": "1937.00000", "2013-08-31": "2634.00000", "2013-05-31": "2324.00000", "2013-02-28": "1792.00000", "2012-11-30": "1821.00000", "2012-08-31": "1941.00000", "2012-05-31": "2169.00000", "2012-02-29": "2173.00000", "2011-11-30": "1312.00000", "2011-08-31": "1397.00000", "2011-05-31": "1499.00000", "2011-02-28": "1365.00000", "2010-11-30": "1244.00000", "2010-08-31": "1445.00000", "2010-05-31": "1586.00000", "2010-02-28": "1745.00000", "2009-11-30": "1518.00000", "2009-08-31": "2098.00000", "2009-05-31": "1534.00000", "2009-02-28": "1559.00000", "2008-11-30": "1650.00000", "2008-08-31": "2053.00000", "2008-05-31": "2179.00000", "2008-02-29": "2023.00000", "2007-11-30": "1976.00000", "2007-08-31": "2722.00000", "2007-05-31": "3019.00000", "2007-02-28": "1509.00000", "2006-11-30": "1995.00000", "2006-08-31": "1551.00000", "2006-05-31": "1506.00000", "2006-02-28": "1307.00000", "2005-11-30": "2121.00000", "2005-08-31": "2412.00000", "2005-05-31": "2099.00000", "2005-02-28": "1356.00000"}, "Property, Plant, And Equipment": {"2020-11-30": "38073.00000", "2020-08-31": "36926.00000", "2020-05-31": "37139.00000", "2020-02-29": "38023.00000", "2019-11-30": "38131.00000", "2019-08-31": "36466.00000", "2019-05-31": "36814.00000", "2019-02-28": "37005.00000", "2018-11-30": "35336.00000", "2018-08-31": "35178.00000", "2018-05-31": "35227.00000", "2018-02-28": "35027.00000", "2017-11-30": "34430.00000", "2017-08-31": "34172.00000", "2017-05-31": "33823.00000", "2017-02-28": "32328.00000", "2016-11-30": "32429.00000", "2016-08-31": "32864.00000", "2016-05-31": "33244.00000", "2016-02-29": "31677.00000", "2015-11-30": "31818.00000", "2015-08-31": "32232.00000", "2015-05-31": "32179.00000", "2015-02-28": "32294.00000", "2014-11-30": "32819.00000", "2014-08-31": "33073.00000", "2014-05-31": "33515.00000", "2014-02-28": "32991.00000", "2013-11-30": "32905.00000", "2013-08-31": "32498.00000", "2013-05-31": "32481.00000", "2013-02-28": "31726.00000", "2012-11-30": "32137.00000", "2012-08-31": "31972.00000", "2012-05-31": "32133.00000", "2012-02-29": "31475.00000", "2011-11-30": "32054.00000", "2011-08-31": "33243.00000", "2011-05-31": "32822.00000", "2011-02-28": "31225.00000", "2010-11-30": "30967.00000", "2010-08-31": "30162.00000", "2010-05-31": "29317.00000", "2010-02-28": "29702.00000", "2009-11-30": "29870.00000", "2009-08-31": "28882.00000", "2009-05-31": "28663.00000", "2009-02-28": "26225.00000", "2008-11-30": "26457.00000", "2008-08-31": "27735.00000", "2008-05-31": "27666.00000", "2008-02-29": "26542.00000", "2007-11-30": "26639.00000", "2007-08-31": "25134.00000", "2007-05-31": "25019.00000", "2007-02-28": "23837.00000", "2006-11-30": "23458.00000", "2006-08-31": "23263.00000", "2006-05-31": "22772.00000", "2006-02-28": "21957.00000", "2005-11-30": "21312.00000", "2005-08-31": "21434.00000", "2005-05-31": "21249.00000", "2005-02-28": "21228.00000"}, "Long-Term Investments": {"2020-11-30": "", "2020-08-31": "", "2020-05-31": "", "2020-02-29": "", "2019-11-30": "", "2019-08-31": "", "2019-05-31": "", "2019-02-28": "", "2018-11-30": "", "2018-08-31": "", "2018-05-31": "", "2018-02-28": "", "2017-11-30": "", "2017-08-31": "", "2017-05-31": "", "2017-02-28": "", "2016-11-30": "", "2016-08-31": "", "2016-05-31": "", "2016-02-29": "", "2015-11-30": "", "2015-08-31": "", "2015-05-31": "", "2015-02-28": "", "2014-11-30": "", "2014-08-31": "", "2014-05-31": "", "2014-02-28": "", "2013-11-30": "", "2013-08-31": "", "2013-05-31": "", "2013-02-28": "", "2012-11-30": "", "2012-08-31": "", "2012-05-31": "", "2012-02-29": "", "2011-11-30": "", "2011-08-31": "", "2011-05-31": "", "2011-02-28": "", "2010-11-30": "", "2010-08-31": "", "2010-05-31": "", "2010-02-28": "", "2009-11-30": "", "2009-08-31": "", "2009-05-31": "", "2009-02-28": "", "2008-11-30": "", "2008-08-31": "", "2008-05-31": "", "2008-02-29": "", "2007-11-30": "", "2007-08-31": "", "2007-05-31": "", "2007-02-28": "", "2006-11-30": "", "2006-08-31": "", "2006-05-31": "", "2006-02-28": "", "2005-11-30": "", "2005-08-31": "", "2005-05-31": "", "2005-02-28": ""}, "Goodwill And Intangible Assets": {"2020-11-30": "1993.00000", "2020-08-31": "1993.00000", "2020-05-31": "1958.00000", "2020-02-29": "3349.00000", "2019-11-30": "4086.00000", "2019-08-31": "4052.00000", "2019-05-31": "4079.00000", "2019-02-28": "4124.00000", "2018-11-30": "4101.00000", "2018-08-31": "4131.00000", "2018-05-31": "4133.00000", "2018-02-28": "4212.00000", "2017-11-30": "4167.00000", "2017-08-31": "4204.00000", "2017-05-31": "4239.00000", "2017-02-28": "4190.00000", "2016-11-30": "4185.00000", "2016-08-31": "4254.00000", "2016-05-31": "4324.00000", "2016-02-29": "4274.00000", "2015-11-30": "4318.00000", "2015-08-31": "4299.00000", "2015-05-31": "4288.00000", "2015-02-28": "4307.00000", "2014-11-30": "4397.00000", "2014-08-31": "4491.00000", "2014-05-31": "4524.00000", "2014-02-28": "4522.00000", "2013-11-30": "4502.00000", "2013-08-31": "4438.00000", "2013-05-31": "4432.00000", "2013-02-28": "4446.00000", "2012-11-30": "4488.00000", "2012-08-31": "4453.00000", "2012-05-31": "4437.00000", "2012-02-29": "4507.00000", "2011-11-30": "4652.00000", "2011-08-31": "4826.00000", "2011-05-31": "4820.00000", "2011-02-28": "4708.00000", "2010-11-30": "4640.00000", "2010-08-31": "4597.00000", "2010-05-31": "4503.00000", "2010-02-28": "4642.00000", "2009-11-30": "4797.00000", "2009-08-31": "4734.00000", "2009-05-31": "4716.00000", "2009-02-28": "4506.00000", "2008-11-30": "4560.00000", "2008-08-31": "4859.00000", "2008-05-31": "5007.00000", "2008-02-29": "4982.00000", "2007-11-30": "5003.00000", "2007-08-31": "4690.00000", "2007-05-31": "4659.00000", "2007-02-28": "4637.00000", "2006-11-30": "4634.00000", "2006-08-31": "4592.00000", "2006-05-31": "4598.00000", "2006-02-28": "4494.00000", "2005-11-30": "4488.00000", "2005-08-31": "4526.00000", "2005-05-31": "4547.00000", "2005-02-28": "4627.00000"}, "Other Long-Term Assets": {"2020-11-30": "1594.00000", "2020-08-31": "1252.00000", "2020-05-31": "1086.00000", "2020-02-29": "1216.00000", "2019-11-30": "783.00000", "2019-08-31": "771.00000", "2019-05-31": "785.00000", "2019-02-28": "700.00000", "2018-11-30": "738.00000", "2018-08-31": "689.00000", "2018-05-31": "546.00000", "2018-02-28": "535.00000", "2017-11-30": "585.00000", "2017-08-31": "606.00000", "2017-05-31": "615.00000", "2017-02-28": "588.00000", "2016-11-30": "578.00000", "2016-08-31": "660.00000", "2016-05-31": "683.00000", "2016-02-29": "635.00000", "2015-11-30": "650.00000", "2015-08-31": "649.00000", "2015-05-31": "665.00000", "2015-02-28": "687.00000", "2014-11-30": "744.00000", "2014-08-31": "831.00000", "2014-05-31": "862.00000", "2014-02-28": "747.00000", "2013-11-30": "760.00000", "2013-08-31": "823.00000", "2013-05-31": "742.00000", "2013-02-28": "711.00000", "2012-11-30": "715.00000", "2012-08-31": "716.00000", "2012-05-31": "723.00000", "2012-02-29": "808.00000", "2011-11-30": "619.00000", "2011-08-31": "560.00000", "2011-05-31": "622.00000", "2011-02-28": "667.00000", "2010-11-30": "639.00000", "2010-08-31": "643.00000", "2010-05-31": "623.00000", "2010-02-28": "643.00000", "2009-11-30": "650.00000", "2009-08-31": "645.00000", "2009-05-31": "632.00000", "2009-02-28": "546.00000", "2008-11-30": "733.00000", "2008-08-31": "631.00000", "2008-05-31": "620.00000", "2008-02-29": "598.00000", "2007-11-30": "563.00000", "2007-08-31": "642.00000", "2007-05-31": "490.00000", "2007-02-28": "478.00000", "2006-11-30": "465.00000", "2006-08-31": "460.00000", "2006-05-31": "428.00000", "2006-02-28": "558.00000", "2005-11-30": "428.00000", "2005-08-31": "394.00000", "2005-05-31": "411.00000", "2005-02-28": "388.00000"}, "Total Long-Term Assets": {"2020-11-30": "43030.00000", "2020-08-31": "41550.00000", "2020-05-31": "41596.00000", "2020-02-29": "44057.00000", "2019-11-30": "43000.00000", "2019-08-31": "41289.00000", "2019-05-31": "41678.00000", "2019-02-28": "41829.00000", "2018-11-30": "40175.00000", "2018-08-31": "39998.00000", "2018-05-31": "39906.00000", "2018-02-28": "39774.00000", "2017-11-30": "39182.00000", "2017-08-31": "38982.00000", "2017-05-31": "38677.00000", "2017-02-28": "37106.00000", "2016-11-30": "37192.00000", "2016-08-31": "37778.00000", "2016-05-31": "38251.00000", "2016-02-29": "36586.00000", "2015-11-30": "36786.00000", "2015-08-31": "37180.00000", "2015-05-31": "37132.00000", "2015-02-28": "37288.00000", "2014-11-30": "37960.00000", "2014-08-31": "38395.00000", "2014-05-31": "38901.00000", "2014-02-28": "38260.00000", "2013-11-30": "38167.00000", "2013-08-31": "37759.00000", "2013-05-31": "37655.00000", "2013-02-28": "36883.00000", "2012-11-30": "37340.00000", "2012-08-31": "37141.00000", "2012-05-31": "37293.00000", "2012-02-29": "36790.00000", "2011-11-30": "37325.00000", "2011-08-31": "38629.00000", "2011-05-31": "38264.00000", "2011-02-28": "36600.00000", "2010-11-30": "36246.00000", "2010-08-31": "35402.00000", "2010-05-31": "34443.00000", "2010-02-28": "34987.00000", "2009-11-30": "35317.00000", "2009-08-31": "34261.00000", "2009-05-31": "34011.00000", "2009-02-28": "31277.00000", "2008-11-30": "31750.00000", "2008-08-31": "33225.00000", "2008-05-31": "33293.00000", "2008-02-29": "32122.00000", "2007-11-30": "32205.00000", "2007-08-31": "30466.00000", "2007-05-31": "30168.00000", "2007-02-28": "28952.00000", "2006-11-30": "28557.00000", "2006-08-31": "28315.00000", "2006-05-31": "27798.00000", "2006-02-28": "27009.00000", "2005-11-30": "26228.00000", "2005-08-31": "26354.00000", "2005-05-31": "26207.00000", "2005-02-28": "26243.00000"}, "Total Assets": {"2020-11-30": "53593.00000", "2020-08-31": "50818.00000", "2020-05-31": "49817.00000", "2020-02-29": "46943.00000", "2019-11-30": "45058.00000", "2019-08-31": "44001.00000", "2019-05-31": "44512.00000", "2019-02-28": "43930.00000", "2018-11-30": "42401.00000", "2018-08-31": "41753.00000", "2018-05-31": "42184.00000", "2018-02-28": "41441.00000", "2017-11-30": "40778.00000", "2017-08-31": "40643.00000", "2017-05-31": "40451.00000", "2017-02-28": "38703.00000", "2016-11-30": "38881.00000", "2016-08-31": "39332.00000", "2016-05-31": "39851.00000", "2016-02-29": "38446.00000", "2015-11-30": "39237.00000", "2015-08-31": "38797.00000", "2015-05-31": "38611.00000", "2015-02-28": "38714.00000", "2014-11-30": "39448.00000", "2014-08-31": "39997.00000", "2014-05-31": "40526.00000", "2014-02-28": "39905.00000", "2013-11-30": "40104.00000", "2013-08-31": "40393.00000", "2013-05-31": "39979.00000", "2013-02-28": "38675.00000", "2012-11-30": "39161.00000", "2012-08-31": "39082.00000", "2012-05-31": "39462.00000", "2012-02-29": "38963.00000", "2011-11-30": "38637.00000", "2011-08-31": "40026.00000", "2011-05-31": "39763.00000", "2011-02-28": "37965.00000", "2010-11-30": "37490.00000", "2010-08-31": "36847.00000", "2010-05-31": "36029.00000", "2010-02-28": "36732.00000", "2009-11-30": "36835.00000", "2009-08-31": "36359.00000", "2009-05-31": "35545.00000", "2009-02-28": "32836.00000", "2008-11-30": "33400.00000", "2008-08-31": "35278.00000", "2008-05-31": "35472.00000", "2008-02-29": "34145.00000", "2007-11-30": "34181.00000", "2007-08-31": "33188.00000", "2007-05-31": "33187.00000", "2007-02-28": "30461.00000", "2006-11-30": "30552.00000", "2006-08-31": "29866.00000", "2006-05-31": "29304.00000", "2006-02-28": "28316.00000", "2005-11-30": "28349.00000", "2005-08-31": "28766.00000", "2005-05-31": "28306.00000", "2005-02-28": "27599.00000"}, "Total Current Liabilities": {"2020-11-30": "8686.00000", "2020-08-31": "10184.00000", "2020-05-31": "11858.00000", "2020-02-29": "10716.00000", "2019-11-30": "9127.00000", "2019-08-31": "8932.00000", "2019-05-31": "10377.00000", "2019-02-28": "9642.00000", "2018-11-30": "9204.00000", "2018-08-31": "8020.00000", "2018-05-31": "9308.00000", "2018-02-28": "8851.00000", "2017-11-30": "8800.00000", "2017-08-31": "7969.00000", "2017-05-31": "9058.00000", "2017-02-28": "7465.00000", "2016-11-30": "7072.00000", "2016-08-31": "7100.00000", "2016-05-31": "7841.00000", "2016-02-29": "6664.00000", "2015-11-30": "6956.00000", "2015-08-31": "6749.00000", "2015-05-31": "7683.00000", "2015-02-28": "7412.00000", "2014-11-30": "6921.00000", "2014-08-31": "7056.00000", "2014-05-31": "7401.00000", "2014-02-28": "6688.00000", "2013-11-30": "6720.00000", "2013-08-31": "7488.00000", "2013-05-31": "8055.00000", "2013-02-28": "6782.00000", "2012-11-30": "7340.00000", "2012-08-31": "5936.00000", "2012-05-31": "7262.00000", "2012-02-29": "6544.00000", "2011-11-30": "6105.00000", "2011-08-31": "6881.00000", "2011-05-31": "6521.00000", "2011-02-28": "6009.00000", "2010-11-30": "5755.00000", "2010-08-31": "5876.00000", "2010-05-31": "6763.00000", "2010-02-28": "5667.00000", "2009-11-30": "4967.00000", "2009-08-31": "5775.00000", "2009-05-31": "6167.00000", "2009-02-28": "5340.00000", "2008-11-30": "5781.00000", "2008-08-31": "5829.00000", "2008-05-31": "7089.00000", "2008-02-29": "7393.00000", "2007-11-30": "7260.00000", "2007-08-31": "7147.00000", "2007-05-31": "8609.00000", "2007-02-28": "5356.00000", "2006-11-30": "5415.00000", "2006-08-31": "4810.00000", "2006-05-31": "5512.00000", "2006-02-28": "4895.00000", "2005-11-30": "5185.00000", "2005-08-31": "4831.00000", "2005-05-31": "5398.00000", "2005-02-28": "5243.00000"}, "Long Term Debt": {"2020-11-30": "22130.00000", "2020-08-31": "18916.00000", "2020-05-31": "14870.00000", "2020-02-29": "9738.00000", "2019-11-30": "9675.00000", "2019-08-31": "8893.00000", "2019-05-31": "9080.00000", "2019-02-28": "9134.00000", "2018-11-30": "7897.00000", "2018-08-31": "8297.00000", "2018-05-31": "8172.00000", "2018-02-28": "7445.00000", "2017-11-30": "6993.00000", "2017-08-31": "7723.00000", "2017-05-31": "7635.00000", "2017-02-28": "7796.00000", "2016-11-30": "8302.00000", "2016-08-31": "8320.00000", "2016-05-31": "8183.00000", "2016-02-29": "7990.00000", "2015-11-30": "7413.00000", "2015-08-31": "6604.00000", "2015-05-31": "6648.00000", "2015-02-28": "6944.00000", "2014-11-30": "7363.00000", "2014-08-31": "6967.00000", "2014-05-31": "7880.00000", "2014-02-28": "7992.00000", "2013-11-30": "8092.00000", "2013-08-31": "7792.00000", "2013-05-31": "7848.00000", "2013-02-28": "7622.00000", "2012-11-30": "7168.00000", "2012-08-31": "8289.00000", "2012-05-31": "8392.00000", "2012-02-29": "7964.00000", "2011-11-30": "8053.00000", "2011-08-31": "7714.00000", "2011-05-31": "8678.00000", "2011-02-28": "7815.00000", "2010-11-30": "8011.00000", "2010-08-31": "7644.00000", "2010-05-31": "7681.00000", "2010-02-28": "8933.00000", "2009-11-30": "9097.00000", "2009-08-31": "8373.00000", "2009-05-31": "8317.00000", "2009-02-28": "7690.00000", "2008-11-30": "7735.00000", "2008-08-31": "8345.00000", "2008-05-31": "7689.00000", "2008-02-29": "6271.00000", "2007-11-30": "6313.00000", "2007-08-31": "5735.00000", "2007-05-31": "5425.00000", "2007-02-28": "6172.00000", "2006-11-30": "6355.00000", "2006-08-31": "6556.00000", "2006-05-31": "6045.00000", "2006-02-28": "5661.00000", "2005-11-30": "5727.00000", "2005-08-31": "6274.00000", "2005-05-31": "6305.00000", "2005-02-28": "5879.00000"}, "Other Non-Current Liabilities": {"2020-11-30": "949.00000", "2020-08-31": "934.00000", "2020-05-31": "956.00000", "2020-02-29": "887.00000", "2019-11-30": "890.00000", "2019-08-31": "882.00000", "2019-05-31": "948.00000", "2019-02-28": "912.00000", "2018-11-30": "856.00000", "2018-08-31": "783.00000", "2018-05-31": "771.00000", "2018-02-28": "764.00000", "2017-11-30": "769.00000", "2017-08-31": "779.00000", "2017-05-31": "794.00000", "2017-02-28": "782.00000", "2016-11-30": "910.00000", "2016-08-31": "1012.00000", "2016-05-31": "1036.00000", "2016-02-29": "1167.00000", "2015-11-30": "1097.00000", "2015-08-31": "1091.00000", "2015-05-31": "1028.00000", "2015-02-28": "1008.00000", "2014-11-30": "960.00000", "2014-08-31": "817.00000", "2014-05-31": "880.00000", "2014-02-28": "755.00000", "2013-11-30": "736.00000", "2013-08-31": "853.00000", "2013-05-31": "796.00000", "2013-02-28": "748.00000", "2012-11-30": "724.00000", "2012-08-31": "664.00000", "2012-05-31": "782.00000", "2012-02-29": "802.00000", "2011-11-30": "647.00000", "2011-08-31": "679.00000", "2011-05-31": "712.00000", "2011-02-28": "706.00000", "2010-11-30": "693.00000", "2010-08-31": "732.00000", "2010-05-31": "721.00000", "2010-02-28": "713.00000", "2009-11-30": "732.00000", "2009-08-31": "651.00000", "2009-05-31": "676.00000", "2009-02-28": "652.00000", "2008-11-30": "786.00000", "2008-08-31": "783.00000", "2008-05-31": "764.00000", "2008-02-29": "741.00000", "2007-11-30": "645.00000", "2007-08-31": "598.00000", "2007-05-31": "574.00000", "2007-02-28": "595.00000", "2006-11-30": "572.00000", "2006-08-31": "621.00000", "2006-05-31": "652.00000", "2006-02-28": "581.00000", "2005-11-30": "554.00000", "2005-08-31": "571.00000", "2005-05-31": "543.00000", "2005-02-28": "460.00000"}, "Total Long Term Liabilities": {"2020-11-30": "24352.00000", "2020-08-31": "21131.00000", "2020-05-31": "17118.00000", "2020-02-29": "11937.00000", "2019-11-30": "10565.00000", "2019-08-31": "9775.00000", "2019-05-31": "10028.00000", "2019-02-28": "10046.00000", "2018-11-30": "8753.00000", "2018-08-31": "9080.00000", "2018-05-31": "8943.00000", "2018-02-28": "8209.00000", "2017-11-30": "7762.00000", "2017-08-31": "8502.00000", "2017-05-31": "8429.00000", "2017-02-28": "8578.00000", "2016-11-30": "9212.00000", "2016-08-31": "9332.00000", "2016-05-31": "9219.00000", "2016-02-29": "9157.00000", "2015-11-30": "8510.00000", "2015-08-31": "7695.00000", "2015-05-31": "7676.00000", "2015-02-28": "7952.00000", "2014-11-30": "8323.00000", "2014-08-31": "7784.00000", "2014-05-31": "8760.00000", "2014-02-28": "8747.00000", "2013-11-30": "8828.00000", "2013-08-31": "8645.00000", "2013-05-31": "8644.00000", "2013-02-28": "8370.00000", "2012-11-30": "7892.00000", "2012-08-31": "8953.00000", "2012-05-31": "9174.00000", "2012-02-29": "8766.00000", "2011-11-30": "8700.00000", "2011-08-31": "8393.00000", "2011-05-31": "9390.00000", "2011-02-28": "8521.00000", "2010-11-30": "8704.00000", "2010-08-31": "8376.00000", "2010-05-31": "8402.00000", "2010-02-28": "9646.00000", "2009-11-30": "9829.00000", "2009-08-31": "9024.00000", "2009-05-31": "8993.00000", "2009-02-28": "8342.00000", "2008-11-30": "8521.00000", "2008-08-31": "9128.00000", "2008-05-31": "8453.00000", "2008-02-29": "7012.00000", "2007-11-30": "6958.00000", "2007-08-31": "6333.00000", "2007-05-31": "5999.00000", "2007-02-28": "6767.00000", "2006-11-30": "6927.00000", "2006-08-31": "7177.00000", "2006-05-31": "6697.00000", "2006-02-28": "6242.00000", "2005-11-30": "6281.00000", "2005-08-31": "6845.00000", "2005-05-31": "6848.00000", "2005-02-28": "6339.00000"}, "Total Liabilities": {"2020-11-30": "33038.00000", "2020-08-31": "31315.00000", "2020-05-31": "28977.00000", "2020-02-29": "22653.00000", "2019-11-30": "19693.00000", "2019-08-31": "18706.00000", "2019-05-31": "20404.00000", "2019-02-28": "19689.00000", "2018-11-30": "17958.00000", "2018-08-31": "17099.00000", "2018-05-31": "18251.00000", "2018-02-28": "17059.00000", "2017-11-30": "16562.00000", "2017-08-31": "16471.00000", "2017-05-31": "17487.00000", "2017-02-28": "16043.00000", "2016-11-30": "16284.00000", "2016-08-31": "16432.00000", "2016-05-31": "17060.00000", "2016-02-29": "15821.00000", "2015-11-30": "15466.00000", "2015-08-31": "14444.00000", "2015-05-31": "15359.00000", "2015-02-28": "15364.00000", "2014-11-30": "15244.00000", "2014-08-31": "14840.00000", "2014-05-31": "16161.00000", "2014-02-28": "15435.00000", "2013-11-30": "15548.00000", "2013-08-31": "16133.00000", "2013-05-31": "16699.00000", "2013-02-28": "15152.00000", "2012-11-30": "15232.00000", "2012-08-31": "14889.00000", "2012-05-31": "16436.00000", "2012-02-29": "15310.00000", "2011-11-30": "14805.00000", "2011-08-31": "15274.00000", "2011-05-31": "15911.00000", "2011-02-28": "14530.00000", "2010-11-30": "14459.00000", "2010-08-31": "14252.00000", "2010-05-31": "15165.00000", "2010-02-28": "15313.00000", "2009-11-30": "14796.00000", "2009-08-31": "14799.00000", "2009-05-31": "15160.00000", "2009-02-28": "13682.00000", "2008-11-30": "14302.00000", "2008-08-31": "14957.00000", "2008-05-31": "15542.00000", "2008-02-29": "14405.00000", "2007-11-30": "14218.00000", "2007-08-31": "13480.00000", "2007-05-31": "14608.00000", "2007-02-28": "12123.00000", "2006-11-30": "12342.00000", "2006-08-31": "11987.00000", "2006-05-31": "12209.00000", "2006-02-28": "11137.00000", "2005-11-30": "11466.00000", "2005-08-31": "11676.00000", "2005-05-31": "12246.00000", "2005-02-28": "11582.00000"}, "Common Stock Net": {"2020-11-30": "372.00000", "2020-08-31": "369.00000", "2020-05-31": "367.00000", "2020-02-29": "366.00000", "2019-11-30": "365.00000", "2019-08-31": "365.00000", "2019-05-31": "365.00000", "2019-02-28": "365.00000", "2018-11-30": "365.00000", "2018-08-31": "365.00000", "2018-05-31": "365.00000", "2018-02-28": "365.00000", "2017-11-30": "365.00000", "2017-08-31": "365.00000", "2017-05-31": "365.00000", "2017-02-28": "365.00000", "2016-11-30": "365.00000", "2016-08-31": "365.00000", "2016-05-31": "365.00000", "2016-02-29": "365.00000", "2015-11-30": "365.00000", "2015-08-31": "365.00000", "2015-05-31": "365.00000", "2015-02-28": "365.00000", "2014-11-30": "365.00000", "2014-08-31": "365.00000", "2014-05-31": "365.00000", "2014-02-28": "365.00000", "2013-11-30": "365.00000", "2013-08-31": "365.00000", "2013-05-31": "365.00000", "2013-02-28": "364.00000", "2012-11-30": "363.00000", "2012-08-31": "363.00000", "2012-05-31": "363.00000", "2012-02-29": "363.00000", "2011-11-30": "363.00000", "2011-08-31": "363.00000", "2011-05-31": "363.00000", "2011-02-28": "363.00000", "2010-11-30": "361.00000", "2010-08-31": "361.00000", "2010-05-31": "361.00000", "2010-02-28": "361.00000", "2009-11-30": "360.00000", "2009-08-31": "360.00000", "2009-05-31": "360.00000", "2009-02-28": "360.00000", "2008-11-30": "360.00000", "2008-08-31": "360.00000", "2008-05-31": "360.00000", "2008-02-29": "360.00000", "2007-11-30": "360.00000", "2007-08-31": "360.00000", "2007-05-31": "360.00000", "2007-02-28": "360.00000", "2006-11-30": "360.00000", "2006-08-31": "360.00000", "2006-05-31": "359.00000", "2006-02-28": "359.00000", "2005-11-30": "359.00000", "2005-08-31": "359.00000", "2005-05-31": "359.00000", "2005-02-28": "359.00000"}, "Retained Earnings (Accumulated Deficit)": {"2020-11-30": "16075.00000", "2020-08-31": "18297.00000", "2020-05-31": "21155.00000", "2020-02-29": "25527.00000", "2019-11-30": "26653.00000", "2019-08-31": "26576.00000", "2019-05-31": "25138.00000", "2019-02-28": "25033.00000", "2018-11-30": "25066.00000", "2018-08-31": "24921.00000", "2018-05-31": "23564.00000", "2018-02-28": "23360.00000", "2017-11-30": "23292.00000", "2017-08-31": "23066.00000", "2017-05-31": "22026.00000", "2017-02-28": "21939.00000", "2016-11-30": "21843.00000", "2016-08-31": "21488.00000", "2016-05-31": "20320.00000", "2016-02-29": "19976.00000", "2015-11-30": "20060.00000", "2015-08-31": "20023.00000", "2015-05-31": "19041.00000", "2015-02-28": "19013.00000", "2014-11-30": "19158.00000", "2014-08-31": "19538.00000", "2014-05-31": "18485.00000", "2014-02-28": "18573.00000", "2013-11-30": "18782.00000", "2013-08-31": "18911.00000", "2013-05-31": "18170.00000", "2013-02-28": "18322.00000", "2012-11-30": "18479.00000", "2012-08-31": "18969.00000", "2012-05-31": "17835.00000", "2012-02-29": "18015.00000", "2011-11-30": "18349.00000", "2011-08-31": "18319.00000", "2011-05-31": "17186.00000", "2011-02-28": "17178.00000", "2010-11-30": "17224.00000", "2010-08-31": "17055.00000", "2010-05-31": "15830.00000", "2010-02-28": "15657.00000", "2009-11-30": "15561.00000", "2009-08-31": "15577.00000", "2009-05-31": "14504.00000", "2009-02-28": "14240.00000", "2008-11-30": "13980.00000", "2008-08-31": "13925.00000", "2008-05-31": "12907.00000", "2008-02-29": "12832.00000", "2007-11-30": "12921.00000", "2007-08-31": "12878.00000", "2007-05-31": "11778.00000", "2007-02-28": "11665.00000", "2006-11-30": "11600.00000", "2006-08-31": "11402.00000", "2006-05-31": "10369.00000", "2006-02-28": "10310.00000", "2005-11-30": "10141.00000", "2005-08-31": "10081.00000", "2005-05-31": "9092.00000", "2005-02-28": "8847.00000"}, "Comprehensive Income": {"2020-11-30": "-1436.00000", "2020-08-31": "-1439.00000", "2020-05-31": "-1962.00000", "2020-02-29": "-2028.00000", "2019-11-30": "-2066.00000", "2019-08-31": "-2183.00000", "2019-05-31": "-2076.00000", "2019-02-28": "-1869.00000", "2018-11-30": "-1949.00000", "2018-08-31": "-1840.00000", "2018-05-31": "-1855.00000", "2018-02-28": "-1486.00000", "2017-11-30": "-1782.00000", "2017-08-31": "-1845.00000", "2017-05-31": "-2154.00000", "2017-02-28": "-2440.00000", "2016-11-30": "-2454.00000", "2016-08-31": "-2012.00000", "2016-05-31": "-1648.00000", "2016-02-29": "-1943.00000", "2015-11-30": "-1741.00000", "2015-08-31": "-1378.00000", "2015-05-31": "-1479.00000", "2015-02-28": "-1339.00000", "2014-11-30": "-616.00000", "2014-08-31": "-28.00000", "2014-05-31": "243.00000", "2014-02-28": "273.00000", "2013-11-30": "161.00000", "2013-08-31": "-251.00000", "2013-05-31": "-473.00000", "2013-02-28": "-399.00000", "2012-11-30": "-207.00000", "2012-08-31": "-434.00000", "2012-05-31": "-521.00000", "2012-02-29": "-67.00000", "2011-11-30": "-209.00000", "2011-08-31": "585.00000", "2011-05-31": "542.00000", "2011-02-28": "141.00000", "2010-11-30": "-254.00000", "2010-08-31": "-545.00000", "2010-05-31": "-1029.00000", "2010-02-28": "-273.00000", "2009-11-30": "462.00000", "2009-08-31": "199.00000", "2009-05-31": "107.00000", "2009-02-28": "-847.00000", "2008-11-30": "-623.00000", "2008-08-31": "666.00000", "2008-05-31": "1306.00000", "2008-02-29": "1219.00000", "2007-11-30": "1296.00000", "2007-08-31": "885.00000", "2007-05-31": "772.00000", "2007-02-28": "673.00000", "2006-11-30": "661.00000", "2006-08-31": "522.00000", "2006-05-31": "473.00000", "2006-02-28": "170.00000", "2005-11-30": "159.00000", "2005-08-31": "270.00000", "2005-05-31": "358.00000", "2005-02-28": "549.00000"}, "Other Share Holders Equity": {"2020-11-30": "", "2020-08-31": "", "2020-05-31": "", "2020-02-29": "", "2019-11-30": "", "2019-08-31": "", "2019-05-31": "", "2019-02-28": "", "2018-11-30": "", "2018-08-31": "", "2018-05-31": "", "2018-02-28": "", "2017-11-30": "", "2017-08-31": "", "2017-05-31": "", "2017-02-28": "", "2016-11-30": "", "2016-08-31": "", "2016-05-31": "", "2016-02-29": "", "2015-11-30": "", "2015-08-31": "", "2015-05-31": "", "2015-02-28": "", "2014-11-30": "", "2014-08-31": "", "2014-05-31": "", "2014-02-28": "", "2013-11-30": "", "2013-08-31": "", "2013-05-31": "", "2013-02-28": "", "2012-11-30": "", "2012-08-31": "", "2012-05-31": "", "2012-02-29": "", "2011-11-30": "", "2011-08-31": "", "2011-05-31": "", "2011-02-28": "", "2010-11-30": "", "2010-08-31": "", "2010-05-31": "", "2010-02-28": "", "2009-11-30": "", "2009-08-31": "", "2009-05-31": "", "2009-02-28": "", "2008-11-30": "", "2008-08-31": "", "2008-05-31": "", "2008-02-29": "", "2007-11-30": "", "2007-08-31": "", "2007-05-31": "", "2007-02-28": "", "2006-11-30": "", "2006-08-31": "", "2006-05-31": "", "2006-02-28": "", "2005-11-30": "", "2005-08-31": "", "2005-05-31": "", "2005-02-28": ""}, "Share Holder Equity": {"2020-11-30": "20555.00000", "2020-08-31": "19503.00000", "2020-05-31": "20840.00000", "2020-02-29": "24290.00000", "2019-11-30": "25365.00000", "2019-08-31": "25295.00000", "2019-05-31": "24108.00000", "2019-02-28": "24241.00000", "2018-11-30": "24443.00000", "2018-08-31": "24654.00000", "2018-05-31": "23933.00000", "2018-02-28": "24382.00000", "2017-11-30": "24216.00000", "2017-08-31": "24172.00000", "2017-05-31": "22964.00000", "2017-02-28": "22660.00000", "2016-11-30": "22597.00000", "2016-08-31": "22900.00000", "2016-05-31": "22791.00000", "2016-02-29": "22625.00000", "2015-11-30": "23771.00000", "2015-08-31": "24353.00000", "2015-05-31": "23252.00000", "2015-02-28": "23350.00000", "2014-11-30": "24204.00000", "2014-08-31": "25157.00000", "2014-05-31": "24365.00000", "2014-02-28": "24470.00000", "2013-11-30": "24556.00000", "2013-08-31": "24260.00000", "2013-05-31": "23280.00000", "2013-02-28": "23523.00000", "2012-11-30": "23929.00000", "2012-08-31": "24193.00000", "2012-05-31": "23026.00000", "2012-02-29": "23653.00000", "2011-11-30": "23832.00000", "2011-08-31": "24752.00000", "2011-05-31": "23852.00000", "2011-02-28": "23435.00000", "2010-11-30": "23031.00000", "2010-08-31": "22595.00000", "2010-05-31": "20864.00000", "2010-02-28": "21419.00000", "2009-11-30": "22039.00000", "2009-08-31": "21560.00000", "2009-05-31": "20385.00000", "2009-02-28": "19154.00000", "2008-11-30": "19098.00000", "2008-08-31": "20321.00000", "2008-05-31": "19930.00000", "2008-02-29": "19740.00000", "2007-11-30": "19963.00000", "2007-08-31": "19708.00000", "2007-05-31": "18579.00000", "2007-02-28": "18338.00000", "2006-11-30": "18210.00000", "2006-08-31": "17879.00000", "2006-05-31": "17095.00000", "2006-02-28": "17179.00000", "2005-11-30": "16883.00000", "2005-08-31": "17090.00000", "2005-05-31": "16060.00000", "2005-02-28": "16017.00000"}, "Total Liabilities And Share Holders Equity": {"2020-11-30": "53593.00000", "2020-08-31": "50818.00000", "2020-05-31": "49817.00000", "2020-02-29": "46943.00000", "2019-11-30": "45058.00000", "2019-08-31": "44001.00000", "2019-05-31": "44512.00000", "2019-02-28": "43930.00000", "2018-11-30": "42401.00000", "2018-08-31": "41753.00000", "2018-05-31": "42184.00000", "2018-02-28": "41441.00000", "2017-11-30": "40778.00000", "2017-08-31": "40643.00000", "2017-05-31": "40451.00000", "2017-02-28": "38703.00000", "2016-11-30": "38881.00000", "2016-08-31": "39332.00000", "2016-05-31": "39851.00000", "2016-02-29": "38446.00000", "2015-11-30": "39237.00000", "2015-08-31": "38797.00000", "2015-05-31": "38611.00000", "2015-02-28": "38714.00000", "2014-11-30": "39448.00000", "2014-08-31": "39997.00000", "2014-05-31": "40526.00000", "2014-02-28": "39905.00000", "2013-11-30": "40104.00000", "2013-08-31": "40393.00000", "2013-05-31": "39979.00000", "2013-02-28": "38675.00000", "2012-11-30": "39161.00000", "2012-08-31": "39082.00000", "2012-05-31": "39462.00000", "2012-02-29": "38963.00000", "2011-11-30": "38637.00000", "2011-08-31": "40026.00000", "2011-05-31": "39763.00000", "2011-02-28": "37965.00000", "2010-11-30": "37490.00000", "2010-08-31": "36847.00000", "2010-05-31": "36029.00000", "2010-02-28": "36732.00000", "2009-11-30": "36835.00000", "2009-08-31": "36359.00000", "2009-05-31": "35545.00000", "2009-02-28": "32836.00000", "2008-11-30": "33400.00000", "2008-08-31": "35278.00000", "2008-05-31": "35472.00000", "2008-02-29": "34145.00000", "2007-11-30": "34181.00000", "2007-08-31": "33188.00000", "2007-05-31": "33187.00000", "2007-02-28": "30461.00000", "2006-11-30": "30552.00000", "2006-08-31": "29866.00000", "2006-05-31": "29304.00000", "2006-02-28": "28316.00000", "2005-11-30": "28349.00000", "2005-08-31": "28766.00000", "2005-05-31": "28306.00000", "2005-02-28": "27599.00000"}}, "cash flow statement": {"Net Income/Loss": {"2020-11-30": "-10236.00000", "2019-11-30": "2990.00000", "2018-11-30": "3152.00000", "2017-11-30": "2606.00000", "2016-11-30": "2779.00000", "2015-11-30": "1757.00000", "2014-11-30": "1216.00000", "2013-11-30": "1055.00000", "2012-11-30": "1298.00000", "2011-11-30": "1912.00000", "2010-11-30": "1978.00000", "2009-11-30": "1790.00000", "2008-11-30": "2324.00000", "2007-11-30": "2408.00000", "2006-11-30": "2279.00000", "2005-11-30": "2253.00000"}, "Total Depreciation And Amortization - Cash Flow": {"2020-11-30": "2241.00000", "2019-11-30": "2160.00000", "2018-11-30": "2017.00000", "2017-11-30": "1846.00000", "2016-11-30": "1738.00000", "2015-11-30": "1626.00000", "2014-11-30": "1637.00000", "2013-11-30": "1590.00000", "2012-11-30": "1527.00000", "2011-11-30": "1522.00000", "2010-11-30": "1416.00000", "2009-11-30": "1309.00000", "2008-11-30": "1249.00000", "2007-11-30": "1101.00000", "2006-11-30": "988.00000", "2005-11-30": "922.00000"}, "Other Non-Cash Items": {"2020-11-30": "4882.00000", "2019-11-30": "115.00000", "2018-11-30": "16.00000", "2017-11-30": "471.00000", "2016-11-30": "173.00000", "2015-11-30": "663.00000", "2014-11-30": "360.00000", "2013-11-30": "231.00000", "2012-11-30": "280.00000", "2011-11-30": "94.00000", "2010-11-30": "28.00000", "2009-11-30": "87.00000", "2008-11-30": "19.00000", "2007-11-30": "90.00000", "2006-11-30": "87.00000", "2005-11-30": "37.00000"}, "Total Non-Cash Items": {"2020-11-30": "7123.00000", "2019-11-30": "2275.00000", "2018-11-30": "2033.00000", "2017-11-30": "2317.00000", "2016-11-30": "1911.00000", "2015-11-30": "2289.00000", "2014-11-30": "1997.00000", "2013-11-30": "1821.00000", "2012-11-30": "1807.00000", "2011-11-30": "1616.00000", "2010-11-30": "1444.00000", "2009-11-30": "1396.00000", "2008-11-30": "1268.00000", "2007-11-30": "1191.00000", "2006-11-30": "1075.00000", "2005-11-30": "959.00000"}, "Change In Accounts Receivable": {"2020-11-30": "125.00000", "2019-11-30": "-114.00000", "2018-11-30": "-58.00000", "2017-11-30": "6.00000", "2016-11-30": "-22.00000", "2015-11-30": "4.00000", "2014-11-30": "75.00000", "2013-11-30": "-128.00000", "2012-11-30": "-15.00000", "2011-11-30": "-43.00000", "2010-11-30": "106.00000", "2009-11-30": "81.00000", "2008-11-30": "-70.00000", "2007-11-30": "-119.00000", "2006-11-30": "118.00000", "2005-11-30": "-71.00000"}, "Change In Inventories": {"2020-11-30": "77.00000", "2019-11-30": "79.00000", "2018-11-30": "-67.00000", "2017-11-30": "-49.00000", "2016-11-30": "1.00000", "2015-11-30": "5.00000", "2014-11-30": "1.00000", "2013-11-30": "21.00000", "2012-11-30": "-16.00000", "2011-11-30": "-54.00000", "2010-11-30": "-12.00000", "2009-11-30": "10.00000", "2008-11-30": "-8.00000", "2007-11-30": "-57.00000", "2006-11-30": "-5.00000", "2005-11-30": "-15.00000"}, "Change In Accounts Payable": {"2020-11-30": "-165.00000", "2019-11-30": "34.00000", "2018-11-30": "-24.00000", "2017-11-30": "21.00000", "2016-11-30": "109.00000", "2015-11-30": "36.00000", "2014-11-30": "9.00000", "2013-11-30": "79.00000", "2012-11-30": "-24.00000", "2011-11-30": "67.00000", "2010-11-30": "-36.00000", "2009-11-30": "74.00000", "2008-11-30": "-66.00000", "2007-11-30": "109.00000", "2006-11-30": "-53.00000", "2005-11-30": "53.00000"}, "Change In Assets/Liabilities": {"2020-11-30": "-2912.00000", "2019-11-30": "133.00000", "2018-11-30": "613.00000", "2017-11-30": "348.00000", "2016-11-30": "377.00000", "2015-11-30": "485.00000", "2014-11-30": "514.00000", "2013-11-30": "319.00000", "2012-11-30": "141.00000", "2011-11-30": "309.00000", "2010-11-30": "257.00000", "2009-11-30": "-38.00000", "2008-11-30": "-94.00000", "2007-11-30": "374.00000", "2006-11-30": "230.00000", "2005-11-30": "76.00000"}, "Total Change In Assets/Liabilities": {"2020-11-30": "-3186.00000", "2019-11-30": "212.00000", "2018-11-30": "364.00000", "2017-11-30": "399.00000", "2016-11-30": "444.00000", "2015-11-30": "499.00000", "2014-11-30": "217.00000", "2013-11-30": "-42.00000", "2012-11-30": "-106.00000", "2011-11-30": "238.00000", "2010-11-30": "396.00000", "2009-11-30": "156.00000", "2008-11-30": "-201.00000", "2007-11-30": "470.00000", "2006-11-30": "279.00000", "2005-11-30": "198.00000"}, "Cash Flow From Operating Activities": {"2020-11-30": "-6301.00000", "2019-11-30": "5475.00000", "2018-11-30": "5549.00000", "2017-11-30": "5322.00000", "2016-11-30": "5134.00000", "2015-11-30": "4545.00000", "2014-11-30": "3430.00000", "2013-11-30": "2834.00000", "2012-11-30": "2999.00000", "2011-11-30": "3766.00000", "2010-11-30": "3818.00000", "2009-11-30": "3342.00000", "2008-11-30": "3391.00000", "2007-11-30": "4069.00000", "2006-11-30": "3633.00000", "2005-11-30": "3410.00000"}, "Net Change In Property, Plant, And Equipment": {"2020-11-30": "-3286.00000", "2019-11-30": "-5403.00000", "2018-11-30": "-3360.00000", "2017-11-30": "-2944.00000", "2016-11-30": "-3036.00000", "2015-11-30": "-2294.00000", "2014-11-30": "-2541.00000", "2013-11-30": "-2079.00000", "2012-11-30": "-2286.00000", "2011-11-30": "-2696.00000", "2010-11-30": "-3579.00000", "2009-11-30": "-3380.00000", "2008-11-30": "-3353.00000", "2007-11-30": "-3312.00000", "2006-11-30": "-2480.00000", "2005-11-30": "-1977.00000"}, "Net Change In Intangible Assets": {"2020-11-30": "", "2019-11-30": "", "2018-11-30": "", "2017-11-30": "", "2016-11-30": "", "2015-11-30": "", "2014-11-30": "", "2013-11-30": "", "2012-11-30": "", "2011-11-30": "", "2010-11-30": "", "2009-11-30": "", "2008-11-30": "", "2007-11-30": "", "2006-11-30": "", "2005-11-30": ""}, "Net Acquisitions/Divestitures": {"2020-11-30": "", "2019-11-30": "", "2018-11-30": "", "2017-11-30": "", "2016-11-30": "", "2015-11-30": "", "2014-11-30": "", "2013-11-30": "", "2012-11-30": "", "2011-11-30": "", "2010-11-30": "", "2009-11-30": "", "2008-11-30": "", "2007-11-30": "-339.00000", "2006-11-30": "", "2005-11-30": ""}, "Net Change In Short-term Investments": {"2020-11-30": "", "2019-11-30": "", "2018-11-30": "", "2017-11-30": "", "2016-11-30": "", "2015-11-30": "", "2014-11-30": "", "2013-11-30": "", "2012-11-30": "", "2011-11-30": "", "2010-11-30": "", "2009-11-30": "", "2008-11-30": "", "2007-11-30": "-20.00000", "2006-11-30": "-12.00000", "2005-11-30": "8.00000"}, "Net Change In Long-Term Investments": {"2020-11-30": "", "2019-11-30": "", "2018-11-30": "", "2017-11-30": "", "2016-11-30": "", "2015-11-30": "", "2014-11-30": "", "2013-11-30": "", "2012-11-30": "", "2011-11-30": "", "2010-11-30": "", "2009-11-30": "", "2008-11-30": "", "2007-11-30": "", "2006-11-30": "", "2005-11-30": ""}, "Net Change In Investments - Total": {"2020-11-30": "", "2019-11-30": "", "2018-11-30": "", "2017-11-30": "", "2016-11-30": "", "2015-11-30": "", "2014-11-30": "", "2013-11-30": "", "2012-11-30": "", "2011-11-30": "", "2010-11-30": "", "2009-11-30": "", "2008-11-30": "", "2007-11-30": "-20.00000", "2006-11-30": "-12.00000", "2005-11-30": "8.00000"}, "Investing Activities - Other": {"2020-11-30": "46.00000", "2019-11-30": "126.00000", "2018-11-30": "-154.00000", "2017-11-30": "-178.00000", "2016-11-30": "-287.00000", "2015-11-30": "-184.00000", "2014-11-30": "34.00000", "2013-11-30": "23.00000", "2012-11-30": "514.00000", "2011-11-30": "50.00000", "2010-11-30": "78.00000", "2009-11-30": "-4.00000", "2008-11-30": "98.00000", "2007-11-30": "-75.00000", "2006-11-30": "49.00000", "2005-11-30": "-1.00000"}, "Cash Flow From Investing Activities": {"2020-11-30": "-3240.00000", "2019-11-30": "-5277.00000", "2018-11-30": "-3514.00000", "2017-11-30": "-3122.00000", "2016-11-30": "-3323.00000", "2015-11-30": "-2478.00000", "2014-11-30": "-2507.00000", "2013-11-30": "-2056.00000", "2012-11-30": "-1772.00000", "2011-11-30": "-2646.00000", "2010-11-30": "-3501.00000", "2009-11-30": "-3384.00000", "2008-11-30": "-3255.00000", "2007-11-30": "-3746.00000", "2006-11-30": "-2443.00000", "2005-11-30": "-1970.00000"}, "Net Long-Term Debt": {"2020-11-30": "13399.00000", "2019-11-30": "2023.00000", "2018-11-30": "986.00000", "2017-11-30": "-760.00000", "2016-11-30": "264.00000", "2015-11-30": "803.00000", "2014-11-30": "-840.00000", "2013-11-30": "475.00000", "2012-11-30": "-106.00000", "2011-11-30": "454.00000", "2010-11-30": "-818.00000", "2009-11-30": "443.00000", "2008-11-30": "904.00000", "2007-11-30": "1949.00000", "2006-11-30": "-294.00000", "2005-11-30": "56.00000"}, "Net Current Debt": {"2020-11-30": "2852.00000", "2019-11-30": "-605.00000", "2018-11-30": "417.00000", "2017-11-30": "-29.00000", "2016-11-30": "447.00000", "2015-11-30": "-633.00000", "2014-11-30": "617.00000", "2013-11-30": "4.00000", "2012-11-30": "-224.00000", "2011-11-30": "-450.00000", "2010-11-30": "626.00000", "2009-11-30": "-288.00000", "2008-11-30": "138.00000", "2007-11-30": "-1281.00000", "2006-11-30": "659.00000", "2005-11-30": "-58.00000"}, "Debt Issuance/Retirement Net - Total": {"2020-11-30": "16251.00000", "2019-11-30": "1418.00000", "2018-11-30": "1403.00000", "2017-11-30": "-789.00000", "2016-11-30": "711.00000", "2015-11-30": "170.00000", "2014-11-30": "-223.00000", "2013-11-30": "479.00000", "2012-11-30": "-330.00000", "2011-11-30": "4.00000", "2010-11-30": "-192.00000", "2009-11-30": "155.00000", "2008-11-30": "1042.00000", "2007-11-30": "668.00000", "2006-11-30": "365.00000", "2005-11-30": "-2.00000"}, "Net Common Equity Issued/Repurchased": {"2020-11-30": "3237.00000", "2019-11-30": "-599.00000", "2018-11-30": "-1465.00000", "2017-11-30": "-552.00000", "2016-11-30": "-2300.00000", "2015-11-30": "-269.00000", "2014-11-30": "", "2013-11-30": "-103.00000", "2012-11-30": "-90.00000", "2011-11-30": "-454.00000", "2010-11-30": "21.00000", "2009-11-30": "8.00000", "2008-11-30": "-83.00000", "2007-11-30": "-326.00000", "2006-11-30": "-841.00000", "2005-11-30": "-323.00000"}, "Net Total Equity Issued/Repurchased": {"2020-11-30": "3237.00000", "2019-11-30": "-599.00000", "2018-11-30": "-1465.00000", "2017-11-30": "-552.00000", "2016-11-30": "-2300.00000", "2015-11-30": "-269.00000", "2014-11-30": "", "2013-11-30": "-103.00000", "2012-11-30": "-90.00000", "2011-11-30": "-454.00000", "2010-11-30": "21.00000", "2009-11-30": "8.00000", "2008-11-30": "-83.00000", "2007-11-30": "-326.00000", "2006-11-30": "-841.00000", "2005-11-30": "-323.00000"}, "Total Common And Preferred Stock Dividends Paid": {"2020-11-30": "-689.00000", "2019-11-30": "-1387.00000", "2018-11-30": "-1355.00000", "2017-11-30": "-1087.00000", "2016-11-30": "-977.00000", "2015-11-30": "-816.00000", "2014-11-30": "-776.00000", "2013-11-30": "-1164.00000", "2012-11-30": "-779.00000", "2011-11-30": "-671.00000", "2010-11-30": "-237.00000", "2009-11-30": "-314.00000", "2008-11-30": "-1261.00000", "2007-11-30": "-990.00000", "2006-11-30": "-803.00000", "2005-11-30": "-566.00000"}, "Financial Activities - Other": {"2020-11-30": "-150.00000", "2019-11-30": "-86.00000", "2018-11-30": "-42.00000", "2017-11-30": "-24.00000", "2016-11-30": "-25.00000", "2015-11-30": "-27.00000", "2014-11-30": "-29.00000", "2013-11-30": "8.00000", "2012-11-30": "9.00000", "2011-11-30": "28.00000", "2010-11-30": "4.00000", "2009-11-30": "58.00000", "2008-11-30": "-13.00000", "2007-11-30": "44.00000", "2006-11-30": "67.00000", "2005-11-30": "-1.00000"}, "Cash Flow From Financial Activities": {"2020-11-30": "18650.00000", "2019-11-30": "-655.00000", "2018-11-30": "-1460.00000", "2017-11-30": "-2452.00000", "2016-11-30": "-2591.00000", "2015-11-30": "-942.00000", "2014-11-30": "-1028.00000", "2013-11-30": "-780.00000", "2012-11-30": "-1190.00000", "2011-11-30": "-1093.00000", "2010-11-30": "-404.00000", "2009-11-30": "-93.00000", "2008-11-30": "-315.00000", "2007-11-30": "-604.00000", "2006-11-30": "-1212.00000", "2005-11-30": "-892.00000"}, "Net Cash Flow": {"2020-11-30": "9161.00000", "2019-11-30": "-465.00000", "2018-11-30": "574.00000", "2017-11-30": "-241.00000", "2016-11-30": "-792.00000", "2015-11-30": "1064.00000", "2014-11-30": "-131.00000", "2013-11-30": "-3.00000", "2012-11-30": "15.00000", "2011-11-30": "21.00000", "2010-11-30": "-109.00000", "2009-11-30": "-112.00000", "2008-11-30": "-293.00000", "2007-11-30": "-220.00000", "2006-11-30": "-15.00000", "2005-11-30": "535.00000"}, "Stock-Based Compensation": {"2020-11-30": "105.00000", "2019-11-30": "46.00000", "2018-11-30": "65.00000", "2017-11-30": "63.00000", "2016-11-30": "55.00000", "2015-11-30": "55.00000", "2014-11-30": "52.00000", "2013-11-30": "42.00000", "2012-11-30": "39.00000", "2011-11-30": "46.00000", "2010-11-30": "43.00000", "2009-11-30": "50.00000", "2008-11-30": "50.00000", "2007-11-30": "64.00000", "2006-11-30": "68.00000", "2005-11-30": "12.00000"}, "Common Stock Dividends Paid": {"2020-11-30": "-689.00000", "2019-11-30": "-1387.00000", "2018-11-30": "-1355.00000", "2017-11-30": "-1087.00000", "2016-11-30": "-977.00000", "2015-11-30": "-816.00000", "2014-11-30": "-776.00000", "2013-11-30": "-1164.00000", "2012-11-30": "-779.00000", "2011-11-30": "-671.00000", "2010-11-30": "-237.00000", "2009-11-30": "-314.00000", "2008-11-30": "-1261.00000", "2007-11-30": "-990.00000", "2006-11-30": "-803.00000", "2005-11-30": "-566.00000"}}, "cash flow statement, quarterly": {"Net Income/Loss": {"2020-11-30": -2222, "2020-08-31": -2859, "2020-05-31": -4374, "2020-02-29": "-781.00000", "2019-11-30": 423, "2019-08-31": 1780, "2019-05-31": 451, "2019-02-28": "336.00000", "2018-11-30": 493, "2018-08-31": 1708, "2018-05-31": 560, "2018-02-28": "391.00000", "2017-11-30": 546, "2017-08-31": 1330, "2017-05-31": 378, "2017-02-28": "352.00000", "2016-11-30": 608, "2016-08-31": 1424, "2016-05-31": 605, "2016-02-29": "142.00000", "2015-11-30": 270, "2015-08-31": 1216, "2015-05-31": 222, "2015-02-28": "49.00000", "2014-11-30": -103, "2014-08-31": 1241, "2014-05-31": 98, "2014-02-28": "-20.00000", "2013-11-30": 43, "2013-08-31": 934, "2013-05-31": 41, "2013-02-28": "37.00000", "2012-11-30": 93, "2012-08-31": 1330, "2012-05-31": 14, "2012-02-29": "-139.00000", "2011-11-30": 217, "2011-08-31": 1337, "2011-05-31": 206, "2011-02-28": "152.00000", "2010-11-30": 248, "2010-08-31": 1303, "2010-05-31": 252, "2010-02-28": "175.00000", "2009-11-30": 193, "2009-08-31": 1073, "2009-05-31": 264, "2009-02-28": "260.00000", "2008-11-30": 365, "2008-08-31": 1333, "2008-05-31": 390, "2008-02-29": "236.00000", "2007-11-30": 358, "2007-08-31": 1377, "2007-05-31": 390, "2007-02-28": "283.00000", "2006-11-30": 416, "2006-08-31": 1232, "2006-05-31": 380, "2006-02-28": "251.00000", "2005-11-30": 336, "2005-08-31": 1181, "2005-05-31": 391, "2005-02-28": "345.00000"}, "Total Depreciation And Amortization - Cash Flow": {"2020-11-30": 543, "2020-08-31": 551, "2020-05-31": 577, "2020-02-29": "570.00000", "2019-11-30": 553, "2019-08-31": 548, "2019-05-31": 543, "2019-02-28": "516.00000", "2018-11-30": 507, "2018-08-31": 510, "2018-05-31": 512, "2018-02-28": "488.00000", "2017-11-30": 478, "2017-08-31": 472, "2017-05-31": 457, "2017-02-28": "439.00000", "2016-11-30": 435, "2016-08-31": 442, "2016-05-31": 438, "2016-02-29": "423.00000", "2015-11-30": 420, "2015-08-31": 399, "2015-05-31": 406, "2015-02-28": "401.00000", "2014-11-30": 408, "2014-08-31": 414, "2014-05-31": 410, "2014-02-28": "405.00000", "2013-11-30": 404, "2013-08-31": 406, "2013-05-31": 391, "2013-02-28": "389.00000", "2012-11-30": 392, "2012-08-31": 383, "2012-05-31": 376, "2012-02-29": "376.00000", "2011-11-30": 385, "2011-08-31": 390, "2011-05-31": 380, "2011-02-28": "367.00000", "2010-11-30": 367, "2010-08-31": 355, "2010-05-31": 349, "2010-02-28": "345.00000", "2009-11-30": 345, "2009-08-31": 336, "2009-05-31": 317, "2009-02-28": "311.00000", "2008-11-30": 313, "2008-08-31": 323, "2008-05-31": 312, "2008-02-29": "301.00000", "2007-11-30": 290, "2007-08-31": 279, "2007-05-31": 272, "2007-02-28": "260.00000", "2006-11-30": 254, "2006-08-31": 257, "2006-05-31": 242, "2006-02-28": "235.00000", "2005-11-30": 234, "2005-08-31": 231, "2005-05-31": 231, "2005-02-28": "226.00000"}, "Other Non-Cash Items": {"2020-11-30": 517, "2020-08-31": 1256, "2020-05-31": 2100, "2020-02-29": "1009.00000", "2019-11-30": 22, "2019-08-31": 57, "2019-05-31": 4, "2019-02-28": "32.00000", "2018-11-30": 34, "2018-08-31": 3, "2018-05-31": -47, "2018-02-28": "26.00000", "2017-11-30": -40, "2017-08-31": 414, "2017-05-31": 84, "2017-02-28": "13.00000", "2016-11-30": -15, "2016-08-31": 73, "2016-05-31": -146, "2016-02-29": "261.00000", "2015-11-30": 228, "2015-08-31": 217, "2015-05-31": 34, "2015-02-28": "184.00000", "2014-11-30": 324, "2014-08-31": 10, "2014-05-31": -8, "2014-02-28": "34.00000", "2013-11-30": -12, "2013-08-31": 145, "2013-05-31": 33, "2013-02-28": "65.00000", "2012-11-30": 39, "2012-08-31": -112, "2012-05-31": 146, "2012-02-29": "207.00000", "2011-11-30": 13, "2011-08-31": 42, "2011-05-31": 20, "2011-02-28": "19.00000", "2010-11-30": 16, "2010-08-31": 13, "2010-05-31": 15, "2010-02-28": "-16.00000", "2009-11-30": 25, "2009-08-31": 26, "2009-05-31": 26, "2009-02-28": "10.00000", "2008-11-30": -10, "2008-08-31": -5, "2008-05-31": 10, "2008-02-29": "24.00000", "2007-11-30": 27, "2007-08-31": 24, "2007-05-31": 19, "2007-02-28": "20.00000", "2006-11-30": 26, "2006-08-31": 18, "2006-05-31": 10, "2006-02-28": "33.00000", "2005-11-30": 4, "2005-08-31": 23, "2005-05-31": 3, "2005-02-28": "7.00000"}, "Total Non-Cash Items": {"2020-11-30": 1060, "2020-08-31": 1807, "2020-05-31": 2677, "2020-02-29": "1579.00000", "2019-11-30": 575, "2019-08-31": 605, "2019-05-31": 547, "2019-02-28": "548.00000", "2018-11-30": 541, "2018-08-31": 513, "2018-05-31": 465, "2018-02-28": "514.00000", "2017-11-30": 438, "2017-08-31": 886, "2017-05-31": 541, "2017-02-28": "452.00000", "2016-11-30": 420, "2016-08-31": 515, "2016-05-31": 292, "2016-02-29": "684.00000", "2015-11-30": 648, "2015-08-31": 616, "2015-05-31": 440, "2015-02-28": "585.00000", "2014-11-30": 732, "2014-08-31": 424, "2014-05-31": 402, "2014-02-28": "439.00000", "2013-11-30": 392, "2013-08-31": 551, "2013-05-31": 424, "2013-02-28": "454.00000", "2012-11-30": 431, "2012-08-31": 271, "2012-05-31": 522, "2012-02-29": "583.00000", "2011-11-30": 398, "2011-08-31": 432, "2011-05-31": 400, "2011-02-28": "386.00000", "2010-11-30": 383, "2010-08-31": 368, "2010-05-31": 364, "2010-02-28": "329.00000", "2009-11-30": 370, "2009-08-31": 362, "2009-05-31": 343, "2009-02-28": "321.00000", "2008-11-30": 303, "2008-08-31": 318, "2008-05-31": 322, "2008-02-29": "325.00000", "2007-11-30": 317, "2007-08-31": 303, "2007-05-31": 291, "2007-02-28": "280.00000", "2006-11-30": 280, "2006-08-31": 275, "2006-05-31": 252, "2006-02-28": "268.00000", "2005-11-30": 238, "2005-08-31": 254, "2005-05-31": 234, "2005-02-28": "233.00000"}, "Change In Accounts Receivable": {"2020-11-30": 100, "2020-08-31": 227, "2020-05-31": -223, "2020-02-29": "21.00000", "2019-11-30": -13, "2019-08-31": -51, "2019-05-31": 0, "2019-02-28": "-50.00000", "2018-11-30": 3, "2018-08-31": -26, "2018-05-31": -5, "2018-02-28": "-30.00000", "2017-11-30": 7, "2017-08-31": 7, "2017-05-31": -6, "2017-02-28": "-2.00000", "2016-11-30": 13, "2016-08-31": 5, "2016-05-31": -22, "2016-02-29": "-18.00000", "2015-11-30": 27, "2015-08-31": 62, "2015-05-31": -64, "2015-02-28": "-21.00000", "2014-11-30": 41, "2014-08-31": -71, "2014-05-31": -41, "2014-02-28": "146.00000", "2013-11-30": 44, "2013-08-31": -33, "2013-05-31": -5, "2013-02-28": "-134.00000", "2012-11-30": 39, "2012-08-31": -25, "2012-05-31": -7, "2012-02-29": "-22.00000", "2011-11-30": 75, "2011-08-31": 3, "2011-05-31": -50, "2011-02-28": "-71.00000", "2010-11-30": 164, "2010-08-31": 64, "2010-05-31": -66, "2010-02-28": "-56.00000", "2009-11-30": 122, "2009-08-31": -53, "2009-05-31": 6, "2009-02-28": "6.00000", "2008-11-30": 174, "2008-08-31": -128, "2008-05-31": -115, "2008-02-29": "-1.00000", "2007-11-30": 6, "2007-08-31": 5, "2007-05-31": -123, "2007-02-28": "-7.00000", "2006-11-30": 92, "2006-08-31": -12, "2006-05-31": 37, "2006-02-28": "1.00000", "2005-11-30": 46, "2005-08-31": -20, "2005-05-31": -95, "2005-02-28": "-2.00000"}, "Change In Inventories": {"2020-11-30": 6, "2020-08-31": 13, "2020-05-31": 73, "2020-02-29": "-15.00000", "2019-11-30": 57, "2019-08-31": 17, "2019-05-31": -2, "2019-02-28": "7.00000", "2018-11-30": -48, "2018-08-31": -3, "2018-05-31": -17, "2018-02-28": "1.00000", "2017-11-30": -31, "2017-08-31": 1, "2017-05-31": 16, "2017-02-28": "-35.00000", "2016-11-30": -14, "2016-08-31": -1, "2016-05-31": 20, "2016-02-29": "-4.00000", "2015-11-30": -30, "2015-08-31": 24, "2015-05-31": 4, "2015-02-28": "7.00000", "2014-11-30": -14, "2014-08-31": 24, "2014-05-31": 0, "2014-02-28": "-9.00000", "2013-11-30": 20, "2013-08-31": -4, "2013-05-31": 0, "2013-02-28": "5.00000", "2012-11-30": -23, "2012-08-31": 14, "2012-05-31": -3, "2012-02-29": "-4.00000", "2011-11-30": -18, "2011-08-31": -1, "2011-05-31": -16, "2011-02-28": "-19.00000", "2010-11-30": -25, "2010-08-31": 11, "2010-05-31": 14, "2010-02-28": "-12.00000", "2009-11-30": -7, "2009-08-31": 0, "2009-05-31": 9, "2009-02-28": "8.00000", "2008-11-30": 33, "2008-08-31": -25, "2008-05-31": -17, "2008-02-29": "1.00000", "2007-11-30": -25, "2007-08-31": -13, "2007-05-31": -17, "2007-02-28": "-2.00000", "2006-11-30": 16, "2006-08-31": 1, "2006-05-31": -6, "2006-02-28": "-16.00000", "2005-11-30": 1, "2005-08-31": -1, "2005-05-31": -11, "2005-02-28": "-4.00000"}, "Change In Accounts Payable": {"2020-11-30": -68, "2020-08-31": -1149, "2020-05-31": 904, "2020-02-29": "148.00000", "2019-11-30": 59, "2019-08-31": -93, "2019-05-31": 3, "2019-02-28": "65.00000", "2018-11-30": 70, "2018-08-31": -80, "2018-05-31": -33, "2018-02-28": "19.00000", "2017-11-30": 122, "2017-08-31": -63, "2017-05-31": 9, "2017-02-28": "-47.00000", "2016-11-30": 21, "2016-08-31": 52, "2016-05-31": 43, "2016-02-29": "-7.00000", "2015-11-30": 59, "2015-08-31": -62, "2015-05-31": 33, "2015-02-28": "6.00000", "2014-11-30": 31, "2014-08-31": -9, "2014-05-31": 75, "2014-02-28": "-88.00000", "2013-11-30": 29, "2013-08-31": -32, "2013-05-31": 59, "2013-02-28": "23.00000", "2012-11-30": -20, "2012-08-31": 27, "2012-05-31": 31, "2012-02-29": "-62.00000", "2011-11-30": 50, "2011-08-31": -9, "2011-05-31": 25, "2011-02-28": "1.00000", "2010-11-30": -47, "2010-08-31": -20, "2010-05-31": 47, "2010-02-28": "-16.00000", "2009-11-30": -3, "2009-08-31": 66, "2009-05-31": 24, "2009-02-28": "-13.00000", "2008-11-30": -19, "2008-08-31": 64, "2008-05-31": -27, "2008-02-29": "-84.00000", "2007-11-30": 75, "2007-08-31": -33, "2007-05-31": 97, "2007-02-28": "-30.00000", "2006-11-30": -64, "2006-08-31": 86, "2006-05-31": -31, "2006-02-28": "-44.00000", "2005-11-30": 16, "2005-08-31": 58, "2005-05-31": 8, "2005-02-28": "-29.00000"}, "Change In Assets/Liabilities": {"2020-11-30": -382, "2020-08-31": -714, "2020-05-31": -1660, "2020-02-29": "-156.00000", "2019-11-30": -56, "2019-08-31": -1025, "2019-05-31": 1010, "2019-02-28": "204.00000", "2018-11-30": -12, "2018-08-31": -847, "2018-05-31": 1103, "2018-02-28": "369.00000", "2017-11-30": -106, "2017-08-31": -757, "2017-05-31": 1002, "2017-02-28": "209.00000", "2016-11-30": -8, "2016-08-31": -645, "2016-05-31": 954, "2016-02-29": "76.00000", "2015-11-30": 16, "2015-08-31": -561, "2015-05-31": 850, "2015-02-28": "180.00000", "2014-11-30": -49, "2014-08-31": -329, "2014-05-31": 755, "2014-02-28": "137.00000", "2013-11-30": 148, "2013-08-31": -620, "2013-05-31": 754, "2013-02-28": "37.00000", "2012-11-30": 92, "2012-08-31": -534, "2012-05-31": 627, "2012-02-29": "-44.00000", "2011-11-30": 1, "2011-08-31": -531, "2011-05-31": 787, "2011-02-28": "52.00000", "2010-11-30": 17, "2010-08-31": -528, "2010-05-31": 768, "2010-02-28": "0.00000", "2009-11-30": 67, "2009-08-31": -353, "2009-05-31": 451, "2009-02-28": "-203.00000", "2008-11-30": -257, "2008-08-31": -582, "2008-05-31": 786, "2008-02-29": "-41.00000", "2007-11-30": 119, "2007-08-31": -600, "2007-05-31": 795, "2007-02-28": "60.00000", "2006-11-30": 22, "2006-08-31": -649, "2006-05-31": 661, "2006-02-28": "196.00000", "2005-11-30": -94, "2005-08-31": -500, "2005-05-31": 613, "2005-02-28": "57.00000"}, "Total Change In Assets/Liabilities": {"2020-11-30": -486, "2020-08-31": -1795, "2020-05-31": -1023, "2020-02-29": "118.00000", "2019-11-30": 64, "2019-08-31": -1137, "2019-05-31": 1054, "2019-02-28": "231.00000", "2018-11-30": 79, "2018-08-31": -873, "2018-05-31": 997, "2018-02-28": "161.00000", "2017-11-30": 40, "2017-08-31": -767, "2017-05-31": 998, "2017-02-28": "128.00000", "2016-11-30": -4, "2016-08-31": -510, "2016-05-31": 986, "2016-02-29": "-28.00000", "2015-11-30": 60, "2015-08-31": -551, "2015-05-31": 853, "2015-02-28": "137.00000", "2014-11-30": 8, "2014-08-31": -545, "2014-05-31": 696, "2014-02-28": "58.00000", "2013-11-30": 40, "2013-08-31": -682, "2013-05-31": 692, "2013-02-28": "-92.00000", "2012-11-30": -1, "2012-08-31": -583, "2012-05-31": 600, "2012-02-29": "-122.00000", "2011-11-30": 135, "2011-08-31": -554, "2011-05-31": 783, "2011-02-28": "-126.00000", "2010-11-30": 103, "2010-08-31": -381, "2010-05-31": 782, "2010-02-28": "-108.00000", "2009-11-30": 149, "2009-08-31": -246, "2009-05-31": 529, "2009-02-28": "-276.00000", "2008-11-30": -156, "2008-08-31": -587, "2008-05-31": 730, "2008-02-29": "-188.00000", "2007-11-30": 182, "2007-08-31": -559, "2007-05-31": 813, "2007-02-28": "34.00000", "2006-11-30": 109, "2006-08-31": -564, "2006-05-31": 640, "2006-02-28": "94.00000", "2005-11-30": 44, "2005-08-31": -404, "2005-05-31": 593, "2005-02-28": "-35.00000"}, "Cash Flow From Operating Activities": {"2020-11-30": -1652, "2020-08-31": -2845, "2020-05-31": -2720, "2020-02-29": "916.00000", "2019-11-30": 1061, "2019-08-31": 1245, "2019-05-31": 2053, "2019-02-28": "1116.00000", "2018-11-30": 1113, "2018-08-31": 1349, "2018-05-31": 2023, "2018-02-28": "1064.00000", "2017-11-30": 1024, "2017-08-31": 1449, "2017-05-31": 1917, "2017-02-28": "932.00000", "2016-11-30": 1024, "2016-08-31": 1429, "2016-05-31": 1883, "2016-02-29": "798.00000", "2015-11-30": 978, "2015-08-31": 1281, "2015-05-31": 1515, "2015-02-28": "771.00000", "2014-11-30": 637, "2014-08-31": 1120, "2014-05-31": 1196, "2014-02-28": "477.00000", "2013-11-30": 475, "2013-08-31": 803, "2013-05-31": 1157, "2013-02-28": "399.00000", "2012-11-30": 523, "2012-08-31": 1018, "2012-05-31": 1136, "2012-02-29": "322.00000", "2011-11-30": 750, "2011-08-31": 1215, "2011-05-31": 1389, "2011-02-28": "412.00000", "2010-11-30": 734, "2010-08-31": 1290, "2010-05-31": 1398, "2010-02-28": "396.00000", "2009-11-30": 712, "2009-08-31": 1189, "2009-05-31": 1136, "2009-02-28": "305.00000", "2008-11-30": 512, "2008-08-31": 1064, "2008-05-31": 1442, "2008-02-29": "373.00000", "2007-11-30": 857, "2007-08-31": 1121, "2007-05-31": 1494, "2007-02-28": "597.00000", "2006-11-30": 805, "2006-08-31": 943, "2006-05-31": 1272, "2006-02-28": "613.00000", "2005-11-30": 618, "2005-08-31": 1031, "2005-05-31": 1218, "2005-02-28": "543.00000"}, "Net Change In Property, Plant, And Equipment": {"2020-11-30": -1658, "2020-08-31": -196, "2020-05-31": -332, "2020-02-29": "-1100.00000", "2019-11-30": -1970, "2019-08-31": -418, "2019-05-31": -886, "2019-02-28": "-2129.00000", "2018-11-30": -858, "2018-08-31": -403, "2018-05-31": -1525, "2018-02-28": "-574.00000", "2017-11-30": -648, "2017-08-31": -437, "2017-05-31": -1447, "2017-02-28": "-412.00000", "2016-11-30": -639, "2016-08-31": -450, "2016-05-31": -1617, "2016-02-29": "-330.00000", "2015-11-30": -615, "2015-08-31": -323, "2015-05-31": -414, "2015-02-28": "-942.00000", "2014-11-30": -906, "2014-08-31": -348, "2014-05-31": -934, "2014-02-28": "-353.00000", "2013-11-30": -337, "2013-08-31": -365, "2013-05-31": -1206, "2013-02-28": "-171.00000", "2012-11-30": -168, "2012-08-31": -167, "2012-05-31": -1730, "2012-02-29": "-221.00000", "2011-11-30": -261, "2011-08-31": -813, "2011-05-31": -1450, "2011-02-28": "-172.00000", "2010-11-30": -741, "2010-08-31": -670, "2010-05-31": -999, "2010-02-28": "-1169.00000", "2009-11-30": -978, "2009-08-31": -446, "2009-05-31": -1650, "2009-02-28": "-306.00000", "2008-11-30": -630, "2008-08-31": -1130, "2008-05-31": -1335, "2008-02-29": "-258.00000", "2007-11-30": -936, "2007-08-31": -384, "2007-05-31": -1355, "2007-02-28": "-637.00000", "2006-11-30": -298, "2006-08-31": -699, "2006-05-31": -726, "2006-02-28": "-757.00000", "2005-11-30": -345, "2005-08-31": -523, "2005-05-31": -553, "2005-02-28": "-556.00000"}, "Net Change In Intangible Assets": {"2020-11-30": 0, "2020-08-31": 0, "2020-05-31": 0, "2020-02-29": "", "2019-11-30": 0, "2019-08-31": 0, "2019-05-31": 0, "2019-02-28": "", "2018-11-30": 0, "2018-08-31": 0, "2018-05-31": 0, "2018-02-28": "", "2017-11-30": 0, "2017-08-31": 0, "2017-05-31": 0, "2017-02-28": "", "2016-11-30": 0, "2016-08-31": 0, "2016-05-31": 0, "2016-02-29": "", "2015-11-30": 0, "2015-08-31": 0, "2015-05-31": 0, "2015-02-28": "", "2014-11-30": 0, "2014-08-31": 0, "2014-05-31": 0, "2014-02-28": "", "2013-11-30": 0, "2013-08-31": 0, "2013-05-31": 0, "2013-02-28": "", "2012-11-30": 0, "2012-08-31": 0, "2012-05-31": 0, "2012-02-29": "", "2011-11-30": 0, "2011-08-31": 0, "2011-05-31": 0, "2011-02-28": "", "2010-11-30": 0, "2010-08-31": 0, "2010-05-31": 0, "2010-02-28": "", "2009-11-30": 0, "2009-08-31": 0, "2009-05-31": 0, "2009-02-28": "", "2008-11-30": 0, "2008-08-31": 0, "2008-05-31": 0, "2008-02-29": "", "2007-11-30": 0, "2007-08-31": 0, "2007-05-31": 0, "2007-02-28": "", "2006-11-30": 0, "2006-08-31": 0, "2006-05-31": 0, "2006-02-28": "", "2005-11-30": 0, "2005-08-31": 0, "2005-05-31": 0, "2005-02-28": ""}, "Net Acquisitions/Divestitures": {"2020-11-30": 0, "2020-08-31": 0, "2020-05-31": 0, "2020-02-29": "", "2019-11-30": 0, "2019-08-31": 0, "2019-05-31": 0, "2019-02-28": "", "2018-11-30": 0, "2018-08-31": 0, "2018-05-31": 0, "2018-02-28": "", "2017-11-30": 0, "2017-08-31": 0, "2017-05-31": 0, "2017-02-28": "", "2016-11-30": 0, "2016-08-31": 0, "2016-05-31": 0, "2016-02-29": "", "2015-11-30": 0, "2015-08-31": 0, "2015-05-31": 0, "2015-02-28": "", "2014-11-30": 0, "2014-08-31": 0, "2014-05-31": 0, "2014-02-28": "", "2013-11-30": 0, "2013-08-31": 0, "2013-05-31": 0, "2013-02-28": "", "2012-11-30": 0, "2012-08-31": 0, "2012-05-31": 0, "2012-02-29": "", "2011-11-30": 0, "2011-08-31": 0, "2011-05-31": 0, "2011-02-28": "", "2010-11-30": 0, "2010-08-31": 0, "2010-05-31": 0, "2010-02-28": "", "2009-11-30": 0, "2009-08-31": 0, "2009-05-31": 0, "2009-02-28": "", "2008-11-30": 0, "2008-08-31": 0, "2008-05-31": 0, "2008-02-29": "", "2007-11-30": -339, "2007-08-31": 0, "2007-05-31": 0, "2007-02-28": "", "2006-11-30": 0, "2006-08-31": 0, "2006-05-31": 0, "2006-02-28": "", "2005-11-30": 0, "2005-08-31": 0, "2005-05-31": 0, "2005-02-28": ""}, "Net Change In Short-term Investments": {"2020-11-30": 0, "2020-08-31": 0, "2020-05-31": 0, "2020-02-29": "", "2019-11-30": 0, "2019-08-31": 0, "2019-05-31": 0, "2019-02-28": "", "2018-11-30": 0, "2018-08-31": 0, "2018-05-31": 0, "2018-02-28": "", "2017-11-30": 0, "2017-08-31": 0, "2017-05-31": 0, "2017-02-28": "", "2016-11-30": 0, "2016-08-31": 0, "2016-05-31": 0, "2016-02-29": "", "2015-11-30": 0, "2015-08-31": 0, "2015-05-31": 0, "2015-02-28": "", "2014-11-30": 0, "2014-08-31": 0, "2014-05-31": 0, "2014-02-28": "", "2013-11-30": 0, "2013-08-31": 0, "2013-05-31": 0, "2013-02-28": "", "2012-11-30": 0, "2012-08-31": 0, "2012-05-31": 0, "2012-02-29": "", "2011-11-30": 0, "2011-08-31": 0, "2011-05-31": 0, "2011-02-28": "", "2010-11-30": 0, "2010-08-31": 0, "2010-05-31": 0, "2010-02-28": "", "2009-11-30": 0, "2009-08-31": 0, "2009-05-31": 0, "2009-02-28": "", "2008-11-30": 0, "2008-08-31": 0, "2008-05-31": 0, "2008-02-29": "", "2007-11-30": 300, "2007-08-31": -127, "2007-05-31": -110, "2007-02-28": "-83.00000", "2006-11-30": 0, "2006-08-31": -8, "2006-05-31": -2, "2006-02-28": "-2.00000", "2005-11-30": 225, "2005-08-31": 69, "2005-05-31": -255, "2005-02-28": "-31.00000"}, "Net Change In Long-Term Investments": {"2020-11-30": 0, "2020-08-31": 0, "2020-05-31": 0, "2020-02-29": "", "2019-11-30": 0, "2019-08-31": 0, "2019-05-31": 0, "2019-02-28": "", "2018-11-30": 0, "2018-08-31": 0, "2018-05-31": 0, "2018-02-28": "", "2017-11-30": 0, "2017-08-31": 0, "2017-05-31": 0, "2017-02-28": "", "2016-11-30": 0, "2016-08-31": 0, "2016-05-31": 0, "2016-02-29": "", "2015-11-30": 0, "2015-08-31": 0, "2015-05-31": 0, "2015-02-28": "", "2014-11-30": 0, "2014-08-31": 0, "2014-05-31": 0, "2014-02-28": "", "2013-11-30": 0, "2013-08-31": 0, "2013-05-31": 0, "2013-02-28": "", "2012-11-30": 0, "2012-08-31": 0, "2012-05-31": 0, "2012-02-29": "", "2011-11-30": 0, "2011-08-31": 0, "2011-05-31": 0, "2011-02-28": "", "2010-11-30": 0, "2010-08-31": 0, "2010-05-31": 0, "2010-02-28": "", "2009-11-30": 0, "2009-08-31": 0, "2009-05-31": 0, "2009-02-28": "", "2008-11-30": 0, "2008-08-31": 0, "2008-05-31": 0, "2008-02-29": "", "2007-11-30": 0, "2007-08-31": 0, "2007-05-31": 0, "2007-02-28": "", "2006-11-30": 0, "2006-08-31": 0, "2006-05-31": 0, "2006-02-28": "", "2005-11-30": 0, "2005-08-31": 0, "2005-05-31": 0, "2005-02-28": ""}, "Net Change In Investments - Total": {"2020-11-30": 0, "2020-08-31": 0, "2020-05-31": 0, "2020-02-29": "", "2019-11-30": 0, "2019-08-31": 0, "2019-05-31": 0, "2019-02-28": "", "2018-11-30": 0, "2018-08-31": 0, "2018-05-31": 0, "2018-02-28": "", "2017-11-30": 0, "2017-08-31": 0, "2017-05-31": 0, "2017-02-28": "", "2016-11-30": 0, "2016-08-31": 0, "2016-05-31": 0, "2016-02-29": "", "2015-11-30": 0, "2015-08-31": 0, "2015-05-31": 0, "2015-02-28": "", "2014-11-30": 0, "2014-08-31": 0, "2014-05-31": 0, "2014-02-28": "", "2013-11-30": 0, "2013-08-31": 0, "2013-05-31": 0, "2013-02-28": "", "2012-11-30": 0, "2012-08-31": 0, "2012-05-31": 0, "2012-02-29": "", "2011-11-30": 0, "2011-08-31": 0, "2011-05-31": 0, "2011-02-28": "", "2010-11-30": 0, "2010-08-31": 0, "2010-05-31": 0, "2010-02-28": "", "2009-11-30": 0, "2009-08-31": 0, "2009-05-31": 0, "2009-02-28": "", "2008-11-30": 0, "2008-08-31": 0, "2008-05-31": 0, "2008-02-29": "", "2007-11-30": 300, "2007-08-31": -127, "2007-05-31": -110, "2007-02-28": "-83.00000", "2006-11-30": 0, "2006-08-31": -8, "2006-05-31": -2, "2006-02-28": "-2.00000", "2005-11-30": 225, "2005-08-31": 69, "2005-05-31": -255, "2005-02-28": "-31.00000"}, "Investing Activities - Other": {"2020-11-30": -130, "2020-08-31": 0, "2020-05-31": 237, "2020-02-29": "-61.00000", "2019-11-30": 10, "2019-08-31": 19, "2019-05-31": 27, "2019-02-28": "70.00000", "2018-11-30": -38, "2018-08-31": -112, "2018-05-31": 11, "2018-02-28": "-15.00000", "2017-11-30": -55, "2017-08-31": -48, "2017-05-31": -13, "2017-02-28": "-62.00000", "2016-11-30": -62, "2016-08-31": 1, "2016-05-31": -97, "2016-02-29": "-129.00000", "2015-11-30": -58, "2015-08-31": -55, "2015-05-31": -39, "2015-02-28": "-32.00000", "2014-11-30": 16, "2014-08-31": -1, "2014-05-31": 15, "2014-02-28": "4.00000", "2013-11-30": 88, "2013-08-31": -69, "2013-05-31": 0, "2013-02-28": "4.00000", "2012-11-30": -4, "2012-08-31": 23, "2012-05-31": 522, "2012-02-29": "-27.00000", "2011-11-30": 25, "2011-08-31": 28, "2011-05-31": -17, "2011-02-28": "14.00000", "2010-11-30": -24, "2010-08-31": 28, "2010-05-31": 21, "2010-02-28": "53.00000", "2009-11-30": 48, "2009-08-31": -46, "2009-05-31": 1, "2009-02-28": "-7.00000", "2008-11-30": 89, "2008-08-31": -6, "2008-05-31": 18, "2008-02-29": "-3.00000", "2007-11-30": 77, "2007-08-31": -83, "2007-05-31": 1, "2007-02-28": "-70.00000", "2006-11-30": 48, "2006-08-31": -2, "2006-05-31": 10, "2006-02-28": "-7.00000", "2005-11-30": -6, "2005-08-31": 3, "2005-05-31": 1, "2005-02-28": "1.00000"}, "Cash Flow From Investing Activities": {"2020-11-30": -1788, "2020-08-31": -196, "2020-05-31": -95, "2020-02-29": "-1161.00000", "2019-11-30": -1960, "2019-08-31": -399, "2019-05-31": -859, "2019-02-28": "-2059.00000", "2018-11-30": -897, "2018-08-31": -514, "2018-05-31": -1515, "2018-02-28": "-588.00000", "2017-11-30": -703, "2017-08-31": -485, "2017-05-31": -1460, "2017-02-28": "-474.00000", "2016-11-30": -701, "2016-08-31": -449, "2016-05-31": -1714, "2016-02-29": "-459.00000", "2015-11-30": -673, "2015-08-31": -378, "2015-05-31": -453, "2015-02-28": "-974.00000", "2014-11-30": -890, "2014-08-31": -349, "2014-05-31": -919, "2014-02-28": "-349.00000", "2013-11-30": -249, "2013-08-31": -434, "2013-05-31": -1206, "2013-02-28": "-167.00000", "2012-11-30": -172, "2012-08-31": -144, "2012-05-31": -1208, "2012-02-29": "-248.00000", "2011-11-30": -236, "2011-08-31": -785, "2011-05-31": -1467, "2011-02-28": "-158.00000", "2010-11-30": -765, "2010-08-31": -642, "2010-05-31": -978, "2010-02-28": "-1116.00000", "2009-11-30": -930, "2009-08-31": -492, "2009-05-31": -1649, "2009-02-28": "-313.00000", "2008-11-30": -541, "2008-08-31": -1136, "2008-05-31": -1317, "2008-02-29": "-261.00000", "2007-11-30": -898, "2007-08-31": -594, "2007-05-31": -1464, "2007-02-28": "-790.00000", "2006-11-30": -250, "2006-08-31": -709, "2006-05-31": -718, "2006-02-28": "-766.00000", "2005-11-30": -126, "2005-08-31": -451, "2005-05-31": -807, "2005-02-28": "-586.00000"}, "Net Long-Term Debt": {"2020-11-30": 2827, "2020-08-31": 4281, "2020-05-31": 5600, "2020-02-29": "691.00000", "2019-11-30": 773, "2019-08-31": -134, "2019-05-31": 40, "2019-02-28": "1344.00000", "2018-11-30": 639, "2018-08-31": -90, "2018-05-31": 931, "2018-02-28": "-494.00000", "2017-11-30": -215, "2017-08-31": -105, "2017-05-31": -439, "2017-02-28": "-1.00000", "2016-11-30": 191, "2016-08-31": 8, "2016-05-31": 138, "2016-02-29": "-73.00000", "2015-11-30": 1103, "2015-08-31": -188, "2015-05-31": -248, "2015-02-28": "136.00000", "2014-11-30": -156, "2014-08-31": -112, "2014-05-31": -260, "2014-02-28": "-312.00000", "2013-11-30": -420, "2013-08-31": -112, "2013-05-31": 619, "2013-02-28": "388.00000", "2012-11-30": -299, "2012-08-31": -426, "2012-05-31": 731, "2012-02-29": "-112.00000", "2011-11-30": 485, "2011-08-31": -701, "2011-05-31": 805, "2011-02-28": "-135.00000", "2010-11-30": -291, "2010-08-31": -303, "2010-05-31": -385, "2010-02-28": "161.00000", "2009-11-30": -146, "2009-08-31": -238, "2009-05-31": 528, "2009-02-28": "299.00000", "2008-11-30": 61, "2008-08-31": 366, "2008-05-31": 250, "2008-02-29": "227.00000", "2007-11-30": 1174, "2007-08-31": 157, "2007-05-31": 653, "2007-02-28": "-35.00000", "2006-11-30": 384, "2006-08-31": -71, "2006-05-31": -37, "2006-02-28": "-570.00000", "2005-11-30": -27, "2005-08-31": 46, "2005-05-31": 207, "2005-02-28": "-170.00000"}, "Net Current Debt": {"2020-11-30": -289, "2020-08-31": -192, "2020-05-31": 2554, "2020-02-29": "779.00000", "2019-11-30": -5, "2019-08-31": -243, "2019-05-31": -276, "2019-02-28": "-81.00000", "2018-11-30": 235, "2018-08-31": -216, "2018-05-31": -213, "2018-02-28": "611.00000", "2017-11-30": 306, "2017-08-31": -517, "2017-05-31": 471, "2017-02-28": "-289.00000", "2016-11-30": 146, "2016-08-31": -78, "2016-05-31": 144, "2016-02-29": "235.00000", "2015-11-30": -8, "2015-08-31": -268, "2015-05-31": -567, "2015-02-28": "210.00000", "2014-11-30": 522, "2014-08-31": -353, "2014-05-31": 104, "2014-02-28": "344.00000", "2013-11-30": -138, "2013-08-31": 183, "2013-05-31": -108, "2013-02-28": "67.00000", "2012-11-30": 46, "2012-08-31": -532, "2012-05-31": 5, "2012-02-29": "257.00000", "2011-11-30": -615, "2011-08-31": 636, "2011-05-31": -408, "2011-02-28": "-63.00000", "2010-11-30": 326, "2010-08-31": -402, "2010-05-31": -107, "2010-02-28": "809.00000", "2009-11-30": -70, "2009-08-31": 37, "2009-05-31": -140, "2009-02-28": "-115.00000", "2008-11-30": 208, "2008-08-31": -78, "2008-05-31": -62, "2008-02-29": "70.00000", "2007-11-30": -1151, "2007-08-31": -758, "2007-05-31": 795, "2007-02-28": "-167.00000", "2006-11-30": -132, "2006-08-31": 360, "2006-05-31": 323, "2006-02-28": "108.00000", "2005-11-30": 75, "2005-08-31": -44, "2005-05-31": -76, "2005-02-28": "-13.00000"}, "Debt Issuance/Retirement Net - Total": {"2020-11-30": 2538, "2020-08-31": 4089, "2020-05-31": 8154, "2020-02-29": "1470.00000", "2019-11-30": 768, "2019-08-31": -377, "2019-05-31": -236, "2019-02-28": "1263.00000", "2018-11-30": 874, "2018-08-31": -306, "2018-05-31": 718, "2018-02-28": "117.00000", "2017-11-30": 91, "2017-08-31": -622, "2017-05-31": 32, "2017-02-28": "-290.00000", "2016-11-30": 337, "2016-08-31": -70, "2016-05-31": 282, "2016-02-29": "162.00000", "2015-11-30": 1095, "2015-08-31": -456, "2015-05-31": -815, "2015-02-28": "346.00000", "2014-11-30": 366, "2014-08-31": -465, "2014-05-31": -156, "2014-02-28": "32.00000", "2013-11-30": -558, "2013-08-31": 71, "2013-05-31": 511, "2013-02-28": "455.00000", "2012-11-30": -253, "2012-08-31": -958, "2012-05-31": 736, "2012-02-29": "145.00000", "2011-11-30": -130, "2011-08-31": -65, "2011-05-31": 397, "2011-02-28": "-198.00000", "2010-11-30": 35, "2010-08-31": -705, "2010-05-31": -492, "2010-02-28": "970.00000", "2009-11-30": -216, "2009-08-31": -201, "2009-05-31": 388, "2009-02-28": "184.00000", "2008-11-30": 269, "2008-08-31": 288, "2008-05-31": 188, "2008-02-29": "297.00000", "2007-11-30": 23, "2007-08-31": -601, "2007-05-31": 1448, "2007-02-28": "-202.00000", "2006-11-30": 252, "2006-08-31": 289, "2006-05-31": 286, "2006-02-28": "-462.00000", "2005-11-30": 48, "2005-08-31": 2, "2005-05-31": 131, "2005-02-28": "-183.00000"}, "Net Common Equity Issued/Repurchased": {"2020-11-30": 2471, "2020-08-31": 220, "2020-05-31": 558, "2020-02-29": "-12.00000", "2019-11-30": -131, "2019-08-31": -154, "2019-05-31": -40, "2019-02-28": "-274.00000", "2018-11-30": -260, "2018-08-31": -692, "2018-05-31": -295, "2018-02-28": "-218.00000", "2017-11-30": -247, "2017-08-31": -153, "2017-05-31": -83, "2017-02-28": "-69.00000", "2016-11-30": -230, "2016-08-31": -709, "2016-05-31": -485, "2016-02-29": "-876.00000", "2015-11-30": -270, "2015-08-31": 1, "2015-05-31": 0, "2015-02-28": "", "2014-11-30": 0, "2014-08-31": 0, "2014-05-31": 0, "2014-02-28": "", "2013-11-30": 0, "2013-08-31": 0, "2013-05-31": -25, "2013-02-28": "-78.00000", "2012-11-30": -21, "2012-08-31": -69, "2012-05-31": 0, "2012-02-29": "", "2011-11-30": -166, "2011-08-31": -288, "2011-05-31": 0, "2011-02-28": "", "2010-11-30": 1, "2010-08-31": 8, "2010-05-31": 9, "2010-02-28": "3.00000", "2009-11-30": 7, "2009-08-31": 0, "2009-05-31": 0, "2009-02-28": "1.00000", "2008-11-30": -83, "2008-08-31": 84, "2008-05-31": 0, "2008-02-29": "-84.00000", "2007-11-30": -263, "2007-08-31": -103, "2007-05-31": 11, "2007-02-28": "29.00000", "2006-11-30": -90, "2006-08-31": -314, "2006-05-31": -468, "2006-02-28": "31.00000", "2005-11-30": -345, "2005-08-31": 15, "2005-05-31": -16, "2005-02-28": "23.00000"}, "Net Total Equity Issued/Repurchased": {"2020-11-30": 2471, "2020-08-31": 220, "2020-05-31": 558, "2020-02-29": "-12.00000", "2019-11-30": -131, "2019-08-31": -154, "2019-05-31": -40, "2019-02-28": "-274.00000", "2018-11-30": -260, "2018-08-31": -692, "2018-05-31": -295, "2018-02-28": "-218.00000", "2017-11-30": -247, "2017-08-31": -153, "2017-05-31": -83, "2017-02-28": "-69.00000", "2016-11-30": -230, "2016-08-31": -709, "2016-05-31": -485, "2016-02-29": "-876.00000", "2015-11-30": -270, "2015-08-31": 1, "2015-05-31": 0, "2015-02-28": "", "2014-11-30": 0, "2014-08-31": 0, "2014-05-31": 0, "2014-02-28": "", "2013-11-30": 0, "2013-08-31": 0, "2013-05-31": -25, "2013-02-28": "-78.00000", "2012-11-30": -21, "2012-08-31": -69, "2012-05-31": 0, "2012-02-29": "", "2011-11-30": -166, "2011-08-31": -288, "2011-05-31": 0, "2011-02-28": "", "2010-11-30": 1, "2010-08-31": 8, "2010-05-31": 9, "2010-02-28": "3.00000", "2009-11-30": 7, "2009-08-31": 0, "2009-05-31": 0, "2009-02-28": "1.00000", "2008-11-30": -83, "2008-08-31": 84, "2008-05-31": 0, "2008-02-29": "-84.00000", "2007-11-30": -263, "2007-08-31": -103, "2007-05-31": 11, "2007-02-28": "29.00000", "2006-11-30": -90, "2006-08-31": -314, "2006-05-31": -468, "2006-02-28": "31.00000", "2005-11-30": -345, "2005-08-31": 15, "2005-05-31": -16, "2005-02-28": "23.00000"}, "Total Common And Preferred Stock Dividends Paid": {"2020-11-30": 0, "2020-08-31": 0, "2020-05-31": -345, "2020-02-29": "-344.00000", "2019-11-30": -346, "2019-08-31": -347, "2019-05-31": -346, "2019-02-28": "-348.00000", "2018-11-30": -352, "2018-08-31": -357, "2018-05-31": -323, "2018-02-28": "-323.00000", "2017-11-30": -290, "2017-08-31": -290, "2017-05-31": -253, "2017-02-28": "-254.00000", "2016-11-30": -256, "2016-08-31": -262, "2016-05-31": -227, "2016-02-29": "-232.00000", "2015-11-30": -232, "2015-08-31": -196, "2015-05-31": -194, "2015-02-28": "-194.00000", "2014-11-30": -194, "2014-08-31": -194, "2014-05-31": -194, "2014-02-28": "-194.00000", "2013-11-30": -194, "2013-08-31": -193, "2013-05-31": -195, "2013-02-28": "-582.00000", "2012-11-30": -195, "2012-08-31": -196, "2012-05-31": -194, "2012-02-29": "-194.00000", "2011-11-30": -197, "2011-08-31": -197, "2011-05-31": -198, "2011-02-28": "-79.00000", "2010-11-30": -79, "2010-08-31": -79, "2010-05-31": -79, "2010-02-28": "", "2009-11-30": 0, "2009-08-31": 0, "2009-05-31": 0, "2009-02-28": "-314.00000", "2008-11-30": -316, "2008-08-31": -315, "2008-05-31": -314, "2008-02-29": "-316.00000", "2007-11-30": -277, "2007-08-31": -278, "2007-05-31": -218, "2007-02-28": "-217.00000", "2006-11-30": -198, "2006-08-31": -201, "2006-05-31": -202, "2006-02-28": "-202.00000", "2005-11-30": -164, "2005-08-31": -161, "2005-05-31": -121, "2005-02-28": "-120.00000"}, "Financial Activities - Other": {"2020-11-30": -59, "2020-08-31": -35, "2020-05-31": -32, "2020-02-29": "-24.00000", "2019-11-30": -33, "2019-08-31": -8, "2019-05-31": -16, "2019-02-28": "-29.00000", "2018-11-30": -14, "2018-08-31": -12, "2018-05-31": -12, "2018-02-28": "-4.00000", "2017-11-30": -2, "2017-08-31": -4, "2017-05-31": -16, "2017-02-28": "-2.00000", "2016-11-30": -16, "2016-08-31": -4, "2016-05-31": -4, "2016-02-29": "-1.00000", "2015-11-30": -26, "2015-08-31": 3, "2015-05-31": -3, "2015-02-28": "-1.00000", "2014-11-30": -12, "2014-08-31": -10, "2014-05-31": -7, "2014-02-28": "", "2013-11-30": 1, "2013-08-31": 9, "2013-05-31": -4, "2013-02-28": "2.00000", "2012-11-30": 16, "2012-08-31": 3, "2012-05-31": -9, "2012-02-29": "-1.00000", "2011-11-30": 8, "2011-08-31": 1, "2011-05-31": -28, "2011-02-28": "47.00000", "2010-11-30": -34, "2010-08-31": 24, "2010-05-31": 11, "2010-02-28": "3.00000", "2009-11-30": -7, "2009-08-31": -10, "2009-05-31": -34, "2009-02-28": "109.00000", "2008-11-30": 73, "2008-08-31": -91, "2008-05-31": -2, "2008-02-29": "7.00000", "2007-11-30": 49, "2007-08-31": 0, "2007-05-31": -4, "2007-02-28": "-1.00000", "2006-11-30": 63, "2006-08-31": 5, "2006-05-31": 0, "2006-02-28": "-1.00000", "2005-11-30": 6, "2005-08-31": -6, "2005-05-31": 1, "2005-02-28": "-2.00000"}, "Cash Flow From Financial Activities": {"2020-11-30": 4951, "2020-08-31": 4274, "2020-05-31": 8336, "2020-02-29": "1089.00000", "2019-11-30": 257, "2019-08-31": -886, "2019-05-31": -638, "2019-02-28": "612.00000", "2018-11-30": 247, "2018-08-31": -1368, "2018-05-31": 89, "2018-02-28": "-428.00000", "2017-11-30": -448, "2017-08-31": -1069, "2017-05-31": -320, "2017-02-28": "-615.00000", "2016-11-30": -165, "2016-08-31": -1045, "2016-05-31": -434, "2016-02-29": "-947.00000", "2015-11-30": 567, "2015-08-31": -648, "2015-05-31": -1012, "2015-02-28": "151.00000", "2014-11-30": 160, "2014-08-31": -669, "2014-05-31": -357, "2014-02-28": "-162.00000", "2013-11-30": -751, "2013-08-31": -113, "2013-05-31": 287, "2013-02-28": "-203.00000", "2012-11-30": -453, "2012-08-31": -1220, "2012-05-31": 533, "2012-02-29": "-50.00000", "2011-11-30": -485, "2011-08-31": -549, "2011-05-31": 171, "2011-02-28": "-230.00000", "2010-11-30": -77, "2010-08-31": -752, "2010-05-31": -551, "2010-02-28": "976.00000", "2009-11-30": -216, "2009-08-31": -211, "2009-05-31": 354, "2009-02-28": "-20.00000", "2008-11-30": -57, "2008-08-31": -34, "2008-05-31": -128, "2008-02-29": "-96.00000", "2007-11-30": -468, "2007-08-31": -982, "2007-05-31": 1237, "2007-02-28": "-391.00000", "2006-11-30": 27, "2006-08-31": -221, "2006-05-31": -384, "2006-02-28": "-634.00000", "2005-11-30": -455, "2005-08-31": -150, "2005-05-31": -5, "2005-02-28": "-282.00000"}, "Net Cash Flow": {"2020-11-30": 1500, "2020-08-31": 1295, "2020-05-31": 5528, "2020-02-29": "838.00000", "2019-11-30": -639, "2019-08-31": -46, "2019-05-31": 551, "2019-02-28": "-331.00000", "2018-11-30": 454, "2018-08-31": -526, "2018-05-31": 586, "2018-02-28": "60.00000", "2017-11-30": -127, "2017-08-31": -108, "2017-05-31": 160, "2017-02-28": "-166.00000", "2016-11-30": 141, "2016-08-31": -57, "2016-05-31": -259, "2016-02-29": "-617.00000", "2015-11-30": 856, "2015-08-31": 241, "2015-05-31": 18, "2015-02-28": "-51.00000", "2014-11-30": -105, "2014-08-31": 93, "2014-05-31": -78, "2014-02-28": "-41.00000", "2013-11-30": -519, "2013-08-31": 270, "2013-05-31": 235, "2013-02-28": "11.00000", "2012-11-30": -103, "2012-08-31": -332, "2012-05-31": 429, "2012-02-29": "21.00000", "2011-11-30": 20, "2011-08-31": -127, "2011-05-31": 92, "2011-02-28": "36.00000", "2010-11-30": -98, "2010-08-31": -67, "2010-05-31": -159, "2010-02-28": "215.00000", "2009-11-30": -438, "2009-08-31": 491, "2009-05-31": -122, "2009-02-28": "-43.00000", "2008-11-30": -142, "2008-08-31": -196, "2008-05-31": 22, "2008-02-29": "23.00000", "2007-11-30": -469, "2007-08-31": -447, "2007-05-31": 1278, "2007-02-28": "-582.00000", "2006-11-30": 569, "2006-08-31": 24, "2006-05-31": 175, "2006-02-28": "-783.00000", "2005-11-30": 39, "2005-08-31": 418, "2005-05-31": 400, "2005-02-28": "-322.00000"}, "Stock-Based Compensation": {"2020-11-30": 53, "2020-08-31": 14, "2020-05-31": 18, "2020-02-29": "20.00000", "2019-11-30": 8, "2019-08-31": 11, "2019-05-31": 7, "2019-02-28": "20.00000", "2018-11-30": 16, "2018-08-31": 17, "2018-05-31": 14, "2018-02-28": "18.00000", "2017-11-30": 15, "2017-08-31": 14, "2017-05-31": 14, "2017-02-28": "20.00000", "2016-11-30": 15, "2016-08-31": 12, "2016-05-31": 12, "2016-02-29": "16.00000", "2015-11-30": 17, "2015-08-31": 13, "2015-05-31": 14, "2015-02-28": "11.00000", "2014-11-30": 15, "2014-08-31": 11, "2014-05-31": 13, "2014-02-28": "13.00000", "2013-11-30": 10, "2013-08-31": 8, "2013-05-31": 6, "2013-02-28": "18.00000", "2012-11-30": 9, "2012-08-31": 8, "2012-05-31": 8, "2012-02-29": "14.00000", "2011-11-30": 7, "2011-08-31": 10, "2011-05-31": 12, "2011-02-28": "17.00000", "2010-11-30": 10, "2010-08-31": 10, "2010-05-31": 8, "2010-02-28": "15.00000", "2009-11-30": 9, "2009-08-31": 9, "2009-05-31": 13, "2009-02-28": "19.00000", "2008-11-30": 9, "2008-08-31": 11, "2008-05-31": 11, "2008-02-29": "19.00000", "2007-11-30": 13, "2007-08-31": 19, "2007-05-31": 13, "2007-02-28": "19.00000", "2006-11-30": 18, "2006-08-31": 16, "2006-05-31": 14, "2006-02-28": "20.00000", "2005-11-30": 2, "2005-08-31": 3, "2005-05-31": 3, "2005-02-28": "4.00000"}, "Common Stock Dividends Paid": {"2020-11-30": 0, "2020-08-31": 0, "2020-05-31": -345, "2020-02-29": "-344.00000", "2019-11-30": -346, "2019-08-31": -347, "2019-05-31": -346, "2019-02-28": "-348.00000", "2018-11-30": -352, "2018-08-31": -357, "2018-05-31": -323, "2018-02-28": "-323.00000", "2017-11-30": -290, "2017-08-31": -290, "2017-05-31": -253, "2017-02-28": "-254.00000", "2016-11-30": -256, "2016-08-31": -262, "2016-05-31": -227, "2016-02-29": "-232.00000", "2015-11-30": -232, "2015-08-31": -196, "2015-05-31": -194, "2015-02-28": "-194.00000", "2014-11-30": -194, "2014-08-31": -194, "2014-05-31": -194, "2014-02-28": "-194.00000", "2013-11-30": -194, "2013-08-31": -193, "2013-05-31": -195, "2013-02-28": "-582.00000", "2012-11-30": -195, "2012-08-31": -196, "2012-05-31": -194, "2012-02-29": "-194.00000", "2011-11-30": -197, "2011-08-31": -197, "2011-05-31": -198, "2011-02-28": "-79.00000", "2010-11-30": -79, "2010-08-31": -79, "2010-05-31": -79, "2010-02-28": "0.00000", "2009-11-30": 0, "2009-08-31": 0, "2009-05-31": 0, "2009-02-28": "-314.00000", "2008-11-30": -316, "2008-08-31": -315, "2008-05-31": -314, "2008-02-29": "-316.00000", "2007-11-30": -277, "2007-08-31": -278, "2007-05-31": -218, "2007-02-28": "-217.00000", "2006-11-30": -198, "2006-08-31": -201, "2006-05-31": -202, "2006-02-28": "-202.00000", "2005-11-30": -164, "2005-08-31": -161, "2005-05-31": -121, "2005-02-28": "-120.00000"}}, "financial ratios": {"Current Ratio": {"2020-11-30": "1.21610", "2019-11-30": "0.22560", "2018-11-30": "0.24170", "2017-11-30": "0.18140", "2016-11-30": "0.23880", "2015-11-30": "0.35240", "2014-11-30": "0.21500", "2013-11-30": "0.28820", "2012-11-30": "0.24810", "2011-11-30": "0.21490", "2010-11-30": "0.21620", "2009-11-30": "0.30560", "2008-11-30": "0.28540", "2007-11-30": "0.27220", "2006-11-30": "0.36840", "2005-11-30": "0.40910"}, "Long-term Debt / Capital": {"2020-11-30": "0.51840", "2019-11-30": "0.27610", "2018-11-30": "0.24420", "2017-11-30": "0.22410", "2016-11-30": "0.26870", "2015-11-30": "0.23770", "2014-11-30": "0.23320", "2013-11-30": "0.24790", "2012-11-30": "0.23050", "2011-11-30": "0.25260", "2010-11-30": "0.25810", "2009-11-30": "0.29220", "2008-11-30": "0.28830", "2007-11-30": "0.24030", "2006-11-30": "0.25870", "2005-11-30": "0.25330"}, "Debt/Equity Ratio": {"2020-11-30": "1.31140", "2019-11-30": "0.45350", "2018-11-30": "0.42230", "2017-11-30": "0.37970", "2016-11-30": "0.41590", "2015-11-30": "0.36970", "2014-11-30": "0.37550", "2013-11-30": "0.38930", "2012-11-30": "0.37200", "2011-11-30": "0.39250", "2010-11-30": "0.40660", "2009-11-30": "0.45590", "2008-11-30": "0.48920", "2007-11-30": "0.44340", "2006-11-30": "0.43090", "2005-11-30": "0.43550"}, "Gross Margin": {"2020-11-30": "-12.20730", "2019-11-30": "38.14170", "2018-11-30": "41.34850", "2017-11-30": "40.02860", "2016-11-30": "42.74820", "2015-11-30": "39.88160", "2014-11-30": "34.39310", "2013-11-30": "31.12710", "2012-11-30": "32.90860", "2011-11-30": "34.78760", "2010-11-30": "37.16220", "2009-11-30": "37.54090", "2008-11-30": "37.51250", "2007-11-30": "41.47170", "2006-11-30": "42.63870", "2005-11-30": "43.95170"}, "Operating Margin": {"2020-11-30": "-158.44500", "2019-11-30": "15.73590", "2018-11-30": "17.60500", "2017-11-30": "16.04230", "2016-11-30": "18.73820", "2015-11-30": "16.38030", "2014-11-30": "11.15590", "2013-11-30": "8.59860", "2012-11-30": "10.67480", "2011-11-30": "14.27850", "2010-11-30": "16.22090", "2009-11-30": "16.00300", "2008-11-30": "18.25780", "2007-11-30": "20.90850", "2006-11-30": "22.07110", "2005-11-30": "23.78760"}, "EBIT Margin": {"2020-11-30": "-158.44500", "2019-11-30": "15.73590", "2018-11-30": "17.60500", "2017-11-30": "16.04230", "2016-11-30": "18.73820", "2015-11-30": "16.38030", "2014-11-30": "11.15590", "2013-11-30": "8.59860", "2012-11-30": "10.67480", "2011-11-30": "14.27850", "2010-11-30": "16.22090", "2009-11-30": "16.00300", "2008-11-30": "18.25780", "2007-11-30": "20.90850", "2006-11-30": "22.07110", "2005-11-30": "23.78760"}, "EBITDA Margin": {"2020-11-30": "-118.39140", "2019-11-30": "26.10800", "2018-11-30": "28.28770", "2017-11-30": "26.58480", "2016-11-30": "29.34290", "2015-11-30": "26.72780", "2014-11-30": "21.46190", "2013-11-30": "18.88590", "2012-11-30": "20.60200", "2011-11-30": "23.91570", "2010-11-30": "26.00730", "2009-11-30": "25.72810", "2008-11-30": "26.61400", "2007-11-30": "29.35630", "2006-11-30": "30.41640", "2005-11-30": "32.09840"}, "Pre-Tax Profit Margin": {"2020-11-30": "-183.25290", "2019-11-30": "14.69390", "2018-11-30": "16.98530", "2017-11-30": "15.22560", "2016-11-30": "17.25550", "2015-11-30": "11.44840", "2014-11-30": "7.71220", "2013-11-30": "6.78700", "2012-11-30": "8.46440", "2011-11-30": "12.10660", "2010-11-30": "13.67750", "2009-11-30": "13.41750", "2008-11-30": "15.86270", "2007-11-30": "18.59890", "2006-11-30": "19.57940", "2005-11-30": "20.95730"}, "Net Profit Margin": {"2020-11-30": "-182.94910", "2019-11-30": "14.35770", "2018-11-30": "16.69400", "2017-11-30": "14.88290", "2016-11-30": "16.95650", "2015-11-30": "11.18110", "2014-11-30": "7.65550", "2013-11-30": "6.82580", "2012-11-30": "8.43840", "2011-11-30": "12.10660", "2010-11-30": "13.67060", "2009-11-30": "13.29870", "2008-11-30": "15.54830", "2007-11-30": "18.47620", "2006-11-30": "19.24990", "2005-11-30": "20.30830"}, "Asset Turnover": {"2020-11-30": "0.10440", "2019-11-30": "0.46220", "2018-11-30": "0.44530", "2017-11-30": "0.42940", "2016-11-30": "0.42150", "2015-11-30": "0.40050", "2014-11-30": "0.40270", "2013-11-30": "0.38540", "2012-11-30": "0.39280", "2011-11-30": "0.40880", "2010-11-30": "0.38590", "2009-11-30": "0.36540", "2008-11-30": "0.44750", "2007-11-30": "0.38130", "2006-11-30": "0.38750", "2005-11-30": "0.39130"}, "Inventory Turnover Ratio": {"2020-11-30": "18.74030", "2019-11-30": "30.16860", "2018-11-30": "24.60890", "2017-11-30": "27.13440", "2016-11-30": "29.13980", "2015-11-30": "28.62730", "2014-11-30": "29.85960", "2013-11-30": "28.46260", "2012-11-30": "26.46150", "2011-11-30": "27.53740", "2010-11-30": "28.41250", "2009-11-30": "26.27190", "2008-11-30": "29.65080", "2007-11-30": "23.04530", "2006-11-30": "25.82130", "2005-11-30": "24.87200"}, "Receiveable Turnover": {"2020-11-30": "20.49450", "2019-11-30": "46.90320", "2018-11-30": "52.74020", "2017-11-30": "56.12180", "2016-11-30": "54.99660", "2015-11-30": "51.86140", "2014-11-30": "47.84340", "2013-11-30": "38.16300", "2012-11-30": "56.97040", "2011-11-30": "60.04940", "2010-11-30": "58.34270", "2009-11-30": "37.18230", "2008-11-30": "35.75840", "2007-11-30": "29.89220", "2006-11-30": "42.28210", "2005-11-30": "25.80000"}, "Days Sales In Receivables": {"2020-11-30": "17.80970", "2019-11-30": "7.78200", "2018-11-30": "6.92070", "2017-11-30": "6.50370", "2016-11-30": "6.63680", "2015-11-30": "7.03800", "2014-11-30": "7.62910", "2013-11-30": "9.56420", "2012-11-30": "6.40680", "2011-11-30": "6.07830", "2010-11-30": "6.25610", "2009-11-30": "9.81650", "2008-11-30": "10.20740", "2007-11-30": "12.21050", "2006-11-30": "8.63250", "2005-11-30": "14.14730"}, "ROE - Return On Equity": {"2020-11-30": "-49.79810", "2019-11-30": "11.78400", "2018-11-30": "12.89940", "2017-11-30": "10.76150", "2016-11-30": "12.29810", "2015-11-30": "7.39140", "2014-11-30": "5.02400", "2013-11-30": "4.29630", "2012-11-30": "5.42440", "2011-11-30": "8.02280", "2010-11-30": "8.58840", "2009-11-30": "8.12200", "2008-11-30": "12.16880", "2007-11-30": "12.06230", "2006-11-30": "12.51510", "2005-11-30": "13.34480"}, "Return On Tangible Equity": {"2020-11-30": "-55.14490", "2019-11-30": "14.04670", "2018-11-30": "15.50000", "2017-11-30": "12.99820", "2016-11-30": "15.09340", "2015-11-30": "9.03200", "2014-11-30": "6.13920", "2013-11-30": "5.26080", "2012-11-30": "6.67660", "2011-11-30": "9.96870", "2010-11-30": "10.75530", "2009-11-30": "10.38160", "2008-11-30": "15.98570", "2007-11-30": "16.09630", "2006-11-30": "16.78700", "2005-11-30": "18.17670"}, "ROA - Return On Assets": {"2020-11-30": "-19.09950", "2019-11-30": "6.63370", "2018-11-30": "7.43610", "2017-11-30": "6.39070", "2016-11-30": "7.14750", "2015-11-30": "4.47790", "2014-11-30": "3.08250", "2013-11-30": "2.63070", "2012-11-30": "3.31450", "2011-11-30": "4.94860", "2010-11-30": "5.27610", "2009-11-30": "4.85950", "2008-11-30": "6.95810", "2007-11-30": "7.04480", "2006-11-30": "7.45940", "2005-11-30": "7.94740"}, "ROI - Return On Investment": {"2020-11-30": "-23.98030", "2019-11-30": "8.53030", "2018-11-30": "9.74950", "2017-11-30": "8.35020", "2016-11-30": "8.99380", "2015-11-30": "5.63430", "2014-11-30": "3.85210", "2013-11-30": "3.23140", "2012-11-30": "4.17400", "2011-11-30": "5.99660", "2010-11-30": "6.37200", "2009-11-30": "5.74900", "2008-11-30": "8.66100", "2007-11-30": "9.16430", "2006-11-30": "9.27740", "2005-11-30": "9.96460"}, "Book Value Per Share": {"2020-11-30": "18.90980", "2019-11-30": "37.08330", "2018-11-30": "35.11930", "2017-11-30": "33.72700", "2016-11-30": "31.12540", "2015-11-30": "30.79150", "2014-11-30": "31.15060", "2013-11-30": "31.64430", "2012-11-30": "30.83630", "2011-11-30": "30.67180", "2010-11-30": "29.15320", "2009-11-30": "28.00380", "2008-11-30": "24.32870", "2007-11-30": "25.36600", "2006-11-30": "22.93450", "2005-11-30": "19.83900"}, "Operating Cash Flow Per Share": {"2020-11-30": -16.0421, "2019-11-30": 0.0963, "2018-11-30": 0.4748, "2017-11-30": 0.4679, "2016-11-30": 1.0384, "2015-11-30": 1.4257, "2014-11-30": 0.7613, "2013-11-30": -0.2024, "2012-11-30": -0.9233, "2011-11-30": 0.0302, "2010-11-30": 0.5862, "2009-11-30": 0.0011, "2008-11-30": -0.7587, "2007-11-30": 0.5686, "2006-11-30": 0.348, "2005-11-30": 3.9977}, "Free Cash Flow Per Share": {"2020-11-30": -12.4743, "2019-11-30": -2.9791, "2018-11-30": -0.1969, "2017-11-30": 0.4714, "2016-11-30": -0.081, "2015-11-30": 1.7469, "2014-11-30": 0.171, "2013-11-30": 0.0564, "2012-11-30": -0.4408, "2011-11-30": 1.0592, "2010-11-30": 0.3442, "2009-11-30": -0.0939, "2008-11-30": -0.8677, "2007-11-30": -0.4649, "2006-11-30": -0.3008, "2005-11-30": 1.68}}, "financial ratios, quarterly": {"Current Ratio": {"2020-11-30": "1.21610", "2020-08-31": "0.91010", "2020-05-31": "0.69340", "2020-02-29": "0.26920", "2019-11-30": "0.22560", "2019-08-31": "0.30360", "2019-05-31": "0.27320", "2019-02-28": "0.21790", "2018-11-30": "0.24170", "2018-08-31": "0.21880", "2018-05-31": "0.24470", "2018-02-28": "0.18830", "2017-11-30": "0.18140", "2017-08-31": "0.20840", "2017-05-31": "0.19580", "2017-02-28": "0.21390", "2016-11-30": "0.23880", "2016-08-31": "0.21890", "2016-05-31": "0.20410", "2016-02-29": "0.27910", "2015-11-30": "0.35240", "2015-08-31": "0.23960", "2015-05-31": "0.19250", "2015-02-28": "0.19240", "2014-11-30": "0.21500", "2014-08-31": "0.22700", "2014-05-31": "0.21960", "2014-02-28": "0.24600", "2013-11-30": "0.28820", "2013-08-31": "0.35180", "2013-05-31": "0.28850", "2013-02-28": "0.26420", "2012-11-30": "0.24810", "2012-08-31": "0.32700", "2012-05-31": "0.29870", "2012-02-29": "0.33210", "2011-11-30": "0.21490", "2011-08-31": "0.20300", "2011-05-31": "0.22990", "2011-02-28": "0.22720", "2010-11-30": "0.21620", "2010-08-31": "0.24590", "2010-05-31": "0.23450", "2010-02-28": "0.30790", "2009-11-30": "0.30560", "2009-08-31": "0.36330", "2009-05-31": "0.24870", "2009-02-28": "0.29190", "2008-11-30": "0.28540", "2008-08-31": "0.35220", "2008-05-31": "0.30740", "2008-02-29": "0.27360", "2007-11-30": "0.27220", "2007-08-31": "0.38090", "2007-05-31": "0.35070", "2007-02-28": "0.28170", "2006-11-30": "0.36840", "2006-08-31": "0.32250", "2006-05-31": "0.27320", "2006-02-28": "0.26700", "2005-11-30": "0.40910", "2005-08-31": "0.49930", "2005-05-31": "0.38880", "2005-02-28": "0.25860"}, "Long-term Debt / Capital": {"2020-11-30": "0.51840", "2020-08-31": "0.49240", "2020-05-31": "0.41640", "2020-02-29": "0.28620", "2019-11-30": "0.27610", "2019-08-31": "0.26010", "2019-05-31": "0.27360", "2019-02-28": "0.27370", "2018-11-30": "0.24420", "2018-08-31": "0.25180", "2018-05-31": "0.25450", "2018-02-28": "0.23390", "2017-11-30": "0.22410", "2017-08-31": "0.24210", "2017-05-31": "0.24950", "2017-02-28": "0.25600", "2016-11-30": "0.26870", "2016-08-31": "0.26650", "2016-05-31": "0.26420", "2016-02-29": "0.26100", "2015-11-30": "0.23770", "2015-08-31": "0.21330", "2015-05-31": "0.22230", "2015-02-28": "0.22920", "2014-11-30": "0.23320", "2014-08-31": "0.21690", "2014-05-31": "0.24440", "2014-02-28": "0.24620", "2013-11-30": "0.24790", "2013-08-31": "0.24310", "2013-05-31": "0.25210", "2013-02-28": "0.24470", "2012-11-30": "0.23050", "2012-08-31": "0.25520", "2012-05-31": "0.26710", "2012-02-29": "0.25190", "2011-11-30": "0.25260", "2011-08-31": "0.23760", "2011-05-31": "0.26680", "2011-02-28": "0.25010", "2010-11-30": "0.25810", "2010-08-31": "0.25280", "2010-05-31": "0.26910", "2010-02-28": "0.29430", "2009-11-30": "0.29220", "2009-08-31": "0.27970", "2009-05-31": "0.28980", "2009-02-28": "0.28650", "2008-11-30": "0.28830", "2008-08-31": "0.29110", "2008-05-31": "0.27840", "2008-02-29": "0.24110", "2007-11-30": "0.24030", "2007-08-31": "0.22540", "2007-05-31": "0.22600", "2007-02-28": "0.25180", "2006-11-30": "0.25870", "2006-08-31": "0.26830", "2006-05-31": "0.26120", "2006-02-28": "0.24790", "2005-11-30": "0.25330", "2005-08-31": "0.26850", "2005-05-31": "0.28190", "2005-02-28": "0.26850"}, "Debt/Equity Ratio": {"2020-11-30": "1.31140", "2020-08-31": "1.27730", "2020-05-31": "0.99830", "2020-02-29": "0.53260", "2019-11-30": "0.45350", "2019-08-31": "0.42450", "2019-05-31": "0.46350", "2019-02-28": "0.47800", "2018-11-30": "0.42230", "2018-08-31": "0.39010", "2018-05-31": "0.41190", "2018-02-28": "0.39210", "2017-11-30": "0.37970", "2017-08-31": "0.37940", "2017-05-31": "0.41010", "2017-02-28": "0.40120", "2016-11-30": "0.41590", "2016-08-31": "0.41020", "2016-05-31": "0.41370", "2016-02-29": "0.40080", "2015-11-30": "0.36970", "2015-08-31": "0.32280", "2015-05-31": "0.35560", "2015-02-28": "0.39140", "2014-11-30": "0.37550", "2014-08-31": "0.35250", "2014-05-31": "0.38730", "2014-02-28": "0.39270", "2013-11-30": "0.38930", "2013-08-31": "0.41290", "2013-05-31": "0.42360", "2013-02-28": "0.39910", "2012-11-30": "0.37200", "2012-08-31": "0.37420", "2012-05-31": "0.43430", "2012-02-29": "0.40280", "2011-11-30": "0.39250", "2011-08-31": "0.39680", "2011-05-31": "0.41260", "2011-02-28": "0.39710", "2010-11-30": "0.40660", "2010-08-31": "0.40770", "2010-05-31": "0.46780", "2010-02-28": "0.49700", "2009-11-30": "0.45590", "2009-08-31": "0.46910", "2009-05-31": "0.50420", "2009-02-28": "0.49680", "2008-11-30": "0.48920", "2008-08-31": "0.46890", "2008-05-31": "0.47420", "2008-02-29": "0.46560", "2007-11-30": "0.44340", "2007-08-31": "0.43550", "2007-05-31": "0.49130", "2007-02-28": "0.41660", "2006-11-30": "0.43090", "2006-08-31": "0.42270", "2006-05-31": "0.42390", "2006-02-28": "0.40360", "2005-11-30": "0.43550", "2005-08-31": "0.44360", "2005-05-31": "0.48270", "2005-02-28": "0.48490"}, "Gross Margin": {"2020-11-30": "-534.28580", "2020-08-31": "-1961.29000", "2020-05-31": "-156.21620", "2020-02-29": "26.47730", "2019-11-30": "35.72470", "2019-08-31": "46.28810", "2019-05-31": "34.70440", "2019-02-28": "32.78410", "2018-11-30": "38.82410", "2018-08-31": "49.31460", "2018-05-31": "38.46680", "2018-02-28": "35.98770", "2017-11-30": "38.55370", "2017-08-31": "45.36720", "2017-05-31": "38.25100", "2017-02-28": "35.76890", "2016-11-30": "41.08230", "2016-08-31": "49.71550", "2016-05-31": "39.05530", "2016-02-29": "38.56480", "2015-11-30": "40.21560", "2015-08-31": "49.00680", "2015-05-31": "33.03620", "2015-02-28": "33.87140", "2014-11-30": "32.85830", "2014-08-31": "44.20860", "2014-05-31": "29.20450", "2014-02-28": "27.69870", "2013-11-30": "27.77470", "2013-08-31": "38.27760", "2013-05-31": "28.51390", "2013-02-28": "27.66490", "2012-11-30": "28.70320", "2012-08-31": "44.55590", "2012-05-31": "29.96040", "2012-02-29": "24.79060", "2011-11-30": "30.49240", "2011-08-31": "44.36540", "2011-05-31": "30.35910", "2011-02-28": "29.95030", "2010-11-30": "32.62800", "2010-08-31": "47.22780", "2010-05-31": "33.73130", "2010-02-28": "31.34050", "2009-11-30": "30.29350", "2009-08-31": "46.21890", "2009-05-31": "36.05840", "2009-02-28": "35.40500", "2008-11-30": "32.47290", "2008-08-31": "45.28460", "2008-05-31": "36.08640", "2008-02-29": "32.93150", "2007-11-30": "36.45970", "2007-08-31": "49.34040", "2007-05-31": "39.20690", "2007-02-28": "37.09080", "2006-11-30": "40.19220", "2006-08-31": "49.42380", "2006-05-31": "39.14350", "2006-02-28": "38.44910", "2005-11-30": "39.92230", "2005-08-31": "51.20600", "2005-05-31": "40.85850", "2005-02-28": "40.60940"}, "Operating Margin": {"2020-11-30": "-4691.42900", "2020-08-31": "-7529.03200", "2020-05-31": "-564.59460", "2020-02-29": "-14.84650", "2019-11-30": "10.12340", "2019-08-31": "28.93010", "2019-05-31": "10.66560", "2019-02-28": "8.28160", "2018-11-30": "12.38780", "2018-08-31": "30.74020", "2018-05-31": "12.82990", "2018-02-28": "9.90080", "2017-11-30": "12.86690", "2017-08-31": "25.25840", "2017-05-31": "12.67430", "2017-02-28": "9.70720", "2016-11-30": "15.16770", "2016-08-31": "30.64550", "2016-05-31": "12.90150", "2016-02-29": "11.88720", "2015-11-30": "13.71970", "2015-08-31": "30.92360", "2015-05-31": "8.05010", "2015-02-28": "7.53330", "2014-11-30": "7.15250", "2014-08-31": "26.11680", "2014-05-31": "4.04620", "2014-02-28": "1.86890", "2013-11-30": "2.21430", "2013-08-31": "20.12270", "2013-05-31": "4.36910", "2013-02-28": "4.03560", "2012-11-30": "4.91890", "2012-08-31": "27.64730", "2012-05-31": "7.15090", "2012-02-29": "-2.28920", "2011-11-30": "8.33330", "2011-08-31": "28.33140", "2011-05-31": "7.70720", "2011-02-28": "6.87340", "2010-11-30": "9.75120", "2010-08-31": "30.96970", "2010-05-31": "10.68260", "2010-02-28": "8.02390", "2009-11-30": "8.37850", "2009-08-31": "28.89590", "2009-05-31": "11.97420", "2009-02-28": "10.85890", "2008-11-30": "12.48960", "2008-08-31": "30.84750", "2008-05-31": "14.26880", "2008-02-29": "9.89850", "2007-11-30": "13.54030", "2007-08-31": "34.48280", "2007-05-31": "15.82760", "2007-02-28": "13.13240", "2006-11-30": "16.94550", "2006-08-31": "34.31500", "2006-05-31": "16.82950", "2006-02-28": "14.16970", "2005-11-30": "17.00970", "2005-08-31": "36.62320", "2005-05-31": "18.36250", "2005-02-28": "17.44570"}, "EBIT Margin": {"2020-11-30": "-4691.42900", "2020-08-31": "-7529.03200", "2020-05-31": "-564.59460", "2020-02-29": "-14.84650", "2019-11-30": "10.12340", "2019-08-31": "28.93010", "2019-05-31": "10.66560", "2019-02-28": "8.28160", "2018-11-30": "12.38780", "2018-08-31": "30.74020", "2018-05-31": "12.82990", "2018-02-28": "9.90080", "2017-11-30": "12.86690", "2017-08-31": "25.25840", "2017-05-31": "12.67430", "2017-02-28": "9.70720", "2016-11-30": "15.16770", "2016-08-31": "30.64550", "2016-05-31": "12.90150", "2016-02-29": "11.88720", "2015-11-30": "13.71970", "2015-08-31": "30.92360", "2015-05-31": "8.05010", "2015-02-28": "7.53330", "2014-11-30": "7.15250", "2014-08-31": "26.11680", "2014-05-31": "4.04620", "2014-02-28": "1.86890", "2013-11-30": "2.21430", "2013-08-31": "20.12270", "2013-05-31": "4.36910", "2013-02-28": "4.03560", "2012-11-30": "4.91890", "2012-08-31": "27.64730", "2012-05-31": "7.15090", "2012-02-29": "-2.28920", "2011-11-30": "8.33330", "2011-08-31": "28.33140", "2011-05-31": "7.70720", "2011-02-28": "6.87340", "2010-11-30": "9.75120", "2010-08-31": "30.96970", "2010-05-31": "10.68260", "2010-02-28": "8.02390", "2009-11-30": "8.37850", "2009-08-31": "28.89590", "2009-05-31": "11.97420", "2009-02-28": "10.85890", "2008-11-30": "12.48960", "2008-08-31": "30.84750", "2008-05-31": "14.26880", "2008-02-29": "9.89850", "2007-11-30": "13.54030", "2007-08-31": "34.48280", "2007-05-31": "15.82760", "2007-02-28": "13.13240", "2006-11-30": "16.94550", "2006-08-31": "34.31500", "2006-05-31": "16.82950", "2006-02-28": "14.16970", "2005-11-30": "17.00970", "2005-08-31": "36.62320", "2005-05-31": "18.36250", "2005-02-28": "17.44570"}, "EBITDA Margin": {"2020-11-30": "", "2020-08-31": "", "2020-05-31": "", "2020-02-29": "", "2019-11-30": "", "2019-08-31": "", "2019-05-31": "", "2019-02-28": "", "2018-11-30": "", "2018-08-31": "", "2018-05-31": "", "2018-02-28": "", "2017-11-30": "", "2017-08-31": "", "2017-05-31": "", "2017-02-28": "", "2016-11-30": "", "2016-08-31": "", "2016-05-31": "", "2016-02-29": "", "2015-11-30": "", "2015-08-31": "", "2015-05-31": "", "2015-02-28": "", "2014-11-30": "", "2014-08-31": "", "2014-05-31": "", "2014-02-28": "", "2013-11-30": "", "2013-08-31": "", "2013-05-31": "", "2013-02-28": "", "2012-11-30": "", "2012-08-31": "", "2012-05-31": "", "2012-02-29": "", "2011-11-30": "", "2011-08-31": "", "2011-05-31": "", "2011-02-28": "", "2010-11-30": "", "2010-08-31": "", "2010-05-31": "", "2010-02-28": "", "2009-11-30": "", "2009-08-31": "", "2009-05-31": "", "2009-02-28": "", "2008-11-30": "", "2008-08-31": "", "2008-05-31": "", "2008-02-29": "", "2007-11-30": "", "2007-08-31": "", "2007-05-31": "", "2007-02-28": "", "2006-11-30": "", "2006-08-31": "", "2006-05-31": "", "2006-02-28": "", "2005-11-30": "", "2005-08-31": "", "2005-05-31": "", "2005-02-28": ""}, "Pre-Tax Profit Margin": {"2020-11-30": "-6391.42900", "2020-08-31": "-9229.03200", "2020-05-31": "-592.56760", "2020-02-29": "-16.07850", "2019-11-30": "9.11940", "2019-08-31": "27.96570", "2019-05-31": "9.48740", "2019-02-28": "7.23300", "2018-11-30": "11.42280", "2018-08-31": "29.88350", "2018-05-31": "12.94470", "2018-02-28": "9.21550", "2017-11-30": "13.14860", "2017-08-31": "24.80510", "2017-05-31": "9.73380", "2017-02-28": "9.33790", "2016-11-30": "15.57420", "2016-08-31": "28.74240", "2016-05-31": "16.38330", "2016-02-29": "3.91670", "2015-11-30": "7.30460", "2015-08-31": "25.59900", "2015-05-31": "6.29530", "2015-02-28": "1.47270", "2014-11-30": "-2.58130", "2014-08-31": "25.08590", "2014-05-31": "2.72500", "2014-02-28": "-0.53000", "2013-11-30": "0.92950", "2013-08-31": "19.78420", "2013-05-31": "1.17850", "2013-02-28": "1.08540", "2012-11-30": "2.59920", "2012-08-31": "28.52260", "2012-05-31": "0.39570", "2012-02-29": "-3.93630", "2011-11-30": "5.65480", "2011-08-31": "26.53220", "2011-05-31": "5.63540", "2011-02-28": "4.59200", "2010-11-30": "7.29200", "2010-08-31": "29.00380", "2010-05-31": "7.68290", "2010-02-28": "5.03460", "2009-11-30": "5.72810", "2009-08-31": "26.50400", "2009-05-31": "9.15880", "2009-02-28": "8.31010", "2008-11-30": "10.10270", "2008-08-31": "28.77030", "2008-05-31": "11.72290", "2008-02-29": "7.17010", "2007-11-30": "11.13960", "2007-08-31": "32.77020", "2007-05-31": "13.13790", "2007-02-28": "10.37950", "2006-11-30": "14.70270", "2006-08-31": "32.34320", "2006-05-31": "14.16230", "2006-02-28": "10.75920", "2005-11-30": "14.33010", "2005-08-31": "33.98950", "2005-05-31": "15.42130", "2005-02-28": "14.27380"}, "Net Profit Margin": {"2020-11-30": "-6351.42900", "2020-08-31": "-9219.35500", "2020-05-31": "-591.08110", "2020-02-29": "-16.30820", "2019-11-30": "8.84750", "2019-08-31": "27.24630", "2019-05-31": "9.32200", "2019-02-28": "7.19020", "2018-11-30": "11.06370", "2018-08-31": "29.24950", "2018-05-31": "12.87580", "2018-02-28": "9.23910", "2017-11-30": "12.81990", "2017-08-31": "24.09790", "2017-05-31": "9.60710", "2017-02-28": "9.28510", "2016-11-30": "15.44720", "2016-08-31": "27.93800", "2016-05-31": "16.32930", "2016-02-29": "3.88930", "2015-11-30": "7.27760", "2015-08-31": "24.90270", "2015-05-31": "6.18380", "2015-02-28": "1.38770", "2014-11-30": "-2.76960", "2014-08-31": "25.08590", "2014-05-31": "2.69750", "2014-02-28": "-0.55790", "2013-11-30": "1.17550", "2013-08-31": "19.76300", "2013-05-31": "1.17850", "2013-02-28": "1.02980", "2012-11-30": "2.59920", "2012-08-31": "28.39450", "2012-05-31": "0.39570", "2012-02-29": "-3.88050", "2011-11-30": "5.87120", "2011-08-31": "26.43340", "2011-05-31": "5.69060", "2011-02-28": "4.44570", "2010-11-30": "7.09180", "2010-08-31": "28.78290", "2010-05-31": "7.71350", "2010-02-28": "5.50660", "2009-11-30": "5.50010", "2009-08-31": "25.92410", "2009-05-31": "8.95520", "2009-02-28": "9.07820", "2008-11-30": "10.13050", "2008-08-31": "27.69010", "2008-05-31": "11.54530", "2008-02-29": "7.48730", "2007-11-30": "11.45970", "2007-08-31": "31.86760", "2007-05-31": "13.44830", "2007-02-28": "10.52830", "2006-11-30": "14.80950", "2006-08-31": "31.54930", "2006-05-31": "14.27500", "2006-02-28": "10.19080", "2005-11-30": "13.16510", "2005-08-31": "32.74190", "2005-05-31": "15.42130", "2005-02-28": "14.39900"}, "Asset Turnover": {"2020-11-30": "0.00070", "2020-08-31": "0.00060", "2020-05-31": "0.01490", "2020-02-29": "0.10200", "2019-11-30": "0.10610", "2019-08-31": "0.14850", "2019-05-31": "0.10870", "2019-02-28": "0.10640", "2018-11-30": "0.10510", "2018-08-31": "0.13980", "2018-05-31": "0.10330", "2018-02-28": "0.10210", "2017-11-30": "0.10440", "2017-08-31": "0.13570", "2017-05-31": "0.09750", "2017-02-28": "0.09800", "2016-11-30": "0.10120", "2016-08-31": "0.12960", "2016-05-31": "0.09300", "2016-02-29": "0.09500", "2015-11-30": "0.09460", "2015-08-31": "0.12590", "2015-05-31": "0.09300", "2015-02-28": "0.09120", "2014-11-30": "0.09430", "2014-08-31": "0.12370", "2014-05-31": "0.08960", "2014-02-28": "0.08980", "2013-11-30": "0.09120", "2013-08-31": "0.11700", "2013-05-31": "0.08700", "2013-02-28": "0.09290", "2012-11-30": "0.09140", "2012-08-31": "0.11990", "2012-05-31": "0.08970", "2012-02-29": "0.09190", "2011-11-30": "0.09570", "2011-08-31": "0.12640", "2011-05-31": "0.09100", "2011-02-28": "0.09010", "2010-11-30": "0.09330", "2010-08-31": "0.12290", "2010-05-31": "0.09070", "2010-02-28": "0.08650", "2009-11-30": "0.09530", "2009-08-31": "0.11380", "2009-05-31": "0.08290", "2009-02-28": "0.08720", "2008-11-30": "0.10790", "2008-08-31": "0.13650", "2008-05-31": "0.09520", "2008-02-29": "0.09230", "2007-11-30": "0.09140", "2007-08-31": "0.13020", "2007-05-31": "0.08740", "2007-02-28": "0.08820", "2006-11-30": "0.09190", "2006-08-31": "0.13080", "2006-05-31": "0.09080", "2006-02-28": "0.08700", "2005-11-30": "0.09080", "2005-08-31": "0.12540", "2005-05-31": "0.08890", "2005-02-28": "0.08680"}, "Inventory Turnover Ratio": {"2020-11-30": "0.66270", "2020-08-31": "1.83090", "2020-05-31": "5.23760", "2020-02-29": "8.00230", "2019-11-30": "7.19670", "2019-08-31": "7.28010", "2019-05-31": "6.30540", "2019-02-28": "7.07430", "2018-11-30": "6.05780", "2018-08-31": "7.30370", "2018-05-31": "6.66920", "2018-02-28": "6.87560", "2017-11-30": "6.76230", "2017-08-31": "8.43980", "2017-05-31": "6.94020", "2017-02-28": "6.74520", "2016-11-30": "7.20190", "2016-08-31": "8.16240", "2016-05-31": "7.16830", "2016-02-29": "6.73570", "2015-11-30": "6.72120", "2015-08-31": "8.16390", "2015-05-31": "7.35170", "2015-02-28": "7.03310", "2014-11-30": "7.15470", "2014-08-31": "7.70950", "2014-05-31": "6.71540", "2014-02-28": "6.80320", "2013-11-30": "7.06420", "2013-08-31": "7.51800", "2013-05-31": "6.52760", "2013-02-28": "6.78590", "2012-11-30": "6.54100", "2012-08-31": "7.13460", "2012-05-31": "6.57290", "2012-02-29": "7.07090", "2011-11-30": "6.86900", "2011-08-31": "7.68850", "2011-05-31": "6.90680", "2011-02-28": "6.98250", "2010-11-30": "7.36250", "2010-08-31": "8.20960", "2010-05-31": "7.28960", "2010-02-28": "6.79750", "2009-11-30": "7.64380", "2009-08-31": "7.20390", "2009-05-31": "6.12010", "2009-02-28": "6.06560", "2008-11-30": "7.72380", "2008-08-31": "7.21640", "2008-05-31": "6.18620", "2008-02-29": "6.38670", "2007-11-30": "5.99700", "2007-08-31": "7.37040", "2007-05-31": "6.25180", "2007-02-28": "6.38110", "2006-11-30": "6.38780", "2006-08-31": "7.10430", "2006-05-31": "5.82730", "2006-02-28": "5.69920", "2005-11-30": "6.18800", "2005-08-31": "6.95650", "2005-05-31": "5.88140", "2005-02-28": "5.80820"}, "Receiveable Turnover": {"2020-11-30": "0.12820", "2020-08-31": "0.08240", "2020-05-31": "1.22520", "2020-02-29": "11.82470", "2019-11-30": "10.76800", "2019-08-31": "14.81410", "2019-05-31": "11.94570", "2019-02-28": "11.50990", "2018-11-30": "12.44690", "2018-08-31": "15.94540", "2018-05-31": "12.73980", "2018-02-28": "12.26670", "2017-11-30": "13.65060", "2017-08-31": "17.02160", "2017-05-31": "12.36680", "2017-02-28": "12.34850", "2016-11-30": "13.20810", "2016-08-31": "15.87850", "2016-05-31": "11.09280", "2016-02-29": "11.73960", "2015-11-30": "12.24420", "2015-08-31": "14.88720", "2015-05-31": "9.44740", "2015-02-28": "10.73250", "2014-11-30": "11.20180", "2014-08-31": "13.93520", "2014-05-31": "12.61460", "2014-02-28": "13.89540", "2013-11-30": "9.03210", "2013-08-31": "10.64410", "2013-05-31": "8.52700", "2013-02-28": "8.98250", "2012-11-30": "13.25190", "2012-08-31": "15.30720", "2012-05-31": "12.37060", "2012-02-29": "12.52450", "2011-11-30": "14.05320", "2011-08-31": "14.32860", "2011-05-31": "10.05560", "2011-02-28": "11.10070", "2010-11-30": "14.10080", "2010-08-31": "11.66750", "2010-05-31": "7.18020", "2010-02-28": "8.10710", "2009-11-30": "9.69340", "2009-08-31": "8.69540", "2009-05-31": "6.95280", "2009-02-28": "7.12440", "2008-11-30": "8.61960", "2008-08-31": "7.49840", "2008-05-31": "6.23250", "2008-02-29": "7.26270", "2007-11-30": "7.16510", "2007-08-31": "10.21510", "2007-05-31": "7.23190", "2007-02-28": "9.36590", "2006-11-30": "10.03210", "2006-08-31": "9.86110", "2006-05-31": "6.57280", "2006-02-28": "5.79530", "2005-11-30": "5.98840", "2005-08-31": "8.31110", "2005-05-31": "6.01910", "2005-02-28": "7.21690"}, "Days Sales In Receivables": {"2020-11-30": "701.99990", "2020-08-31": "1091.61300", "2020-05-31": "73.45950", "2020-02-29": "7.61120", "2019-11-30": "8.35810", "2019-08-31": "6.07530", "2019-05-31": "7.53410", "2019-02-28": "7.81940", "2018-11-30": "7.23070", "2018-08-31": "5.64430", "2018-05-31": "7.06450", "2018-02-28": "7.33700", "2017-11-30": "6.59310", "2017-08-31": "5.28740", "2017-05-31": "7.27760", "2017-02-28": "7.28830", "2016-11-30": "6.81400", "2016-08-31": "5.66800", "2016-05-31": "8.11340", "2016-02-29": "7.66640", "2015-11-30": "7.35040", "2015-08-31": "6.04550", "2015-05-31": "9.52650", "2015-02-28": "8.38570", "2014-11-30": "8.03440", "2014-08-31": "6.45850", "2014-05-31": "7.13460", "2014-02-28": "6.47700", "2013-11-30": "9.96450", "2013-08-31": "8.45540", "2013-05-31": "10.55480", "2013-02-28": "10.01950", "2012-11-30": "6.79150", "2012-08-31": "5.87960", "2012-05-31": "7.27530", "2012-02-29": "7.18590", "2011-11-30": "6.40420", "2011-08-31": "6.28110", "2011-05-31": "8.95030", "2011-02-28": "8.10760", "2010-11-30": "6.38260", "2010-08-31": "7.71370", "2010-05-31": "12.53440", "2010-02-28": "11.10130", "2009-11-30": "9.28470", "2009-08-31": "10.35030", "2009-05-31": "12.94440", "2009-02-28": "12.63270", "2008-11-30": "10.44130", "2008-08-31": "12.00250", "2008-05-31": "14.44050", "2008-02-29": "12.39210", "2007-11-30": "12.56080", "2007-08-31": "8.81050", "2007-05-31": "12.44480", "2007-02-28": "9.60940", "2006-11-30": "8.97120", "2006-08-31": "9.12680", "2006-05-31": "13.69270", "2006-02-28": "15.52980", "2005-11-30": "15.02910", "2005-08-31": "10.82890", "2005-05-31": "14.95230", "2005-02-28": "12.47080"}, "ROE - Return On Equity": {"2020-11-30": "-10.81000", "2020-08-31": "-14.65930", "2020-05-31": "-20.98950", "2020-02-29": "-3.21530", "2019-11-30": "1.66370", "2019-08-31": "7.03700", "2019-05-31": "1.87070", "2019-02-28": "1.38600", "2018-11-30": "2.02510", "2018-08-31": "6.92380", "2018-05-31": "2.34400", "2018-02-28": "1.59950", "2017-11-30": "2.25470", "2017-08-31": "5.49810", "2017-05-31": "1.65040", "2017-02-28": "1.55340", "2016-11-30": "2.69060", "2016-08-31": "6.21830", "2016-05-31": "2.65460", "2016-02-29": "0.62760", "2015-11-30": "1.13580", "2015-08-31": "4.99320", "2015-05-31": "0.95480", "2015-02-28": "0.20990", "2014-11-30": "-0.42550", "2014-08-31": "4.93300", "2014-05-31": "0.40220", "2014-02-28": "-0.08170", "2013-11-30": "0.17510", "2013-08-31": "3.85000", "2013-05-31": "0.17610", "2013-02-28": "0.15730", "2012-11-30": "0.38860", "2012-08-31": "5.49750", "2012-05-31": "0.06080", "2012-02-29": "-0.58770", "2011-11-30": "0.91050", "2011-08-31": "5.40160", "2011-05-31": "0.86370", "2011-02-28": "0.64860", "2010-11-30": "1.07680", "2010-08-31": "5.76680", "2010-05-31": "1.20780", "2010-02-28": "0.81700", "2009-11-30": "0.87570", "2009-08-31": "4.97680", "2009-05-31": "1.29510", "2009-02-28": "1.35740", "2008-11-30": "1.91120", "2008-08-31": "6.55970", "2008-05-31": "1.95680", "2008-02-29": "1.19550", "2007-11-30": "1.79330", "2007-08-31": "6.98700", "2007-05-31": "2.09910", "2007-02-28": "1.54320", "2006-11-30": "2.28450", "2006-08-31": "6.89080", "2006-05-31": "2.22290", "2006-02-28": "1.46110", "2005-11-30": "2.00790", "2005-08-31": "6.91050", "2005-05-31": "2.41590", "2005-02-28": "2.15400"}, "Return On Tangible Equity": {"2020-11-30": "-11.97070", "2020-08-31": "-16.32780", "2020-05-31": "-23.16490", "2020-02-29": "-3.72950", "2019-11-30": "1.98320", "2019-08-31": "8.37920", "2019-05-31": "2.25170", "2019-02-28": "1.67020", "2018-11-30": "2.43340", "2018-08-31": "8.31750", "2018-05-31": "2.83330", "2018-02-28": "1.93360", "2017-11-30": "2.72330", "2017-08-31": "6.65560", "2017-05-31": "2.02400", "2017-02-28": "1.90580", "2016-11-30": "3.30220", "2016-08-31": "7.63700", "2016-05-31": "3.27610", "2016-02-29": "0.77380", "2015-11-30": "1.38800", "2015-08-31": "6.06360", "2015-05-31": "1.17060", "2015-02-28": "0.25730", "2014-11-30": "-0.52000", "2014-08-31": "6.00500", "2014-05-31": "0.49390", "2014-02-28": "-0.10030", "2013-11-30": "0.21440", "2013-08-31": "4.71190", "2013-05-31": "0.21750", "2013-02-28": "0.19400", "2012-11-30": "0.47840", "2012-08-31": "6.73760", "2012-05-31": "0.07530", "2012-02-29": "-0.72600", "2011-11-30": "1.13140", "2011-08-31": "6.70980", "2011-05-31": "1.08240", "2011-02-28": "0.81170", "2010-11-30": "1.34850", "2010-08-31": "7.23970", "2010-05-31": "1.54020", "2010-02-28": "1.04310", "2009-11-30": "1.11940", "2009-08-31": "6.37700", "2009-05-31": "1.68490", "2009-02-28": "1.77500", "2008-11-30": "2.51070", "2008-08-31": "8.62110", "2008-05-31": "2.61340", "2008-02-29": "1.59910", "2007-11-30": "2.39300", "2007-08-31": "9.16900", "2007-05-31": "2.80170", "2007-02-28": "2.06550", "2006-11-30": "3.06420", "2006-08-31": "9.27220", "2006-05-31": "3.04070", "2006-02-28": "1.97870", "2005-11-30": "2.73500", "2005-08-31": "9.39990", "2005-05-31": "3.37010", "2005-02-28": "3.02900"}, "ROA - Return On Assets": {"2020-11-30": "-4.14610", "2020-08-31": "-5.62600", "2020-05-31": "-8.78010", "2020-02-29": "-1.66370", "2019-11-30": "0.93660", "2019-08-31": "4.04540", "2019-05-31": "1.01320", "2019-02-28": "0.76490", "2018-11-30": "1.16740", "2018-08-31": "4.08830", "2018-05-31": "1.32990", "2018-02-28": "0.94110", "2017-11-30": "1.33900", "2017-08-31": "3.26990", "2017-05-31": "0.93690", "2017-02-28": "0.90950", "2016-11-30": "1.56370", "2016-08-31": "3.62050", "2016-05-31": "1.51820", "2016-02-29": "0.36930", "2015-11-30": "0.68810", "2015-08-31": "3.13430", "2015-05-31": "0.57500", "2015-02-28": "0.12660", "2014-11-30": "-0.26110", "2014-08-31": "3.10270", "2014-05-31": "0.24180", "2014-02-28": "-0.05010", "2013-11-30": "0.10720", "2013-08-31": "2.31230", "2013-05-31": "0.10260", "2013-02-28": "0.09570", "2012-11-30": "0.23750", "2012-08-31": "3.40310", "2012-05-31": "0.03550", "2012-02-29": "-0.35670", "2011-11-30": "0.56160", "2011-08-31": "3.34030", "2011-05-31": "0.51810", "2011-02-28": "0.40040", "2010-11-30": "0.66150", "2010-08-31": "3.53620", "2010-05-31": "0.69940", "2010-02-28": "0.47640", "2009-11-30": "0.52400", "2009-08-31": "2.95110", "2009-05-31": "0.74270", "2009-02-28": "0.79180", "2008-11-30": "1.09280", "2008-08-31": "3.77860", "2008-05-31": "1.09950", "2008-02-29": "0.69120", "2007-11-30": "1.04740", "2007-08-31": "4.14910", "2007-05-31": "1.17520", "2007-02-28": "0.92910", "2006-11-30": "1.36160", "2006-08-31": "4.12510", "2006-05-31": "1.29680", "2006-02-28": "0.88640", "2005-11-30": "1.19580", "2005-08-31": "4.10550", "2005-05-31": "1.37070", "2005-02-28": "1.25000"}, "ROI - Return On Investment": {"2020-11-30": "-5.20560", "2020-08-31": "-7.44160", "2020-05-31": "-12.24870", "2020-02-29": "-2.29520", "2019-11-30": "1.20430", "2019-08-31": "5.20650", "2019-05-31": "1.35890", "2019-02-28": "1.00670", "2018-11-30": "1.53060", "2018-08-31": "5.18040", "2018-05-31": "1.74740", "2018-02-28": "1.22540", "2017-11-30": "1.74950", "2017-08-31": "4.16680", "2017-05-31": "1.23860", "2017-02-28": "1.15580", "2016-11-30": "1.96770", "2016-08-31": "4.56120", "2016-05-31": "1.95330", "2016-02-29": "0.46380", "2015-11-30": "0.86580", "2015-08-31": "3.92800", "2015-05-31": "0.74250", "2015-02-28": "0.16170", "2014-11-30": "-0.32630", "2014-08-31": "3.86320", "2014-05-31": "0.30390", "2014-02-28": "-0.06160", "2013-11-30": "0.13170", "2013-08-31": "2.91400", "2013-05-31": "0.13170", "2013-02-28": "0.11880", "2012-11-30": "0.29910", "2012-08-31": "4.09460", "2012-05-31": "0.04460", "2012-02-29": "-0.43960", "2011-11-30": "0.68060", "2011-08-31": "4.11820", "2011-05-31": "0.63330", "2011-02-28": "0.48640", "2010-11-30": "0.79890", "2010-08-31": "4.30900", "2010-05-31": "0.88280", "2010-02-28": "0.57660", "2009-11-30": "0.61990", "2009-08-31": "3.58470", "2009-05-31": "0.91980", "2009-02-28": "0.96860", "2008-11-30": "1.36030", "2008-08-31": "4.65010", "2008-05-31": "1.41210", "2008-02-29": "0.90730", "2007-11-30": "1.36250", "2007-08-31": "5.41210", "2007-05-31": "1.62470", "2007-02-28": "1.15460", "2006-11-30": "1.69350", "2006-08-31": "5.04190", "2006-05-31": "1.64220", "2006-02-28": "1.09890", "2005-11-30": "1.49930", "2005-08-31": "5.05480", "2005-05-31": "1.73490", "2005-02-28": "1.57560"}, "Book Value Per Share": {"2020-11-30": "18.90980", "2020-08-31": "22.75730", "2020-05-31": "27.49340", "2020-02-29": "35.45990", "2019-11-30": "37.08330", "2019-08-31": "36.81950", "2019-05-31": "34.93910", "2019-02-28": "35.08100", "2018-11-30": "35.11930", "2018-08-31": "35.22000", "2018-05-31": "33.66100", "2018-02-28": "34.05310", "2017-11-30": "33.72700", "2017-08-31": "33.52570", "2017-05-31": "31.71820", "2017-02-28": "31.21210", "2016-11-30": "31.12540", "2016-08-31": "31.36990", "2016-05-31": "30.59200", "2016-02-29": "29.96690", "2015-11-30": "30.79150", "2015-08-31": "31.30210", "2015-05-31": "29.88690", "2015-02-28": "30.01290", "2014-11-30": "31.15060", "2014-08-31": "32.37710", "2014-05-31": "31.35780", "2014-02-28": "31.49290", "2013-11-30": "31.64430", "2013-08-31": "31.26290", "2013-05-31": "30.03870", "2013-02-28": "30.35230", "2012-11-30": "30.83630", "2012-08-31": "31.13640", "2012-05-31": "29.55840", "2012-02-29": "30.36330", "2011-11-30": "30.67180", "2011-08-31": "31.65220", "2011-05-31": "30.11620", "2011-02-28": "29.58970", "2010-11-30": "29.15320", "2010-08-31": "28.63750", "2010-05-31": "26.44360", "2010-02-28": "27.14700", "2009-11-30": "28.00380", "2009-08-31": "27.43000", "2009-05-31": "25.90220", "2009-02-28": "24.33800", "2008-11-30": "24.32870", "2008-08-31": "25.85370", "2008-05-31": "25.35620", "2008-02-29": "25.11450", "2007-11-30": "25.36600", "2007-08-31": "24.88380", "2007-05-31": "23.36980", "2007-02-28": "23.06670", "2006-11-30": "22.93450", "2006-08-31": "22.51760", "2006-05-31": "21.34210", "2006-02-28": "21.23490", "2005-11-30": "19.83900", "2005-08-31": "21.15100", "2005-05-31": "19.97510", "2005-02-28": "19.89690"}, "Operating Cash Flow Per Share": {"2020-11-30": -2.1316, "2020-08-31": -3.4966, "2020-05-31": -3.8413, "2020-02-29": "1.33920", "2019-11-30": 1.524, "2019-08-31": 1.8149, "2019-05-31": 2.9671, "2019-02-28": "1.60580", "2018-11-30": 1.5411, "2018-08-31": 1.9569, "2018-05-31": 2.8377, "2018-02-28": "1.47980", "2017-11-30": 1.4206, "2017-08-31": 2.0013, "2017-05-31": 2.6386, "2017-02-28": "1.28020", "2016-11-30": 1.3112, "2016-08-31": 2.0012, "2016-05-31": 2.5227, "2016-02-29": "1.03770", "2015-11-30": 1.2672, "2015-08-31": 1.6364, "2015-05-31": 1.9411, "2015-02-28": "0.98970", "2014-11-30": 0.8187, "2014-08-31": 1.4396, "2014-05-31": 1.5357, "2014-02-28": "0.61470", "2013-11-30": 0.6114, "2013-08-31": 1.0334, "2013-05-31": 1.4897, "2013-02-28": "0.51290", "2012-11-30": 0.6714, "2012-08-31": 1.3068, "2012-05-31": 1.4577, "2012-02-29": "0.41390", "2011-11-30": 0.965, "2011-08-31": 1.537, "2011-05-31": 1.7522, "2011-02-28": "0.51890", "2010-11-30": 0.9166, "2010-08-31": 1.6005, "2010-05-31": 1.7339, "2010-02-28": "0.49190", "2009-11-30": 0.9058, "2009-08-31": 1.4586, "2009-05-31": 1.4125, "2009-02-28": "0.37980", "2008-11-30": 0.6187, "2008-08-31": 1.3208, "2008-05-31": 1.7579, "2008-02-29": "0.45820", "2007-11-30": 1.0398, "2007-08-31": 1.3522, "2007-05-31": 1.8022, "2007-02-28": "0.72010", "2006-11-30": 0.9426, "2006-08-31": 1.1591, "2006-05-31": 1.5125, "2006-02-28": "0.73150", "2005-11-30": 0.7284, "2005-08-31": 1.2072, "2005-05-31": 1.427, "2005-02-28": "0.63510"}, "Free Cash Flow Per Share": {"2020-11-30": -4.2709, "2020-08-31": -3.6112, "2020-05-31": -4.2192, "2020-02-29": "-0.26900", "2019-11-30": -1.3157, "2019-08-31": 1.1975, "2019-05-31": 1.6798, "2019-02-28": "-1.45760", "2018-11-30": 0.3476, "2018-08-31": 1.3537, "2018-05-31": 0.7003, "2018-02-28": "0.68150", "2017-11-30": 0.5224, "2017-08-31": 1.3958, "2017-05-31": 0.6475, "2017-02-28": "0.71430", "2016-11-30": 0.4906, "2016-08-31": 1.3432, "2016-05-31": 0.3662, "2016-02-29": "0.60860", "2015-11-30": 0.4722, "2015-08-31": 1.2251, "2015-05-31": 1.4118, "2015-02-28": "-0.21950", "2014-11-30": -0.3457, "2014-08-31": 0.9923, "2014-05-31": 0.3363, "2014-02-28": "0.15980", "2013-11-30": 0.1776, "2013-08-31": 0.5637, "2013-05-31": -0.0627, "2013-02-28": "0.29310", "2012-11-30": 0.4557, "2012-08-31": 1.0925, "2012-05-31": -0.7627, "2012-02-29": "0.12980", "2011-11-30": 0.6225, "2011-08-31": 0.5079, "2011-05-31": -0.0766, "2011-02-28": "0.30230", "2010-11-30": -0.0083, "2010-08-31": 0.7692, "2010-05-31": 0.4962, "2010-02-28": "-0.96020", "2009-11-30": -0.3291, "2009-08-31": 0.9223, "2009-05-31": -0.6393, "2009-02-28": "-0.00120", "2008-11-30": -0.145, "2008-08-31": -0.0795, "2008-05-31": 0.1298, "2008-02-29": "0.14130", "2007-11-30": -0.0941, "2007-08-31": 0.889, "2007-05-31": 0.1677, "2007-02-28": "-0.04830", "2006-11-30": 0.6018, "2006-08-31": 0.2988, "2006-05-31": 0.6504, "2006-02-28": "-0.17180", "2005-11-30": 0.3217, "2005-08-31": 0.5948, "2005-05-31": 0.7787, "2005-02-28": "-0.01520"}}, "revenue": {"Carnival Annual Revenue (Millions of US $)": {"2020": "$5,595", "2019": "$20,825", "2018": "$18,881", "2017": "$17,510", "2016": "$16,389", "2015": "$15,714", "2014": "$15,884", "2013": "$15,456", "2012": "$15,382", "2011": "$15,793", "2010": "$14,469", "2009": "$13,460", "2008": "$14,947", "2007": "$13,033", "2006": "$11,839", "2005": "$11,094"}, "Carnival Quarterly Revenue (Millions of US $)": {"2020-11-30": "$35", "2020-08-31": "$31", "2020-05-31": "$740", "2020-02-29": "$4,789", "2019-11-30": "$4,781", "2019-08-31": "$6,533", "2019-05-31": "$4,838", "2019-02-28": "$4,673", "2018-11-30": "$4,456", "2018-08-31": "$5,836", "2018-05-31": "$4,357", "2018-02-28": "$4,232", "2017-11-30": "$4,259", "2017-08-31": "$5,515", "2017-05-31": "$3,945", "2017-02-28": "$3,791", "2016-11-30": "$3,936", "2016-08-31": "$5,097", "2016-05-31": "$3,705", "2016-02-29": "$3,651", "2015-11-30": "$3,710", "2015-08-31": "$4,883", "2015-05-31": "$3,590", "2015-02-28": "$3,531", "2014-11-30": "$3,719", "2014-08-31": "$4,947", "2014-05-31": "$3,633", "2014-02-28": "$3,585", "2013-11-30": "$3,658", "2013-08-31": "$4,726", "2013-05-31": "$3,479", "2013-02-28": "$3,593", "2012-11-30": "$3,578", "2012-08-31": "$4,684", "2012-05-31": "$3,538", "2012-02-29": "$3,582", "2011-11-30": "$3,696", "2011-08-31": "$5,058", "2011-05-31": "$3,620", "2011-02-28": "$3,419", "2010-11-30": "$3,497", "2010-08-31": "$4,527", "2010-05-31": "$3,267", "2010-02-28": "$3,178", "2009-11-30": "$3,509", "2009-08-31": "$4,139", "2009-05-31": "$2,948", "2009-02-28": "$2,864", "2008-11-30": "$3,603", "2008-08-31": "$4,814", "2008-05-31": "$3,378", "2008-02-29": "$3,152", "2007-11-30": "$3,124", "2007-08-31": "$4,321", "2007-05-31": "$2,900", "2007-02-28": "$2,688", "2006-11-30": "$2,809", "2006-08-31": "$3,905", "2006-05-31": "$2,662", "2006-02-28": "$2,463", "2005-11-30": "$2,575", "2005-08-31": "$3,607", "2005-05-31": "$2,516", "2005-02-28": "$2,396"}}, "gross-profit": {"Carnival Annual Gross Profit (Millions of US $)": {"2020": "$-683", "2019": "$7,943", "2018": "$7,807", "2017": "$7,009", "2016": "$7,006", "2015": "$6,267", "2014": "$5,463", "2013": "$4,811", "2012": "$5,062", "2011": "$5,494", "2010": "$5,377", "2009": "$5,053", "2008": "$5,607", "2007": "$5,405", "2006": "$5,048", "2005": "$4,876"}, "Carnival Quarterly Gross Profit (Millions of US $)": {"2020-11-30": "$-187", "2020-08-31": "$-608", "2020-05-31": "$-1,156", "2020-02-29": "$1,268", "2019-11-30": "$1,708", "2019-08-31": "$3,024", "2019-05-31": "$1,679", "2019-02-28": "$1,532", "2018-11-30": "$1,730", "2018-08-31": "$2,878", "2018-05-31": "$1,676", "2018-02-28": "$1,523", "2017-11-30": "$1,642", "2017-08-31": "$2,502", "2017-05-31": "$1,509", "2017-02-28": "$1,356", "2016-11-30": "$1,617", "2016-08-31": "$2,534", "2016-05-31": "$1,447", "2016-02-29": "$1,408", "2015-11-30": "$1,492", "2015-08-31": "$2,393", "2015-05-31": "$1,186", "2015-02-28": "$1,196", "2014-11-30": "$1,222", "2014-08-31": "$2,187", "2014-05-31": "$1,061", "2014-02-28": "$993", "2013-11-30": "$1,016", "2013-08-31": "$1,809", "2013-05-31": "$992", "2013-02-28": "$994", "2012-11-30": "$1,027", "2012-08-31": "$2,087", "2012-05-31": "$1,060", "2012-02-29": "$888", "2011-11-30": "$1,127", "2011-08-31": "$2,244", "2011-05-31": "$1,099", "2011-02-28": "$1,024", "2010-11-30": "$1,141", "2010-08-31": "$2,138", "2010-05-31": "$1,102", "2010-02-28": "$996", "2009-11-30": "$1,063", "2009-08-31": "$1,913", "2009-05-31": "$1,063", "2009-02-28": "$1,014", "2008-11-30": "$1,170", "2008-08-31": "$2,180", "2008-05-31": "$1,219", "2008-02-29": "$1,038", "2007-11-30": "$1,139", "2007-08-31": "$2,132", "2007-05-31": "$1,137", "2007-02-28": "$997", "2006-11-30": "$1,129", "2006-08-31": "$1,930", "2006-05-31": "$1,042", "2006-02-28": "$947", "2005-11-30": "$1,028", "2005-08-31": "$1,847", "2005-05-31": "$1,028", "2005-02-28": "$973"}}, "operating-income": {"Carnival Annual Operating Income (Millions of US $)": {"2020": "$-8,865", "2019": "$3,277", "2018": "$3,324", "2017": "$2,809", "2016": "$3,071", "2015": "$2,574", "2014": "$1,772", "2013": "$1,329", "2012": "$1,642", "2011": "$2,255", "2010": "$2,347", "2009": "$2,154", "2008": "$2,729", "2007": "$2,725", "2006": "$2,613", "2005": "$2,639"}, "Carnival Quarterly Operating Income (Millions of US $)": {"2020-11-30": "$-1,642", "2020-08-31": "$-2,334", "2020-05-31": "$-4,178", "2020-02-29": "$-711", "2019-11-30": "$484", "2019-08-31": "$1,890", "2019-05-31": "$516", "2019-02-28": "$387", "2018-11-30": "$552", "2018-08-31": "$1,794", "2018-05-31": "$559", "2018-02-28": "$419", "2017-11-30": "$548", "2017-08-31": "$1,393", "2017-05-31": "$500", "2017-02-28": "$368", "2016-11-30": "$597", "2016-08-31": "$1,562", "2016-05-31": "$478", "2016-02-29": "$434", "2015-11-30": "$509", "2015-08-31": "$1,510", "2015-05-31": "$289", "2015-02-28": "$266", "2014-11-30": "$266", "2014-08-31": "$1,292", "2014-05-31": "$147", "2014-02-28": "$67", "2013-11-30": "$81", "2013-08-31": "$951", "2013-05-31": "$152", "2013-02-28": "$145", "2012-11-30": "$176", "2012-08-31": "$1,295", "2012-05-31": "$253", "2012-02-29": "$-82", "2011-11-30": "$308", "2011-08-31": "$1,433", "2011-05-31": "$279", "2011-02-28": "$235", "2010-11-30": "$341", "2010-08-31": "$1,402", "2010-05-31": "$349", "2010-02-28": "$255", "2009-11-30": "$294", "2009-08-31": "$1,196", "2009-05-31": "$353", "2009-02-28": "$311", "2008-11-30": "$450", "2008-08-31": "$1,485", "2008-05-31": "$482", "2008-02-29": "$312", "2007-11-30": "$423", "2007-08-31": "$1,490", "2007-05-31": "$459", "2007-02-28": "$353", "2006-11-30": "$476", "2006-08-31": "$1,340", "2006-05-31": "$448", "2006-02-28": "$349", "2005-11-30": "$438", "2005-08-31": "$1,321", "2005-05-31": "$462", "2005-02-28": "$418"}}, "ebitda": {"Carnival Annual EBITDA (Millions of US $)": {"2020": "$-6,624", "2019": "$5,437", "2018": "$5,341", "2017": "$4,655", "2016": "$4,809", "2015": "$4,200", "2014": "$3,409", "2013": "$2,919", "2012": "$3,169", "2011": "$3,777", "2010": "$3,763", "2009": "$3,463", "2008": "$3,978", "2007": "$3,826", "2006": "$3,601", "2005": "$3,561"}, "Carnival Quarterly EBITDA (Millions of US $)": {"2020-11-30": "$-1,099", "2020-08-31": "$-1,783", "2020-05-31": "$-3,601", "2020-02-29": "$-141", "2019-11-30": "$1,037", "2019-08-31": "$2,438", "2019-05-31": "$1,059", "2019-02-28": "$903", "2018-11-30": "$1,059", "2018-08-31": "$2,304", "2018-05-31": "$1,071", "2018-02-28": "$907", "2017-11-30": "$1,026", "2017-08-31": "$1,865", "2017-05-31": "$957", "2017-02-28": "$807", "2016-11-30": "$1,032", "2016-08-31": "$2,004", "2016-05-31": "$916", "2016-02-29": "$857", "2015-11-30": "$929", "2015-08-31": "$1,909", "2015-05-31": "$695", "2015-02-28": "$667", "2014-11-30": "$674", "2014-08-31": "$1,706", "2014-05-31": "$557", "2014-02-28": "$472", "2013-11-30": "$485", "2013-08-31": "$1,357", "2013-05-31": "$543", "2013-02-28": "$534", "2012-11-30": "$568", "2012-08-31": "$1,678", "2012-05-31": "$629", "2012-02-29": "$294", "2011-11-30": "$693", "2011-08-31": "$1,823", "2011-05-31": "$659", "2011-02-28": "$602", "2010-11-30": "$708", "2010-08-31": "$1,757", "2010-05-31": "$698", "2010-02-28": "$600", "2009-11-30": "$639", "2009-08-31": "$1,532", "2009-05-31": "$670", "2009-02-28": "$622", "2008-11-30": "$763", "2008-08-31": "$1,808", "2008-05-31": "$794", "2008-02-29": "$613", "2007-11-30": "$713", "2007-08-31": "$1,769", "2007-05-31": "$731", "2007-02-28": "$613", "2006-11-30": "$730", "2006-08-31": "$1,597", "2006-05-31": "$690", "2006-02-28": "$584", "2005-11-30": "$672", "2005-08-31": "$1,552", "2005-05-31": "$693", "2005-02-28": "$644"}}, "net-income": {"Carnival Annual Net Income (Millions of US $)": {"2020": "$-10,236", "2019": "$2,990", "2018": "$3,152", "2017": "$2,606", "2016": "$2,779", "2015": "$1,757", "2014": "$1,216", "2013": "$1,055", "2012": "$1,298", "2011": "$1,912", "2010": "$1,978", "2009": "$1,790", "2008": "$2,324", "2007": "$2,408", "2006": "$2,279", "2005": "$2,253"}, "Carnival Quarterly Net Income (Millions of US $)": {"2020-11-30": "$-2,223", "2020-08-31": "$-2,858", "2020-05-31": "$-4,374", "2020-02-29": "$-781", "2019-11-30": "$423", "2019-08-31": "$1,780", "2019-05-31": "$451", "2019-02-28": "$336", "2018-11-30": "$493", "2018-08-31": "$1,707", "2018-05-31": "$561", "2018-02-28": "$391", "2017-11-30": "$546", "2017-08-31": "$1,329", "2017-05-31": "$379", "2017-02-28": "$352", "2016-11-30": "$608", "2016-08-31": "$1,424", "2016-05-31": "$605", "2016-02-29": "$142", "2015-11-30": "$270", "2015-08-31": "$1,216", "2015-05-31": "$222", "2015-02-28": "$49", "2014-11-30": "$-103", "2014-08-31": "$1,241", "2014-05-31": "$98", "2014-02-28": "$-20", "2013-11-30": "$43", "2013-08-31": "$934", "2013-05-31": "$41", "2013-02-28": "$37", "2012-11-30": "$93", "2012-08-31": "$1,330", "2012-05-31": "$14", "2012-02-29": "$-139", "2011-11-30": "$217", "2011-08-31": "$1,337", "2011-05-31": "$206", "2011-02-28": "$152", "2010-11-30": "$248", "2010-08-31": "$1,303", "2010-05-31": "$252", "2010-02-28": "$175", "2009-11-30": "$193", "2009-08-31": "$1,073", "2009-05-31": "$264", "2009-02-28": "$260", "2008-11-30": "$365", "2008-08-31": "$1,333", "2008-05-31": "$390", "2008-02-29": "$236", "2007-11-30": "$358", "2007-08-31": "$1,377", "2007-05-31": "$390", "2007-02-28": "$283", "2006-11-30": "$416", "2006-08-31": "$1,232", "2006-05-31": "$380", "2006-02-28": "$251", "2005-11-30": "$339", "2005-08-31": "$1,181", "2005-05-31": "$388", "2005-02-28": "$345"}}, "eps-earnings-per-share-diluted": {"Carnival Annual EPS": {"2020": "$-13.20", "2019": "$4.32", "2018": "$4.44", "2017": "$3.59", "2016": "$3.72", "2015": "$2.26", "2014": "$1.56", "2013": "$1.36", "2012": "$1.67", "2011": "$2.42", "2010": "$2.47", "2009": "$2.24", "2008": "$2.90", "2007": "$2.95", "2006": "$2.77", "2005": "$2.70"}, "Carnival Quarterly EPS": {"2020-11-30": "$-2.30", "2020-08-31": "$-3.69", "2020-05-31": "$-6.07", "2020-02-29": "$-1.14", "2019-11-30": "$0.61", "2019-08-31": "$2.58", "2019-05-31": "$0.65", "2019-02-28": "$0.48", "2018-11-30": "$0.71", "2018-08-31": "$2.41", "2018-05-31": "$0.78", "2018-02-28": "$0.54", "2017-11-30": "$0.76", "2017-08-31": "$1.83", "2017-05-31": "$0.52", "2017-02-28": "$0.48", "2016-11-30": "$0.81", "2016-08-31": "$1.93", "2016-05-31": "$0.80", "2016-02-29": "$0.18", "2015-11-30": "$0.35", "2015-08-31": "$1.56", "2015-05-31": "$0.29", "2015-02-28": "$0.06", "2014-11-30": "$-0.14", "2014-08-31": "$1.60", "2014-05-31": "$0.13", "2014-02-28": "$-0.03", "2013-11-30": "$0.06", "2013-08-31": "$1.20", "2013-05-31": "$0.05", "2013-02-28": "$0.05", "2012-11-30": "$0.12", "2012-08-31": "$1.71", "2012-05-31": "$0.02", "2012-02-29": "$-0.18", "2011-11-30": "$0.28", "2011-08-31": "$1.69", "2011-05-31": "$0.26", "2011-02-28": "$0.19", "2010-11-30": "$0.31", "2010-08-31": "$1.62", "2010-05-31": "$0.32", "2010-02-28": "$0.22", "2009-11-30": "$0.25", "2009-08-31": "$1.33", "2009-05-31": "$0.33", "2009-02-28": "$0.33", "2008-11-30": "$0.46", "2008-08-31": "$1.65", "2008-05-31": "$0.49", "2008-02-29": "$0.30", "2007-11-30": "$0.45", "2007-08-31": "$1.67", "2007-05-31": "$0.48", "2007-02-28": "$0.35", "2006-11-30": "$0.51", "2006-08-31": "$1.49", "2006-05-31": "$0.46", "2006-02-28": "$0.31", "2005-11-30": "$0.41", "2005-08-31": "$1.40", "2005-05-31": "$0.47", "2005-02-28": "$0.42"}}, "shares-outstanding": {"Carnival Annual Shares Outstanding (Millions of Shares)": {"2020": "775", "2019": "692", "2018": "710", "2017": "725", "2016": "747", "2015": "779", "2014": "778", "2013": "777", "2012": "779", "2011": "789", "2010": "805", "2009": "804", "2008": "816", "2007": "828", "2006": "836", "2005": "853"}, "Carnival Quarterly Shares Outstanding (Millions of Shares)": {"2020-11-30": "775", "2020-08-31": "775", "2020-05-31": "721", "2020-02-29": "684", "2019-11-30": "692", "2019-08-31": "691", "2019-05-31": "693", "2019-02-28": "695", "2018-11-30": "710", "2018-08-31": "707", "2018-05-31": "715", "2018-02-28": "719", "2017-11-30": "725", "2017-08-31": "726", "2017-05-31": "727", "2017-02-28": "728", "2016-11-30": "747", "2016-08-31": "739", "2016-05-31": "753", "2016-02-29": "769", "2015-11-30": "779", "2015-08-31": "781", "2015-05-31": "780", "2015-02-28": "779", "2014-11-30": "778", "2014-08-31": "778", "2014-05-31": "778", "2014-02-28": "776", "2013-11-30": "777", "2013-08-31": "777", "2013-05-31": "777", "2013-02-28": "778", "2012-11-30": "779", "2012-08-31": "779", "2012-05-31": "779", "2012-02-29": "778", "2011-11-30": "789", "2011-08-31": "792", "2011-05-31": "793", "2011-02-28": "794", "2010-11-30": "805", "2010-08-31": "806", "2010-05-31": "806", "2010-02-28": "805", "2009-11-30": "804", "2009-08-31": "809", "2009-05-31": "804", "2009-02-28": "803", "2008-11-30": "816", "2008-08-31": "814", "2008-05-31": "819", "2008-02-29": "814", "2007-11-30": "828", "2007-08-31": "829", "2007-05-31": "829", "2007-02-28": "829", "2006-11-30": "836", "2006-08-31": "831", "2006-05-31": "840", "2006-02-28": "838", "2005-11-30": "853", "2005-08-31": "854", "2005-05-31": "854", "2005-02-28": "855"}}, "total-assets": {"Carnival Annual Total Assets (Millions of US $)": {"2020": "$53,593", "2019": "$45,058", "2018": "$42,401", "2017": "$40,778", "2016": "$38,881", "2015": "$39,237", "2014": "$39,448", "2013": "$40,104", "2012": "$39,161", "2011": "$38,637", "2010": "$37,490", "2009": "$36,835", "2008": "$33,400", "2007": "$34,181", "2006": "$30,552", "2005": "$28,349"}, "Carnival Quarterly Total Assets (Millions of US $)": {"2020-11-30": "$53,593", "2020-08-31": "$50,818", "2020-05-31": "$49,817", "2020-02-29": "$46,943", "2019-11-30": "$45,058", "2019-08-31": "$44,001", "2019-05-31": "$44,512", "2019-02-28": "$43,930", "2018-11-30": "$42,401", "2018-08-31": "$41,753", "2018-05-31": "$42,184", "2018-02-28": "$41,441", "2017-11-30": "$40,778", "2017-08-31": "$40,643", "2017-05-31": "$40,451", "2017-02-28": "$38,703", "2016-11-30": "$38,881", "2016-08-31": "$39,332", "2016-05-31": "$39,851", "2016-02-29": "$38,446", "2015-11-30": "$39,237", "2015-08-31": "$38,797", "2015-05-31": "$38,611", "2015-02-28": "$38,714", "2014-11-30": "$39,448", "2014-08-31": "$39,997", "2014-05-31": "$40,526", "2014-02-28": "$39,905", "2013-11-30": "$40,104", "2013-08-31": "$40,393", "2013-05-31": "$39,979", "2013-02-28": "$38,675", "2012-11-30": "$39,161", "2012-08-31": "$39,082", "2012-05-31": "$39,462", "2012-02-29": "$38,963", "2011-11-30": "$38,637", "2011-08-31": "$40,026", "2011-05-31": "$39,763", "2011-02-28": "$37,965", "2010-11-30": "$37,490", "2010-08-31": "$36,847", "2010-05-31": "$36,029", "2010-02-28": "$36,732", "2009-11-30": "$36,835", "2009-08-31": "$36,359", "2009-05-31": "$35,545", "2009-02-28": "$32,836", "2008-11-30": "$33,400", "2008-08-31": "$35,278", "2008-05-31": "$35,472", "2008-02-29": "$34,145", "2007-11-30": "$34,181", "2007-08-31": "$33,188", "2007-05-31": "$33,187", "2007-02-28": "$30,461", "2006-11-30": "$30,552", "2006-08-31": "$29,866", "2006-05-31": "$29,304", "2006-02-28": "$28,316", "2005-11-30": "$28,349", "2005-08-31": "$28,766", "2005-05-31": "$28,306", "2005-02-28": "$27,599"}}, "cash-on-hand": {"Carnival Annual Cash on Hand (Millions of US $)": {"2020": "$9,513", "2019": "$518", "2018": "$982", "2017": "$395", "2016": "$603", "2015": "$1,395", "2014": "$331", "2013": "$462", "2012": "$465", "2011": "$450", "2010": "$429", "2009": "$538", "2008": "$650", "2007": "$943", "2006": "$1,163", "2005": "$1,178"}, "Carnival Quarterly Cash on Hand (Millions of US $)": {"2020-11-30": "$9,513", "2020-08-31": "$8,176", "2020-05-31": "$6,881", "2020-02-29": "$1,354", "2019-11-30": "$518", "2019-08-31": "$1,153", "2019-05-31": "$1,202", "2019-02-28": "$649", "2018-11-30": "$982", "2018-08-31": "$526", "2018-05-31": "$1,053", "2018-02-28": "$453", "2017-11-30": "$395", "2017-08-31": "$489", "2017-05-31": "$597", "2017-02-28": "$437", "2016-11-30": "$603", "2016-08-31": "$462", "2016-05-31": "$519", "2016-02-29": "$778", "2015-11-30": "$1,395", "2015-08-31": "$539", "2015-05-31": "$298", "2015-02-28": "$280", "2014-11-30": "$331", "2014-08-31": "$436", "2014-05-31": "$343", "2014-02-28": "$421", "2013-11-30": "$462", "2013-08-31": "$981", "2013-05-31": "$711", "2013-02-28": "$476", "2012-11-30": "$465", "2012-08-31": "$568", "2012-05-31": "$900", "2012-02-29": "$471", "2011-11-30": "$450", "2011-08-31": "$430", "2011-05-31": "$557", "2011-02-28": "$465", "2010-11-30": "$429", "2010-08-31": "$527", "2010-05-31": "$594", "2010-02-28": "$753", "2009-11-30": "$538", "2009-08-31": "$976", "2009-05-31": "$485", "2009-02-28": "$607", "2008-11-30": "$650", "2008-08-31": "$792", "2008-05-31": "$988", "2008-02-29": "$966", "2007-11-30": "$943", "2007-08-31": "$1,753", "2007-05-31": "$2,073", "2007-02-28": "$685", "2006-11-30": "$1,163", "2006-08-31": "$615", "2006-05-31": "$583", "2006-02-28": "$406", "2005-11-30": "$1,178", "2005-08-31": "$1,373", "2005-05-31": "$1,024", "2005-02-28": "$321"}}, "long-term-debt": {"Carnival Annual Long Term Debt (Millions of US $)": {"2020": "$22,130", "2019": "$9,675", "2018": "$7,897", "2017": "$6,993", "2016": "$8,302", "2015": "$7,413", "2014": "$7,363", "2013": "$8,092", "2012": "$7,168", "2011": "$8,053", "2010": "$8,011", "2009": "$9,097", "2008": "$7,735", "2007": "$6,313", "2006": "$6,355", "2005": "$5,727"}, "Carnival Quarterly Long Term Debt (Millions of US $)": {"2020-11-30": "$22,130", "2020-08-31": "$18,916", "2020-05-31": "$14,870", "2020-02-29": "$9,738", "2019-11-30": "$9,675", "2019-08-31": "$8,893", "2019-05-31": "$9,080", "2019-02-28": "$9,134", "2018-11-30": "$7,897", "2018-08-31": "$8,297", "2018-05-31": "$8,172", "2018-02-28": "$7,445", "2017-11-30": "$6,993", "2017-08-31": "$7,723", "2017-05-31": "$7,635", "2017-02-28": "$7,796", "2016-11-30": "$8,302", "2016-08-31": "$8,320", "2016-05-31": "$8,183", "2016-02-29": "$7,990", "2015-11-30": "$7,413", "2015-08-31": "$6,604", "2015-05-31": "$6,648", "2015-02-28": "$6,944", "2014-11-30": "$7,363", "2014-08-31": "$6,967", "2014-05-31": "$7,880", "2014-02-28": "$7,992", "2013-11-30": "$8,092", "2013-08-31": "$7,792", "2013-05-31": "$7,848", "2013-02-28": "$7,622", "2012-11-30": "$7,168", "2012-08-31": "$8,289", "2012-05-31": "$8,392", "2012-02-29": "$7,964", "2011-11-30": "$8,053", "2011-08-31": "$7,714", "2011-05-31": "$8,678", "2011-02-28": "$7,815", "2010-11-30": "$8,011", "2010-08-31": "$7,644", "2010-05-31": "$7,681", "2010-02-28": "$8,933", "2009-11-30": "$9,097", "2009-08-31": "$8,373", "2009-05-31": "$8,317", "2009-02-28": "$7,690", "2008-11-30": "$7,735", "2008-08-31": "$8,345", "2008-05-31": "$7,689", "2008-02-29": "$6,271", "2007-11-30": "$6,313", "2007-08-31": "$5,735", "2007-05-31": "$5,425", "2007-02-28": "$6,172", "2006-11-30": "$6,355", "2006-08-31": "$6,556", "2006-05-31": "$6,045", "2006-02-28": "$5,661", "2005-11-30": "$5,727", "2005-08-31": "$6,274", "2005-05-31": "$6,305", "2005-02-28": "$5,879"}}, "total-liabilities": {"Carnival Annual Total Liabilities (Millions of US $)": {"2020": "$33,038", "2019": "$19,693", "2018": "$17,958", "2017": "$16,562", "2016": "$16,284", "2015": "$15,466", "2014": "$15,244", "2013": "$15,548", "2012": "$15,232", "2011": "$14,805", "2010": "$14,459", "2009": "$14,796", "2008": "$14,302", "2007": "$14,218", "2006": "$12,342", "2005": "$11,466"}, "Carnival Quarterly Total Liabilities (Millions of US $)": {"2020-11-30": "$33,038", "2020-08-31": "$31,315", "2020-05-31": "$28,977", "2020-02-29": "$22,653", "2019-11-30": "$19,693", "2019-08-31": "$18,706", "2019-05-31": "$20,404", "2019-02-28": "$19,689", "2018-11-30": "$17,958", "2018-08-31": "$17,099", "2018-05-31": "$18,251", "2018-02-28": "$17,059", "2017-11-30": "$16,562", "2017-08-31": "$16,471", "2017-05-31": "$17,487", "2017-02-28": "$16,043", "2016-11-30": "$16,284", "2016-08-31": "$16,432", "2016-05-31": "$17,060", "2016-02-29": "$15,821", "2015-11-30": "$15,466", "2015-08-31": "$14,444", "2015-05-31": "$15,359", "2015-02-28": "$15,364", "2014-11-30": "$15,244", "2014-08-31": "$14,840", "2014-05-31": "$16,161", "2014-02-28": "$15,435", "2013-11-30": "$15,548", "2013-08-31": "$16,133", "2013-05-31": "$16,699", "2013-02-28": "$15,152", "2012-11-30": "$15,232", "2012-08-31": "$14,889", "2012-05-31": "$16,436", "2012-02-29": "$15,310", "2011-11-30": "$14,805", "2011-08-31": "$15,274", "2011-05-31": "$15,911", "2011-02-28": "$14,530", "2010-11-30": "$14,459", "2010-08-31": "$14,252", "2010-05-31": "$15,165", "2010-02-28": "$15,313", "2009-11-30": "$14,796", "2009-08-31": "$14,799", "2009-05-31": "$15,160", "2009-02-28": "$13,682", "2008-11-30": "$14,302", "2008-08-31": "$14,957", "2008-05-31": "$15,542", "2008-02-29": "$14,405", "2007-11-30": "$14,218", "2007-08-31": "$13,480", "2007-05-31": "$14,608", "2007-02-28": "$12,123", "2006-11-30": "$12,342", "2006-08-31": "$11,987", "2006-05-31": "$12,209", "2006-02-28": "$11,137", "2005-11-30": "$11,466", "2005-08-31": "$11,676", "2005-05-31": "$12,246", "2005-02-28": "$11,582"}}, "total-share-holder-equity": {"Carnival Annual Share Holder Equity (Millions of US $)": {"2020": "$20,555", "2019": "$25,365", "2018": "$24,443", "2017": "$24,216", "2016": "$22,597", "2015": "$23,771", "2014": "$24,204", "2013": "$24,556", "2012": "$23,929", "2011": "$23,832", "2010": "$23,031", "2009": "$22,039", "2008": "$19,098", "2007": "$19,963", "2006": "$18,210", "2005": "$16,883"}, "Carnival Quarterly Share Holder Equity (Millions of US $)": {"2020-11-30": "$20,555", "2020-08-31": "$19,503", "2020-05-31": "$20,840", "2020-02-29": "$24,290", "2019-11-30": "$25,365", "2019-08-31": "$25,295", "2019-05-31": "$24,108", "2019-02-28": "$24,241", "2018-11-30": "$24,443", "2018-08-31": "$24,654", "2018-05-31": "$23,933", "2018-02-28": "$24,382", "2017-11-30": "$24,216", "2017-08-31": "$24,172", "2017-05-31": "$22,964", "2017-02-28": "$22,660", "2016-11-30": "$22,597", "2016-08-31": "$22,900", "2016-05-31": "$22,791", "2016-02-29": "$22,625", "2015-11-30": "$23,771", "2015-08-31": "$24,353", "2015-05-31": "$23,252", "2015-02-28": "$23,350", "2014-11-30": "$24,204", "2014-08-31": "$25,157", "2014-05-31": "$24,365", "2014-02-28": "$24,470", "2013-11-30": "$24,556", "2013-08-31": "$24,260", "2013-05-31": "$23,280", "2013-02-28": "$23,523", "2012-11-30": "$23,929", "2012-08-31": "$24,193", "2012-05-31": "$23,026", "2012-02-29": "$23,653", "2011-11-30": "$23,832", "2011-08-31": "$24,752", "2011-05-31": "$23,852", "2011-02-28": "$23,435", "2010-11-30": "$23,031", "2010-08-31": "$22,595", "2010-05-31": "$20,864", "2010-02-28": "$21,419", "2009-11-30": "$22,039", "2009-08-31": "$21,560", "2009-05-31": "$20,385", "2009-02-28": "$19,154", "2008-11-30": "$19,098", "2008-08-31": "$20,321", "2008-05-31": "$19,930", "2008-02-29": "$19,740", "2007-11-30": "$19,963", "2007-08-31": "$19,708", "2007-05-31": "$18,579", "2007-02-28": "$18,338", "2006-11-30": "$18,210", "2006-08-31": "$17,879", "2006-05-31": "$17,095", "2006-02-28": "$17,179", "2005-11-30": "$16,883", "2005-08-31": "$17,090", "2005-05-31": "$16,060", "2005-02-28": "$16,017"}}, "profit-margins": {"current": "-182.96%"}, "gross margin": {"2020-11-30": "-12.21%", "2020-08-31": "11.72%", "2020-05-31": "28.76%", "2020-02-29": "36.67%", "2019-11-30": "38.14%", "2019-08-31": "38.85%", "2019-05-31": "39.48%", "2019-02-28": "40.45%", "2018-11-30": "41.35%", "2018-08-31": "41.31%", "2018-05-31": "39.99%", "2018-02-28": "39.98%", "2017-11-30": "40.03%", "2017-08-31": "40.64%", "2017-05-31": "41.84%", "2017-02-28": "42.07%", "2016-11-30": "42.75%", "2016-08-31": "42.57%", "2016-05-31": "42.26%", "2016-02-29": "40.92%", "2015-11-30": "39.88%", "2015-08-31": "38.14%", "2015-05-31": "36.68%", "2015-02-28": "35.79%", "2014-11-30": "34.39%", "2014-08-31": "33.22%", "2014-05-31": "31.27%", "2014-02-28": "31.14%", "2013-11-30": "31.13%", "2013-08-31": "31.36%", "2013-05-31": "33.26%", "2013-02-28": "33.57%", "2012-11-30": "32.91%", "2012-08-31": "33.30%", "2012-05-31": "33.51%", "2012-02-29": "33.58%", "2011-11-30": "34.79%", "2011-08-31": "35.32%", "2011-05-31": "35.86%", "2011-02-28": "36.74%", "2010-11-30": "37.16%", "2010-08-31": "36.59%", "2010-05-31": "36.00%", "2010-02-28": "36.55%", "2009-11-30": "37.54%", "2009-08-31": "38.07%", "2009-05-31": "38.14%", "2009-02-28": "38.09%", "2008-11-30": "37.51%", "2008-08-31": "38.54%", "2008-05-31": "39.56%", "2008-02-29": "40.35%", "2007-11-30": "41.47%", "2007-08-31": "42.42%", "2007-05-31": "42.21%", "2007-02-28": "42.26%", "2006-11-30": "42.64%", "2006-08-31": "42.63%", "2006-05-31": "43.02%", "2006-02-28": "43.45%", "2005-11-30": "43.95%"}, "operating margin": {"2020-11-30": "-158.45%", "2020-08-31": "-65.17%", "2020-05-31": "-14.93%", "2020-02-29": "10.41%", "2019-11-30": "15.74%", "2019-08-31": "16.32%", "2019-05-31": "16.41%", "2019-02-28": "17.04%", "2018-11-30": "17.60%", "2018-08-31": "17.77%", "2018-05-31": "15.90%", "2018-02-28": "15.93%", "2017-11-30": "16.04%", "2017-08-31": "16.63%", "2017-05-31": "18.05%", "2017-02-28": "18.18%", "2016-11-30": "18.74%", "2016-08-31": "18.46%", "2016-05-31": "18.38%", "2016-02-29": "17.32%", "2015-11-30": "16.38%", "2015-08-31": "14.83%", "2015-05-31": "13.38%", "2015-02-28": "12.45%", "2014-11-30": "11.16%", "2014-08-31": "10.03%", "2014-05-31": "7.99%", "2014-02-28": "8.10%", "2013-11-30": "8.60%", "2013-08-31": "9.26%", "2013-05-31": "11.53%", "2013-02-28": "12.14%", "2012-11-30": "10.67%", "2012-08-31": "11.45%", "2012-05-31": "12.04%", "2012-02-29": "12.15%", "2011-11-30": "14.28%", "2011-08-31": "14.67%", "2011-05-31": "14.98%", "2011-02-28": "15.82%", "2010-11-30": "16.22%", "2010-08-31": "15.88%", "2010-05-31": "14.86%", "2010-02-28": "15.23%", "2009-11-30": "16.00%", "2009-08-31": "17.04%", "2009-05-31": "18.27%", "2009-02-28": "18.61%", "2008-11-30": "18.26%", "2008-08-31": "18.68%", "2008-05-31": "19.37%", "2008-02-29": "19.89%", "2007-11-30": "20.91%", "2007-08-31": "21.84%", "2007-05-31": "21.36%", "2007-02-28": "21.69%", "2006-11-30": "22.07%", "2006-08-31": "22.19%", "2006-05-31": "22.61%", "2006-02-28": "23.03%", "2005-11-30": "23.79%"}, "ebitda margin": {"2020-11-30": "-118.39%", "2020-08-31": "-43.40%", "2020-05-31": "-1.59%", "2020-02-29": "20.98%", "2019-11-30": "26.11%", "2019-08-31": "26.63%", "2019-05-31": "26.89%", "2019-02-28": "27.62%", "2018-11-30": "28.29%", "2018-08-31": "28.41%", "2018-05-31": "26.52%", "2018-02-28": "26.49%", "2017-11-30": "26.58%", "2017-08-31": "27.12%", "2017-05-31": "28.62%", "2017-02-28": "28.79%", "2016-11-30": "29.34%", "2016-08-31": "29.12%", "2016-05-31": "28.91%", "2016-02-29": "27.73%", "2015-11-30": "26.73%", "2015-08-31": "25.09%", "2015-05-31": "23.70%", "2015-02-28": "22.77%", "2014-11-30": "21.46%", "2014-08-31": "20.35%", "2014-05-31": "18.40%", "2014-02-28": "18.49%", "2013-11-30": "18.89%", "2013-08-31": "19.52%", "2013-05-31": "21.67%", "2013-02-28": "22.15%", "2012-11-30": "20.60%", "2012-08-31": "21.25%", "2012-05-31": "21.66%", "2012-02-29": "21.74%", "2011-11-30": "23.92%", "2011-08-31": "24.32%", "2011-05-31": "24.74%", "2011-02-28": "25.59%", "2010-11-30": "26.01%", "2010-08-31": "25.51%", "2010-05-31": "24.62%", "2010-02-28": "24.98%", "2009-11-30": "25.73%", "2009-08-31": "26.46%", "2009-05-31": "27.15%", "2009-02-28": "27.20%", "2008-11-30": "26.61%", "2008-08-31": "27.15%", "2008-05-31": "27.83%", "2008-02-29": "28.35%", "2007-11-30": "29.36%", "2007-08-31": "30.22%", "2007-05-31": "29.84%", "2007-02-28": "30.09%", "2006-11-30": "30.42%", "2006-08-31": "30.53%", "2006-05-31": "30.94%", "2006-02-28": "31.37%", "2005-11-30": "32.10%"}, "pre tax profit margin": {"2020-11-30": "-183.25%", "2020-08-31": "-73.30%", "2020-05-31": "-17.17%", "2020-02-29": "9.32%", "2019-11-30": "14.69%", "2019-08-31": "15.28%", "2019-05-31": "15.40%", "2019-02-28": "16.33%", "2018-11-30": "16.99%", "2018-08-31": "17.44%", "2018-05-31": "15.69%", "2018-02-28": "15.05%", "2017-11-30": "15.23%", "2017-08-31": "15.82%", "2017-05-31": "16.79%", "2017-02-28": "18.39%", "2016-11-30": "17.26%", "2016-08-31": "15.38%", "2016-05-31": "14.24%", "2016-02-29": "11.94%", "2015-11-30": "11.45%", "2015-08-31": "9.11%", "2015-05-31": "9.01%", "2015-02-28": "8.19%", "2014-11-30": "7.71%", "2014-08-31": "8.56%", "2014-05-31": "6.72%", "2014-02-28": "6.42%", "2013-11-30": "6.79%", "2013-08-31": "7.21%", "2013-05-31": "9.84%", "2013-02-28": "9.63%", "2012-11-30": "8.46%", "2012-08-31": "9.15%", "2012-05-31": "8.97%", "2012-02-29": "10.12%", "2011-11-30": "12.11%", "2011-08-31": "12.56%", "2011-05-31": "12.81%", "2011-02-28": "13.43%", "2010-11-30": "13.68%", "2010-08-31": "13.29%", "2010-05-31": "12.13%", "2010-02-28": "12.55%", "2009-11-30": "13.42%", "2009-08-31": "14.53%", "2009-05-31": "15.86%", "2009-02-28": "16.26%", "2008-11-30": "15.86%", "2008-08-31": "16.28%", "2008-05-31": "17.07%", "2008-02-29": "17.57%", "2007-11-30": "18.60%", "2007-08-31": "19.57%", "2007-05-31": "18.99%", "2007-02-28": "19.33%", "2006-11-30": "19.58%", "2006-08-31": "19.60%", "2006-05-31": "19.78%", "2006-02-28": "20.14%", "2005-11-30": "20.96%"}, "net profit margin": {"2020-11-30": "-182.95%", "2020-08-31": "-73.40%", "2020-05-31": "-17.53%", "2020-02-29": "8.94%", "2019-11-30": "14.36%", "2019-08-31": "14.93%", "2019-05-31": "15.08%", "2019-02-28": "16.03%", "2018-11-30": "16.69%", "2018-08-31": "17.15%", "2018-05-31": "15.40%", "2018-02-28": "14.73%", "2017-11-30": "14.88%", "2017-08-31": "15.52%", "2017-05-31": "16.48%", "2017-02-28": "18.08%", "2016-11-30": "16.96%", "2016-08-31": "15.10%", "2016-05-31": "14.00%", "2016-02-29": "11.68%", "2015-11-30": "11.18%", "2015-08-31": "8.80%", "2015-05-31": "8.93%", "2015-02-28": "8.12%", "2014-11-30": "7.66%", "2014-08-31": "8.61%", "2014-05-31": "6.76%", "2014-02-28": "6.46%", "2013-11-30": "6.83%", "2013-08-31": "7.19%", "2013-05-31": "9.79%", "2013-02-28": "9.58%", "2012-11-30": "8.44%", "2012-08-31": "9.17%", "2012-05-31": "9.00%", "2012-02-29": "10.16%", "2011-11-30": "12.11%", "2011-08-31": "12.46%", "2011-05-31": "12.67%", "2011-02-28": "13.29%", "2010-11-30": "13.67%", "2010-08-31": "13.28%", "2010-05-31": "12.01%", "2010-02-28": "12.38%", "2009-11-30": "13.30%", "2009-08-31": "14.48%", "2009-05-31": "15.62%", "2009-02-28": "16.02%", "2008-11-30": "15.55%", "2008-08-31": "16.01%", "2008-05-31": "16.89%", "2008-02-29": "17.49%", "2007-11-30": "18.48%", "2007-08-31": "19.39%", "2007-05-31": "18.87%", "2007-02-28": "19.16%", "2006-11-30": "19.25%", "2006-08-31": "18.97%", "2006-05-31": "19.02%", "2006-02-28": "19.34%", "2005-11-30": "20.31%"}, "pe ratio": {"current": "0.00", "2021-02-11": "0.00", "2020-11-30": "0.00", "2020-08-31": "0.00", "2020-05-31": "0.00", "2020-02-29": "12.39", "2019-11-30": "10.31", "2019-08-31": "9.74", "2019-05-31": "11.64", "2019-02-28": "12.62", "2018-11-30": "12.88", "2018-08-31": "12.89", "2018-05-31": "14.87", "2018-02-28": "16.98", "2017-11-30": "16.82", "2017-08-31": "17.35", "2017-05-31": "15.48", "2017-02-28": "12.50", "2016-11-30": "12.33", "2016-08-31": "13.07", "2016-05-31": "14.61", "2016-02-29": "17.70", "2015-11-30": "19.51", "2015-08-31": "23.99", "2015-05-31": "21.96", "2015-02-28": "22.60", "2014-11-30": "23.69", "2014-08-31": "17.85", "2014-05-31": "24.09", "2014-02-28": "25.35", "2013-11-30": "21.77", "2013-08-31": "21.00", "2013-05-31": "14.07", "2013-02-28": "15.33", "2012-11-30": "18.47", "2012-08-31": "15.02", "2012-05-31": "13.95", "2012-02-29": "11.54", "2011-11-30": "10.62", "2011-08-31": "10.36", "2011-05-31": "12.43", "2011-02-28": "13.25", "2010-11-30": "12.60", "2010-08-31": "9.77", "2010-05-31": "12.87", "2010-02-28": "12.68", "2009-11-30": "10.70", "2009-08-31": "8.86", "2009-05-31": "6.82", "2009-02-28": "4.96", "2008-11-30": "5.38", "2008-08-31": "9.36", "2008-05-31": "9.94", "2008-02-29": "9.69", "2007-11-30": "10.82", "2007-08-31": "10.58", "2007-05-31": "12.36", "2007-02-28": "11.38", "2006-11-30": "11.98"}, "price sales": {"2021-02-11": "2.55", "2020-11-30": "2.46", "2020-08-31": "1.10", "2020-05-31": "0.65", "2020-02-29": "1.10", "2019-11-30": "1.48", "2019-08-31": "1.46", "2019-05-31": "1.75", "2019-02-28": "2.02", "2018-11-30": "2.16", "2018-08-31": "2.22", "2018-05-31": "2.28", "2018-02-28": "2.50", "2017-11-30": "2.51", "2017-08-31": "2.70", "2017-05-31": "2.55", "2017-02-28": "2.27", "2016-11-30": "2.11", "2016-08-31": "2.00", "2016-05-31": "2.04", "2016-02-29": "2.07", "2015-11-30": "2.19", "2015-08-31": "2.12", "2015-05-31": "1.97", "2015-02-28": "1.86", "2014-11-30": "1.84", "2014-08-31": "1.58", "2014-05-31": "1.68", "2014-02-28": "1.67", "2013-11-30": "1.51", "2013-08-31": "1.51", "2013-05-31": "1.38", "2013-02-28": "1.47", "2012-11-30": "1.56", "2012-08-31": "1.39", "2012-05-31": "1.25", "2012-02-29": "1.17", "2011-11-30": "1.29", "2011-08-31": "1.29", "2011-05-31": "1.57", "2011-02-28": "1.76", "2010-11-30": "1.73", "2010-08-31": "1.30", "2010-05-31": "1.55", "2010-02-28": "1.57", "2009-11-30": "1.43", "2009-08-31": "1.30", "2009-05-31": "1.08", "2009-02-28": "0.81", "2008-11-30": "0.85", "2008-08-31": "1.52", "2008-05-31": "1.70", "2008-02-29": "1.71", "2007-11-30": "2.02", "2007-08-31": "2.08", "2007-05-31": "2.36", "2007-02-28": "2.21", "2006-11-30": "2.37"}, "price book": {"current": "0.95", "2021-02-11": "1.10", "2020-11-30": "1.06", "2020-08-31": "0.72", "2020-05-31": "0.57", "2020-02-29": "0.94", "2019-11-30": "1.20", "2019-08-31": "1.17", "2019-05-31": "1.42", "2019-02-28": "1.58", "2018-11-30": "1.63", "2018-08-31": "1.64", "2018-05-31": "1.73", "2018-02-28": "1.82", "2017-11-30": "1.79", "2017-08-31": "1.89", "2017-05-31": "1.84", "2017-02-28": "1.62", "2016-11-30": "1.48", "2016-08-31": "1.36", "2016-05-31": "1.38", "2016-02-29": "1.41", "2015-11-30": "1.43", "2015-08-31": "1.36", "2015-05-31": "1.34", "2015-02-28": "1.26", "2014-11-30": "1.21", "2014-08-31": "0.99", "2014-05-31": "1.08", "2014-02-28": "1.05", "2013-11-30": "0.95", "2013-08-31": "0.95", "2013-05-31": "0.90", "2013-02-28": "0.96", "2012-11-30": "1.00", "2012-08-31": "0.88", "2012-05-31": "0.85", "2012-02-29": "0.78", "2011-11-30": "0.84", "2011-08-31": "0.80", "2011-05-31": "0.98", "2011-02-28": "1.09", "2010-11-30": "1.07", "2010-08-31": "0.82", "2010-05-31": "1.03", "2010-02-28": "0.99", "2009-11-30": "0.85", "2009-08-31": "0.79", "2009-05-31": "0.73", "2009-02-28": "0.60", "2008-11-30": "0.64", "2008-08-31": "1.04", "2008-05-31": "1.14", "2008-02-29": "1.12", "2007-11-30": "1.25", "2007-08-31": "1.28", "2007-05-31": "1.50", "2007-02-28": "1.39", "2006-11-30": "1.46", "2006-08-31": "1.27", "2006-05-31": "1.26", "2006-02-28": "1.63"}, "price fcf": {"2021-02-11": "", "2020-11-30": "$-12.37", "2020-08-31": "$-9.42", "2020-05-31": "$-4.61", "2020-02-29": "$1.29", "2019-11-30": "$0.10", "2019-08-31": "$1.77", "2019-05-31": "$1.92", "2019-02-28": "$0.94", "2018-11-30": "$3.08", "2018-08-31": "$3.26", "2018-05-31": "$3.30", "2018-02-28": "$3.25", "2017-11-30": "$3.28", "2017-08-31": "$3.25", "2017-05-31": "$3.20", "2017-02-28": "$2.91", "2016-11-30": "$2.81", "2016-08-31": "$2.79", "2016-05-31": "$2.67", "2016-02-29": "$3.72", "2015-11-30": "$2.89", "2015-08-31": "$2.07", "2015-05-31": "$1.84", "2015-02-28": "$0.76", "2014-11-30": "$1.14", "2014-08-31": "$1.67", "2014-05-31": "$1.24", "2014-02-28": "$0.84", "2013-11-30": "$0.97", "2013-08-31": "$1.25", "2013-05-31": "$1.78", "2013-02-28": "$1.08", "2012-11-30": "$0.92", "2012-08-31": "$1.08", "2012-05-31": "$0.50", "2012-02-29": "$1.18", "2011-11-30": "$1.36", "2011-08-31": "$0.73", "2011-05-31": "$0.99", "2011-02-28": "$1.56", "2010-11-30": "$0.30", "2010-08-31": "$-0.02", "2010-05-31": "$0.13", "2010-02-28": "$-1.01", "2009-11-30": "$-0.05", "2009-08-31": "$0.14", "2009-05-31": "$-0.87", "2009-02-28": "$-0.10", "2008-11-30": "$0.05", "2008-08-31": "$0.10", "2008-05-31": "$1.07", "2008-02-29": "$1.10", "2007-11-30": "$0.91", "2007-08-31": "$1.61", "2007-05-31": "$1.02", "2007-02-28": "$1.50", "2006-11-30": "$1.38"}, "net worth": {"value": "$19.63B"}, "current ratio": {"current": "1.22", "2020-11-30": "1.22", "2020-08-31": "0.91", "2020-05-31": "0.69", "2020-02-29": "0.27", "2019-11-30": "0.23", "2019-08-31": "0.30", "2019-05-31": "0.27", "2019-02-28": "0.22", "2018-11-30": "0.24", "2018-08-31": "0.22", "2018-05-31": "0.25", "2018-02-28": "0.19", "2017-11-30": "0.18", "2017-08-31": "0.21", "2017-05-31": "0.20", "2017-02-28": "0.21", "2016-11-30": "0.24", "2016-08-31": "0.22", "2016-05-31": "0.20", "2016-02-29": "0.28", "2015-11-30": "0.35", "2015-08-31": "0.24", "2015-05-31": "0.19", "2015-02-28": "0.19", "2014-11-30": "0.22", "2014-08-31": "0.23", "2014-05-31": "0.22", "2014-02-28": "0.25", "2013-11-30": "0.29", "2013-08-31": "0.35", "2013-05-31": "0.29", "2013-02-28": "0.26", "2012-11-30": "0.25", "2012-08-31": "0.33", "2012-05-31": "0.30", "2012-02-29": "0.33", "2011-11-30": "0.22", "2011-08-31": "0.20", "2011-05-31": "0.23", "2011-02-28": "0.23", "2010-11-30": "0.22", "2010-08-31": "0.25", "2010-05-31": "0.24", "2010-02-28": "0.31", "2009-11-30": "0.31", "2009-08-31": "0.36", "2009-05-31": "0.25", "2009-02-28": "0.29", "2008-11-30": "0.29", "2008-08-31": "0.35", "2008-05-31": "0.31", "2008-02-29": "0.27", "2007-11-30": "0.27", "2007-08-31": "0.38", "2007-05-31": "0.35", "2007-02-28": "0.28", "2006-11-30": "0.37", "2006-08-31": "0.32", "2006-05-31": "0.27", "2006-02-28": "0.27", "2005-11-30": "0.41", "2005-08-31": "0.50", "2005-05-31": "0.39", "2005-02-28": "0.26"}, "quick ratio": {"2020-11-30": "1.18", "2020-08-31": "0.88", "2020-05-31": "0.66", "2020-02-29": "0.23", "2019-11-30": "0.18", "2019-08-31": "0.25", "2019-05-31": "0.23", "2019-02-28": "0.17", "2018-11-30": "0.19", "2018-08-31": "0.17", "2018-05-31": "0.20", "2018-02-28": "0.14", "2017-11-30": "0.14", "2017-08-31": "0.16", "2017-05-31": "0.16", "2017-02-28": "0.17", "2016-11-30": "0.19", "2016-08-31": "0.18", "2016-05-31": "0.16", "2016-02-29": "0.23", "2015-11-30": "0.31", "2015-08-31": "0.19", "2015-05-31": "0.15", "2015-02-28": "0.15", "2014-11-30": "0.17", "2014-08-31": "0.18", "2014-05-31": "0.17", "2014-02-28": "0.19", "2013-11-30": "0.23", "2013-08-31": "0.30", "2013-05-31": "0.24", "2013-02-28": "0.21", "2012-11-30": "0.20", "2012-08-31": "0.27", "2012-05-31": "0.25", "2012-02-29": "0.27", "2011-11-30": "0.15", "2011-08-31": "0.15", "2011-05-31": "0.17", "2011-02-28": "0.17", "2010-11-30": "0.16", "2010-08-31": "0.20", "2010-05-31": "0.19", "2010-02-28": "0.25", "2009-11-30": "0.24", "2009-08-31": "0.31", "2009-05-31": "0.20", "2009-02-28": "0.24", "2008-11-30": "0.23", "2008-08-31": "0.29", "2008-05-31": "0.26", "2008-02-29": "0.23", "2007-11-30": "0.23", "2007-08-31": "0.34", "2007-05-31": "0.32", "2007-02-28": "0.23", "2006-11-30": "0.32", "2006-08-31": "0.27", "2006-05-31": "0.22", "2006-02-28": "0.21", "2005-11-30": "0.36", "2005-08-31": "0.45", "2005-05-31": "0.34", "2005-02-28": "0.21"}, "debt equity ratio": {"current": "1.08", "2020-11-30": "1.61", "2020-08-31": "1.61", "2020-05-31": "1.39", "2020-02-29": "0.93", "2019-11-30": "0.78", "2019-08-31": "0.74", "2019-05-31": "0.85", "2019-02-28": "0.81", "2018-11-30": "0.74", "2018-08-31": "0.69", "2018-05-31": "0.76", "2018-02-28": "0.70", "2017-11-30": "0.68", "2017-08-31": "0.68", "2017-05-31": "0.76", "2017-02-28": "0.71", "2016-11-30": "0.72", "2016-08-31": "0.72", "2016-05-31": "0.75", "2016-02-29": "0.70", "2015-11-30": "0.65", "2015-08-31": "0.59", "2015-05-31": "0.66", "2015-02-28": "0.66", "2014-11-30": "0.63", "2014-08-31": "0.59", "2014-05-31": "0.66", "2014-02-28": "0.63", "2013-11-30": "0.63", "2013-08-31": "0.67", "2013-05-31": "0.72", "2013-02-28": "0.64", "2012-11-30": "0.64", "2012-08-31": "0.62", "2012-05-31": "0.71", "2012-02-29": "0.65", "2011-11-30": "0.62", "2011-08-31": "0.62", "2011-05-31": "0.67", "2011-02-28": "0.62", "2010-11-30": "0.63", "2010-08-31": "0.63", "2010-05-31": "0.73", "2010-02-28": "0.72", "2009-11-30": "0.67", "2009-08-31": "0.69", "2009-05-31": "0.74", "2009-02-28": "0.71", "2008-11-30": "0.75", "2008-08-31": "0.74", "2008-05-31": "0.78", "2008-02-29": "0.73", "2007-11-30": "0.71", "2007-08-31": "0.68", "2007-05-31": "0.79", "2007-02-28": "0.66", "2006-11-30": "0.68", "2006-08-31": "0.67", "2006-05-31": "0.71", "2006-02-28": "0.65", "2005-11-30": "0.68", "2005-08-31": "0.68", "2005-05-31": "0.76", "2005-02-28": "0.72"}, "return on equity": {"2020-11-30": "-48.06%", "2020-08-31": "-33.73%", "2020-05-31": "-12.33%", "2020-02-29": "7.56%", "2019-11-30": "12.08%", "2019-08-31": "12.48%", "2019-05-31": "12.26%", "2019-02-28": "12.74%", "2018-11-30": "12.94%", "2018-08-31": "13.19%", "2018-05-31": "11.69%", "2018-02-28": "11.05%", "2017-11-30": "11.09%", "2017-08-31": "11.55%", "2017-05-31": "12.13%", "2017-02-28": "13.15%", "2016-11-30": "12.23%", "2016-08-31": "10.60%", "2016-05-31": "9.55%", "2016-02-29": "7.87%", "2015-11-30": "7.42%", "2015-08-31": "5.82%", "2015-05-31": "5.87%", "2015-02-28": "5.29%", "2014-11-30": "4.95%", "2014-08-31": "5.53%", "2014-05-31": "4.32%", "2014-02-28": "4.13%", "2013-11-30": "4.41%", "2013-08-31": "4.65%", "2013-05-31": "6.32%", "2013-02-28": "6.23%", "2012-11-30": "5.48%", "2012-08-31": "6.01%", "2012-05-31": "6.00%", "2012-02-29": "6.75%", "2011-11-30": "7.98%", "2011-08-31": "8.18%", "2011-05-31": "8.22%", "2011-02-28": "8.70%", "2010-11-30": "9.00%", "2010-08-31": "8.85%", "2010-05-31": "7.89%", "2010-02-28": "7.99%", "2009-11-30": "8.61%", "2009-08-31": "9.79%", "2009-05-31": "11.26%", "2009-02-28": "11.96%", "2008-11-30": "11.75%", "2008-08-31": "11.59%", "2008-05-31": "11.90%", "2008-02-29": "12.11%", "2007-11-30": "12.58%", "2007-08-31": "13.18%", "2007-05-31": "12.72%", "2007-02-28": "12.92%", "2006-11-30": "12.96%", "2006-08-31": "12.76%", "2006-05-31": "12.61%", "2006-02-28": "12.85%", "2005-11-30": "13.64%"}, "return on assets": {"2020-11-30": "-20.35%", "2020-08-31": "-15.76%", "2020-05-31": "-6.35%", "2020-02-29": "4.15%", "2019-11-30": "6.74%", "2019-08-31": "7.00%", "2019-05-31": "6.92%", "2019-02-28": "7.28%", "2018-11-30": "7.51%", "2018-08-31": "7.72%", "2018-05-31": "6.85%", "2018-02-28": "6.48%", "2017-11-30": "6.49%", "2017-08-31": "6.73%", "2017-05-31": "7.02%", "2017-02-28": "7.63%", "2016-11-30": "7.10%", "2016-08-31": "6.22%", "2016-05-31": "5.71%", "2016-02-29": "4.77%", "2015-11-30": "4.52%", "2015-08-31": "3.56%", "2015-05-31": "3.60%", "2015-02-28": "3.24%", "2014-11-30": "3.04%", "2014-08-31": "3.39%", "2014-05-31": "2.62%", "2014-02-28": "2.49%", "2013-11-30": "2.65%", "2013-08-31": "2.79%", "2013-05-31": "3.83%", "2013-02-28": "3.77%", "2012-11-30": "3.31%", "2012-08-31": "3.64%", "2012-05-31": "3.64%", "2012-02-29": "4.12%", "2011-11-30": "4.89%", "2011-08-31": "5.01%", "2011-05-31": "5.02%", "2011-02-28": "5.27%", "2010-11-30": "5.38%", "2010-08-31": "5.25%", "2010-05-31": "4.64%", "2010-02-28": "4.69%", "2009-11-30": "5.06%", "2009-08-31": "5.68%", "2009-05-31": "6.48%", "2009-02-28": "6.86%", "2008-11-30": "6.72%", "2008-08-31": "6.66%", "2008-05-31": "6.89%", "2008-02-29": "7.01%", "2007-11-30": "7.35%", "2007-08-31": "7.74%", "2007-05-31": "7.48%", "2007-02-28": "7.69%", "2006-11-30": "7.72%", "2006-08-31": "7.60%", "2006-05-31": "7.50%", "2006-02-28": "7.59%", "2005-11-30": "7.97%"}, "return on investments": {"2020-11-30": "-23.51%", "2020-08-31": "-18.82%", "2020-05-31": "-7.24%", "2020-02-29": "6.39%", "2019-11-30": "9.65%", "2019-08-31": "10.05%", "2019-05-31": "9.86%", "2019-02-28": "10.07%", "2018-11-30": "10.29%", "2018-08-31": "10.37%", "2018-05-31": "9.19%", "2018-02-28": "9.11%", "2017-11-30": "9.05%", "2017-08-31": "9.23%", "2017-05-31": "9.83%", "2017-02-28": "9.73%", "2016-11-30": "9.93%", "2016-08-31": "9.62%", "2016-05-31": "9.48%", "2016-02-29": "8.94%", "2015-11-30": "8.42%", "2015-08-31": "7.60%", "2015-05-31": "6.82%", "2015-02-28": "6.25%", "2014-11-30": "5.52%", "2014-08-31": "4.90%", "2014-05-31": "3.85%", "2014-02-28": "3.90%", "2013-11-30": "4.19%", "2013-08-31": "4.54%", "2013-05-31": "5.62%", "2013-02-28": "5.93%", "2012-11-30": "5.19%", "2012-08-31": "5.57%", "2012-05-31": "6.00%", "2012-02-29": "6.03%", "2011-11-30": "7.04%", "2011-08-31": "7.19%", "2011-05-31": "7.22%", "2011-02-28": "7.69%", "2010-11-30": "7.81%", "2010-08-31": "7.65%", "2010-05-31": "6.98%", "2010-02-28": "6.99%", "2009-11-30": "7.39%", "2009-08-31": "8.23%", "2009-05-31": "9.36%", "2009-02-28": "9.92%", "2008-11-30": "10.00%", "2008-08-31": "9.95%", "2008-05-31": "10.28%", "2008-02-29": "10.55%", "2007-11-30": "10.87%", "2007-08-31": "11.28%", "2007-05-31": "10.78%", "2007-02-28": "10.83%", "2006-11-30": "11.00%", "2006-08-31": "11.07%", "2006-05-31": "11.12%", "2006-02-28": "11.27%", "2005-11-30": "11.70%"}, "return on tangible equity": {"2020-11-30": "-53.95%", "2020-08-31": "-38.62%", "2020-05-31": "-14.34%", "2020-02-29": "8.97%", "2019-11-30": "14.47%", "2019-08-31": "14.98%", "2019-05-31": "14.75%", "2019-02-28": "15.34%", "2018-11-30": "15.60%", "2018-08-31": "15.92%", "2018-05-31": "14.14%", "2018-02-28": "13.41%", "2017-11-30": "13.50%", "2017-08-31": "14.12%", "2017-05-31": "14.88%", "2017-02-28": "16.16%", "2016-11-30": "15.05%", "2016-08-31": "13.03%", "2016-05-31": "11.70%", "2016-02-29": "9.63%", "2015-11-30": "9.07%", "2015-08-31": "7.11%", "2015-05-31": "7.18%", "2015-02-28": "6.48%", "2014-11-30": "6.06%", "2014-08-31": "6.77%", "2014-05-31": "5.30%", "2014-02-28": "5.07%", "2013-11-30": "5.42%", "2013-08-31": "5.73%", "2013-05-31": "7.79%", "2013-02-28": "7.67%", "2012-11-30": "6.75%", "2012-08-31": "7.42%", "2012-05-31": "7.44%", "2012-02-29": "8.39%", "2011-11-30": "9.95%", "2011-08-31": "10.22%", "2011-05-31": "10.30%", "2011-02-28": "10.94%", "2010-11-30": "11.38%", "2010-08-31": "11.25%", "2010-05-31": "10.08%", "2010-02-28": "10.25%", "2009-11-30": "11.12%", "2009-08-31": "12.72%", "2009-05-31": "14.74%", "2009-02-28": "15.77%", "2008-11-30": "15.58%", "2008-08-31": "15.42%", "2008-05-31": "15.83%", "2008-02-29": "16.10%", "2007-11-30": "16.72%", "2007-08-31": "17.55%", "2007-05-31": "17.04%", "2007-02-28": "17.42%", "2006-11-30": "17.52%", "2006-08-31": "17.32%", "2006-05-31": "17.16%", "2006-02-28": "17.57%", "2005-11-30": "18.83%"}, "dividend yield history": {"last payout": "$0.00", "last yield": "0.00%"}}