{"ticker": "CDK", "price": {"title": "CDK Global Historical Annual Stock Price Data", "value": 54.1, "historical": {"2020": {"Average Stock Price": "44.5350", "Year Open": "55.4100", "Year High": "56.6400", "Year Low": "30.0300", "Year Close": "51.8300", "Annual % Change": "-5.21%"}, "2019": {"Average Stock Price": "51.7936", "Year Open": "48.1100", "Year High": "62.3900", "Year Low": "42.3100", "Year Close": "54.6800", "Annual % Change": "14.20%"}, "2018": {"Average Stock Price": "62.6606", "Year Open": "70.6600", "Year High": "75.7700", "Year Low": "45.0000", "Year Close": "47.8800", "Annual % Change": "-32.83%"}, "2017": {"Average Stock Price": "64.2208", "Year Open": "58.8100", "Year High": "71.9700", "Year Low": "58.8100", "Year Close": "71.2800", "Annual % Change": "19.42%"}, "2016": {"Average Stock Price": "52.8089", "Year Open": "46.8500", "Year High": "60.9900", "Year Low": "41.7300", "Year Close": "59.6900", "Annual % Change": "25.74%"}, "2015": {"Average Stock Price": "49.0721", "Year Open": "40.4700", "Year High": "55.9500", "Year Low": "39.7100", "Year Close": "47.4700", "Annual % Change": "16.46%"}, "2014": {"Average Stock Price": "35.1333", "Year Open": "32.9800", "Year High": "41.9300", "Year Low": "25.2200", "Year Close": "40.7600", "Annual % Change": "0.00%"}}}, "market cap": {"value": "$6.58B"}, "income statement": {"Revenue": {"2020-06-30": "1960.10000", "2019-06-30": "1914.80000", "2018-06-30": "1798.00000", "2017-06-30": "1730.70000", "2016-06-30": "2114.60000", "2015-06-30": "2063.50000", "2014-06-30": "1976.50000", "2013-06-30": "1839.40000", "2012-06-30": "1696.30000", "2011-06-30": "1696.30000"}, "Cost Of Goods Sold": {"2020-06-30": "966.50000", "2019-06-30": "899.80000", "2018-06-30": "854.50000", "2017-06-30": "898.20000", "2016-06-30": "1243.40000", "2015-06-30": "1273.20000", "2014-06-30": "1204.50000", "2013-06-30": "1104.60000", "2012-06-30": "1021.60000", "2011-06-30": "1021.60000"}, "Gross Profit": {"2020-06-30": "993.60000", "2019-06-30": "1015.00000", "2018-06-30": "943.50000", "2017-06-30": "832.49990", "2016-06-30": "871.20010", "2015-06-30": "790.30000", "2014-06-30": "772.00000", "2013-06-30": "734.80000", "2012-06-30": "674.70010", "2011-06-30": "674.70010"}, "Research And Development Expenses": {"2020-06-30": "", "2019-06-30": "", "2018-06-30": "", "2017-06-30": "", "2016-06-30": "", "2015-06-30": "", "2014-06-30": "", "2013-06-30": "", "2012-06-30": "", "2011-06-30": ""}, "SG&A Expenses": {"2020-06-30": "429.90000", "2019-06-30": "444.70000", "2018-06-30": "441.20000", "2017-06-30": "433.20000", "2016-06-30": "448.50000", "2015-06-30": "431.10000", "2014-06-30": "411.80000", "2013-06-30": "416.90000", "2012-06-30": "423.70000", "2011-06-30": "423.70000"}, "Other Operating Income Or Expenses": {"2020-06-30": "0.00000", "2019-06-30": "-90.00000", "2018-06-30": "0.00000", "2017-06-30": "", "2016-06-30": "", "2015-06-30": "-34.60000", "2014-06-30": "-9.30000", "2013-06-30": "", "2012-06-30": "", "2011-06-30": ""}, "Operating Expenses": {"2020-06-30": "1410.60000", "2019-06-30": "1462.50000", "2018-06-30": "1316.30000", "2017-06-30": "1349.10000", "2016-06-30": "1712.10000", "2015-06-30": "1741.30000", "2014-06-30": "1625.60000", "2013-06-30": "1521.50000", "2012-06-30": "1445.30000", "2011-06-30": "1445.30000"}, "Operating Income": {"2020-06-30": "549.50000", "2019-06-30": "452.30000", "2018-06-30": "481.70010", "2017-06-30": "381.60000", "2016-06-30": "402.50010", "2015-06-30": "322.20010", "2014-06-30": "350.89990", "2013-06-30": "317.90000", "2012-06-30": "251.00000", "2011-06-30": "251.00000"}, "Total Non-Operating Income/Expense": {"2020-06-30": "-125.30000", "2019-06-30": "-148.40000", "2018-06-30": "-82.50000", "2017-06-30": "-53.90000", "2016-06-30": "-33.40000", "2015-06-30": "-22.30000", "2014-06-30": "2.40000", "2013-06-30": "2.80000", "2012-06-30": "1.60000", "2011-06-30": "1.60000"}, "Pre-Tax Income": {"2020-06-30": "424.20000", "2019-06-30": "303.90000", "2018-06-30": "399.20000", "2017-06-30": "327.70000", "2016-06-30": "369.10000", "2015-06-30": "299.90000", "2014-06-30": "353.30000", "2013-06-30": "320.70000", "2012-06-30": "252.60000", "2011-06-30": "252.60000"}, "Income Taxes": {"2020-06-30": "120.40000", "2019-06-30": "62.20000", "2018-06-30": "88.10000", "2017-06-30": "92.80000", "2016-06-30": "122.30000", "2015-06-30": "113.60000", "2014-06-30": "117.40000", "2013-06-30": "115.00000", "2012-06-30": "91.80000", "2011-06-30": "91.80000"}, "Income After Taxes": {"2020-06-30": "303.80000", "2019-06-30": "241.70000", "2018-06-30": "311.10000", "2017-06-30": "234.90000", "2016-06-30": "246.80000", "2015-06-30": "186.30000", "2014-06-30": "235.90000", "2013-06-30": "205.70000", "2012-06-30": "160.80000", "2011-06-30": "160.80000"}, "Other Income": {"2020-06-30": "", "2019-06-30": "", "2018-06-30": "", "2017-06-30": "", "2016-06-30": "", "2015-06-30": "", "2014-06-30": "", "2013-06-30": "", "2012-06-30": "", "2011-06-30": ""}, "Income From Continuous Operations": {"2020-06-30": "303.80000", "2019-06-30": "241.70000", "2018-06-30": "311.10000", "2017-06-30": "234.90000", "2016-06-30": "246.80000", "2015-06-30": "186.30000", "2014-06-30": "235.90000", "2013-06-30": "205.70000", "2012-06-30": "160.80000", "2011-06-30": "160.80000"}, "Income From Discontinued Operations": {"2020-06-30": "-89.30000", "2019-06-30": "-109.80000", "2018-06-30": "77.60000", "2017-06-30": "67.60000", "2016-06-30": "", "2015-06-30": "", "2014-06-30": "", "2013-06-30": "", "2012-06-30": "", "2011-06-30": ""}, "Net Income": {"2020-06-30": "207.50000", "2019-06-30": "124.00000", "2018-06-30": "380.80000", "2017-06-30": "295.60000", "2016-06-30": "239.30000", "2015-06-30": "178.40000", "2014-06-30": "227.90000", "2013-06-30": "199.40000", "2012-06-30": "160.80000", "2011-06-30": "160.80000"}, "EBITDA": {"2020-06-30": "649.10000", "2019-06-30": "542.10000", "2018-06-30": "552.50010", "2017-06-30": "445.00000", "2016-06-30": "466.50010", "2015-06-30": "398.70010", "2014-06-30": "403.19990", "2013-06-30": "369.00000", "2012-06-30": "310.90000", "2011-06-30": "251.00000"}, "EBIT": {"2020-06-30": "549.50000", "2019-06-30": "452.30000", "2018-06-30": "481.70010", "2017-06-30": "381.60000", "2016-06-30": "402.50010", "2015-06-30": "322.20010", "2014-06-30": "350.89990", "2013-06-30": "317.90000", "2012-06-30": "251.00000", "2011-06-30": "251.00000"}, "Basic Shares Outstanding": {"2020-06-30": "121.60000", "2019-06-30": "125.50000", "2018-06-30": "135.80000", "2017-06-30": "146.70000", "2016-06-30": "157.00000", "2015-06-30": "160.60000", "2014-06-30": "160.60000", "2013-06-30": "160.60000", "2012-06-30": "", "2011-06-30": ""}, "Shares Outstanding": {"2020-06-30": "122.10000", "2019-06-30": "126.40000", "2018-06-30": "136.80000", "2017-06-30": "148.20000", "2016-06-30": "158.00000", "2015-06-30": "161.60000", "2014-06-30": "160.60000", "2013-06-30": "160.60000", "2012-06-30": "", "2011-06-30": ""}, "Basic EPS": {"2020-06-30": "1.71000", "2019-06-30": "0.99000", "2018-06-30": "2.80000", "2017-06-30": "2.01000", "2016-06-30": "1.52000", "2015-06-30": "1.11000", "2014-06-30": "1.42000", "2013-06-30": "1.24000", "2012-06-30": "", "2011-06-30": ""}, "EPS - Earnings Per Share": {"2020-06-30": "1.70000", "2019-06-30": "0.98000", "2018-06-30": "2.78000", "2017-06-30": "1.99000", "2016-06-30": "1.51000", "2015-06-30": "1.10000", "2014-06-30": "1.42000", "2013-06-30": "1.24000", "2012-06-30": "0.00000", "2011-06-30": "0.00000"}}, "income statement, quarterly": {"Revenue": {"2020-09-30": "493.60000", "2020-06-30": "449.60010", "2020-03-31": "516.30000", "2019-12-31": "499.60000", "2019-09-30": "494.60000", "2019-06-30": "488.60010", "2019-03-31": "501.20000", "2018-12-31": "478.70000", "2018-09-30": "446.30000", "2018-06-30": "94.00000", "2018-03-31": "576.60000", "2017-12-31": "561.70000", "2017-09-30": "565.70000", "2017-06-30": "75.89990", "2017-03-31": "556.30000", "2016-12-31": "547.80000", "2016-09-30": "550.70000", "2016-06-30": "542.20020", "2016-03-31": "537.70000", "2015-12-31": "520.10000", "2015-09-30": "514.60000", "2015-06-30": "503.10000", "2015-03-31": "526.40000", "2014-12-31": "517.00000", "2014-09-30": "517.00000", "2014-06-30": "421.70000", "2014-03-31": "501.10000", "2013-12-31": "487.30000", "2013-09-30": "481.50000", "2013-06-30": "", "2012-06-30": ""}, "Cost Of Goods Sold": {"2020-09-30": "262.10000", "2020-06-30": "240.80000", "2020-03-31": "242.50000", "2019-12-31": "235.90000", "2019-09-30": "247.30000", "2019-06-30": "236.60000", "2019-03-31": "229.30000", "2018-12-31": "230.60000", "2018-09-30": "203.30000", "2018-06-30": "-39.00000", "2018-03-31": "295.00000", "2017-12-31": "290.80000", "2017-09-30": "307.70000", "2017-06-30": "-27.80000", "2017-03-31": "307.70000", "2016-12-31": "303.20000", "2016-09-30": "315.10000", "2016-06-30": "315.60000", "2016-03-31": "315.80000", "2015-12-31": "301.20000", "2015-09-30": "310.80000", "2015-06-30": "316.60000", "2015-03-31": "321.80000", "2014-12-31": "323.30000", "2014-09-30": "311.50000", "2014-06-30": "304.80000", "2014-03-31": "304.90000", "2013-12-31": "297.90000", "2013-09-30": "296.90000", "2013-06-30": "", "2012-06-30": ""}, "Gross Profit": {"2020-09-30": "231.50000", "2020-06-30": "208.80010", "2020-03-31": "273.80000", "2019-12-31": "263.70000", "2019-09-30": "247.30000", "2019-06-30": "252.00010", "2019-03-31": "271.90000", "2018-12-31": "248.10000", "2018-09-30": "243.00000", "2018-06-30": "133.00000", "2018-03-31": "281.60000", "2017-12-31": "270.90000", "2017-09-30": "258.00000", "2017-06-30": "103.69990", "2017-03-31": "248.60000", "2016-12-31": "244.60000", "2016-09-30": "235.60000", "2016-06-30": "226.60020", "2016-03-31": "221.90000", "2015-12-31": "218.90000", "2015-09-30": "203.80000", "2015-06-30": "186.50000", "2015-03-31": "204.60000", "2014-12-31": "193.70000", "2014-09-30": "205.50000", "2014-06-30": "116.90000", "2014-03-31": "196.20000", "2013-12-31": "189.40000", "2013-09-30": "184.60000", "2013-06-30": "", "2012-06-30": ""}, "Research And Development Expenses": {"2020-09-30": "", "2020-06-30": "", "2020-03-31": "", "2019-12-31": "", "2019-09-30": "", "2019-06-30": "", "2019-03-31": "", "2018-12-31": "", "2018-09-30": "", "2018-06-30": "", "2018-03-31": "", "2017-12-31": "", "2017-09-30": "", "2017-06-30": "", "2017-03-31": "", "2016-12-31": "", "2016-09-30": "", "2016-06-30": "", "2016-03-31": "", "2015-12-31": "", "2015-09-30": "", "2015-06-30": "", "2015-03-31": "", "2014-12-31": "", "2014-09-30": "", "2014-06-30": "0.00000", "2014-03-31": "", "2013-12-31": "", "2013-09-30": "", "2013-06-30": "", "2012-06-30": ""}, "SG&A Expenses": {"2020-09-30": "112.20000", "2020-06-30": "100.60000", "2020-03-31": "105.80000", "2019-12-31": "115.60000", "2019-09-30": "107.90000", "2019-06-30": "122.20000", "2019-03-31": "116.30000", "2018-12-31": "115.10000", "2018-09-30": "91.10000", "2018-06-30": "83.60000", "2018-03-31": "121.70000", "2017-12-31": "122.20000", "2017-09-30": "113.70000", "2017-06-30": "91.20000", "2017-03-31": "117.40000", "2016-12-31": "110.90000", "2016-09-30": "113.70000", "2016-06-30": "120.30000", "2016-03-31": "125.00000", "2015-12-31": "105.80000", "2015-09-30": "97.40000", "2015-06-30": "109.20000", "2015-03-31": "105.50000", "2014-12-31": "105.90000", "2014-09-30": "110.50000", "2014-06-30": "114.50000", "2014-03-31": "96.10000", "2013-12-31": "105.40000", "2013-09-30": "105.10000", "2013-06-30": "", "2012-06-30": ""}, "Other Operating Income Or Expenses": {"2020-09-30": "-12.00000", "2020-06-30": "", "2020-03-31": "", "2019-12-31": "", "2019-09-30": "", "2019-06-30": "", "2019-03-31": "", "2018-12-31": "", "2018-09-30": "", "2018-06-30": "", "2018-03-31": "", "2017-12-31": "", "2017-09-30": "", "2017-06-30": "", "2017-03-31": "", "2016-12-31": "", "2016-09-30": "", "2016-06-30": "", "2016-03-31": "", "2015-12-31": "", "2015-09-30": "", "2015-06-30": "", "2015-03-31": "-0.60000", "2014-12-31": "-3.30000", "2014-09-30": "-30.70000", "2014-06-30": "", "2014-03-31": "", "2013-12-31": "", "2013-09-30": "", "2013-06-30": "", "2012-06-30": ""}, "Operating Expenses": {"2020-09-30": "395.00000", "2020-06-30": "355.60000", "2020-03-31": "348.30000", "2019-12-31": "351.50000", "2019-09-30": "355.20000", "2019-06-30": "456.70000", "2019-03-31": "346.20000", "2018-12-31": "349.40000", "2018-09-30": "310.20000", "2018-06-30": "48.59990", "2018-03-31": "419.20000", "2017-12-31": "420.60000", "2017-09-30": "427.90000", "2017-06-30": "70.80000", "2017-03-31": "432.00000", "2016-12-31": "416.40000", "2016-09-30": "429.90000", "2016-06-30": "444.70000", "2016-03-31": "448.50000", "2015-12-31": "408.80000", "2015-09-30": "410.10000", "2015-06-30": "428.19990", "2015-03-31": "427.90000", "2014-12-31": "432.50000", "2014-09-30": "452.70000", "2014-06-30": "419.30000", "2014-03-31": "401.00000", "2013-12-31": "403.30000", "2013-09-30": "402.00000", "2013-06-30": "", "2012-06-30": ""}, "Operating Income": {"2020-09-30": "98.60000", "2020-06-30": "94.00000", "2020-03-31": "168.00000", "2019-12-31": "148.10000", "2019-09-30": "139.40000", "2019-06-30": "31.90010", "2019-03-31": "155.00000", "2018-12-31": "129.30000", "2018-09-30": "136.10000", "2018-06-30": "45.40010", "2018-03-31": "157.40000", "2017-12-31": "141.10000", "2017-09-30": "137.80000", "2017-06-30": "5.09990", "2017-03-31": "124.30000", "2016-12-31": "131.40000", "2016-09-30": "120.80000", "2016-06-30": "97.50020", "2016-03-31": "89.20000", "2015-12-31": "111.30000", "2015-09-30": "104.50000", "2015-06-30": "74.90010", "2015-03-31": "98.50000", "2014-12-31": "84.50000", "2014-09-30": "64.30000", "2014-06-30": "2.40000", "2014-03-31": "100.10000", "2013-12-31": "84.00000", "2013-09-30": "79.50000", "2013-06-30": "", "2012-06-30": ""}, "Total Non-Operating Income/Expense": {"2020-09-30": "-14.40000", "2020-06-30": "-19.20000", "2020-03-31": "-35.60000", "2019-12-31": "-35.10000", "2019-09-30": "-35.40000", "2019-06-30": "-51.80000", "2019-03-31": "-34.30000", "2018-12-31": "-32.70000", "2018-09-30": "-29.60000", "2018-06-30": "-21.30000", "2018-03-31": "-22.40000", "2017-12-31": "-20.80000", "2017-09-30": "-18.00000", "2017-06-30": "-18.60000", "2017-03-31": "-13.90000", "2016-12-31": "-12.50000", "2016-09-30": "-8.90000", "2016-06-30": "-9.60000", "2016-03-31": "-10.60000", "2015-12-31": "-4.50000", "2015-09-30": "-8.70000", "2015-06-30": "-7.60000", "2015-03-31": "-7.50000", "2014-12-31": "-7.40000", "2014-09-30": "0.20000", "2014-06-30": "2.50000", "2014-03-31": "0.40000", "2013-12-31": "-0.40000", "2013-09-30": "-0.10000", "2013-06-30": "", "2012-06-30": ""}, "Pre-Tax Income": {"2020-09-30": "84.20000", "2020-06-30": "74.80000", "2020-03-31": "132.40000", "2019-12-31": "113.00000", "2019-09-30": "104.00000", "2019-06-30": "-19.90000", "2019-03-31": "120.70000", "2018-12-31": "96.60000", "2018-09-30": "106.50000", "2018-06-30": "24.10000", "2018-03-31": "135.00000", "2017-12-31": "120.30000", "2017-09-30": "119.80000", "2017-06-30": "-13.50000", "2017-03-31": "110.40000", "2016-12-31": "118.90000", "2016-09-30": "111.90000", "2016-06-30": "87.90000", "2016-03-31": "78.60000", "2015-12-31": "106.80000", "2015-09-30": "95.80000", "2015-06-30": "67.30000", "2015-03-31": "91.00000", "2014-12-31": "77.10000", "2014-09-30": "64.50000", "2014-06-30": "89.80000", "2014-03-31": "100.50000", "2013-12-31": "83.60000", "2013-09-30": "79.40000", "2013-06-30": "", "2012-06-30": ""}, "Income Taxes": {"2020-09-30": "26.40000", "2020-06-30": "13.60000", "2020-03-31": "38.00000", "2019-12-31": "43.20000", "2019-09-30": "25.60000", "2019-06-30": "-23.20000", "2019-03-31": "31.40000", "2018-12-31": "24.00000", "2018-09-30": "30.00000", "2018-06-30": "0.10000", "2018-03-31": "37.20000", "2017-12-31": "14.10000", "2017-09-30": "36.70000", "2017-06-30": "-6.80000", "2017-03-31": "31.60000", "2016-12-31": "35.30000", "2016-09-30": "32.70000", "2016-06-30": "27.70000", "2016-03-31": "22.90000", "2015-12-31": "37.10000", "2015-09-30": "34.60000", "2015-06-30": "24.60000", "2015-03-31": "32.80000", "2014-12-31": "32.70000", "2014-09-30": "23.50000", "2014-06-30": "31.00000", "2014-03-31": "29.10000", "2013-12-31": "31.40000", "2013-09-30": "25.90000", "2013-06-30": "", "2012-06-30": ""}, "Income After Taxes": {"2020-09-30": "57.80000", "2020-06-30": "61.20000", "2020-03-31": "94.40000", "2019-12-31": "69.80000", "2019-09-30": "78.40000", "2019-06-30": "3.30000", "2019-03-31": "89.30000", "2018-12-31": "72.60000", "2018-09-30": "76.50000", "2018-06-30": "24.00000", "2018-03-31": "97.80000", "2017-12-31": "106.20000", "2017-09-30": "83.10000", "2017-06-30": "-6.70000", "2017-03-31": "78.80000", "2016-12-31": "83.60000", "2016-09-30": "79.20000", "2016-06-30": "60.20000", "2016-03-31": "55.70000", "2015-12-31": "69.70000", "2015-09-30": "61.20000", "2015-06-30": "42.70000", "2015-03-31": "58.20000", "2014-12-31": "44.40000", "2014-09-30": "41.00000", "2014-06-30": "58.80000", "2014-03-31": "71.40000", "2013-12-31": "52.20000", "2013-09-30": "53.50000", "2013-06-30": "", "2012-06-30": ""}, "Other Income": {"2020-09-30": "", "2020-06-30": "", "2020-03-31": "", "2019-12-31": "", "2019-09-30": "", "2019-06-30": "", "2019-03-31": "", "2018-12-31": "", "2018-09-30": "", "2018-06-30": "", "2018-03-31": "", "2017-12-31": "", "2017-09-30": "", "2017-06-30": "", "2017-03-31": "", "2016-12-31": "", "2016-09-30": "", "2016-06-30": "", "2016-03-31": "", "2015-12-31": "", "2015-09-30": "", "2015-06-30": "", "2015-03-31": "", "2014-12-31": "", "2014-09-30": "", "2014-06-30": "0.00000", "2014-03-31": "", "2013-12-31": "", "2013-09-30": "", "2013-06-30": "", "2012-06-30": ""}, "Income From Continuous Operations": {"2020-09-30": "57.80000", "2020-06-30": "61.20000", "2020-03-31": "94.40000", "2019-12-31": "69.80000", "2019-09-30": "78.40000", "2019-06-30": "3.30000", "2019-03-31": "89.30000", "2018-12-31": "72.60000", "2018-09-30": "76.50000", "2018-06-30": "24.00000", "2018-03-31": "97.80000", "2017-12-31": "106.20000", "2017-09-30": "83.10000", "2017-06-30": "-6.70000", "2017-03-31": "78.80000", "2016-12-31": "83.60000", "2016-09-30": "79.20000", "2016-06-30": "60.20000", "2016-03-31": "55.70000", "2015-12-31": "69.70000", "2015-09-30": "61.20000", "2015-06-30": "42.70000", "2015-03-31": "58.20000", "2014-12-31": "44.40000", "2014-09-30": "41.00000", "2014-06-30": "51.90000", "2014-03-31": "71.40000", "2013-12-31": "52.20000", "2013-09-30": "53.50000", "2013-06-30": "", "2012-06-30": ""}, "Income From Discontinued Operations": {"2020-09-30": "0.20000", "2020-06-30": "-14.40000", "2020-03-31": "-34.90000", "2019-12-31": "-45.70000", "2019-09-30": "5.70000", "2019-06-30": "-156.30000", "2019-03-31": "12.40000", "2018-12-31": "18.30000", "2018-09-30": "15.80000", "2018-06-30": "", "2018-03-31": "", "2017-12-31": "", "2017-09-30": "", "2017-06-30": "", "2017-03-31": "", "2016-12-31": "", "2016-09-30": "", "2016-06-30": "", "2016-03-31": "", "2015-12-31": "", "2015-09-30": "", "2015-06-30": "", "2015-03-31": "", "2014-12-31": "", "2014-09-30": "", "2014-06-30": "0.00000", "2014-03-31": "", "2013-12-31": "", "2013-09-30": "", "2013-06-30": "", "2012-06-30": ""}, "Net Income": {"2020-09-30": "55.70000", "2020-06-30": "45.60000", "2020-03-31": "57.60000", "2019-12-31": "22.30000", "2019-09-30": "82.00000", "2019-06-30": "-155.10000", "2019-03-31": "99.80000", "2018-12-31": "89.00000", "2018-09-30": "90.30000", "2018-06-30": "99.40000", "2018-03-31": "96.10000", "2017-12-31": "104.00000", "2017-09-30": "81.30000", "2017-06-30": "58.70000", "2017-03-31": "77.30000", "2016-12-31": "82.70000", "2016-09-30": "76.90000", "2016-06-30": "58.30000", "2016-03-31": "53.80000", "2015-12-31": "68.20000", "2015-09-30": "59.00000", "2015-06-30": "40.70000", "2015-03-31": "56.30000", "2014-12-31": "42.40000", "2014-09-30": "39.00000", "2014-06-30": "51.90000", "2014-03-31": "69.60000", "2013-12-31": "52.20000", "2013-09-30": "53.50000", "2013-06-30": "", "2012-06-30": ""}, "EBITDA": {"2020-09-30": "123.50000", "2020-06-30": "121.00000", "2020-03-31": "192.50000", "2019-12-31": "172.70000", "2019-09-30": "162.90000", "2019-06-30": "56.60010", "2019-03-31": "178.60000", "2018-12-31": "153.00000", "2018-09-30": "153.90000", "2018-06-30": "57.60010", "2018-03-31": "177.00000", "2017-12-31": "160.60000", "2017-09-30": "157.30000", "2017-06-30": "16.49990", "2017-03-31": "141.90000", "2016-12-31": "148.70000", "2016-09-30": "137.90000", "2016-06-30": "115.90020", "2016-03-31": "106.10000", "2015-12-31": "126.00000", "2015-09-30": "118.50000", "2015-06-30": "94.30010", "2015-03-31": "112.20000", "2014-12-31": "114.00000", "2014-09-30": "78.20000", "2014-06-30": "30.70000", "2014-03-31": "106.20000", "2013-12-31": "101.00000", "2013-09-30": "96.00000", "2013-06-30": "", "2012-06-30": ""}, "EBIT": {"2020-09-30": "98.60000", "2020-06-30": "94.00000", "2020-03-31": "168.00000", "2019-12-31": "148.10000", "2019-09-30": "139.40000", "2019-06-30": "31.90010", "2019-03-31": "155.00000", "2018-12-31": "129.30000", "2018-09-30": "136.10000", "2018-06-30": "45.40010", "2018-03-31": "157.40000", "2017-12-31": "141.10000", "2017-09-30": "137.80000", "2017-06-30": "5.10000", "2017-03-31": "124.30000", "2016-12-31": "131.40000", "2016-09-30": "120.80000", "2016-06-30": "97.50010", "2016-03-31": "89.20000", "2015-12-31": "111.30000", "2015-09-30": "104.50000", "2015-06-30": "74.90000", "2015-03-31": "98.50000", "2014-12-31": "84.50000", "2014-09-30": "64.30000", "2014-06-30": "2.40000", "2014-03-31": "100.10000", "2013-12-31": "84.00000", "2013-09-30": "79.50000", "2013-06-30": "", "2012-06-30": ""}, "Basic Shares Outstanding": {"2020-09-30": "121.70000", "2020-06-30": "121.60000", "2020-03-31": "121.60000", "2019-12-31": "121.60000", "2019-09-30": "121.40000", "2019-06-30": "125.50000", "2019-03-31": "124.00000", "2018-12-31": "126.80000", "2018-09-30": "129.60000", "2018-06-30": "135.80000", "2018-03-31": "134.60000", "2017-12-31": "136.90000", "2017-09-30": "140.10000", "2017-06-30": "146.70000", "2017-03-31": "145.20000", "2016-12-31": "148.70000", "2016-09-30": "150.20000", "2016-06-30": "157.00000", "2016-03-31": "155.40000", "2015-12-31": "158.70000", "2015-09-30": "159.20000", "2015-06-30": "160.60000", "2015-03-31": "160.60000", "2014-12-31": "160.70000", "2014-09-30": "160.60000", "2014-06-30": "160.60000", "2014-03-31": "160.60000", "2013-12-31": "160.60000", "2013-09-30": "160.60000", "2013-06-30": "", "2012-06-30": ""}, "Shares Outstanding": {"2020-09-30": "122.30000", "2020-06-30": "122.10000", "2020-03-31": "122.20000", "2019-12-31": "122.10000", "2019-09-30": "122.00000", "2019-06-30": "126.40000", "2019-03-31": "124.80000", "2018-12-31": "127.50000", "2018-09-30": "130.40000", "2018-06-30": "136.80000", "2018-03-31": "135.80000", "2017-12-31": "138.20000", "2017-09-30": "141.40000", "2017-06-30": "148.20000", "2017-03-31": "146.50000", "2016-12-31": "149.90000", "2016-09-30": "151.70000", "2016-06-30": "158.00000", "2016-03-31": "156.30000", "2015-12-31": "159.70000", "2015-09-30": "160.70000", "2015-06-30": "161.60000", "2015-03-31": "161.90000", "2014-12-31": "161.80000", "2014-09-30": "160.60000", "2014-06-30": "160.60000", "2014-03-31": "160.60000", "2013-12-31": "160.60000", "2013-09-30": "160.60000", "2013-06-30": "", "2012-06-30": ""}, "Basic EPS": {"2020-09-30": "0.46000", "2020-06-30": "0.38000", "2020-03-31": "0.47000", "2019-12-31": "0.18000", "2019-09-30": "0.68000", "2019-06-30": "-1.21000", "2019-03-31": "0.80000", "2018-12-31": "0.70000", "2018-09-30": "0.70000", "2018-06-30": "0.75000", "2018-03-31": "0.71000", "2017-12-31": "0.76000", "2017-09-30": "0.58000", "2017-06-30": "0.41000", "2017-03-31": "0.53000", "2016-12-31": "0.56000", "2016-09-30": "0.51000", "2016-06-30": "0.37000", "2016-03-31": "0.35000", "2015-12-31": "0.43000", "2015-09-30": "0.37000", "2015-06-30": "0.26000", "2015-03-31": "0.35000", "2014-12-31": "0.26000", "2014-09-30": "0.24000", "2014-06-30": "0.32000", "2014-03-31": "0.43000", "2013-12-31": "0.33000", "2013-09-30": "0.33000", "2013-06-30": "", "2012-06-30": ""}, "EPS - Earnings Per Share": {"2020-09-30": "0.46000", "2020-06-30": "0.38000", "2020-03-31": "0.47000", "2019-12-31": "0.18000", "2019-09-30": "0.67000", "2019-06-30": "-1.21000", "2019-03-31": "0.80000", "2018-12-31": "0.70000", "2018-09-30": "0.69000", "2018-06-30": "0.75000", "2018-03-31": "0.71000", "2017-12-31": "0.75000", "2017-09-30": "0.57000", "2017-06-30": "0.40000", "2017-03-31": "0.53000", "2016-12-31": "0.55000", "2016-09-30": "0.51000", "2016-06-30": "0.37000", "2016-03-31": "0.34000", "2015-12-31": "0.43000", "2015-09-30": "0.37000", "2015-06-30": "0.25000", "2015-03-31": "0.35000", "2014-12-31": "0.26000", "2014-09-30": "0.24000", "2014-06-30": "0.32000", "2014-03-31": "0.43000", "2013-12-31": "0.33000", "2013-09-30": "0.33000", "2013-06-30": "0.00000", "2012-06-30": "0.00000"}}, "balance sheet": {"Cash On Hand": {"2020-06-30": "215.70000", "2019-06-30": "311.40000", "2018-06-30": "804.40000", "2017-06-30": "726.10000", "2016-06-30": "219.10000", "2015-06-30": "408.20000", "2014-06-30": "402.80000", "2013-06-30": "276.30000", "2012-06-30": "", "2011-06-30": "276.30000"}, "Receivables": {"2020-06-30": "300.00000", "2019-06-30": "290.40000", "2018-06-30": "374.60000", "2017-06-30": "372.10000", "2016-06-30": "365.50000", "2015-06-30": "314.60000", "2014-06-30": "310.70000", "2013-06-30": "263.20000", "2012-06-30": "", "2011-06-30": "263.20000"}, "Inventory": {"2020-06-30": "", "2019-06-30": "", "2018-06-30": "", "2017-06-30": "", "2016-06-30": "", "2015-06-30": "", "2014-06-30": "", "2013-06-30": "", "2012-06-30": "", "2011-06-30": ""}, "Pre-Paid Expenses": {"2020-06-30": "", "2019-06-30": "", "2018-06-30": "", "2017-06-30": "", "2016-06-30": "", "2015-06-30": "", "2014-06-30": "", "2013-06-30": "", "2012-06-30": "", "2011-06-30": ""}, "Other Current Assets": {"2020-06-30": "169.90000", "2019-06-30": "385.30000", "2018-06-30": "188.30000", "2017-06-30": "180.60000", "2016-06-30": "154.10000", "2015-06-30": "162.40000", "2014-06-30": "164.10000", "2013-06-30": "199.00000", "2012-06-30": "", "2011-06-30": ""}, "Total Current Assets": {"2020-06-30": "685.60000", "2019-06-30": "987.10000", "2018-06-30": "1367.30000", "2017-06-30": "1278.80000", "2016-06-30": "738.70000", "2015-06-30": "885.20000", "2014-06-30": "918.20000", "2013-06-30": "773.50000", "2012-06-30": "", "2011-06-30": "773.50000"}, "Property, Plant, And Equipment": {"2020-06-30": "109.10000", "2019-06-30": "144.80000", "2018-06-30": "127.60000", "2017-06-30": "135.00000", "2016-06-30": "118.60000", "2015-06-30": "100.00000", "2014-06-30": "82.60000", "2013-06-30": "92.80000", "2012-06-30": "", "2011-06-30": "92.80000"}, "Long-Term Investments": {"2020-06-30": "", "2019-06-30": "", "2018-06-30": "", "2017-06-30": "", "2016-06-30": "", "2015-06-30": "", "2014-06-30": "", "2013-06-30": "", "2012-06-30": "", "2011-06-30": ""}, "Goodwill And Intangible Assets": {"2020-06-30": "1583.70000", "2019-06-30": "1582.20000", "2018-06-30": "1081.60000", "2017-06-30": "1285.20000", "2016-06-30": "1290.50000", "2015-06-30": "1309.20000", "2014-06-30": "1364.70000", "2013-06-30": "1314.50000", "2012-06-30": "0.00000", "2011-06-30": ""}, "Other Long-Term Assets": {"2020-06-30": "475.70000", "2019-06-30": "284.90000", "2018-06-30": "431.90000", "2017-06-30": "184.10000", "2016-06-30": "217.20000", "2015-06-30": "224.10000", "2014-06-30": "233.10000", "2013-06-30": "246.30000", "2012-06-30": "", "2011-06-30": ""}, "Total Long-Term Assets": {"2020-06-30": "2168.50000", "2019-06-30": "2011.90000", "2018-06-30": "1641.10000", "2017-06-30": "1604.30000", "2016-06-30": "1626.30000", "2015-06-30": "1633.30000", "2014-06-30": "1680.40000", "2013-06-30": "1653.60000", "2012-06-30": "", "2011-06-30": "92.80000"}, "Total Assets": {"2020-06-30": "2854.10000", "2019-06-30": "2999.00000", "2018-06-30": "3008.40000", "2017-06-30": "2883.10000", "2016-06-30": "2365.00000", "2015-06-30": "2518.50000", "2014-06-30": "2598.60000", "2013-06-30": "2427.10000", "2012-06-30": "0.00000", "2011-06-30": "2427.10000"}, "Total Current Liabilities": {"2020-06-30": "526.80000", "2019-06-30": "840.20000", "2018-06-30": "548.40000", "2017-06-30": "552.60000", "2016-06-30": "523.40000", "2015-06-30": "498.40000", "2014-06-30": "497.50000", "2013-06-30": "529.10000", "2012-06-30": "", "2011-06-30": "529.10000"}, "Long Term Debt": {"2020-06-30": "2655.10000", "2019-06-30": "2659.40000", "2018-06-30": "2575.50000", "2017-06-30": "2125.20000", "2016-06-30": "1190.30000", "2015-06-30": "971.10000", "2014-06-30": "", "2013-06-30": "", "2012-06-30": "", "2011-06-30": ""}, "Other Non-Current Liabilities": {"2020-06-30": "121.70000", "2019-06-30": "65.00000", "2018-06-30": "64.90000", "2017-06-30": "60.10000", "2016-06-30": "70.50000", "2015-06-30": "43.80000", "2014-06-30": "32.50000", "2013-06-30": "45.40000", "2012-06-30": "", "2011-06-30": ""}, "Total Long Term Liabilities": {"2020-06-30": "2908.00000", "2019-06-30": "2873.30000", "2018-06-30": "2807.30000", "2017-06-30": "2387.30000", "2016-06-30": "1465.40000", "2015-06-30": "1236.00000", "2014-06-30": "291.80000", "2013-06-30": "361.40000", "2012-06-30": "", "2011-06-30": ""}, "Total Liabilities": {"2020-06-30": "3434.80000", "2019-06-30": "3713.50000", "2018-06-30": "3355.70000", "2017-06-30": "2939.90000", "2016-06-30": "1988.80000", "2015-06-30": "1734.40000", "2014-06-30": "789.30000", "2013-06-30": "890.50000", "2012-06-30": "0.00000", "2011-06-30": "890.50000"}, "Common Stock Net": {"2020-06-30": "1.60000", "2019-06-30": "1.60000", "2018-06-30": "1.60000", "2017-06-30": "1.60000", "2016-06-30": "1.60000", "2015-06-30": "1.60000", "2014-06-30": "", "2013-06-30": "", "2012-06-30": "0.00000", "2011-06-30": ""}, "Retained Earnings (Accumulated Deficit)": {"2020-06-30": "1045.50000", "2019-06-30": "911.60000", "2018-06-30": "753.00000", "2017-06-30": "452.70000", "2016-06-30": "238.30000", "2015-06-30": "81.20000", "2014-06-30": "", "2013-06-30": "", "2012-06-30": "", "2011-06-30": ""}, "Comprehensive Income": {"2020-06-30": "-25.90000", "2019-06-30": "-6.70000", "2018-06-30": "11.50000", "2017-06-30": "8.00000", "2016-06-30": "5.80000", "2015-06-30": "51.60000", "2014-06-30": "85.70000", "2013-06-30": "43.00000", "2012-06-30": "", "2011-06-30": ""}, "Other Share Holders Equity": {"2020-06-30": "", "2019-06-30": "", "2018-06-30": "", "2017-06-30": "", "2016-06-30": "", "2015-06-30": "", "2014-06-30": "1712.20000", "2013-06-30": "1493.60000", "2012-06-30": "0.00000", "2011-06-30": ""}, "Share Holder Equity": {"2020-06-30": "-580.70000", "2019-06-30": "-714.50000", "2018-06-30": "-347.30000", "2017-06-30": "-56.80000", "2016-06-30": "376.20000", "2015-06-30": "784.10000", "2014-06-30": "1809.30000", "2013-06-30": "1536.60000", "2012-06-30": "0.00000", "2011-06-30": "1536.60000"}, "Total Liabilities And Share Holders Equity": {"2020-06-30": "2854.10000", "2019-06-30": "2999.00000", "2018-06-30": "3008.40000", "2017-06-30": "2883.10000", "2016-06-30": "2365.00000", "2015-06-30": "2518.50000", "2014-06-30": "2598.60000", "2013-06-30": "2427.10000", "2012-06-30": "0.00000", "2011-06-30": "2427.10000"}}, "balance sheet, quarterly": {"Cash On Hand": {"2020-09-30": "281.10000", "2020-06-30": "215.70000", "2020-03-31": "284.50000", "2019-12-31": "222.40000", "2019-09-30": "313.10000", "2019-06-30": "311.40000", "2019-03-31": "306.80000", "2018-12-31": "228.70000", "2018-09-30": "312.80000", "2018-06-30": "804.40000", "2018-03-31": "461.40000", "2017-12-31": "443.60000", "2017-09-30": "788.60000", "2017-06-30": "726.10000", "2017-03-31": "385.20000", "2016-12-31": "327.60000", "2016-09-30": "245.60000", "2016-06-30": "219.10000", "2016-03-31": "464.10000", "2015-12-31": "347.50000", "2015-09-30": "359.60000", "2015-06-30": "408.20000", "2015-03-31": "368.50000", "2014-12-31": "402.20000", "2014-09-30": "355.30000", "2014-06-30": "402.80000", "2014-03-31": "", "2013-12-31": "", "2013-09-30": "", "2013-06-30": "276.30000", "2012-06-30": ""}, "Receivables": {"2020-09-30": "288.70000", "2020-06-30": "300.00000", "2020-03-31": "339.60000", "2019-12-31": "320.90000", "2019-09-30": "410.40000", "2019-06-30": "290.40000", "2019-03-31": "436.30000", "2018-12-31": "411.60000", "2018-09-30": "383.60000", "2018-06-30": "374.60000", "2018-03-31": "395.80000", "2017-12-31": "407.30000", "2017-09-30": "375.20000", "2017-06-30": "372.10000", "2017-03-31": "404.40000", "2016-12-31": "363.00000", "2016-09-30": "371.20000", "2016-06-30": "365.50000", "2016-03-31": "381.50000", "2015-12-31": "378.90000", "2015-09-30": "333.70000", "2015-06-30": "314.60000", "2015-03-31": "352.80000", "2014-12-31": "319.50000", "2014-09-30": "298.10000", "2014-06-30": "310.70000", "2014-03-31": "", "2013-12-31": "", "2013-09-30": "", "2013-06-30": "263.20000", "2012-06-30": ""}, "Inventory": {"2020-09-30": "", "2020-06-30": "", "2020-03-31": "", "2019-12-31": "", "2019-09-30": "", "2019-06-30": "", "2019-03-31": "", "2018-12-31": "", "2018-09-30": "", "2018-06-30": "", "2018-03-31": "", "2017-12-31": "", "2017-09-30": "", "2017-06-30": "", "2017-03-31": "", "2016-12-31": "", "2016-09-30": "", "2016-06-30": "", "2016-03-31": "", "2015-12-31": "", "2015-09-30": "", "2015-06-30": "", "2015-03-31": "", "2014-12-31": "", "2014-09-30": "", "2014-06-30": "", "2014-03-31": "", "2013-12-31": "", "2013-09-30": "", "2013-06-30": "", "2012-06-30": ""}, "Pre-Paid Expenses": {"2020-09-30": "", "2020-06-30": "", "2020-03-31": "", "2019-12-31": "", "2019-09-30": "", "2019-06-30": "", "2019-03-31": "", "2018-12-31": "", "2018-09-30": "", "2018-06-30": "", "2018-03-31": "", "2017-12-31": "", "2017-09-30": "", "2017-06-30": "", "2017-03-31": "", "2016-12-31": "", "2016-09-30": "", "2016-06-30": "", "2016-03-31": "", "2015-12-31": "", "2015-09-30": "", "2015-06-30": "", "2015-03-31": "", "2014-12-31": "", "2014-09-30": "", "2014-06-30": "", "2014-03-31": "", "2013-12-31": "", "2013-09-30": "", "2013-06-30": "", "2012-06-30": ""}, "Other Current Assets": {"2020-09-30": "176.40000", "2020-06-30": "169.90000", "2020-03-31": "245.70000", "2019-12-31": "308.50000", "2019-09-30": "279.30000", "2019-06-30": "385.30000", "2019-03-31": "155.70000", "2018-12-31": "126.80000", "2018-09-30": "115.60000", "2018-06-30": "188.30000", "2018-03-31": "188.60000", "2017-12-31": "195.30000", "2017-09-30": "164.90000", "2017-06-30": "180.60000", "2017-03-31": "173.70000", "2016-12-31": "171.10000", "2016-09-30": "148.90000", "2016-06-30": "154.10000", "2016-03-31": "178.10000", "2015-12-31": "190.70000", "2015-09-30": "185.40000", "2015-06-30": "162.40000", "2015-03-31": "185.10000", "2014-12-31": "170.40000", "2014-09-30": "171.50000", "2014-06-30": "164.10000", "2014-03-31": "", "2013-12-31": "", "2013-09-30": "", "2013-06-30": "199.00000", "2012-06-30": ""}, "Total Current Assets": {"2020-09-30": "746.20000", "2020-06-30": "685.60000", "2020-03-31": "869.80000", "2019-12-31": "851.80000", "2019-09-30": "1002.80000", "2019-06-30": "987.10000", "2019-03-31": "898.80000", "2018-12-31": "767.10000", "2018-09-30": "812.00000", "2018-06-30": "1367.30000", "2018-03-31": "1045.80000", "2017-12-31": "1046.20000", "2017-09-30": "1328.70000", "2017-06-30": "1278.80000", "2017-03-31": "963.30000", "2016-12-31": "861.70000", "2016-09-30": "765.70000", "2016-06-30": "738.70000", "2016-03-31": "1023.70000", "2015-12-31": "917.10000", "2015-09-30": "878.70000", "2015-06-30": "885.20000", "2015-03-31": "906.40000", "2014-12-31": "892.10000", "2014-09-30": "824.90000", "2014-06-30": "918.20000", "2014-03-31": "", "2013-12-31": "", "2013-09-30": "", "2013-06-30": "773.50000", "2012-06-30": ""}, "Property, Plant, And Equipment": {"2020-09-30": "105.20000", "2020-06-30": "109.10000", "2020-03-31": "116.90000", "2019-12-31": "126.60000", "2019-09-30": "131.40000", "2019-06-30": "144.80000", "2019-03-31": "133.30000", "2018-12-31": "139.00000", "2018-09-30": "141.20000", "2018-06-30": "127.60000", "2018-03-31": "137.30000", "2017-12-31": "140.80000", "2017-09-30": "134.00000", "2017-06-30": "135.00000", "2017-03-31": "130.60000", "2016-12-31": "125.50000", "2016-09-30": "122.40000", "2016-06-30": "118.60000", "2016-03-31": "108.80000", "2015-12-31": "101.40000", "2015-09-30": "99.70000", "2015-06-30": "100.00000", "2015-03-31": "85.30000", "2014-12-31": "106.50000", "2014-09-30": "108.50000", "2014-06-30": "82.60000", "2014-03-31": "", "2013-12-31": "", "2013-09-30": "", "2013-06-30": "", "2012-06-30": ""}, "Long-Term Investments": {"2020-09-30": "", "2020-06-30": "", "2020-03-31": "", "2019-12-31": "", "2019-09-30": "", "2019-06-30": "", "2019-03-31": "", "2018-12-31": "", "2018-09-30": "", "2018-06-30": "", "2018-03-31": "", "2017-12-31": "", "2017-09-30": "", "2017-06-30": "", "2017-03-31": "", "2016-12-31": "", "2016-09-30": "", "2016-06-30": "", "2016-03-31": "", "2015-12-31": "", "2015-09-30": "", "2015-06-30": "", "2015-03-31": "", "2014-12-31": "", "2014-09-30": "", "2014-06-30": "", "2014-03-31": "", "2013-12-31": "", "2013-09-30": "", "2013-06-30": "", "2012-06-30": ""}, "Goodwill And Intangible Assets": {"2020-09-30": "1599.90000", "2020-06-30": "1583.70000", "2020-03-31": "1581.80000", "2019-12-31": "1597.00000", "2019-09-30": "1572.10000", "2019-06-30": "1582.20000", "2019-03-31": "1853.20000", "2018-12-31": "1833.20000", "2018-09-30": "1852.20000", "2018-06-30": "1081.60000", "2018-03-31": "1342.90000", "2017-12-31": "1328.00000", "2017-09-30": "1297.60000", "2017-06-30": "1285.20000", "2017-03-31": "1267.70000", "2016-12-31": "1260.70000", "2016-09-30": "1283.10000", "2016-06-30": "1290.50000", "2016-03-31": "1314.30000", "2015-12-31": "1274.20000", "2015-09-30": "1290.10000", "2015-06-30": "1309.20000", "2015-03-31": "1272.20000", "2014-12-31": "1295.10000", "2014-09-30": "1336.10000", "2014-06-30": "1364.70000", "2014-03-31": "0.00000", "2013-12-31": "0.00000", "2013-09-30": "0.00000", "2013-06-30": "1314.50000", "2012-06-30": "0.00000"}, "Other Long-Term Assets": {"2020-09-30": "464.40000", "2020-06-30": "475.70000", "2020-03-31": "396.30000", "2019-12-31": "360.50000", "2019-09-30": "352.60000", "2019-06-30": "284.90000", "2019-03-31": "280.50000", "2018-12-31": "277.80000", "2018-09-30": "285.50000", "2018-06-30": "431.90000", "2018-03-31": "171.90000", "2017-12-31": "175.00000", "2017-09-30": "177.60000", "2017-06-30": "184.10000", "2017-03-31": "195.50000", "2016-12-31": "197.00000", "2016-09-30": "208.40000", "2016-06-30": "217.20000", "2016-03-31": "226.00000", "2015-12-31": "223.30000", "2015-09-30": "220.00000", "2015-06-30": "224.10000", "2015-03-31": "245.40000", "2014-12-31": "221.50000", "2014-09-30": "200.80000", "2014-06-30": "233.10000", "2014-03-31": "", "2013-12-31": "", "2013-09-30": "", "2013-06-30": "246.30000", "2012-06-30": ""}, "Total Long-Term Assets": {"2020-09-30": "2169.50000", "2020-06-30": "2168.50000", "2020-03-31": "2095.00000", "2019-12-31": "2084.10000", "2019-09-30": "2056.10000", "2019-06-30": "2011.90000", "2019-03-31": "2267.00000", "2018-12-31": "2250.00000", "2018-09-30": "2278.90000", "2018-06-30": "1641.10000", "2018-03-31": "1652.10000", "2017-12-31": "1643.80000", "2017-09-30": "1609.20000", "2017-06-30": "1604.30000", "2017-03-31": "1593.80000", "2016-12-31": "1583.20000", "2016-09-30": "1613.90000", "2016-06-30": "1626.30000", "2016-03-31": "1649.10000", "2015-12-31": "1598.90000", "2015-09-30": "1609.80000", "2015-06-30": "1633.30000", "2015-03-31": "1602.90000", "2014-12-31": "1623.10000", "2014-09-30": "1645.40000", "2014-06-30": "1680.40000", "2014-03-31": "", "2013-12-31": "", "2013-09-30": "", "2013-06-30": "1560.80000", "2012-06-30": ""}, "Total Assets": {"2020-09-30": "2915.70000", "2020-06-30": "2854.10000", "2020-03-31": "2964.80000", "2019-12-31": "2935.90000", "2019-09-30": "3058.90000", "2019-06-30": "2999.00000", "2019-03-31": "3165.80000", "2018-12-31": "3017.10000", "2018-09-30": "3090.90000", "2018-06-30": "3008.40000", "2018-03-31": "2697.90000", "2017-12-31": "2690.00000", "2017-09-30": "2937.90000", "2017-06-30": "2883.10000", "2017-03-31": "2557.10000", "2016-12-31": "2444.90000", "2016-09-30": "2379.60000", "2016-06-30": "2365.00000", "2016-03-31": "2672.80000", "2015-12-31": "2516.00000", "2015-09-30": "2488.50000", "2015-06-30": "2518.50000", "2015-03-31": "2509.30000", "2014-12-31": "2515.20000", "2014-09-30": "2470.30000", "2014-06-30": "2598.60000", "2014-03-31": "0.00000", "2013-12-31": "0.00000", "2013-09-30": "0.00000", "2013-06-30": "2427.10000", "2012-06-30": "0.00000"}, "Total Current Liabilities": {"2020-09-30": "834.40000", "2020-06-30": "526.80000", "2020-03-31": "554.60000", "2019-12-31": "537.80000", "2019-09-30": "805.90000", "2019-06-30": "840.20000", "2019-03-31": "754.90000", "2018-12-31": "710.70000", "2018-09-30": "500.60000", "2018-06-30": "548.40000", "2018-03-31": "580.70000", "2017-12-31": "532.10000", "2017-09-30": "559.80000", "2017-06-30": "552.60000", "2017-03-31": "548.00000", "2016-12-31": "495.60000", "2016-09-30": "492.40000", "2016-06-30": "523.40000", "2016-03-31": "536.60000", "2015-12-31": "443.40000", "2015-09-30": "456.20000", "2015-06-30": "498.40000", "2015-03-31": "475.70000", "2014-12-31": "479.70000", "2014-09-30": "458.70000", "2014-06-30": "497.50000", "2014-03-31": "", "2013-12-31": "", "2013-09-30": "", "2013-06-30": "529.10000", "2012-06-30": ""}, "Long Term Debt": {"2020-09-30": "2356.90000", "2020-06-30": "2655.10000", "2020-03-31": "2747.30000", "2019-12-31": "2741.20000", "2019-09-30": "2655.20000", "2019-06-30": "2659.40000", "2019-03-31": "2649.30000", "2018-12-31": "2592.00000", "2018-09-30": "2673.60000", "2018-06-30": "2575.50000", "2018-03-31": "2093.40000", "2017-12-31": "2103.90000", "2017-09-30": "2114.40000", "2017-06-30": "2125.20000", "2017-03-31": "1544.50000", "2016-12-31": "1555.70000", "2016-09-30": "1184.10000", "2016-06-30": "1190.30000", "2016-03-31": "1196.10000", "2015-12-31": "1202.20000", "2015-09-30": "968.60000", "2015-06-30": "971.10000", "2015-03-31": "981.30000", "2014-12-31": "984.40000", "2014-09-30": "982.70000", "2014-06-30": "", "2014-03-31": "", "2013-12-31": "", "2013-09-30": "", "2013-06-30": "", "2012-06-30": ""}, "Other Non-Current Liabilities": {"2020-09-30": "112.40000", "2020-06-30": "121.70000", "2020-03-31": "123.80000", "2019-12-31": "114.30000", "2019-09-30": "112.90000", "2019-06-30": "65.00000", "2019-03-31": "69.90000", "2018-12-31": "61.50000", "2018-09-30": "62.10000", "2018-06-30": "64.90000", "2018-03-31": "66.90000", "2017-12-31": "64.80000", "2017-09-30": "60.40000", "2017-06-30": "60.10000", "2017-03-31": "69.00000", "2016-12-31": "69.70000", "2016-09-30": "71.10000", "2016-06-30": "70.50000", "2016-03-31": "67.50000", "2015-12-31": "45.10000", "2015-09-30": "42.10000", "2015-06-30": "43.80000", "2015-03-31": "35.60000", "2014-12-31": "44.70000", "2014-09-30": "43.40000", "2014-06-30": "32.50000", "2014-03-31": "", "2013-12-31": "", "2013-09-30": "", "2013-06-30": "45.40000", "2012-06-30": ""}, "Total Long Term Liabilities": {"2020-09-30": "2595.80000", "2020-06-30": "2908.00000", "2020-03-31": "3031.40000", "2019-12-31": "3025.10000", "2019-09-30": "2924.60000", "2019-06-30": "2873.30000", "2019-03-31": "2886.30000", "2018-12-31": "2806.50000", "2018-09-30": "2889.90000", "2018-06-30": "2807.30000", "2018-03-31": "2334.20000", "2017-12-31": "2345.90000", "2017-09-30": "2371.00000", "2017-06-30": "2387.30000", "2017-03-31": "1801.10000", "2016-12-31": "1822.90000", "2016-09-30": "1460.10000", "2016-06-30": "1465.40000", "2016-03-31": "1485.30000", "2015-12-31": "1476.80000", "2015-09-30": "1228.00000", "2015-06-30": "1236.00000", "2015-03-31": "1269.60000", "2014-12-31": "1284.70000", "2014-09-30": "1276.50000", "2014-06-30": "291.80000", "2014-03-31": "", "2013-12-31": "", "2013-09-30": "", "2013-06-30": "361.40000", "2012-06-30": ""}, "Total Liabilities": {"2020-09-30": "3430.20000", "2020-06-30": "3434.80000", "2020-03-31": "3586.00000", "2019-12-31": "3562.90000", "2019-09-30": "3730.50000", "2019-06-30": "3713.50000", "2019-03-31": "3641.20000", "2018-12-31": "3517.20000", "2018-09-30": "3390.50000", "2018-06-30": "3355.70000", "2018-03-31": "2914.90000", "2017-12-31": "2878.00000", "2017-09-30": "2930.80000", "2017-06-30": "2939.90000", "2017-03-31": "2349.10000", "2016-12-31": "2318.50000", "2016-09-30": "1952.50000", "2016-06-30": "1988.80000", "2016-03-31": "2021.90000", "2015-12-31": "1920.20000", "2015-09-30": "1684.20000", "2015-06-30": "1734.40000", "2015-03-31": "1745.30000", "2014-12-31": "1764.40000", "2014-09-30": "1735.20000", "2014-06-30": "789.30000", "2014-03-31": "0.00000", "2013-12-31": "0.00000", "2013-09-30": "0.00000", "2013-06-30": "890.50000", "2012-06-30": "0.00000"}, "Common Stock Net": {"2020-09-30": "1.60000", "2020-06-30": "1.60000", "2020-03-31": "1.60000", "2019-12-31": "1.60000", "2019-09-30": "1.60000", "2019-06-30": "1.60000", "2019-03-31": "1.60000", "2018-12-31": "1.60000", "2018-09-30": "1.60000", "2018-06-30": "1.60000", "2018-03-31": "1.60000", "2017-12-31": "1.60000", "2017-09-30": "1.60000", "2017-06-30": "1.60000", "2017-03-31": "1.60000", "2016-12-31": "1.60000", "2016-09-30": "1.60000", "2016-06-30": "1.60000", "2016-03-31": "1.60000", "2015-12-31": "1.60000", "2015-09-30": "1.60000", "2015-06-30": "1.60000", "2015-03-31": "1.60000", "2014-12-31": "1.60000", "2014-09-30": "1.60000", "2014-06-30": "", "2014-03-31": "0.00000", "2013-12-31": "0.00000", "2013-09-30": "0.00000", "2013-06-30": "0.00000", "2012-06-30": "0.00000"}, "Retained Earnings (Accumulated Deficit)": {"2020-09-30": "1074.60000", "2020-06-30": "1045.50000", "2020-03-31": "1018.30000", "2019-12-31": "979.10000", "2019-09-30": "975.30000", "2019-06-30": "911.60000", "2019-03-31": "1084.90000", "2018-12-31": "1003.80000", "2018-09-30": "933.60000", "2018-06-30": "753.00000", "2018-03-31": "673.40000", "2017-12-31": "597.70000", "2017-09-30": "514.20000", "2017-06-30": "452.70000", "2017-03-31": "413.90000", "2016-12-31": "357.00000", "2016-09-30": "294.90000", "2016-06-30": "238.30000", "2016-03-31": "200.50000", "2015-12-31": "167.80000", "2015-09-30": "121.40000", "2015-06-30": "81.20000", "2015-03-31": "59.90000", "2014-12-31": "23.10000", "2014-09-30": "", "2014-06-30": "", "2014-03-31": "", "2013-12-31": "", "2013-09-30": "", "2013-06-30": "", "2012-06-30": ""}, "Comprehensive Income": {"2020-09-30": "1.30000", "2020-06-30": "-25.90000", "2020-03-31": "-34.30000", "2019-12-31": "5.40000", "2019-09-30": "-26.60000", "2019-06-30": "-6.70000", "2019-03-31": "-2.40000", "2018-12-31": "-7.00000", "2018-09-30": "5.10000", "2018-06-30": "11.50000", "2018-03-31": "45.60000", "2017-12-31": "32.10000", "2017-09-30": "22.20000", "2017-06-30": "8.00000", "2017-03-31": "-16.30000", "2016-12-31": "-25.10000", "2016-09-30": "1.70000", "2016-06-30": "5.80000", "2016-03-31": "26.20000", "2015-12-31": "19.80000", "2015-09-30": "34.80000", "2015-06-30": "51.60000", "2015-03-31": "45.60000", "2014-12-31": "68.80000", "2014-09-30": "88.20000", "2014-06-30": "85.70000", "2014-03-31": "", "2013-12-31": "", "2013-09-30": "", "2013-06-30": "", "2012-06-30": ""}, "Other Share Holders Equity": {"2020-09-30": "", "2020-06-30": "", "2020-03-31": "", "2019-12-31": "", "2019-09-30": "", "2019-06-30": "", "2019-03-31": "", "2018-12-31": "", "2018-09-30": "", "2018-06-30": "", "2018-03-31": "", "2017-12-31": "", "2017-09-30": "", "2017-06-30": "", "2017-03-31": "", "2016-12-31": "", "2016-09-30": "", "2016-06-30": "", "2016-03-31": "", "2015-12-31": "", "2015-09-30": "", "2015-06-30": "", "2015-03-31": "", "2014-12-31": "", "2014-09-30": "", "2014-06-30": "1712.20000", "2014-03-31": "0.00000", "2013-12-31": "0.00000", "2013-09-30": "0.00000", "2013-06-30": "1536.60000", "2012-06-30": "0.00000"}, "Share Holder Equity": {"2020-09-30": "-514.50000", "2020-06-30": "-580.70000", "2020-03-31": "-621.20000", "2019-12-31": "-627.00000", "2019-09-30": "-671.60000", "2019-06-30": "-714.50000", "2019-03-31": "-475.40000", "2018-12-31": "-500.10000", "2018-09-30": "-299.60000", "2018-06-30": "-347.30000", "2018-03-31": "-217.00000", "2017-12-31": "-188.00000", "2017-09-30": "7.10000", "2017-06-30": "-56.80000", "2017-03-31": "208.00000", "2016-12-31": "126.40000", "2016-09-30": "427.10000", "2016-06-30": "376.20000", "2016-03-31": "650.90000", "2015-12-31": "595.80000", "2015-09-30": "804.30000", "2015-06-30": "784.10000", "2015-03-31": "764.00000", "2014-12-31": "750.80000", "2014-09-30": "735.10000", "2014-06-30": "1809.30000", "2014-03-31": "0.00000", "2013-12-31": "0.00000", "2013-09-30": "0.00000", "2013-06-30": "1536.60000", "2012-06-30": "0.00000"}, "Total Liabilities And Share Holders Equity": {"2020-09-30": "2915.70000", "2020-06-30": "2854.10000", "2020-03-31": "2964.80000", "2019-12-31": "2935.90000", "2019-09-30": "3058.90000", "2019-06-30": "2999.00000", "2019-03-31": "3165.80000", "2018-12-31": "3017.10000", "2018-09-30": "3090.90000", "2018-06-30": "3008.40000", "2018-03-31": "2697.90000", "2017-12-31": "2690.00000", "2017-09-30": "2937.90000", "2017-06-30": "2883.10000", "2017-03-31": "2557.10000", "2016-12-31": "2444.90000", "2016-09-30": "2379.60000", "2016-06-30": "2365.00000", "2016-03-31": "2672.80000", "2015-12-31": "2516.00000", "2015-09-30": "2488.50000", "2015-06-30": "2518.50000", "2015-03-31": "2509.30000", "2014-12-31": "2515.20000", "2014-09-30": "2470.30000", "2014-06-30": "2598.60000", "2014-03-31": "0.00000", "2013-12-31": "0.00000", "2013-09-30": "0.00000", "2013-06-30": "2427.10000", "2012-06-30": "0.00000"}}, "cash flow statement": {"Net Income/Loss": {"2020-06-30": "214.50000", "2019-06-30": "131.90000", "2018-06-30": "388.70000", "2017-06-30": "302.50000", "2016-06-30": "246.80000", "2015-06-30": "186.30000", "2014-06-30": "235.90000", "2013-06-30": "205.70000", "2012-06-30": "160.80000", "2011-06-30": "0.00000"}, "Total Depreciation And Amortization - Cash Flow": {"2020-06-30": "99.60000", "2019-06-30": "89.80000", "2018-06-30": "70.80000", "2017-06-30": "63.40000", "2016-06-30": "64.00000", "2015-06-30": "76.50000", "2014-06-30": "52.30000", "2013-06-30": "51.10000", "2012-06-30": "59.90000", "2011-06-30": ""}, "Other Non-Cash Items": {"2020-06-30": "121.10000", "2019-06-30": "216.10000", "2018-06-30": "38.20000", "2017-06-30": "79.00000", "2016-06-30": "32.80000", "2015-06-30": "5.90000", "2014-06-30": "9.20000", "2013-06-30": "14.40000", "2012-06-30": "30.00000", "2011-06-30": ""}, "Total Non-Cash Items": {"2020-06-30": "220.70000", "2019-06-30": "305.90000", "2018-06-30": "109.00000", "2017-06-30": "142.40000", "2016-06-30": "96.80000", "2015-06-30": "82.40000", "2014-06-30": "61.50000", "2013-06-30": "65.50000", "2012-06-30": "89.90000", "2011-06-30": ""}, "Change In Accounts Receivable": {"2020-06-30": "-19.00000", "2019-06-30": "-20.10000", "2018-06-30": "-10.60000", "2017-06-30": "-5.60000", "2016-06-30": "-57.00000", "2015-06-30": "-16.90000", "2014-06-30": "-36.40000", "2013-06-30": "-33.90000", "2012-06-30": "-10.90000", "2011-06-30": ""}, "Change In Inventories": {"2020-06-30": "", "2019-06-30": "", "2018-06-30": "", "2017-06-30": "", "2016-06-30": "", "2015-06-30": "", "2014-06-30": "", "2013-06-30": "", "2012-06-30": "", "2011-06-30": ""}, "Change In Accounts Payable": {"2020-06-30": "-3.70000", "2019-06-30": "-1.60000", "2018-06-30": "10.50000", "2017-06-30": "5.10000", "2016-06-30": "15.30000", "2015-06-30": "3.00000", "2014-06-30": "0.30000", "2013-06-30": "0.70000", "2012-06-30": "-2.90000", "2011-06-30": ""}, "Change In Assets/Liabilities": {"2020-06-30": "-32.70000", "2019-06-30": "-49.20000", "2018-06-30": "14.00000", "2017-06-30": "1.50000", "2016-06-30": "3.00000", "2015-06-30": "-24.30000", "2014-06-30": "-24.40000", "2013-06-30": "-24.60000", "2012-06-30": "-11.90000", "2011-06-30": ""}, "Total Change In Assets/Liabilities": {"2020-06-30": "-88.00000", "2019-06-30": "34.20000", "2018-06-30": "-35.90000", "2017-06-30": "-13.80000", "2016-06-30": "-17.90000", "2015-06-30": "11.80000", "2014-06-30": "-48.00000", "2013-06-30": "-24.50000", "2012-06-30": "-27.40000", "2011-06-30": ""}, "Cash Flow From Operating Activities": {"2020-06-30": "375.10000", "2019-06-30": "483.10000", "2018-06-30": "466.40000", "2017-06-30": "435.70000", "2016-06-30": "320.10000", "2015-06-30": "267.90000", "2014-06-30": "245.90000", "2013-06-30": "246.50000", "2012-06-30": "227.80000", "2011-06-30": ""}, "Net Change In Property, Plant, And Equipment": {"2020-06-30": "-82.00000", "2019-06-30": "-84.90000", "2018-06-30": "-74.90000", "2017-06-30": "-90.00000", "2016-06-30": "-63.20000", "2015-06-30": "-63.00000", "2014-06-30": "-44.10000", "2013-06-30": "-27.50000", "2012-06-30": "-40.50000", "2011-06-30": ""}, "Net Change In Intangible Assets": {"2020-06-30": "", "2019-06-30": "", "2018-06-30": "", "2017-06-30": "", "2016-06-30": "", "2015-06-30": "", "2014-06-30": "", "2013-06-30": "-3.40000", "2012-06-30": "-2.80000", "2011-06-30": ""}, "Net Acquisitions/Divestitures": {"2020-06-30": "", "2019-06-30": "-513.00000", "2018-06-30": "-12.80000", "2017-06-30": "", "2016-06-30": "-18.10000", "2015-06-30": "-12.10000", "2014-06-30": "-25.70000", "2013-06-30": "", "2012-06-30": "-60.80000", "2011-06-30": ""}, "Net Change In Short-term Investments": {"2020-06-30": "", "2019-06-30": "", "2018-06-30": "", "2017-06-30": "", "2016-06-30": "", "2015-06-30": "", "2014-06-30": "", "2013-06-30": "", "2012-06-30": "", "2011-06-30": ""}, "Net Change In Long-Term Investments": {"2020-06-30": "-20.00000", "2019-06-30": "-16.60000", "2018-06-30": "0.80000", "2017-06-30": "5.80000", "2016-06-30": "-0.30000", "2015-06-30": "-6.30000", "2014-06-30": "", "2013-06-30": "", "2012-06-30": "-202.70000", "2011-06-30": ""}, "Net Change In Investments - Total": {"2020-06-30": "-20.00000", "2019-06-30": "-16.60000", "2018-06-30": "0.80000", "2017-06-30": "5.80000", "2016-06-30": "-0.30000", "2015-06-30": "-6.30000", "2014-06-30": "", "2013-06-30": "", "2012-06-30": "-202.70000", "2011-06-30": ""}, "Investing Activities - Other": {"2020-06-30": "-6.30000", "2019-06-30": "-8.70000", "2018-06-30": "-26.60000", "2017-06-30": "-3.70000", "2016-06-30": "", "2015-06-30": "40.60000", "2014-06-30": "-4.20000", "2013-06-30": "-5.30000", "2012-06-30": "-3.50000", "2011-06-30": ""}, "Cash Flow From Investing Activities": {"2020-06-30": "-108.30000", "2019-06-30": "-623.20000", "2018-06-30": "-113.50000", "2017-06-30": "-87.90000", "2016-06-30": "-81.60000", "2015-06-30": "-40.80000", "2014-06-30": "-74.00000", "2013-06-30": "-36.20000", "2012-06-30": "-310.30000", "2011-06-30": ""}, "Net Long-Term Debt": {"2020-06-30": "-256.20000", "2019-06-30": "293.50000", "2018-06-30": "453.60000", "2017-06-30": "963.10000", "2016-06-30": "230.00000", "2015-06-30": "990.50000", "2014-06-30": "", "2013-06-30": "", "2012-06-30": "", "2011-06-30": ""}, "Net Current Debt": {"2020-06-30": "", "2019-06-30": "", "2018-06-30": "", "2017-06-30": "", "2016-06-30": "", "2015-06-30": "-21.90000", "2014-06-30": "-1.10000", "2013-06-30": "-2.00000", "2012-06-30": "-0.70000", "2011-06-30": ""}, "Debt Issuance/Retirement Net - Total": {"2020-06-30": "-256.20000", "2019-06-30": "293.50000", "2018-06-30": "453.60000", "2017-06-30": "963.10000", "2016-06-30": "230.00000", "2015-06-30": "968.60000", "2014-06-30": "-1.10000", "2013-06-30": "-2.00000", "2012-06-30": "-0.70000", "2011-06-30": ""}, "Net Common Equity Issued/Repurchased": {"2020-06-30": "6.20000", "2019-06-30": "-519.10000", "2018-06-30": "-614.70000", "2017-06-30": "-685.30000", "2016-06-30": "-554.30000", "2015-06-30": "-40.20000", "2014-06-30": "", "2013-06-30": "", "2012-06-30": "", "2011-06-30": ""}, "Net Total Equity Issued/Repurchased": {"2020-06-30": "6.20000", "2019-06-30": "-519.10000", "2018-06-30": "-614.70000", "2017-06-30": "-685.30000", "2016-06-30": "-554.30000", "2015-06-30": "-40.20000", "2014-06-30": "", "2013-06-30": "", "2012-06-30": "", "2011-06-30": ""}, "Total Common And Preferred Stock Dividends Paid": {"2020-06-30": "-79.60000", "2019-06-30": "-85.10000", "2018-06-30": "-87.50000", "2017-06-30": "-87.00000", "2016-06-30": "-87.30000", "2015-06-30": "-888.60000", "2014-06-30": "-8.00000", "2013-06-30": "", "2012-06-30": "", "2011-06-30": ""}, "Financial Activities - Other": {"2020-06-30": "-16.30000", "2019-06-30": "-38.30000", "2018-06-30": "-22.60000", "2017-06-30": "-30.90000", "2016-06-30": "-7.70000", "2015-06-30": "-239.70000", "2014-06-30": "-39.20000", "2013-06-30": "-151.90000", "2012-06-30": "3.50000", "2011-06-30": ""}, "Cash Flow From Financial Activities": {"2020-06-30": "-345.90000", "2019-06-30": "-349.00000", "2018-06-30": "-271.20000", "2017-06-30": "159.90000", "2016-06-30": "-419.30000", "2015-06-30": "-199.90000", "2014-06-30": "-48.30000", "2013-06-30": "-153.90000", "2012-06-30": "2.80000", "2011-06-30": ""}, "Net Cash Flow": {"2020-06-30": "-88.90000", "2019-06-30": "-496.00000", "2018-06-30": "83.10000", "2017-06-30": "511.70000", "2016-06-30": "-189.10000", "2015-06-30": "5.40000", "2014-06-30": "126.50000", "2013-06-30": "53.20000", "2012-06-30": "-94.60000", "2011-06-30": ""}, "Stock-Based Compensation": {"2020-06-30": "19.60000", "2019-06-30": "30.50000", "2018-06-30": "33.40000", "2017-06-30": "52.70000", "2016-06-30": "36.40000", "2015-06-30": "30.40000", "2014-06-30": "21.00000", "2013-06-30": "14.10000", "2012-06-30": "14.30000", "2011-06-30": ""}, "Common Stock Dividends Paid": {"2020-06-30": "-79.60000", "2019-06-30": "-85.10000", "2018-06-30": "-87.50000", "2017-06-30": "-87.00000", "2016-06-30": "-87.30000", "2015-06-30": "-888.60000", "2014-06-30": "-8.00000", "2013-06-30": "0.00000", "2012-06-30": "", "2011-06-30": ""}}, "cash flow statement, quarterly": {"Net Income/Loss": {"2020-09-30": "58.00000", "2020-06-30": 46.8, "2020-03-31": 59.5, "2019-12-31": 24.1, "2019-09-30": "84.10000", "2019-06-30": -153, "2019-03-31": 101.7, "2018-12-31": 90.9, "2018-09-30": "92.30000", "2018-06-30": 101.6, "2018-03-31": 97.8, "2017-12-31": 106.2, "2017-09-30": "83.10000", "2017-06-30": 60.9, "2017-03-31": 78.8, "2016-12-31": 83.6, "2016-09-30": "79.20000", "2016-06-30": 60.2, "2016-03-31": 55.7, "2015-12-31": 69.7, "2015-09-30": "61.20000", "2015-06-30": 42.7, "2015-03-31": 58.2, "2014-12-31": 44.4, "2014-09-30": "41.00000", "2014-06-30": 45.7, "2014-03-31": 75.5, "2013-12-31": 52.2, "2013-09-30": "53.50000", "2013-06-30": 38.6, "2012-06-30": 160.8}, "Total Depreciation And Amortization - Cash Flow": {"2020-09-30": "24.90000", "2020-06-30": 27, "2020-03-31": 24.5, "2019-12-31": 24.6, "2019-09-30": "23.50000", "2019-06-30": 24.7, "2019-03-31": 23.6, "2018-12-31": 23.7, "2018-09-30": "17.80000", "2018-06-30": 12.2, "2018-03-31": 19.6, "2017-12-31": 19.5, "2017-09-30": "19.50000", "2017-06-30": 11.4, "2017-03-31": 17.6, "2016-12-31": 17.3, "2016-09-30": "17.10000", "2016-06-30": 18.4, "2016-03-31": 16.9, "2015-12-31": 14.7, "2015-09-30": "14.00000", "2015-06-30": 19.4, "2015-03-31": 13.7, "2014-12-31": 29.5, "2014-09-30": "13.90000", "2014-06-30": 28.3, "2014-03-31": 6.1, "2013-12-31": 17, "2013-09-30": "16.50000", "2013-06-30": 3.7, "2012-06-30": 59.9}, "Other Non-Cash Items": {"2020-09-30": "18.80000", "2020-06-30": -18.6, "2020-03-31": 47, "2019-12-31": 87.7, "2019-09-30": "5.00000", "2019-06-30": 184.8, "2019-03-31": 11.8, "2018-12-31": 8.1, "2018-09-30": "11.40000", "2018-06-30": 19.1, "2018-03-31": 10.2, "2017-12-31": -1.5, "2017-09-30": "10.40000", "2017-06-30": 46.4, "2017-03-31": 7.1, "2016-12-31": 8.8, "2016-09-30": "16.70000", "2016-06-30": -0.5, "2016-03-31": 1.5, "2015-12-31": 8.1, "2015-09-30": "23.70000", "2015-06-30": -14.9, "2015-03-31": 4.1, "2014-12-31": 6.1, "2014-09-30": "10.60000", "2014-06-30": 5.4, "2014-03-31": -2.3, "2013-12-31": 4.4, "2013-09-30": "1.70000", "2013-06-30": 0, "2012-06-30": 0}, "Total Non-Cash Items": {"2020-09-30": "43.70000", "2020-06-30": 8.4, "2020-03-31": 71.5, "2019-12-31": 112.3, "2019-09-30": "28.50000", "2019-06-30": 209.5, "2019-03-31": 35.4, "2018-12-31": 31.8, "2018-09-30": "29.20000", "2018-06-30": 31.3, "2018-03-31": 29.8, "2017-12-31": 18, "2017-09-30": "29.90000", "2017-06-30": 57.8, "2017-03-31": 24.7, "2016-12-31": 26.1, "2016-09-30": "33.80000", "2016-06-30": 17.9, "2016-03-31": 18.4, "2015-12-31": 22.8, "2015-09-30": "37.70000", "2015-06-30": 4.5, "2015-03-31": 17.8, "2014-12-31": 35.6, "2014-09-30": "24.50000", "2014-06-30": 24.5, "2014-03-31": 3.8, "2013-12-31": 21.4, "2013-09-30": "18.20000", "2013-06-30": 3.7, "2012-06-30": 59.9}, "Change In Accounts Receivable": {"2020-09-30": "13.40000", "2020-06-30": 38.7, "2020-03-31": -26.8, "2019-12-31": -22.8, "2019-09-30": "-8.10000", "2019-06-30": 10.3, "2019-03-31": -16.4, "2018-12-31": -25.7, "2018-09-30": "11.70000", "2018-06-30": 9.5, "2018-03-31": 13.1, "2017-12-31": -31.4, "2017-09-30": "-1.80000", "2017-06-30": 37.2, "2017-03-31": -40.6, "2016-12-31": 4.6, "2016-09-30": "-6.80000", "2016-06-30": 14.1, "2016-03-31": -1.3, "2015-12-31": -48.2, "2015-09-30": "-21.60000", "2015-06-30": 38.7, "2015-03-31": -27.9, "2014-12-31": -27, "2014-09-30": "-0.70000", "2014-06-30": -0.4, "2014-03-31": -11.3, "2013-12-31": -15.6, "2013-09-30": "-9.10000", "2013-06-30": 0, "2012-06-30": 0}, "Change In Inventories": {"2020-09-30": "", "2020-06-30": 0, "2020-03-31": 0, "2019-12-31": 0, "2019-09-30": "", "2019-06-30": 0, "2019-03-31": 0, "2018-12-31": 0, "2018-09-30": "", "2018-06-30": 0, "2018-03-31": 0, "2017-12-31": 0, "2017-09-30": "", "2017-06-30": 0, "2017-03-31": 0, "2016-12-31": 0, "2016-09-30": "", "2016-06-30": 0, "2016-03-31": 0, "2015-12-31": 0, "2015-09-30": "", "2015-06-30": 0, "2015-03-31": 0, "2014-12-31": 0, "2014-09-30": "", "2014-06-30": 0, "2014-03-31": 0, "2013-12-31": 0, "2013-09-30": "", "2013-06-30": 0, "2012-06-30": 0}, "Change In Accounts Payable": {"2020-09-30": "-0.60000", "2020-06-30": -11.1, "2020-03-31": 21.5, "2019-12-31": -8.6, "2019-09-30": "-5.50000", "2019-06-30": 7.3, "2019-03-31": 8, "2018-12-31": -13.3, "2018-09-30": "-3.60000", "2018-06-30": 24.1, "2018-03-31": 7.4, "2017-12-31": -17.2, "2017-09-30": "-3.80000", "2017-06-30": 3.7, "2017-03-31": 12.7, "2016-12-31": -6.3, "2016-09-30": "-5.00000", "2016-06-30": 4, "2016-03-31": 19.1, "2015-12-31": -5.9, "2015-09-30": "-1.90000", "2015-06-30": -1.7, "2015-03-31": 5.4, "2014-12-31": 0.8, "2014-09-30": "-1.50000", "2014-06-30": 2.8, "2014-03-31": 2.4, "2013-12-31": -1.8, "2013-09-30": "-3.10000", "2013-06-30": 0, "2012-06-30": 0}, "Change In Assets/Liabilities": {"2020-09-30": "-8.50000", "2020-06-30": -14.2, "2020-03-31": -21.5, "2019-12-31": 7.5, "2019-09-30": "-4.50000", "2019-06-30": -22.4, "2019-03-31": -38.5, "2018-12-31": -2.6, "2018-09-30": "14.30000", "2018-06-30": 3.9, "2018-03-31": 16.9, "2017-12-31": -26.6, "2017-09-30": "19.80000", "2017-06-30": 6, "2017-03-31": 3.1, "2016-12-31": -17.6, "2016-09-30": "10.00000", "2016-06-30": 27, "2016-03-31": 17.6, "2015-12-31": -20.2, "2015-09-30": "-21.40000", "2015-06-30": -5.2, "2015-03-31": -1.1, "2014-12-31": -11.7, "2014-09-30": "-6.30000", "2014-06-30": -12.7, "2014-03-31": 0.8, "2013-12-31": -3.9, "2013-09-30": "-8.60000", "2013-06-30": 0, "2012-06-30": 0}, "Total Change In Assets/Liabilities": {"2020-09-30": "-4.20000", "2020-06-30": -3.7, "2020-03-31": -2.1, "2019-12-31": -35.4, "2019-09-30": "-46.80000", "2019-06-30": 83.5, "2019-03-31": -0.3, "2018-12-31": -66.1, "2018-09-30": "17.10000", "2018-06-30": -15.2, "2018-03-31": 66.4, "2017-12-31": -100.4, "2017-09-30": "13.30000", "2017-06-30": 28.4, "2017-03-31": 9.5, "2016-12-31": -24, "2016-09-30": "-27.70000", "2016-06-30": 36.2, "2016-03-31": 106.5, "2015-12-31": -71.8, "2015-09-30": "-88.80000", "2015-06-30": 67.2, "2015-03-31": -20.8, "2014-12-31": 5.6, "2014-09-30": "-40.20000", "2014-06-30": 23.8, "2014-03-31": -18.3, "2013-12-31": 4.9, "2013-09-30": "-61.50000", "2013-06-30": 5.3, "2012-06-30": -27.4}, "Cash Flow From Operating Activities": {"2020-09-30": "99.70000", "2020-06-30": 63.4, "2020-03-31": 133, "2019-12-31": 106.5, "2019-09-30": "72.20000", "2019-06-30": 143.9, "2019-03-31": 139.9, "2018-12-31": 59.3, "2018-09-30": "140.00000", "2018-06-30": 119.6, "2018-03-31": 195.5, "2017-12-31": 23.5, "2017-09-30": "127.80000", "2017-06-30": 148.5, "2017-03-31": 113.8, "2016-12-31": 86.6, "2016-09-30": "86.80000", "2016-06-30": 113.2, "2016-03-31": 181.1, "2015-12-31": 20.6, "2015-09-30": "5.20000", "2015-06-30": 107.7, "2015-03-31": 55.2, "2014-12-31": 84.1, "2014-09-30": "20.90000", "2014-06-30": 115.7, "2014-03-31": 55.4, "2013-12-31": 79.3, "2013-09-30": "7.90000", "2013-06-30": 35.5, "2012-06-30": 227.8}, "Net Change In Property, Plant, And Equipment": {"2020-09-30": "-22.00000", "2020-06-30": -19.3, "2020-03-31": -24, "2019-12-31": -25.3, "2019-09-30": "-13.40000", "2019-06-30": -27, "2019-03-31": -20.8, "2018-12-31": -20.6, "2018-09-30": "-16.50000", "2018-06-30": -10.7, "2018-03-31": -18.1, "2017-12-31": -26.2, "2017-09-30": "-19.90000", "2017-06-30": -20.6, "2017-03-31": -30.2, "2016-12-31": -20.3, "2016-09-30": "-18.90000", "2016-06-30": -18.6, "2016-03-31": -24.4, "2015-12-31": -11, "2015-09-30": "-9.20000", "2015-06-30": -29.2, "2015-03-31": -18.2, "2014-12-31": -8.7, "2014-09-30": "-6.90000", "2014-06-30": -22, "2014-03-31": -5.6, "2013-12-31": -17.4, "2013-09-30": "-12.00000", "2013-06-30": -3.8, "2012-06-30": -40.5}, "Net Change In Intangible Assets": {"2020-09-30": "", "2020-06-30": 0, "2020-03-31": 0, "2019-12-31": 0, "2019-09-30": "", "2019-06-30": 0, "2019-03-31": 0, "2018-12-31": 0, "2018-09-30": "", "2018-06-30": 0, "2018-03-31": 0, "2017-12-31": 0, "2017-09-30": "", "2017-06-30": 0, "2017-03-31": 0, "2016-12-31": 0, "2016-09-30": "", "2016-06-30": 0, "2016-03-31": 0, "2015-12-31": 0, "2015-09-30": "", "2015-06-30": 0, "2015-03-31": 0, "2014-12-31": 0, "2014-09-30": "", "2014-06-30": 0, "2014-03-31": 0, "2013-12-31": 1.9, "2013-09-30": "-1.90000", "2013-06-30": 0, "2012-06-30": 0}, "Net Acquisitions/Divestitures": {"2020-09-30": "", "2020-06-30": 0, "2020-03-31": 0, "2019-12-31": 0, "2019-09-30": "", "2019-06-30": 0, "2019-03-31": 0.2, "2018-12-31": 0, "2018-09-30": "-513.20000", "2018-06-30": 0, "2018-03-31": 0, "2017-12-31": -12.8, "2017-09-30": "", "2017-06-30": 0, "2017-03-31": 0, "2016-12-31": 0, "2016-09-30": "", "2016-06-30": -0.1, "2016-03-31": -18, "2015-12-31": 0, "2015-09-30": "", "2015-06-30": -12.1, "2015-03-31": 0, "2014-12-31": 0, "2014-09-30": "", "2014-06-30": 0, "2014-03-31": -0.3, "2013-12-31": -15.7, "2013-09-30": "-9.70000", "2013-06-30": 60.8, "2012-06-30": -60.8}, "Net Change In Short-term Investments": {"2020-09-30": "", "2020-06-30": 0, "2020-03-31": -7.3, "2019-12-31": 7.3, "2019-09-30": "", "2019-06-30": 0, "2019-03-31": 0, "2018-12-31": 0, "2018-09-30": "", "2018-06-30": 0, "2018-03-31": 0, "2017-12-31": 0, "2017-09-30": "", "2017-06-30": 0, "2017-03-31": 0, "2016-12-31": 0, "2016-09-30": "", "2016-06-30": 0, "2016-03-31": 0, "2015-12-31": 0, "2015-09-30": "", "2015-06-30": 0, "2015-03-31": 0, "2014-12-31": 0, "2014-09-30": "", "2014-06-30": 0, "2014-03-31": 0, "2013-12-31": 0, "2013-09-30": "", "2013-06-30": 0, "2012-06-30": 0}, "Net Change In Long-Term Investments": {"2020-09-30": "", "2020-06-30": 0, "2020-03-31": -8, "2019-12-31": 0, "2019-09-30": "-12.00000", "2019-06-30": -7, "2019-03-31": 0, "2018-12-31": 0.4, "2018-09-30": "-10.00000", "2018-06-30": 0, "2018-03-31": 0, "2017-12-31": 0, "2017-09-30": "0.80000", "2017-06-30": 3.9, "2017-03-31": -1.5, "2016-12-31": 1.4, "2016-09-30": "2.00000", "2016-06-30": -2.3, "2016-03-31": 1, "2015-12-31": 7.7, "2015-09-30": "-6.70000", "2015-06-30": 8.3, "2015-03-31": -14.6, "2014-12-31": 0, "2014-09-30": "", "2014-06-30": 0, "2014-03-31": -1.1, "2013-12-31": -38.9, "2013-09-30": "40.00000", "2013-06-30": 0, "2012-06-30": 0}, "Net Change In Investments - Total": {"2020-09-30": "", "2020-06-30": 0, "2020-03-31": -15.3, "2019-12-31": 7.3, "2019-09-30": "-12.00000", "2019-06-30": -7, "2019-03-31": 0, "2018-12-31": 0.4, "2018-09-30": "-10.00000", "2018-06-30": 0, "2018-03-31": 0, "2017-12-31": 0, "2017-09-30": "0.80000", "2017-06-30": 3.9, "2017-03-31": -1.5, "2016-12-31": 1.4, "2016-09-30": "2.00000", "2016-06-30": -2.3, "2016-03-31": 1, "2015-12-31": 7.7, "2015-09-30": "-6.70000", "2015-06-30": 8.3, "2015-03-31": -14.6, "2014-12-31": 0, "2014-09-30": "", "2014-06-30": -36.3, "2014-03-31": -1.1, "2013-12-31": -38.9, "2013-09-30": "40.00000", "2013-06-30": 60.6, "2012-06-30": -202.7}, "Investing Activities - Other": {"2020-09-30": "", "2020-06-30": -0.3, "2020-03-31": -1.3, "2019-12-31": -2.2, "2019-09-30": "-2.50000", "2019-06-30": -2.1, "2019-03-31": -2, "2018-12-31": -2.2, "2018-09-30": "-2.40000", "2018-06-30": -26.6, "2018-03-31": 0, "2017-12-31": 0, "2017-09-30": "", "2017-06-30": -3.7, "2017-03-31": 0, "2016-12-31": 0, "2016-09-30": "", "2016-06-30": 0, "2016-03-31": 0, "2015-12-31": 0, "2015-09-30": "", "2015-06-30": 0, "2015-03-31": 0, "2014-12-31": 0, "2014-09-30": "40.60000", "2014-06-30": -9.2, "2014-03-31": 0, "2013-12-31": -2.5, "2013-09-30": "", "2013-06-30": -2.4, "2012-06-30": -6.3}, "Cash Flow From Investing Activities": {"2020-09-30": "-22.00000", "2020-06-30": -19.6, "2020-03-31": -40.6, "2019-12-31": -20.2, "2019-09-30": "-27.90000", "2019-06-30": -36.1, "2019-03-31": -22.6, "2018-12-31": -22.4, "2018-09-30": "-542.10000", "2018-06-30": -37.3, "2018-03-31": -18.1, "2017-12-31": -39, "2017-09-30": "-19.10000", "2017-06-30": -20.4, "2017-03-31": -31.7, "2016-12-31": -18.9, "2016-09-30": "-16.90000", "2016-06-30": -21, "2016-03-31": -41.4, "2015-12-31": -3.3, "2015-09-30": "-15.90000", "2015-06-30": -33, "2015-03-31": -32.8, "2014-12-31": -8.7, "2014-09-30": "33.70000", "2014-06-30": -67.5, "2014-03-31": -7, "2013-12-31": -72.6, "2013-09-30": "16.40000", "2013-06-30": 115.2, "2012-06-30": -310.3}, "Net Long-Term Debt": {"2020-09-30": "-0.30000", "2020-06-30": -90.4, "2020-03-31": 4.6, "2019-12-31": -165.2, "2019-09-30": "-5.20000", "2019-06-30": 5.2, "2019-03-31": 55.2, "2018-12-31": 165.4, "2018-09-30": "67.70000", "2018-06-30": 488.4, "2018-03-31": -11.6, "2017-12-31": -11.6, "2017-09-30": "-11.60000", "2017-06-30": 588.3, "2017-03-31": -11.7, "2016-12-31": 393.1, "2016-09-30": "-6.60000", "2016-06-30": -6.7, "2016-03-31": -6.6, "2015-12-31": 246.6, "2015-09-30": "-3.30000", "2015-06-30": -3.3, "2015-03-31": -3.1, "2014-12-31": -3.1, "2014-09-30": "1000.00000", "2014-06-30": 0, "2014-03-31": 0, "2013-12-31": 0, "2013-09-30": "", "2013-06-30": 0, "2012-06-30": 0}, "Net Current Debt": {"2020-09-30": "", "2020-06-30": 0, "2020-03-31": 0, "2019-12-31": 0, "2019-09-30": "", "2019-06-30": 0, "2019-03-31": 0, "2018-12-31": 0, "2018-09-30": "", "2018-06-30": 0, "2018-03-31": 0, "2017-12-31": 0, "2017-09-30": "", "2017-06-30": 0, "2017-03-31": 0, "2016-12-31": 0, "2016-09-30": "", "2016-06-30": 0, "2016-03-31": 0, "2015-12-31": 0, "2015-09-30": "", "2015-06-30": 0, "2015-03-31": 0, "2014-12-31": 0, "2014-09-30": "-21.90000", "2014-06-30": 0, "2014-03-31": -1.6, "2013-12-31": -0.5, "2013-09-30": "1.00000", "2013-06-30": -1.3, "2012-06-30": -0.7}, "Debt Issuance/Retirement Net - Total": {"2020-09-30": "-0.30000", "2020-06-30": -90.4, "2020-03-31": 4.6, "2019-12-31": -165.2, "2019-09-30": "-5.20000", "2019-06-30": 5.2, "2019-03-31": 55.2, "2018-12-31": 165.4, "2018-09-30": "67.70000", "2018-06-30": 488.4, "2018-03-31": -11.6, "2017-12-31": -11.6, "2017-09-30": "-11.60000", "2017-06-30": 588.3, "2017-03-31": -11.7, "2016-12-31": 393.1, "2016-09-30": "-6.60000", "2016-06-30": -6.7, "2016-03-31": -6.6, "2015-12-31": 246.6, "2015-09-30": "-3.30000", "2015-06-30": -3.3, "2015-03-31": -3.1, "2014-12-31": -3.1, "2014-09-30": "978.10000", "2014-06-30": 1.1, "2014-03-31": -1.6, "2013-12-31": -0.5, "2013-09-30": "1.00000", "2013-06-30": 0, "2012-06-30": 0}, "Net Common Equity Issued/Repurchased": {"2020-09-30": "0.30000", "2020-06-30": 0.1, "2020-03-31": 1.2, "2019-12-31": 2.2, "2019-09-30": "2.70000", "2019-06-30": -77.8, "2019-03-31": -68.7, "2018-12-31": -259.5, "2018-09-30": "-113.10000", "2018-06-30": -184.6, "2018-03-31": -118.5, "2017-12-31": -299.6, "2017-09-30": "-12.00000", "2017-06-30": -347.4, "2017-03-31": 7, "2016-12-31": -346, "2016-09-30": "1.10000", "2016-06-30": -298.6, "2016-03-31": 2.4, "2015-12-31": -248.6, "2015-09-30": "-9.50000", "2015-06-30": -14.9, "2015-03-31": -28.4, "2014-12-31": 3.1, "2014-09-30": "", "2014-06-30": 0, "2014-03-31": 0, "2013-12-31": 0, "2013-09-30": "", "2013-06-30": 0, "2012-06-30": 0}, "Net Total Equity Issued/Repurchased": {"2020-09-30": "0.30000", "2020-06-30": 0.1, "2020-03-31": 1.2, "2019-12-31": 2.2, "2019-09-30": "2.70000", "2019-06-30": -77.8, "2019-03-31": -68.7, "2018-12-31": -259.5, "2018-09-30": "-113.10000", "2018-06-30": -184.6, "2018-03-31": -118.5, "2017-12-31": -299.6, "2017-09-30": "-12.00000", "2017-06-30": -347.4, "2017-03-31": 7, "2016-12-31": -346, "2016-09-30": "1.10000", "2016-06-30": -298.6, "2016-03-31": 2.4, "2015-12-31": -248.6, "2015-09-30": "-9.50000", "2015-06-30": -14.9, "2015-03-31": -28.4, "2014-12-31": 3.1, "2014-09-30": "", "2014-06-30": 0, "2014-03-31": 0, "2013-12-31": 0, "2013-09-30": "", "2013-06-30": 0, "2012-06-30": 0}, "Total Common And Preferred Stock Dividends Paid": {"2020-09-30": "-19.40000", "2020-06-30": -18.3, "2020-03-31": -18.2, "2019-12-31": -20.5, "2019-09-30": "-22.60000", "2019-06-30": -20.3, "2019-03-31": -18.6, "2018-12-31": -22.5, "2018-09-30": "-23.70000", "2018-06-30": -19.7, "2018-03-31": -27.6, "2017-12-31": -20.5, "2017-09-30": "-19.70000", "2017-06-30": -23, "2017-03-31": -20.4, "2016-12-31": -20.4, "2016-09-30": "-23.20000", "2016-06-30": -25.4, "2016-03-31": -21.5, "2015-12-31": -21.2, "2015-09-30": "-19.20000", "2015-06-30": -19.4, "2015-03-31": -19.4, "2014-12-31": -19.4, "2014-09-30": "-830.40000", "2014-06-30": 8, "2014-03-31": -8, "2013-12-31": 0, "2013-09-30": "", "2013-06-30": 0, "2012-06-30": 0}, "Financial Activities - Other": {"2020-09-30": "-3.70000", "2020-06-30": -4.2, "2020-03-31": -0.6, "2019-12-31": -2.7, "2019-09-30": "-8.80000", "2019-06-30": -11.2, "2019-03-31": -4.2, "2018-12-31": -2.5, "2018-09-30": "-20.40000", "2018-06-30": -8.9, "2018-03-31": -1.8, "2017-12-31": -2.1, "2017-09-30": "-9.80000", "2017-06-30": -9.6, "2017-03-31": -2.6, "2016-12-31": -3.6, "2016-09-30": "-15.10000", "2016-06-30": -2.1, "2016-03-31": -2.5, "2015-12-31": -1, "2015-09-30": "-2.10000", "2015-06-30": 1.5, "2015-03-31": 1.8, "2014-12-31": -3.3, "2014-09-30": "-239.70000", "2014-06-30": -22.2, "2014-03-31": 12.3, "2013-12-31": 0.9, "2013-09-30": "6.10000", "2013-06-30": -13.3, "2012-06-30": 3.5}, "Cash Flow From Financial Activities": {"2020-09-30": "-23.10000", "2020-06-30": -112.8, "2020-03-31": -13, "2019-12-31": -186.2, "2019-09-30": "-33.90000", "2019-06-30": -104.1, "2019-03-31": -36.3, "2018-12-31": -119.1, "2018-09-30": "-89.50000", "2018-06-30": 275.2, "2018-03-31": -159.5, "2017-12-31": -333.8, "2017-09-30": "-53.10000", "2017-06-30": 208.3, "2017-03-31": -27.7, "2016-12-31": 23.1, "2016-09-30": "-43.80000", "2016-06-30": -332.8, "2016-03-31": -28.2, "2015-12-31": -24.2, "2015-09-30": "-34.10000", "2015-06-30": -36.1, "2015-03-31": -49.1, "2014-12-31": -22.7, "2014-09-30": "-92.00000", "2014-06-30": -14.2, "2014-03-31": 2.7, "2013-12-31": 0.4, "2013-09-30": "7.10000", "2013-06-30": -14.6, "2012-06-30": 2.8}, "Net Cash Flow": {"2020-09-30": "63.20000", "2020-06-30": -63.2, "2020-03-31": 62.5, "2019-12-31": -91.2, "2019-09-30": "3.00000", "2019-06-30": 4.1, "2019-03-31": 80.2, "2018-12-31": -85.2, "2018-09-30": "-495.10000", "2018-06-30": 343.5, "2018-03-31": 22.8, "2017-12-31": -345.7, "2017-09-30": "62.50000", "2017-06-30": 345.6, "2017-03-31": 57.6, "2016-12-31": 82, "2016-09-30": "26.50000", "2016-06-30": -245, "2016-03-31": 116.6, "2015-12-31": -12.1, "2015-09-30": "-48.60000", "2015-06-30": 39.7, "2015-03-31": -33.7, "2014-12-31": 46.9, "2014-09-30": "-47.50000", "2014-06-30": 42.8, "2014-03-31": 44.4, "2013-12-31": 6.6, "2013-09-30": "32.70000", "2013-06-30": 147.8, "2012-06-30": -94.6}, "Stock-Based Compensation": {"2020-09-30": "13.10000", "2020-06-30": 6.8, "2020-03-31": 1.3, "2019-12-31": 8.6, "2019-09-30": "2.90000", "2019-06-30": 16.5, "2019-03-31": 7.8, "2018-12-31": 3.2, "2018-09-30": "3.00000", "2018-06-30": 5.5, "2018-03-31": 6.9, "2017-12-31": 12.9, "2017-09-30": "8.10000", "2017-06-30": 20.4, "2017-03-31": 11.8, "2016-12-31": 10.7, "2016-09-30": "9.80000", "2016-06-30": 10.9, "2016-03-31": 12.7, "2015-12-31": 7, "2015-09-30": "5.80000", "2015-06-30": 8.4, "2015-03-31": 8.6, "2014-12-31": 8, "2014-09-30": "5.40000", "2014-06-30": 6, "2014-03-31": 5.2, "2013-12-31": 5.9, "2013-09-30": "3.90000", "2013-06-30": 0, "2012-06-30": 0}, "Common Stock Dividends Paid": {"2020-09-30": "-19.40000", "2020-06-30": -18.3, "2020-03-31": -18.2, "2019-12-31": -20.5, "2019-09-30": "-22.60000", "2019-06-30": -20.3, "2019-03-31": -18.6, "2018-12-31": -22.5, "2018-09-30": "-23.70000", "2018-06-30": -19.7, "2018-03-31": -27.6, "2017-12-31": -20.5, "2017-09-30": "-19.70000", "2017-06-30": -23, "2017-03-31": -20.4, "2016-12-31": -20.4, "2016-09-30": "-23.20000", "2016-06-30": -25.4, "2016-03-31": -21.5, "2015-12-31": -21.2, "2015-09-30": "-19.20000", "2015-06-30": -19.4, "2015-03-31": -19.4, "2014-12-31": -19.4, "2014-09-30": "-830.40000", "2014-06-30": 0, "2014-03-31": -8, "2013-12-31": 0, "2013-09-30": "", "2013-06-30": 0, "2012-06-30": 0}}, "financial ratios": {"Current Ratio": {"2020-06-30": "1.30140", "2019-06-30": "1.17480", "2018-06-30": "2.49330", "2017-06-30": "2.31420", "2016-06-30": "1.41130", "2015-06-30": "1.77610", "2014-06-30": "1.84560", "2013-06-30": "1.46190", "2012-06-30": "", "2011-06-30": "1.46190"}, "Long-term Debt / Capital": {"2020-06-30": "1.27990", "2019-06-30": "1.36740", "2018-06-30": "1.15590", "2017-06-30": "1.02750", "2016-06-30": "0.75980", "2015-06-30": "0.55330", "2014-06-30": "", "2013-06-30": "", "2012-06-30": "", "2011-06-30": ""}, "Debt/Equity Ratio": {"2020-06-30": "-4.60790", "2019-06-30": "-4.10100", "2018-06-30": "-7.54590", "2017-06-30": "-38.23420", "2016-06-30": "3.23520", "2015-06-30": "1.25510", "2014-06-30": "0.01210", "2013-06-30": "0.01430", "2012-06-30": "", "2011-06-30": ""}, "Gross Margin": {"2020-06-30": "50.69130", "2019-06-30": "53.00820", "2018-06-30": "52.47500", "2017-06-30": "48.10190", "2016-06-30": "41.19930", "2015-06-30": "38.29900", "2014-06-30": "39.05890", "2013-06-30": "39.94780", "2012-06-30": "39.77480", "2011-06-30": "39.77480"}, "Operating Margin": {"2020-06-30": "28.03430", "2019-06-30": "23.62130", "2018-06-30": "26.79090", "2017-06-30": "22.04890", "2016-06-30": "19.03430", "2015-06-30": "15.61430", "2014-06-30": "17.75360", "2013-06-30": "17.28280", "2012-06-30": "14.79690", "2011-06-30": "14.79690"}, "EBIT Margin": {"2020-06-30": "28.03430", "2019-06-30": "23.62130", "2018-06-30": "26.79090", "2017-06-30": "22.04890", "2016-06-30": "19.03430", "2015-06-30": "15.61430", "2014-06-30": "17.75360", "2013-06-30": "17.28280", "2012-06-30": "14.79690", "2011-06-30": "14.79690"}, "EBITDA Margin": {"2020-06-30": "33.11570", "2019-06-30": "28.31110", "2018-06-30": "30.72860", "2017-06-30": "25.71210", "2016-06-30": "22.06090", "2015-06-30": "19.32150", "2014-06-30": "20.39970", "2013-06-30": "20.06090", "2012-06-30": "18.32810", "2011-06-30": "14.79690"}, "Pre-Tax Profit Margin": {"2020-06-30": "21.64180", "2019-06-30": "15.87110", "2018-06-30": "22.20250", "2017-06-30": "18.93450", "2016-06-30": "17.45480", "2015-06-30": "14.53360", "2014-06-30": "17.87500", "2013-06-30": "17.43500", "2012-06-30": "14.89120", "2011-06-30": "14.89120"}, "Net Profit Margin": {"2020-06-30": "10.58620", "2019-06-30": "6.47590", "2018-06-30": "21.17910", "2017-06-30": "17.07980", "2016-06-30": "11.31660", "2015-06-30": "8.64550", "2014-06-30": "11.53050", "2013-06-30": "10.84050", "2012-06-30": "9.47950", "2011-06-30": "9.47950"}, "Asset Turnover": {"2020-06-30": "0.68680", "2019-06-30": "0.63850", "2018-06-30": "0.59770", "2017-06-30": "0.60030", "2016-06-30": "0.89410", "2015-06-30": "0.81930", "2014-06-30": "0.76060", "2013-06-30": "0.75790", "2012-06-30": "", "2011-06-30": "0.69890"}, "Inventory Turnover Ratio": {"2020-06-30": "", "2019-06-30": "", "2018-06-30": "", "2017-06-30": "", "2016-06-30": "", "2015-06-30": "", "2014-06-30": "", "2013-06-30": "", "2012-06-30": "", "2011-06-30": ""}, "Receiveable Turnover": {"2020-06-30": "6.53370", "2019-06-30": "6.59370", "2018-06-30": "4.79980", "2017-06-30": "4.65120", "2016-06-30": "5.78550", "2015-06-30": "6.55910", "2014-06-30": "6.36140", "2013-06-30": "6.98860", "2012-06-30": "", "2011-06-30": "6.44490"}, "Days Sales In Receivables": {"2020-06-30": "55.86450", "2019-06-30": "55.35620", "2018-06-30": "76.04510", "2017-06-30": "78.47490", "2016-06-30": "63.08880", "2015-06-30": "55.64770", "2014-06-30": "57.37690", "2013-06-30": "52.22790", "2012-06-30": "", "2011-06-30": "56.63390"}, "ROE - Return On Equity": {"2020-06-30": "-52.31620", "2019-06-30": "-33.82780", "2018-06-30": "-89.57670", "2017-06-30": "-413.55600", "2016-06-30": "65.60340", "2015-06-30": "23.75970", "2014-06-30": "13.03820", "2013-06-30": "13.38670", "2012-06-30": "", "2011-06-30": ""}, "Return On Tangible Equity": {"2020-06-30": "-14.03620", "2019-06-30": "-10.52380", "2018-06-30": "-21.77200", "2017-06-30": "-17.50370", "2016-06-30": "-26.99330", "2015-06-30": "-35.47900", "2014-06-30": "53.05890", "2013-06-30": "92.61590", "2012-06-30": "", "2011-06-30": "10.46470"}, "ROA - Return On Assets": {"2020-06-30": "10.64430", "2019-06-30": "8.05940", "2018-06-30": "10.34110", "2017-06-30": "8.14750", "2016-06-30": "10.43550", "2015-06-30": "7.39730", "2014-06-30": "9.07800", "2013-06-30": "8.47510", "2012-06-30": "", "2011-06-30": "6.62520"}, "ROI - Return On Investment": {"2020-06-30": "14.64520", "2019-06-30": "12.42740", "2018-06-30": "13.96190", "2017-06-30": "11.35660", "2016-06-30": "15.75490", "2015-06-30": "10.61420", "2014-06-30": "13.03820", "2013-06-30": "13.38670", "2012-06-30": "", "2011-06-30": "10.46470"}, "Book Value Per Share": {"2020-06-30": "-4.77940", "2019-06-30": "-5.90010", "2018-06-30": "-2.66950", "2017-06-30": "-0.40570", "2016-06-30": "2.50630", "2015-06-30": "4.89450", "2014-06-30": "", "2013-06-30": "", "2012-06-30": "", "2011-06-30": ""}, "Operating Cash Flow Per Share": {"2020-06-30": -0.7499, "2019-06-30": 0.4126, "2018-06-30": 0.4695, "2017-06-30": 0.914, "2016-06-30": 0.3681, "2015-06-30": 0.1267, "2014-06-30": -0.0038, "2013-06-30": 1.5349, "2012-06-30": 0, "2011-06-30": 0}, "Free Cash Flow Per Share": {"2020-06-30": -0.7498, "2019-06-30": 0.2885, "2018-06-30": 0.5291, "2017-06-30": 0.7068, "2016-06-30": 0.358, "2015-06-30": 0.0114, "2014-06-30": -0.1071, "2013-06-30": 1.3636, "2012-06-30": 0, "2011-06-30": 0}}, "financial ratios, quarterly": {"Current Ratio": {"2020-09-30": "0.89430", "2020-06-30": "1.30140", "2020-03-31": "1.56830", "2019-12-31": "1.58390", "2019-09-30": "1.24430", "2019-06-30": "1.17480", "2019-03-31": "1.19060", "2018-12-31": "1.07940", "2018-09-30": "1.62210", "2018-06-30": "2.49330", "2018-03-31": "1.80090", "2017-12-31": "1.96620", "2017-09-30": "2.37350", "2017-06-30": "2.31420", "2017-03-31": "1.75780", "2016-12-31": "1.73870", "2016-09-30": "1.55500", "2016-06-30": "1.41130", "2016-03-31": "1.90780", "2015-12-31": "2.06830", "2015-09-30": "1.92610", "2015-06-30": "1.77610", "2015-03-31": "1.90540", "2014-12-31": "1.85970", "2014-09-30": "1.79830", "2014-06-30": "1.84560", "2014-03-31": "", "2013-12-31": "", "2013-09-30": "", "2013-06-30": "", "2012-06-30": ""}, "Long-term Debt / Capital": {"2020-09-30": "1.27930", "2020-06-30": "1.27990", "2020-03-31": "1.29220", "2019-12-31": "1.29660", "2019-09-30": "1.33860", "2019-06-30": "1.36740", "2019-03-31": "1.21870", "2018-12-31": "1.23910", "2018-09-30": "1.12620", "2018-06-30": "1.15590", "2018-03-31": "1.11560", "2017-12-31": "1.09810", "2017-09-30": "0.99670", "2017-06-30": "1.02750", "2017-03-31": "0.88130", "2016-12-31": "0.92490", "2016-09-30": "0.73490", "2016-06-30": "0.75980", "2016-03-31": "0.64760", "2015-12-31": "0.66860", "2015-09-30": "0.54630", "2015-06-30": "0.55330", "2015-03-31": "0.56230", "2014-12-31": "0.56730", "2014-09-30": "0.57210", "2014-06-30": "", "2014-03-31": "", "2013-12-31": "", "2013-09-30": "", "2013-06-30": "", "2012-06-30": ""}, "Debt/Equity Ratio": {"2020-09-30": "-5.20390", "2020-06-30": "-4.60790", "2020-03-31": "-4.45620", "2019-12-31": "-4.40560", "2019-09-30": "-4.35750", "2019-06-30": "-4.10100", "2019-03-31": "-6.13760", "2018-12-31": "-5.71890", "2018-09-30": "-8.98360", "2018-06-30": "-7.54590", "2018-03-31": "-9.85670", "2017-12-31": "-11.43510", "2017-09-30": "304.30980", "2017-06-30": "-38.23420", "2017-03-31": "7.65050", "2016-12-31": "12.67800", "2016-09-30": "2.83520", "2016-06-30": "3.23520", "2016-03-31": "1.87820", "2015-12-31": "2.06210", "2015-09-30": "1.22080", "2015-06-30": "1.25510", "2015-03-31": "1.30080", "2014-12-31": "1.32780", "2014-09-30": "1.36040", "2014-06-30": "0.01210", "2014-03-31": "", "2013-12-31": "", "2013-09-30": "", "2013-06-30": "", "2012-06-30": ""}, "Gross Margin": {"2020-09-30": "46.90030", "2020-06-30": "46.44130", "2020-03-31": "53.03120", "2019-12-31": "52.78220", "2019-09-30": "50.00000", "2019-06-30": "51.57590", "2019-03-31": "54.24980", "2018-12-31": "51.82790", "2018-09-30": "54.44770", "2018-06-30": "141.48940", "2018-03-31": "48.83800", "2017-12-31": "48.22860", "2017-09-30": "45.60720", "2017-06-30": "136.62730", "2017-03-31": "44.68810", "2016-12-31": "44.65130", "2016-09-30": "42.78190", "2016-06-30": "41.79270", "2016-03-31": "41.26840", "2015-12-31": "42.08810", "2015-09-30": "39.60360", "2015-06-30": "37.07020", "2015-03-31": "38.86780", "2014-12-31": "37.46620", "2014-09-30": "39.74860", "2014-06-30": "47.87760", "2014-03-31": "39.15390", "2013-12-31": "38.86720", "2013-09-30": "38.33850", "2013-06-30": "", "2012-06-30": ""}, "Operating Margin": {"2020-09-30": "19.97570", "2020-06-30": "20.90750", "2020-03-31": "32.53920", "2019-12-31": "29.64370", "2019-09-30": "28.18440", "2019-06-30": "6.52890", "2019-03-31": "30.92580", "2018-12-31": "27.01070", "2018-09-30": "30.49520", "2018-06-30": "48.29800", "2018-03-31": "27.29800", "2017-12-31": "25.12020", "2017-09-30": "24.35920", "2017-06-30": "6.71930", "2017-03-31": "22.34410", "2016-12-31": "23.98690", "2016-09-30": "21.93570", "2016-06-30": "17.98230", "2016-03-31": "16.58920", "2015-12-31": "21.39970", "2015-09-30": "20.30700", "2015-06-30": "14.88770", "2015-03-31": "18.71200", "2014-12-31": "16.34430", "2014-09-30": "12.43710", "2014-06-30": "0.56910", "2014-03-31": "19.97610", "2013-12-31": "17.23780", "2013-09-30": "16.51090", "2013-06-30": "", "2012-06-30": ""}, "EBIT Margin": {"2020-09-30": "19.97570", "2020-06-30": "20.90750", "2020-03-31": "32.53920", "2019-12-31": "29.64370", "2019-09-30": "28.18440", "2019-06-30": "6.52890", "2019-03-31": "30.92580", "2018-12-31": "27.01070", "2018-09-30": "30.49520", "2018-06-30": "48.29800", "2018-03-31": "27.29800", "2017-12-31": "25.12020", "2017-09-30": "24.35920", "2017-06-30": "6.71930", "2017-03-31": "22.34410", "2016-12-31": "23.98690", "2016-09-30": "21.93570", "2016-06-30": "17.98230", "2016-03-31": "16.58920", "2015-12-31": "21.39970", "2015-09-30": "20.30700", "2015-06-30": "14.88770", "2015-03-31": "18.71200", "2014-12-31": "16.34430", "2014-09-30": "12.43710", "2014-06-30": "0.56910", "2014-03-31": "19.97610", "2013-12-31": "17.23780", "2013-09-30": "16.51090", "2013-06-30": "", "2012-06-30": ""}, "EBITDA Margin": {"2020-09-30": "", "2020-06-30": "", "2020-03-31": "", "2019-12-31": "", "2019-09-30": "", "2019-06-30": "", "2019-03-31": "", "2018-12-31": "", "2018-09-30": "", "2018-06-30": "", "2018-03-31": "", "2017-12-31": "", "2017-09-30": "", "2017-06-30": "", "2017-03-31": "", "2016-12-31": "", "2016-09-30": "", "2016-06-30": "", "2016-03-31": "", "2015-12-31": "", "2015-09-30": "", "2015-06-30": "", "2015-03-31": "", "2014-12-31": "", "2014-09-30": "", "2014-06-30": "", "2014-03-31": "", "2013-12-31": "", "2013-09-30": "", "2013-06-30": "", "2012-06-30": ""}, "Pre-Tax Profit Margin": {"2020-09-30": "17.05840", "2020-06-30": "16.63700", "2020-03-31": "25.64400", "2019-12-31": "22.61810", "2019-09-30": "21.02710", "2019-06-30": "-4.07290", "2019-03-31": "24.08220", "2018-12-31": "20.17970", "2018-09-30": "23.86290", "2018-06-30": "25.63830", "2018-03-31": "23.41310", "2017-12-31": "21.41710", "2017-09-30": "21.17730", "2017-06-30": "-17.78660", "2017-03-31": "19.84540", "2016-12-31": "21.70500", "2016-09-30": "20.31960", "2016-06-30": "16.21170", "2016-03-31": "14.61780", "2015-12-31": "20.53450", "2015-09-30": "18.61640", "2015-06-30": "13.37710", "2015-03-31": "17.28720", "2014-12-31": "14.91300", "2014-09-30": "12.47580", "2014-06-30": "21.29480", "2014-03-31": "20.05590", "2013-12-31": "17.15580", "2013-09-30": "16.49010", "2013-06-30": "", "2012-06-30": ""}, "Net Profit Margin": {"2020-09-30": "11.28440", "2020-06-30": "10.14240", "2020-03-31": "11.15630", "2019-12-31": "4.46360", "2019-09-30": "16.57910", "2019-06-30": "-31.74380", "2019-03-31": "19.91220", "2018-12-31": "18.59200", "2018-09-30": "20.23300", "2018-06-30": "105.74470", "2018-03-31": "16.66670", "2017-12-31": "18.51520", "2017-09-30": "14.37160", "2017-06-30": "77.33870", "2017-03-31": "13.89540", "2016-12-31": "15.09680", "2016-09-30": "13.96400", "2016-06-30": "10.75250", "2016-03-31": "10.00560", "2015-12-31": "13.11290", "2015-09-30": "11.46520", "2015-06-30": "8.08980", "2015-03-31": "10.69530", "2014-12-31": "8.20120", "2014-09-30": "7.54350", "2014-06-30": "12.30730", "2014-03-31": "13.88940", "2013-12-31": "10.71210", "2013-09-30": "11.11110", "2013-06-30": "", "2012-06-30": ""}, "Asset Turnover": {"2020-09-30": "0.16930", "2020-06-30": "0.15750", "2020-03-31": "0.17410", "2019-12-31": "0.17020", "2019-09-30": "0.16170", "2019-06-30": "0.16290", "2019-03-31": "0.15830", "2018-12-31": "0.15870", "2018-09-30": "0.14440", "2018-06-30": "0.03120", "2018-03-31": "0.21370", "2017-12-31": "0.20880", "2017-09-30": "0.19260", "2017-06-30": "0.02630", "2017-03-31": "0.21760", "2016-12-31": "0.22410", "2016-09-30": "0.23140", "2016-06-30": "0.22930", "2016-03-31": "0.20120", "2015-12-31": "0.20670", "2015-09-30": "0.20680", "2015-06-30": "0.19980", "2015-03-31": "0.20980", "2014-12-31": "0.20560", "2014-09-30": "0.20930", "2014-06-30": "0.16230", "2014-03-31": "", "2013-12-31": "", "2013-09-30": "", "2013-06-30": "", "2012-06-30": ""}, "Inventory Turnover Ratio": {"2020-09-30": "", "2020-06-30": "", "2020-03-31": "", "2019-12-31": "", "2019-09-30": "", "2019-06-30": "", "2019-03-31": "", "2018-12-31": "", "2018-09-30": "", "2018-06-30": "", "2018-03-31": "", "2017-12-31": "", "2017-09-30": "", "2017-06-30": "", "2017-03-31": "", "2016-12-31": "", "2016-09-30": "", "2016-06-30": "", "2016-03-31": "", "2015-12-31": "", "2015-09-30": "", "2015-06-30": "", "2015-03-31": "", "2014-12-31": "", "2014-09-30": "", "2014-06-30": "", "2014-03-31": "", "2013-12-31": "", "2013-09-30": "", "2013-06-30": "", "2012-06-30": ""}, "Receiveable Turnover": {"2020-09-30": "1.70970", "2020-06-30": "1.49870", "2020-03-31": "1.52030", "2019-12-31": "1.55690", "2019-09-30": "1.20520", "2019-06-30": "1.68250", "2019-03-31": "1.14880", "2018-12-31": "1.16300", "2018-09-30": "1.16350", "2018-06-30": "0.25090", "2018-03-31": "1.45680", "2017-12-31": "1.37910", "2017-09-30": "1.50770", "2017-06-30": "0.20400", "2017-03-31": "1.37560", "2016-12-31": "1.50910", "2016-09-30": "1.48360", "2016-06-30": "1.48340", "2016-03-31": "1.40940", "2015-12-31": "1.37270", "2015-09-30": "1.54210", "2015-06-30": "1.59920", "2015-03-31": "1.49210", "2014-12-31": "1.61820", "2014-09-30": "1.73430", "2014-06-30": "1.35730", "2014-03-31": "", "2013-12-31": "", "2013-09-30": "", "2013-06-30": "", "2012-06-30": ""}, "Days Sales In Receivables": {"2020-09-30": "52.63980", "2020-06-30": "60.05340", "2020-03-31": "59.19810", "2019-12-31": "57.80830", "2019-09-30": "74.67850", "2019-06-30": "53.49160", "2019-03-31": "78.34600", "2018-12-31": "77.38460", "2018-09-30": "77.35600", "2018-06-30": "358.65960", "2018-03-31": "61.77940", "2017-12-31": "65.26080", "2017-09-30": "59.69240", "2017-06-30": "441.22590", "2017-03-31": "65.42510", "2016-12-31": "59.63860", "2016-09-30": "60.66460", "2016-06-30": "60.66950", "2016-03-31": "63.85530", "2015-12-31": "65.56620", "2015-09-30": "58.36180", "2015-06-30": "56.27910", "2015-03-31": "60.31910", "2014-12-31": "55.61900", "2014-09-30": "51.89360", "2014-06-30": "66.31020", "2014-03-31": "", "2013-12-31": "", "2013-09-30": "", "2013-06-30": "", "2012-06-30": ""}, "ROE - Return On Equity": {"2020-09-30": "-11.23420", "2020-06-30": "-10.53900", "2020-03-31": "-15.19640", "2019-12-31": "-11.13240", "2019-09-30": "-11.67360", "2019-06-30": "-0.46190", "2019-03-31": "-18.78420", "2018-12-31": "-14.51710", "2018-09-30": "-25.53400", "2018-06-30": "-6.91040", "2018-03-31": "-45.06910", "2017-12-31": "-56.48940", "2017-09-30": "1170.42700", "2017-06-30": "11.79580", "2017-03-31": "37.88460", "2016-12-31": "66.13930", "2016-09-30": "18.54370", "2016-06-30": "16.00210", "2016-03-31": "8.55740", "2015-12-31": "11.69860", "2015-09-30": "7.60910", "2015-06-30": "5.44570", "2015-03-31": "7.61780", "2014-12-31": "5.91370", "2014-09-30": "5.57750", "2014-06-30": "2.86850", "2014-03-31": "", "2013-12-31": "", "2013-09-30": "", "2013-06-30": "", "2012-06-30": ""}, "Return On Tangible Equity": {"2020-09-30": "-2.73360", "2020-06-30": "-2.82760", "2020-03-31": "-4.28510", "2019-12-31": "-3.13850", "2019-09-30": "-3.49420", "2019-06-30": "-0.14370", "2019-03-31": "-3.83490", "2018-12-31": "-3.11150", "2018-09-30": "-3.55520", "2018-06-30": "-1.67960", "2018-03-31": "-6.26960", "2017-12-31": "-7.00530", "2017-09-30": "-6.43940", "2017-06-30": "0.49930", "2017-03-31": "-7.43610", "2016-12-31": "-7.37020", "2016-09-30": "-9.25230", "2016-06-30": "-6.58430", "2016-03-31": "-8.39610", "2015-12-31": "-10.27420", "2015-09-30": "-12.59780", "2015-06-30": "-8.13180", "2015-03-31": "-11.45220", "2014-12-31": "-8.15730", "2014-09-30": "-6.82200", "2014-06-30": "11.67340", "2014-03-31": "", "2013-12-31": "", "2013-09-30": "", "2013-06-30": "", "2012-06-30": ""}, "ROA - Return On Assets": {"2020-09-30": "1.98240", "2020-06-30": "2.14430", "2020-03-31": "3.18400", "2019-12-31": "2.37750", "2019-09-30": "2.56300", "2019-06-30": "0.11000", "2019-03-31": "2.82080", "2018-12-31": "2.40630", "2018-09-30": "2.47500", "2018-06-30": "0.79780", "2018-03-31": "3.62500", "2017-12-31": "3.94800", "2017-09-30": "2.82860", "2017-06-30": "-0.23240", "2017-03-31": "3.08160", "2016-12-31": "3.41940", "2016-09-30": "3.32830", "2016-06-30": "2.54550", "2016-03-31": "2.08400", "2015-12-31": "2.77030", "2015-09-30": "2.45930", "2015-06-30": "1.69550", "2015-03-31": "2.31940", "2014-12-31": "1.76530", "2014-09-30": "1.65970", "2014-06-30": "1.99720", "2014-03-31": "", "2013-12-31": "", "2013-09-30": "", "2013-06-30": "", "2012-06-30": ""}, "ROI - Return On Investment": {"2020-09-30": "3.13720", "2020-06-30": "2.95030", "2020-03-31": "4.44010", "2019-12-31": "3.30150", "2019-09-30": "3.95240", "2019-06-30": "0.16970", "2019-03-31": "4.10780", "2018-12-31": "3.47050", "2018-09-30": "3.22240", "2018-06-30": "1.07710", "2018-03-31": "5.21210", "2017-12-31": "5.54310", "2017-09-30": "3.91700", "2017-06-30": "-0.32390", "2017-03-31": "4.49640", "2016-12-31": "4.97000", "2016-09-30": "4.91560", "2016-06-30": "3.84300", "2016-03-31": "3.01570", "2015-12-31": "3.87650", "2015-09-30": "3.45200", "2015-06-30": "2.43280", "2015-03-31": "3.33470", "2014-12-31": "2.55880", "2014-09-30": "2.38680", "2014-06-30": "2.86850", "2014-03-31": "", "2013-12-31": "", "2013-09-30": "", "2013-06-30": "", "2012-06-30": ""}, "Book Value Per Share": {"2020-09-30": "-4.22760", "2020-06-30": "-4.77940", "2020-03-31": "-5.11280", "2019-12-31": "-5.16050", "2019-09-30": "-5.53210", "2019-06-30": "-5.90010", "2019-03-31": "-3.88400", "2018-12-31": "-4.01040", "2018-09-30": "-2.32610", "2018-06-30": "-2.66950", "2018-03-31": "-1.63160", "2017-12-31": "-1.39670", "2017-09-30": "0.05110", "2017-06-30": "-0.40570", "2017-03-31": "1.43250", "2016-12-31": "0.87230", "2016-09-30": "2.85690", "2016-06-30": "2.50630", "2016-03-31": "4.19120", "2015-12-31": "3.83890", "2015-09-30": "5.04580", "2015-06-30": "4.89450", "2015-03-31": "4.76310", "2014-12-31": "4.66920", "2014-09-30": "4.57720", "2014-06-30": "", "2014-03-31": "", "2013-12-31": "", "2013-09-30": "", "2013-06-30": "", "2012-06-30": ""}, "Operating Cash Flow Per Share": {"2020-09-30": "0.81520", "2020-06-30": 0.5214, "2020-03-31": 1.0871, "2019-12-31": 0.8718, "2019-09-30": "0.59180", "2019-06-30": 1.1041, "2019-03-31": 1.1548, "2018-12-31": 0.4895, "2018-09-30": "1.07360", "2018-06-30": 0.8556, "2018-03-31": 1.459, "2017-12-31": 0.191, "2017-09-30": "0.90380", "2017-06-30": 0.9795, "2017-03-31": 0.8036, "2016-12-31": 0.5846, "2016-09-30": "0.57220", "2016-06-30": 0.7022, "2016-03-31": 1.1621, "2015-12-31": 0.1292, "2015-09-30": "0.03240", "2015-06-30": 0.6683, "2015-03-31": 0.3406, "2014-12-31": 0.5188, "2014-09-30": "0.13010", "2014-06-30": 0.7204, "2014-03-31": 0.3449, "2013-12-31": 0.4938, "2013-09-30": "0.04920", "2013-06-30": 0, "2012-06-30": 0}, "Free Cash Flow Per Share": {"2020-09-30": "0.63530", "2020-06-30": 0.3629, "2020-03-31": 0.891, "2019-12-31": 0.6646, "2019-09-30": "0.48200", "2019-06-30": 0.8963, "2019-03-31": 0.9818, "2018-12-31": 0.3251, "2018-09-30": "0.94710", "2018-06-30": 0.7808, "2018-03-31": 1.3198, "2017-12-31": -0.0019, "2017-09-30": "0.76310", "2017-06-30": 0.846, "2017-03-31": 0.5914, "2016-12-31": 0.4477, "2016-09-30": "0.44760", "2016-06-30": 0.5875, "2016-03-31": 1.0033, "2015-12-31": 0.06, "2015-09-30": "-0.02490", "2015-06-30": 0.4872, "2015-03-31": 0.2282, "2014-12-31": 0.4653, "2014-09-30": "0.08720", "2014-06-30": 0.5834, "2014-03-31": 0.3101, "2013-12-31": 0.3854, "2013-09-30": "-0.02550", "2013-06-30": 0, "2012-06-30": 0}}, "revenue": {"CDK Global Annual Revenue (Millions of US $)": {"2020": "$1,960", "2019": "$1,915", "2018": "$1,798", "2017": "$1,731", "2016": "$2,115", "2015": "$2,064", "2014": "$1,977", "2013": "$1,839", "2012": "$1,696", "2011": "$1,696"}, "CDK Global Quarterly Revenue (Millions of US $)": {"2020-09-30": "$494", "2020-06-30": "$450", "2020-03-31": "$516", "2019-12-31": "$500", "2019-09-30": "$495", "2019-06-30": "$489", "2019-03-31": "$501", "2018-12-31": "$479", "2018-09-30": "$446", "2018-06-30": "$94", "2018-03-31": "$577", "2017-12-31": "$562", "2017-09-30": "$566", "2017-06-30": "$76", "2017-03-31": "$556", "2016-12-31": "$548", "2016-09-30": "$551", "2016-06-30": "$542", "2016-03-31": "$538", "2015-12-31": "$520", "2015-09-30": "$515", "2015-06-30": "$503", "2015-03-31": "$526", "2014-12-31": "$517", "2014-09-30": "$517", "2014-06-30": "$422", "2014-03-31": "$501", "2013-12-31": "$487", "2013-09-30": "$482", "2013-06-30": "", "2012-06-30": ""}}, "gross-profit": {"CDK Global Annual Gross Profit (Millions of US $)": {"2020": "$994", "2019": "$1,015", "2018": "$944", "2017": "$833", "2016": "$871", "2015": "$790", "2014": "$772", "2013": "$735", "2012": "$675", "2011": "$675"}, "CDK Global Quarterly Gross Profit (Millions of US $)": {"2020-09-30": "$232", "2020-06-30": "$209", "2020-03-31": "$274", "2019-12-31": "$264", "2019-09-30": "$247", "2019-06-30": "$252", "2019-03-31": "$272", "2018-12-31": "$248", "2018-09-30": "$243", "2018-06-30": "$133", "2018-03-31": "$282", "2017-12-31": "$271", "2017-09-30": "$258", "2017-06-30": "$104", "2017-03-31": "$249", "2016-12-31": "$245", "2016-09-30": "$236", "2016-06-30": "$227", "2016-03-31": "$222", "2015-12-31": "$219", "2015-09-30": "$204", "2015-06-30": "$187", "2015-03-31": "$205", "2014-12-31": "$194", "2014-09-30": "$206", "2014-06-30": "$117", "2014-03-31": "$196", "2013-12-31": "$189", "2013-09-30": "$185", "2013-06-30": "", "2012-06-30": ""}}, "operating-income": {"CDK Global Annual Operating Income (Millions of US $)": {"2020": "$550", "2019": "$452", "2018": "$482", "2017": "$382", "2016": "$403", "2015": "$322", "2014": "$351", "2013": "$318", "2012": "$251", "2011": "$251"}, "CDK Global Quarterly Operating Income (Millions of US $)": {"2020-09-30": "$99", "2020-06-30": "$94", "2020-03-31": "$168", "2019-12-31": "$148", "2019-09-30": "$139", "2019-06-30": "$32", "2019-03-31": "$155", "2018-12-31": "$129", "2018-09-30": "$136", "2018-06-30": "$45", "2018-03-31": "$157", "2017-12-31": "$141", "2017-09-30": "$138", "2017-06-30": "$5", "2017-03-31": "$124", "2016-12-31": "$131", "2016-09-30": "$121", "2016-06-30": "$98", "2016-03-31": "$89", "2015-12-31": "$111", "2015-09-30": "$105", "2015-06-30": "$75", "2015-03-31": "$99", "2014-12-31": "$85", "2014-09-30": "$64", "2014-06-30": "$2", "2014-03-31": "$100", "2013-12-31": "$84", "2013-09-30": "$80", "2013-06-30": "", "2012-06-30": ""}}, "ebitda": {"CDK Global Annual EBITDA (Millions of US $)": {"2020": "$649", "2019": "$542", "2018": "$553", "2017": "$445", "2016": "$467", "2015": "$399", "2014": "$403", "2013": "$369", "2012": "$311", "2011": "$251"}, "CDK Global Quarterly EBITDA (Millions of US $)": {"2020-09-30": "$124", "2020-06-30": "$121", "2020-03-31": "$193", "2019-12-31": "$173", "2019-09-30": "$163", "2019-06-30": "$57", "2019-03-31": "$179", "2018-12-31": "$153", "2018-09-30": "$154", "2018-06-30": "$58", "2018-03-31": "$177", "2017-12-31": "$161", "2017-09-30": "$157", "2017-06-30": "$17", "2017-03-31": "$142", "2016-12-31": "$149", "2016-09-30": "$138", "2016-06-30": "$116", "2016-03-31": "$106", "2015-12-31": "$126", "2015-09-30": "$119", "2015-06-30": "$94", "2015-03-31": "$112", "2014-12-31": "$114", "2014-09-30": "$78", "2014-06-30": "$31", "2014-03-31": "$106", "2013-12-31": "$101", "2013-09-30": "$96", "2013-06-30": "", "2012-06-30": ""}}, "net-income": {"CDK Global Annual Net Income (Millions of US $)": {"2020": "$208", "2019": "$124", "2018": "$381", "2017": "$296", "2016": "$239", "2015": "$178", "2014": "$228", "2013": "$199", "2012": "$161", "2011": "$161"}, "CDK Global Quarterly Net Income (Millions of US $)": {"2020-09-30": "$56", "2020-06-30": "$46", "2020-03-31": "$58", "2019-12-31": "$22", "2019-09-30": "$82", "2019-06-30": "$-155", "2019-03-31": "$100", "2018-12-31": "$89", "2018-09-30": "$90", "2018-06-30": "$99", "2018-03-31": "$96", "2017-12-31": "$104", "2017-09-30": "$81", "2017-06-30": "$59", "2017-03-31": "$77", "2016-12-31": "$83", "2016-09-30": "$77", "2016-06-30": "$58", "2016-03-31": "$54", "2015-12-31": "$68", "2015-09-30": "$59", "2015-06-30": "$41", "2015-03-31": "$56", "2014-12-31": "$42", "2014-09-30": "$39", "2014-06-30": "$52", "2014-03-31": "$70", "2013-12-31": "$52", "2013-09-30": "$54", "2013-06-30": "", "2012-06-30": ""}}, "eps-earnings-per-share-diluted": {"CDK Global Annual EPS": {"2020": "$1.70", "2019": "$0.98", "2018": "$2.78", "2017": "$1.99", "2016": "$1.51", "2015": "$1.10", "2014": "$1.42", "2013": "$1.24", "2012": "$0.00", "2011": "$0.00"}, "CDK Global Quarterly EPS": {"2020-09-30": "$0.46", "2020-06-30": "$0.38", "2020-03-31": "$0.47", "2019-12-31": "$0.18", "2019-09-30": "$0.67", "2019-06-30": "$-1.21", "2019-03-31": "$0.80", "2018-12-31": "$0.70", "2018-09-30": "$0.69", "2018-06-30": "$0.75", "2018-03-31": "$0.71", "2017-12-31": "$0.75", "2017-09-30": "$0.57", "2017-06-30": "$0.40", "2017-03-31": "$0.53", "2016-12-31": "$0.55", "2016-09-30": "$0.51", "2016-06-30": "$0.37", "2016-03-31": "$0.34", "2015-12-31": "$0.43", "2015-09-30": "$0.37", "2015-06-30": "$0.25", "2015-03-31": "$0.35", "2014-12-31": "$0.26", "2014-09-30": "$0.24", "2014-06-30": "$0.32", "2014-03-31": "$0.43", "2013-12-31": "$0.33", "2013-09-30": "$0.33", "2013-06-30": "$0.00", "2012-06-30": "$0.00"}}, "shares-outstanding": {"CDK Global Annual Shares Outstanding (Millions of Shares)": {"2020": "122", "2019": "126", "2018": "137", "2017": "148", "2016": "158", "2015": "162", "2014": "161", "2013": "161", "2012": "", "2011": ""}, "CDK Global Quarterly Shares Outstanding (Millions of Shares)": {"2020-09-30": "122", "2020-06-30": "122", "2020-03-31": "122", "2019-12-31": "122", "2019-09-30": "122", "2019-06-30": "126", "2019-03-31": "125", "2018-12-31": "128", "2018-09-30": "130", "2018-06-30": "137", "2018-03-31": "136", "2017-12-31": "138", "2017-09-30": "141", "2017-06-30": "148", "2017-03-31": "147", "2016-12-31": "150", "2016-09-30": "152", "2016-06-30": "158", "2016-03-31": "156", "2015-12-31": "160", "2015-09-30": "161", "2015-06-30": "162", "2015-03-31": "162", "2014-12-31": "162", "2014-09-30": "161", "2014-06-30": "161", "2014-03-31": "161", "2013-12-31": "161", "2013-09-30": "161", "2013-06-30": "", "2012-06-30": ""}}, "total-assets": {"CDK Global Annual Total Assets (Millions of US $)": {"2020": "$2,854", "2019": "$2,999", "2018": "$3,008", "2017": "$2,883", "2016": "$2,365", "2015": "$2,519", "2014": "$2,599", "2013": "$2,427", "2012": "$0", "2011": "$2,427"}, "CDK Global Quarterly Total Assets (Millions of US $)": {"2020-09-30": "$2,916", "2020-06-30": "$2,854", "2020-03-31": "$2,965", "2019-12-31": "$2,936", "2019-09-30": "$3,059", "2019-06-30": "$2,999", "2019-03-31": "$3,166", "2018-12-31": "$3,017", "2018-09-30": "$3,091", "2018-06-30": "$3,008", "2018-03-31": "$2,698", "2017-12-31": "$2,690", "2017-09-30": "$2,938", "2017-06-30": "$2,883", "2017-03-31": "$2,557", "2016-12-31": "$2,445", "2016-09-30": "$2,380", "2016-06-30": "$2,365", "2016-03-31": "$2,673", "2015-12-31": "$2,516", "2015-09-30": "$2,489", "2015-06-30": "$2,519", "2015-03-31": "$2,509", "2014-12-31": "$2,515", "2014-09-30": "$2,470", "2014-06-30": "$2,599", "2014-03-31": "$0", "2013-12-31": "$0", "2013-09-30": "$0", "2013-06-30": "$2,427", "2012-06-30": "$0"}}, "cash-on-hand": {"CDK Global Annual Cash on Hand (Millions of US $)": {"2020": "$216", "2019": "$311", "2018": "$804", "2017": "$726", "2016": "$219", "2015": "$408", "2014": "$403", "2013": "$276", "2012": "$", "2011": "$276"}, "CDK Global Quarterly Cash on Hand (Millions of US $)": {"2020-09-30": "$281", "2020-06-30": "$216", "2020-03-31": "$285", "2019-12-31": "$222", "2019-09-30": "$313", "2019-06-30": "$311", "2019-03-31": "$307", "2018-12-31": "$229", "2018-09-30": "$313", "2018-06-30": "$804", "2018-03-31": "$461", "2017-12-31": "$444", "2017-09-30": "$789", "2017-06-30": "$726", "2017-03-31": "$385", "2016-12-31": "$328", "2016-09-30": "$246", "2016-06-30": "$219", "2016-03-31": "$464", "2015-12-31": "$348", "2015-09-30": "$360", "2015-06-30": "$408", "2015-03-31": "$369", "2014-12-31": "$402", "2014-09-30": "$355", "2014-06-30": "$403", "2014-03-31": "", "2013-12-31": "", "2013-09-30": "", "2013-06-30": "$276", "2012-06-30": ""}}, "long-term-debt": {"CDK Global Annual Long Term Debt (Millions of US $)": {"2020": "$2,655", "2019": "$2,659", "2018": "$2,576", "2017": "$2,125", "2016": "$1,190", "2015": "$971", "2014": "$", "2013": "$", "2012": "$", "2011": "$"}, "CDK Global Quarterly Long Term Debt (Millions of US $)": {"2020-09-30": "$2,357", "2020-06-30": "$2,655", "2020-03-31": "$2,747", "2019-12-31": "$2,741", "2019-09-30": "$2,655", "2019-06-30": "$2,659", "2019-03-31": "$2,649", "2018-12-31": "$2,592", "2018-09-30": "$2,674", "2018-06-30": "$2,576", "2018-03-31": "$2,093", "2017-12-31": "$2,104", "2017-09-30": "$2,114", "2017-06-30": "$2,125", "2017-03-31": "$1,545", "2016-12-31": "$1,556", "2016-09-30": "$1,184", "2016-06-30": "$1,190", "2016-03-31": "$1,196", "2015-12-31": "$1,202", "2015-09-30": "$969", "2015-06-30": "$971", "2015-03-31": "$981", "2014-12-31": "$984", "2014-09-30": "$983", "2014-06-30": "", "2014-03-31": "", "2013-12-31": "", "2013-09-30": "", "2013-06-30": "", "2012-06-30": ""}}, "total-liabilities": {"CDK Global Annual Total Liabilities (Millions of US $)": {"2020": "$3,435", "2019": "$3,714", "2018": "$3,356", "2017": "$2,940", "2016": "$1,989", "2015": "$1,734", "2014": "$789", "2013": "$891", "2012": "$0", "2011": "$891"}, "CDK Global Quarterly Total Liabilities (Millions of US $)": {"2020-09-30": "$3,430", "2020-06-30": "$3,435", "2020-03-31": "$3,586", "2019-12-31": "$3,563", "2019-09-30": "$3,731", "2019-06-30": "$3,714", "2019-03-31": "$3,641", "2018-12-31": "$3,517", "2018-09-30": "$3,391", "2018-06-30": "$3,356", "2018-03-31": "$2,915", "2017-12-31": "$2,878", "2017-09-30": "$2,931", "2017-06-30": "$2,940", "2017-03-31": "$2,349", "2016-12-31": "$2,319", "2016-09-30": "$1,953", "2016-06-30": "$1,989", "2016-03-31": "$2,022", "2015-12-31": "$1,920", "2015-09-30": "$1,684", "2015-06-30": "$1,734", "2015-03-31": "$1,745", "2014-12-31": "$1,764", "2014-09-30": "$1,735", "2014-06-30": "$789", "2014-03-31": "$0", "2013-12-31": "$0", "2013-09-30": "$0", "2013-06-30": "$891", "2012-06-30": "$0"}}, "total-share-holder-equity": {"CDK Global Annual Share Holder Equity (Millions of US $)": {"2020": "$-581", "2019": "$-715", "2018": "$-347", "2017": "$-57", "2016": "$376", "2015": "$784", "2014": "$1,809", "2013": "$1,537", "2012": "$0", "2011": "$1,537"}, "CDK Global Quarterly Share Holder Equity (Millions of US $)": {"2020-09-30": "$-515", "2020-06-30": "$-581", "2020-03-31": "$-621", "2019-12-31": "$-627", "2019-09-30": "$-672", "2019-06-30": "$-715", "2019-03-31": "$-475", "2018-12-31": "$-500", "2018-09-30": "$-300", "2018-06-30": "$-347", "2018-03-31": "$-217", "2017-12-31": "$-188", "2017-09-30": "$7", "2017-06-30": "$-57", "2017-03-31": "$208", "2016-12-31": "$126", "2016-09-30": "$427", "2016-06-30": "$376", "2016-03-31": "$651", "2015-12-31": "$596", "2015-09-30": "$804", "2015-06-30": "$784", "2015-03-31": "$764", "2014-12-31": "$751", "2014-09-30": "$735", "2014-06-30": "$1,809", "2014-03-31": "$0", "2013-12-31": "$0", "2013-09-30": "$0", "2013-06-30": "$1,537", "2012-06-30": "$0"}}, "profit-margins": {"current": "9.25%"}, "gross margin": {"2020-09-30": "49.95%", "2020-06-30": "50.69%", "2020-03-31": "51.85%", "2019-12-31": "52.14%", "2019-09-30": "51.88%", "2019-06-30": "53.00%", "2019-03-31": "58.95%", "2018-12-31": "56.77%", "2018-09-30": "55.33%", "2018-06-30": "52.47%", "2018-03-31": "51.38%", "2017-12-31": "50.11%", "2017-09-30": "49.03%", "2017-06-30": "48.18%", "2017-03-31": "43.56%", "2016-12-31": "42.68%", "2016-09-30": "42.03%", "2016-06-30": "41.23%", "2016-03-31": "40.08%", "2015-12-31": "39.49%", "2015-09-30": "38.33%", "2015-06-30": "38.39%", "2015-03-31": "36.43%", "2014-12-31": "36.43%", "2014-09-30": "36.74%", "2014-06-30": "36.31%"}, "operating margin": {"2020-09-30": "25.97%", "2020-06-30": "28.00%", "2020-03-31": "24.35%", "2019-12-31": "23.88%", "2019-09-30": "23.17%", "2019-06-30": "23.60%", "2019-03-31": "30.59%", "2018-12-31": "29.26%", "2018-09-30": "28.53%", "2018-06-30": "26.74%", "2018-03-31": "24.76%", "2017-12-31": "23.18%", "2017-09-30": "22.79%", "2017-06-30": "22.01%", "2017-03-31": "21.57%", "2016-12-31": "20.15%", "2016-09-30": "19.48%", "2016-06-30": "19.05%", "2016-03-31": "18.30%", "2015-12-31": "18.90%", "2015-09-30": "17.66%", "2015-06-30": "15.66%", "2015-03-31": "12.61%", "2014-12-31": "12.83%", "2014-09-30": "12.97%", "2014-06-30": "14.06%"}, "ebitda margin": {"2020-09-30": "31.17%", "2020-06-30": "33.15%", "2020-03-31": "29.30%", "2019-12-31": "28.82%", "2019-09-30": "28.11%", "2019-06-30": "28.36%", "2019-03-31": "35.79%", "2018-12-31": "33.96%", "2018-09-30": "32.76%", "2018-06-30": "30.74%", "2018-03-31": "28.69%", "2017-12-31": "27.05%", "2017-09-30": "26.58%", "2017-06-30": "25.71%", "2017-03-31": "24.81%", "2016-12-31": "23.36%", "2016-09-30": "22.59%", "2016-06-30": "22.08%", "2016-03-31": "21.44%", "2015-12-31": "21.85%", "2015-09-30": "21.30%", "2015-06-30": "19.29%", "2015-03-31": "16.90%", "2014-12-31": "16.81%", "2014-09-30": "16.40%", "2014-06-30": "17.65%"}, "pre tax profit margin": {"2020-09-30": "20.61%", "2020-06-30": "21.62%", "2020-03-31": "16.45%", "2019-12-31": "16.02%", "2019-09-30": "15.38%", "2019-06-30": "15.93%", "2019-03-31": "22.96%", "2018-12-31": "22.74%", "2018-09-30": "22.99%", "2018-06-30": "22.18%", "2018-03-31": "20.27%", "2017-12-31": "19.09%", "2017-09-30": "19.19%", "2017-06-30": "18.89%", "2017-03-31": "19.53%", "2016-12-31": "18.27%", "2016-09-30": "17.95%", "2016-06-30": "17.49%", "2016-03-31": "16.81%", "2015-12-31": "17.49%", "2015-09-30": "16.06%", "2015-06-30": "14.54%", "2015-03-31": "16.30%", "2014-12-31": "17.02%", "2014-09-30": "17.64%", "2014-06-30": "18.71%"}, "net profit margin": {"2020-09-30": "9.29%", "2020-06-30": "10.61%", "2020-03-31": "0.35%", "2019-12-31": "2.47%", "2019-09-30": "5.91%", "2019-06-30": "6.48%", "2019-03-31": "24.87%", "2018-12-31": "23.43%", "2018-09-30": "23.17%", "2018-06-30": "21.12%", "2018-03-31": "19.09%", "2017-12-31": "18.24%", "2017-09-30": "17.18%", "2017-06-30": "17.10%", "2017-03-31": "13.43%", "2016-12-31": "12.48%", "2016-09-30": "11.95%", "2016-06-30": "11.30%", "2016-03-31": "10.69%", "2015-12-31": "10.85%", "2015-09-30": "9.61%", "2015-06-30": "8.63%", "2015-03-31": "9.54%", "2014-12-31": "10.37%", "2014-09-30": "11.05%", "2014-06-30": "12.05%"}, "pe ratio": {"current": "17.97", "2021-02-05": "36.55", "2020-09-30": "29.36", "2020-06-30": "24.35", "2020-03-31": "650.50", "2019-12-31": "142.01", "2019-09-30": "52.59", "2019-06-30": "52.70", "2019-03-31": "19.56", "2018-12-31": "16.38", "2018-09-30": "20.97", "2018-06-30": "22.70", "2018-03-31": "25.12", "2017-12-31": "30.45", "2017-09-30": "29.51", "2017-06-30": "29.83", "2017-03-31": "31.81", "2016-12-31": "32.28", "2016-09-30": "33.20", "2016-06-30": "35.01", "2016-03-31": "31.82", "2015-12-31": "32.12", "2015-09-30": "36.70", "2015-06-30": "46.25"}, "price sales": {"2021-02-05": "3.37", "2020-09-30": "2.71", "2020-06-30": "2.56", "2020-03-31": "2.00", "2019-12-31": "3.37", "2019-09-30": "3.02", "2019-06-30": "3.22", "2019-03-31": "4.84", "2018-12-31": "3.86", "2018-09-30": "4.90", "2018-06-30": "4.85", "2018-03-31": "4.78", "2017-12-31": "5.56", "2017-09-30": "5.08", "2017-06-30": "5.15", "2017-03-31": "4.30", "2016-12-31": "4.04", "2016-09-30": "3.98", "2016-06-30": "3.97", "2016-03-31": "3.40", "2015-12-31": "3.51", "2015-09-30": "3.54", "2015-06-30": "3.98"}, "price book": {"current": "0.00", "2021-02-05": "0.00", "2020-09-30": "-10.28", "2020-06-30": "-8.61", "2020-03-31": "-6.36", "2019-12-31": "-10.46", "2019-09-30": "-8.55", "2019-06-30": "-8.22", "2019-03-31": "-14.81", "2018-12-31": "-11.64", "2018-09-30": "-26.15", "2018-06-30": "-23.64", "2018-03-31": "-37.57", "2017-12-31": "-49.28", "2017-09-30": "1189.56", "2017-06-30": "-147.05", "2017-03-31": "43.53", "2016-12-31": "65.50", "2016-09-30": "19.17", "2016-06-30": "21.09", "2016-03-31": "10.55", "2015-12-31": "11.72", "2015-09-30": "8.95", "2015-06-30": "10.40", "2015-03-31": "9.23", "2014-12-31": "8.19", "2014-09-30": "6.25"}, "price fcf": {"2021-02-05": "", "2020-09-30": "$2.55", "2020-06-30": "$2.40", "2020-03-31": "$2.93", "2019-12-31": "$3.02", "2019-09-30": "$2.69", "2019-06-30": "$3.15", "2019-03-31": "$3.03", "2018-12-31": "$3.37", "2018-09-30": "$3.05", "2018-06-30": "$2.86", "2018-03-31": "$2.93", "2017-12-31": "$2.20", "2017-09-30": "$2.65", "2017-06-30": "$2.33", "2017-03-31": "$2.07", "2016-12-31": "$2.49", "2016-09-30": "$2.10", "2016-06-30": "$1.63", "2016-03-31": "$1.53", "2015-12-31": "$0.75", "2015-09-30": "$1.16", "2015-06-30": "$1.27"}, "net worth": {"value": "$6.58B"}, "current ratio": {"current": "0.89", "2020-09-30": "0.89", "2020-06-30": "1.30", "2020-03-31": "1.57", "2019-12-31": "1.58", "2019-09-30": "1.24", "2019-06-30": "1.18", "2019-03-31": "1.19", "2018-12-31": "1.08", "2018-09-30": "1.62", "2018-06-30": "2.49", "2018-03-31": "1.80", "2017-12-31": "1.97", "2017-09-30": "2.37", "2017-06-30": "2.31", "2017-03-31": "1.76", "2016-12-31": "1.74", "2016-09-30": "1.56", "2016-06-30": "1.41", "2016-03-31": "1.91", "2015-12-31": "2.07", "2015-09-30": "1.93", "2015-06-30": "1.78", "2015-03-31": "1.91", "2014-12-31": "1.86", "2014-09-30": "1.80", "2014-06-30": "1.85", "2014-03-31": "0.00", "2013-12-31": "0.00", "2013-09-30": "0.00", "2013-06-30": "1.46", "2012-06-30": "0.00"}, "quick ratio": {"2020-09-30": "0.00", "2020-06-30": "0.00", "2020-03-31": "0.00", "2019-12-31": "0.00", "2019-09-30": "0.00", "2019-06-30": "0.00", "2019-03-31": "0.00", "2018-12-31": "0.00", "2018-09-30": "0.00", "2018-06-30": "0.00", "2018-03-31": "0.00", "2017-12-31": "0.00", "2017-09-30": "0.00", "2017-06-30": "0.00", "2017-03-31": "0.00", "2016-12-31": "0.00", "2016-09-30": "0.00", "2016-06-30": "0.00", "2016-03-31": "0.00", "2015-12-31": "0.00", "2015-09-30": "0.00", "2015-06-30": "0.00", "2015-03-31": "0.00", "2014-12-31": "0.00", "2014-09-30": "0.00", "2014-06-30": "0.00", "2014-03-31": "0.00", "2013-12-31": "0.00", "2013-09-30": "0.00", "2013-06-30": "0.00", "2012-06-30": "0.00"}, "debt equity ratio": {"current": "0.00", "2020-09-30": "-6.67", "2020-06-30": "-5.92", "2020-03-31": "-5.77", "2019-12-31": "-5.68", "2019-09-30": "-5.56", "2019-06-30": "-5.20", "2019-03-31": "-7.66", "2018-12-31": "-7.03", "2018-09-30": "-11.32", "2018-06-30": "-9.66", "2018-03-31": "-13.43", "2017-12-31": "-15.31", "2017-09-30": "412.79", "2017-06-30": "-51.76", "2017-03-31": "11.29", "2016-12-31": "18.34", "2016-09-30": "4.57", "2016-06-30": "5.29", "2016-03-31": "3.11", "2015-12-31": "3.22", "2015-09-30": "2.09", "2015-06-30": "2.21", "2015-03-31": "2.28", "2014-12-31": "2.35", "2014-09-30": "2.36", "2014-06-30": "0.44", "2014-03-31": "0.00", "2013-12-31": "0.00", "2013-09-30": "0.00", "2013-06-30": "0.58", "2012-06-30": "0.00"}, "return on equity": {"2020-09-30": "-31.06%", "2020-06-30": "-33.27%", "2020-03-31": "-1.06%", "2019-12-31": "-7.87%", "2019-09-30": "-19.64%", "2019-06-30": "-24.92%", "2019-03-31": "-93.22%", "2018-12-31": "-109.68%", "2018-09-30": "-147.91%", "2018-06-30": "-204.03%", "2018-03-31": "-298.90%", "2017-12-31": "-4280.00%", "2017-09-30": "422.54%", "2017-06-30": "168.18%", "2017-03-31": "103.78%", "2016-12-31": "68.86%", "2016-09-30": "50.15%", "2016-06-30": "39.39%", "2016-03-31": "31.32%", "2015-12-31": "30.39%", "2015-09-30": "25.52%", "2015-06-30": "23.47%", "2015-03-31": "18.63%", "2014-12-31": "24.64%", "2014-09-30": "33.49%", "2014-06-30": "50.41%"}, "return on assets": {"2020-09-30": "6.24%", "2020-06-30": "7.04%", "2020-03-31": "0.23%", "2019-12-31": "1.61%", "2019-09-30": "3.79%", "2019-06-30": "4.04%", "2019-03-31": "12.31%", "2018-12-31": "12.66%", "2018-09-30": "13.55%", "2018-06-30": "13.41%", "2018-03-31": "12.13%", "2017-12-31": "11.60%", "2017-09-30": "11.09%", "2017-06-30": "11.53%", "2017-03-31": "12.11%", "2016-12-31": "11.03%", "2016-09-30": "10.35%", "2016-06-30": "9.52%", "2016-03-31": "8.71%", "2015-12-31": "8.93%", "2015-09-30": "7.89%", "2015-06-30": "7.11%", "2015-03-31": "7.49%", "2014-12-31": "10.71%", "2014-09-30": "16.81%", "2014-06-30": "35.09%"}, "return on investments": {"2020-09-30": "24.96%", "2020-06-30": "26.46%", "2020-03-31": "23.85%", "2019-12-31": "23.07%", "2019-09-30": "22.21%", "2019-06-30": "21.06%", "2019-03-31": "20.97%", "2018-12-31": "21.80%", "2018-09-30": "22.83%", "2018-06-30": "23.63%", "2018-03-31": "22.10%", "2017-12-31": "20.77%", "2017-09-30": "20.88%", "2017-06-30": "21.42%", "2017-03-31": "28.67%", "2016-12-31": "26.18%", "2016-09-30": "24.56%", "2016-06-30": "23.08%", "2016-03-31": "21.19%", "2015-12-31": "22.06%", "2015-09-30": "20.78%", "2015-06-30": "18.58%", "2015-03-31": "19.24%", "2014-12-31": "29.08%", "2014-09-30": "58.21%", "2014-06-30": "inf%"}, "return on tangible equity": {"2020-09-30": "-8.36%", "2020-06-30": "-9.42%", "2020-03-31": "-0.31%", "2019-12-31": "-2.16%", "2019-09-30": "-5.04%", "2019-06-30": "-5.44%", "2019-03-31": "-18.34%", "2018-12-31": "-20.02%", "2018-09-30": "-23.37%", "2018-06-30": "-26.22%", "2018-03-31": "-23.82%", "2017-12-31": "-24.65%", "2017-09-30": "-24.86%", "2017-06-30": "-26.96%", "2017-03-31": "-29.77%", "2016-12-31": "-30.50%", "2016-09-30": "-33.04%", "2016-06-30": "-34.88%", "2016-03-31": "-37.76%", "2015-12-31": "-40.78%", "2015-09-30": "-38.39%", "2015-06-30": "-32.69%", "2015-03-31": "-62.58%", "2014-12-31": "-116.00%", "2014-09-30": "-546.15%", "2014-06-30": "204.94%"}, "dividend yield history": {"last payout": "$0.60", "last yield": "1.11%"}}