{"ticker": "CDNS", "price": {"title": "Cadence Design Systems Historical Annual Stock Price Data", "value": 143.97, "historical": {"2021": {"Average Stock Price": "135.7268", "Year Open": "135.7600", "Year High": "143.9700", "Year Low": "128.4300", "Year Close": "143.9700", "Annual % Change": "5.53%"}, "2020": {"Average Stock Price": "94.1296", "Year Open": "71.4400", "Year High": "136.4300", "Year Low": "54.3200", "Year Close": "136.4300", "Annual % Change": "96.70%"}, "2019": {"Average Stock Price": "64.4281", "Year Open": "43.2300", "Year High": "76.3500", "Year Low": "41.5300", "Year Close": "69.3600", "Annual % Change": "59.52%"}, "2018": {"Average Stock Price": "42.7167", "Year Open": "42.0500", "Year High": "47.2600", "Year Low": "35.8500", "Year Close": "43.4800", "Annual % Change": "3.97%"}, "2017": {"Average Stock Price": "35.5966", "Year Open": "25.3400", "Year High": "45.6000", "Year Low": "25.3400", "Year Close": "41.8200", "Annual % Change": "65.82%"}, "2016": {"Average Stock Price": "23.9347", "Year Open": "20.5300", "Year High": "26.8600", "Year Low": "18.6600", "Year Close": "25.2200", "Annual % Change": "21.19%"}, "2015": {"Average Stock Price": "19.9392", "Year Open": "18.8300", "Year High": "23.1300", "Year Low": "17.1300", "Year Close": "20.8100", "Annual % Change": "9.70%"}, "2014": {"Average Stock Price": "16.5530", "Year Open": "14.0100", "Year High": "19.3100", "Year Low": "13.7300", "Year Close": "18.9700", "Annual % Change": "35.31%"}, "2013": {"Average Stock Price": "13.9608", "Year Open": "14.0000", "Year High": "15.7700", "Year Low": "12.4000", "Year Close": "14.0200", "Annual % Change": "3.77%"}, "2012": {"Average Stock Price": "11.9164", "Year Open": "10.3400", "Year High": "13.6500", "Year Low": "9.7900", "Year Close": "13.5100", "Annual % Change": "29.90%"}, "2011": {"Average Stock Price": "9.9000", "Year Open": "8.3500", "Year High": "11.5700", "Year Low": "8.1200", "Year Close": "10.4000", "Annual % Change": "25.91%"}, "2010": {"Average Stock Price": "6.9710", "Year Open": "6.1200", "Year High": "8.6100", "Year Low": "5.4500", "Year Close": "8.2600", "Annual % Change": "37.90%"}, "2009": {"Average Stock Price": "5.5652", "Year Open": "3.8400", "Year High": "8.1500", "Year Low": "3.5300", "Year Close": "5.9900", "Annual % Change": "63.66%"}, "2008": {"Average Stock Price": "8.8307", "Year Open": "16.8000", "Year High": "16.8000", "Year Low": "2.6100", "Year Close": "3.6600", "Annual % Change": "-78.48%"}, "2007": {"Average Stock Price": "20.5775", "Year Open": "18.1500", "Year High": "24.2200", "Year Low": "16.0100", "Year Close": "17.0100", "Annual % Change": "-5.03%"}, "2006": {"Average Stock Price": "17.4553", "Year Open": "16.9500", "Year High": "19.4700", "Year Low": "15.0000", "Year Close": "17.9100", "Annual % Change": "5.85%"}, "2005": {"Average Stock Price": "15.0362", "Year Open": "13.7500", "Year High": "18.3000", "Year Low": "12.9600", "Year Close": "16.9200", "Annual % Change": "22.52%"}, "2004": {"Average Stock Price": "14.1181", "Year Open": "18.2600", "Year High": "19.4000", "Year Low": "11.5500", "Year Close": "13.8100", "Annual % Change": "-23.19%"}, "2003": {"Average Stock Price": "12.9279", "Year Open": "11.6600", "Year High": "18.3200", "Year Low": "9.2400", "Year Close": "17.9800", "Annual % Change": "52.50%"}, "2002": {"Average Stock Price": "16.5452", "Year Open": "21.4000", "Year High": "24.1200", "Year Low": "8.9500", "Year Close": "11.7900", "Annual % Change": "-46.21%"}, "2001": {"Average Stock Price": "22.2123", "Year Open": "24.8800", "Year High": "32.3100", "Year Low": "15.4800", "Year Close": "21.9200", "Annual % Change": "-20.29%"}, "2000": {"Average Stock Price": "21.4937", "Year Open": "22.0600", "Year High": "28.6900", "Year Low": "13.5000", "Year Close": "27.5000", "Annual % Change": "14.58%"}, "1999": {"Average Stock Price": "18.1269", "Year Open": "30.0600", "Year High": "33.5000", "Year Low": "9.3130", "Year Close": "24.0000", "Annual % Change": "-19.33%"}, "1998": {"Average Stock Price": "29.3764", "Year Open": "24.9400", "Year High": "38.0000", "Year Low": "19.1900", "Year Close": "29.7500", "Annual % Change": "21.43%"}, "1997": {"Average Stock Price": "21.0503", "Year Open": "19.5650", "Year High": "28.7500", "Year Low": "13.3750", "Year Close": "24.5000", "Annual % Change": "24.05%"}, "1996": {"Average Stock Price": "16.4400", "Year Open": "13.1267", "Year High": "21.8750", "Year Low": "11.5000", "Year Close": "19.7500", "Annual % Change": "41.07%"}, "1995": {"Average Stock Price": "7.9415", "Year Open": "4.3600", "Year High": "14.0433", "Year Low": "4.3600", "Year Close": "14.0000", "Annual % Change": "205.53%"}, "1994": {"Average Stock Price": "3.4937", "Year Open": "2.5289", "Year High": "4.7778", "Year Low": "2.3333", "Year Close": "4.5822", "Annual % Change": "77.45%"}, "1993": {"Average Stock Price": "2.9658", "Year Open": "4.5822", "Year High": "5.3333", "Year Low": "1.8600", "Year Close": "2.5822", "Annual % Change": "-45.65%"}, "1992": {"Average Stock Price": "4.7840", "Year Open": "5.4711", "Year High": "6.6400", "Year Low": "3.3067", "Year Close": "4.7511", "Annual % Change": "-14.89%"}, "1991": {"Average Stock Price": "5.0111", "Year Open": "5.4444", "Year High": "7.5556", "Year Low": "3.3067", "Year Close": "5.5822", "Annual % Change": "5.19%"}}}, "market cap": {"value": "$38.91B"}, "income statement": {"Revenue": {"2019-12-31": "2336.31900", "2018-12-31": "2138.02200", "2017-12-31": "1943.03200", "2016-12-31": "1816.08300", "2015-12-31": "1702.09100", "2014-12-31": "1580.93200", "2013-12-31": "1460.11600", "2012-12-31": "1326.42400", "2011-12-31": "1149.83500", "2010-12-31": "935.95400", "2009-12-31": "852.63200", "2008-12-31": "1038.61400", "2007-12-31": "1615.01300", "2006-12-31": "1483.89500", "2005-12-31": "1329.19200"}, "Cost Of Goods Sold": {"2019-12-31": "266.35700", "2018-12-31": "258.74700", "2017-12-31": "237.39000", "2016-12-31": "256.49200", "2015-12-31": "238.45300", "2014-12-31": "223.70600", "2013-12-31": "200.20100", "2012-12-31": "191.12300", "2011-12-31": "195.15600", "2010-12-31": "156.44300", "2009-12-31": "169.24300", "2008-12-31": "209.48000", "2007-12-31": "214.50800", "2006-12-31": "227.09900", "2005-12-31": "231.40800"}, "Gross Profit": {"2019-12-31": "2069.96200", "2018-12-31": "1879.27500", "2017-12-31": "1705.64200", "2016-12-31": "1559.59100", "2015-12-31": "1463.63800", "2014-12-31": "1357.22600", "2013-12-31": "1259.91500", "2012-12-31": "1135.30100", "2011-12-31": "954.67900", "2010-12-31": "779.51100", "2009-12-31": "683.38900", "2008-12-31": "829.13400", "2007-12-31": "1400.50500", "2006-12-31": "1256.79600", "2005-12-31": "1097.78400"}, "Research And Development Expenses": {"2019-12-31": "935.93800", "2018-12-31": "884.81600", "2017-12-31": "804.22300", "2016-12-31": "735.34000", "2015-12-31": "637.56700", "2014-12-31": "603.00600", "2013-12-31": "534.02200", "2012-12-31": "454.08500", "2011-12-31": "400.74500", "2010-12-31": "376.41300", "2009-12-31": "354.70300", "2008-12-31": "457.91300", "2007-12-31": "494.03200", "2006-12-31": "460.06400", "2005-12-31": "390.74000"}, "SG&A Expenses": {"2019-12-31": "621.47900", "2018-12-31": "573.07500", "2017-12-31": "553.34200", "2016-12-31": "520.30000", "2015-12-31": "512.41400", "2014-12-31": "513.30700", "2013-12-31": "499.47100", "2012-12-31": "454.35400", "2011-12-31": "416.66100", "2010-12-31": "391.95200", "2009-12-31": "409.48100", "2008-12-31": "510.44100", "2007-12-31": "576.14500", "2006-12-31": "548.89600", "2005-12-31": "495.71600"}, "Other Operating Income Or Expenses": {"2019-12-31": "", "2018-12-31": "", "2017-12-31": "", "2016-12-31": "", "2015-12-31": "", "2014-12-31": "", "2013-12-31": "", "2012-12-31": "", "2011-12-31": "", "2010-12-31": "-15.80000", "2009-12-31": "", "2008-12-31": "-47.66900", "2007-12-31": "-2.67800", "2006-12-31": "-0.90000", "2005-12-31": "-9.40000"}, "Operating Expenses": {"2019-12-31": "1844.52300", "2018-12-31": "1741.81300", "2017-12-31": "1619.07700", "2016-12-31": "1571.18200", "2015-12-31": "1416.66100", "2014-12-31": "1374.28800", "2013-12-31": "1271.10900", "2012-12-31": "1114.75200", "2011-12-31": "1029.45800", "2010-12-31": "964.92000", "2009-12-31": "976.22300", "2008-12-31": "2611.88200", "2007-12-31": "1297.09800", "2006-12-31": "1259.30300", "2005-12-31": "1210.36000"}, "Operating Income": {"2019-12-31": "491.79610", "2018-12-31": "396.20910", "2017-12-31": "323.95500", "2016-12-31": "244.90100", "2015-12-31": "285.42990", "2014-12-31": "206.64400", "2013-12-31": "189.00700", "2012-12-31": "211.67200", "2011-12-31": "120.37700", "2010-12-31": "-28.96600", "2009-12-31": "-123.59090", "2008-12-31": "-1573.26800", "2007-12-31": "317.91500", "2006-12-31": "224.59200", "2005-12-31": "118.83200"}, "Total Non-Operating Income/Expense": {"2019-12-31": "-12.82800", "2018-12-31": "-19.81900", "2017-12-31": "-8.90900", "2016-12-31": "-7.74800", "2015-12-31": "-17.83400", "2014-12-31": "-25.64200", "2013-12-31": "-30.01100", "2012-12-31": "-23.40100", "2011-12-31": "-24.95100", "2010-12-31": "-33.80200", "2009-12-31": "-29.91400", "2008-12-31": "-44.24500", "2007-12-31": "30.27000", "2006-12-31": "17.28600", "2005-12-31": "9.65100"}, "Pre-Tax Income": {"2019-12-31": "478.96800", "2018-12-31": "376.39000", "2017-12-31": "315.04600", "2016-12-31": "237.15300", "2015-12-31": "267.59600", "2014-12-31": "181.00200", "2013-12-31": "158.99600", "2012-12-31": "188.27100", "2011-12-31": "95.42600", "2010-12-31": "-62.76800", "2009-12-31": "-153.50500", "2008-12-31": "-1617.51300", "2007-12-31": "348.18500", "2006-12-31": "241.87800", "2005-12-31": "128.48300"}, "Income Taxes": {"2019-12-31": "-510.01100", "2018-12-31": "30.61300", "2017-12-31": "110.94500", "2016-12-31": "34.06700", "2015-12-31": "15.17900", "2014-12-31": "22.10400", "2013-12-31": "-5.24700", "2012-12-31": "-251.67700", "2011-12-31": "23.19700", "2010-12-31": "-189.30600", "2009-12-31": "-3.63400", "2008-12-31": "239.20200", "2007-12-31": "61.39700", "2006-12-31": "99.70400", "2005-12-31": "79.14000"}, "Income After Taxes": {"2019-12-31": "988.97900", "2018-12-31": "345.77700", "2017-12-31": "204.10100", "2016-12-31": "203.08600", "2015-12-31": "252.41700", "2014-12-31": "158.89800", "2013-12-31": "164.24300", "2012-12-31": "439.94800", "2011-12-31": "72.22900", "2010-12-31": "126.53800", "2009-12-31": "-149.87100", "2008-12-31": "-1856.71500", "2007-12-31": "286.78800", "2006-12-31": "142.17400", "2005-12-31": "49.34300"}, "Other Income": {"2019-12-31": "", "2018-12-31": "", "2017-12-31": "", "2016-12-31": "", "2015-12-31": "", "2014-12-31": "", "2013-12-31": "", "2012-12-31": "", "2011-12-31": "", "2010-12-31": "", "2009-12-31": "", "2008-12-31": "", "2007-12-31": "", "2006-12-31": "", "2005-12-31": ""}, "Income From Continuous Operations": {"2019-12-31": "988.97900", "2018-12-31": "345.77700", "2017-12-31": "204.10100", "2016-12-31": "203.08600", "2015-12-31": "252.41700", "2014-12-31": "158.89800", "2013-12-31": "164.24300", "2012-12-31": "439.94800", "2011-12-31": "72.22900", "2010-12-31": "126.53800", "2009-12-31": "-149.87100", "2008-12-31": "-1856.71500", "2007-12-31": "286.78800", "2006-12-31": "142.17400", "2005-12-31": "49.34300"}, "Income From Discontinued Operations": {"2019-12-31": "", "2018-12-31": "", "2017-12-31": "", "2016-12-31": "", "2015-12-31": "", "2014-12-31": "", "2013-12-31": "", "2012-12-31": "", "2011-12-31": "", "2010-12-31": "", "2009-12-31": "", "2008-12-31": "", "2007-12-31": "", "2006-12-31": "", "2005-12-31": ""}, "Net Income": {"2019-12-31": "988.97900", "2018-12-31": "345.77700", "2017-12-31": "204.10100", "2016-12-31": "203.08600", "2015-12-31": "252.41700", "2014-12-31": "158.89800", "2013-12-31": "164.24300", "2012-12-31": "439.94800", "2011-12-31": "72.22900", "2010-12-31": "126.53800", "2009-12-31": "-149.87100", "2008-12-31": "-1856.71500", "2007-12-31": "286.78800", "2006-12-31": "142.59200", "2005-12-31": "49.34300"}, "EBITDA": {"2019-12-31": "615.58610", "2018-12-31": "516.12610", "2017-12-31": "440.68990", "2016-12-31": "365.55800", "2015-12-31": "412.99690", "2014-12-31": "342.80700", "2013-12-31": "312.69900", "2012-12-31": "324.40200", "2011-12-31": "241.29100", "2010-12-31": "84.72100", "2009-12-31": "-9.53990", "2008-12-31": "-111.55980", "2007-12-31": "464.45000", "2006-12-31": "371.70900", "2005-12-31": "303.54900"}, "EBIT": {"2019-12-31": "491.79610", "2018-12-31": "396.20910", "2017-12-31": "323.95500", "2016-12-31": "244.90100", "2015-12-31": "285.42990", "2014-12-31": "206.64400", "2013-12-31": "189.00700", "2012-12-31": "211.67200", "2011-12-31": "120.37700", "2010-12-31": "-28.96600", "2009-12-31": "-123.59090", "2008-12-31": "-1573.26800", "2007-12-31": "317.91500", "2006-12-31": "224.59200", "2005-12-31": "118.83200"}, "Basic Shares Outstanding": {"2019-12-31": "273.23900", "2018-12-31": "273.72900", "2017-12-31": "272.09700", "2016-12-31": "284.50200", "2015-12-31": "288.01800", "2014-12-31": "283.34900", "2013-12-31": "277.79600", "2012-12-31": "270.47900", "2011-12-31": "263.89200", "2010-12-31": "260.78700", "2009-12-31": "257.78200", "2008-12-31": "254.32300", "2007-12-31": "271.45500", "2006-12-31": "279.35400", "2005-12-31": "278.52000"}, "Shares Outstanding": {"2019-12-31": "280.51500", "2018-12-31": "281.14400", "2017-12-31": "280.22100", "2016-12-31": "291.25600", "2015-12-31": "312.30200", "2014-12-31": "306.77500", "2013-12-31": "294.56400", "2012-12-31": "280.66700", "2011-12-31": "270.81600", "2010-12-31": "265.87100", "2009-12-31": "257.78200", "2008-12-31": "254.32300", "2007-12-31": "295.59100", "2006-12-31": "312.45700", "2005-12-31": "314.38300"}, "Basic EPS": {"2019-12-31": "3.62000", "2018-12-31": "1.26000", "2017-12-31": "0.75000", "2016-12-31": "0.71000", "2015-12-31": "0.88000", "2014-12-31": "0.56000", "2013-12-31": "0.59000", "2012-12-31": "1.63000", "2011-12-31": "0.27000", "2010-12-31": "0.49000", "2009-12-31": "-0.58000", "2008-12-31": "-7.30000", "2007-12-31": "1.06000", "2006-12-31": "0.51000", "2005-12-31": "0.18000"}, "EPS - Earnings Per Share": {"2019-12-31": "3.53000", "2018-12-31": "1.23000", "2017-12-31": "0.73000", "2016-12-31": "0.70000", "2015-12-31": "0.81000", "2014-12-31": "0.52000", "2013-12-31": "0.56000", "2012-12-31": "1.57000", "2011-12-31": "0.27000", "2010-12-31": "0.48000", "2009-12-31": "-0.58000", "2008-12-31": "-7.30000", "2007-12-31": "0.97000", "2006-12-31": "0.46000", "2005-12-31": "0.16000"}}, "income statement, quarterly": {"Revenue": {"2020-09-30": "666.60700", "2020-06-30": "638.41800", "2020-03-31": "617.95700", "2019-12-31": "599.55510", "2019-09-30": "579.60300", "2019-06-30": "580.41900", "2019-03-31": "576.74200", "2018-12-31": "569.85000", "2018-09-30": "532.46800", "2018-06-30": "518.39100", "2018-03-31": "517.31300", "2017-12-31": "501.72200", "2017-09-30": "485.39800", "2017-06-30": "479.00100", "2017-03-31": "476.91100", "2016-12-31": "468.98000", "2016-09-30": "446.22000", "2016-06-30": "453.02100", "2016-03-31": "447.86200", "2015-12-31": "441.07890", "2015-09-30": "433.76300", "2015-06-30": "415.88300", "2015-03-31": "411.36600", "2014-12-31": "423.09810", "2014-09-30": "400.49600", "2014-06-30": "378.78800", "2014-03-31": "378.55000", "2013-12-31": "376.72200", "2013-09-30": "366.64700", "2013-06-30": "362.48100", "2013-03-31": "354.26600", "2012-12-31": "345.58500", "2012-09-30": "338.53300", "2012-06-30": "326.47600", "2012-03-31": "315.83000", "2011-12-31": "308.00590", "2011-09-30": "292.45700", "2011-06-30": "283.27000", "2011-03-31": "266.10200", "2010-12-31": "249.01800", "2010-09-30": "237.93400", "2010-06-30": "227.06400", "2010-03-31": "221.93800", "2009-12-31": "220.27900", "2009-09-30": "216.12200", "2009-06-30": "209.92900", "2009-03-31": "206.30200", "2008-12-31": "227.33500", "2008-09-30": "232.48800", "2008-06-30": "308.04100", "2008-03-31": "270.75000", "2007-12-31": "457.94290", "2007-09-30": "400.92400", "2007-06-30": "390.96100", "2007-03-31": "365.18500", "2006-12-31": "431.02010", "2006-09-30": "366.14800", "2006-06-30": "358.51300", "2006-03-31": "328.21400", "2005-12-31": "378.36300", "2005-09-30": "337.38100", "2005-06-30": "320.91100", "2005-03-31": "292.53700"}, "Cost Of Goods Sold": {"2020-09-30": "82.28400", "2020-06-30": "75.21500", "2020-03-31": "74.46300", "2019-12-31": "73.32800", "2019-09-30": "60.97500", "2019-06-30": "61.46900", "2019-03-31": "70.58500", "2018-12-31": "76.12400", "2018-09-30": "60.45400", "2018-06-30": "58.96000", "2018-03-31": "63.20900", "2017-12-31": "60.28400", "2017-09-30": "54.48200", "2017-06-30": "60.83200", "2017-03-31": "61.79200", "2016-12-31": "76.04800", "2016-09-30": "56.60700", "2016-06-30": "61.78300", "2016-03-31": "62.05400", "2015-12-31": "60.90200", "2015-09-30": "65.21100", "2015-06-30": "51.75500", "2015-03-31": "60.58500", "2014-12-31": "58.11500", "2014-09-30": "54.07900", "2014-06-30": "54.41300", "2014-03-31": "57.09900", "2013-12-31": "59.03100", "2013-09-30": "49.73600", "2013-06-30": "43.24300", "2013-03-31": "48.19100", "2012-12-31": "43.79000", "2012-09-30": "51.27000", "2012-06-30": "49.47700", "2012-03-31": "46.58600", "2011-12-31": "48.76500", "2011-09-30": "49.81800", "2011-06-30": "51.40600", "2011-03-31": "45.16700", "2010-12-31": "38.84900", "2010-09-30": "39.81900", "2010-06-30": "39.16000", "2010-03-31": "38.61500", "2009-12-31": "40.39000", "2009-09-30": "38.64900", "2009-06-30": "46.02700", "2009-03-31": "44.17700", "2008-12-31": "49.26700", "2008-09-30": "51.41600", "2008-06-30": "57.06300", "2008-03-31": "51.73400", "2007-12-31": "56.15000", "2007-09-30": "52.40400", "2007-06-30": "51.56400", "2007-03-31": "54.39000", "2006-12-31": "53.92100", "2006-09-30": "52.73500", "2006-06-30": "59.84600", "2006-03-31": "60.59700", "2005-12-31": "55.41700", "2005-09-30": "57.27200", "2005-06-30": "60.03100", "2005-03-31": "58.68800"}, "Gross Profit": {"2020-09-30": "584.32300", "2020-06-30": "563.20300", "2020-03-31": "543.49400", "2019-12-31": "526.22710", "2019-09-30": "518.62810", "2019-06-30": "518.95000", "2019-03-31": "506.15700", "2018-12-31": "493.72600", "2018-09-30": "472.01400", "2018-06-30": "459.43100", "2018-03-31": "454.10400", "2017-12-31": "441.43800", "2017-09-30": "430.91600", "2017-06-30": "418.16900", "2017-03-31": "415.11900", "2016-12-31": "392.93200", "2016-09-30": "389.61300", "2016-06-30": "391.23800", "2016-03-31": "385.80800", "2015-12-31": "380.17690", "2015-09-30": "368.55200", "2015-06-30": "364.12800", "2015-03-31": "350.78100", "2014-12-31": "364.98310", "2014-09-30": "346.41700", "2014-06-30": "324.37500", "2014-03-31": "321.45100", "2013-12-31": "317.69100", "2013-09-30": "316.91100", "2013-06-30": "319.23800", "2013-03-31": "306.07500", "2012-12-31": "301.79500", "2012-09-30": "287.26300", "2012-06-30": "276.99900", "2012-03-31": "269.24400", "2011-12-31": "259.24090", "2011-09-30": "242.63900", "2011-06-30": "231.86400", "2011-03-31": "220.93500", "2010-12-31": "210.16900", "2010-09-30": "198.11500", "2010-06-30": "187.90400", "2010-03-31": "183.32300", "2009-12-31": "179.88900", "2009-09-30": "177.47300", "2009-06-30": "163.90200", "2009-03-31": "162.12500", "2008-12-31": "178.06800", "2008-09-30": "181.07200", "2008-06-30": "250.97800", "2008-03-31": "219.01600", "2007-12-31": "401.79280", "2007-09-30": "348.52000", "2007-06-30": "339.39700", "2007-03-31": "310.79500", "2006-12-31": "377.09910", "2006-09-30": "313.41300", "2006-06-30": "298.66700", "2006-03-31": "267.61700", "2005-12-31": "322.94600", "2005-09-30": "280.10900", "2005-06-30": "260.88000", "2005-03-31": "233.84900"}, "Research And Development Expenses": {"2020-09-30": "250.93400", "2020-06-30": "250.82100", "2020-03-31": "241.66800", "2019-12-31": "235.37200", "2019-09-30": "240.54200", "2019-06-30": "231.81400", "2019-03-31": "228.21000", "2018-12-31": "218.27100", "2018-09-30": "223.23100", "2018-06-30": "219.12900", "2018-03-31": "224.18500", "2017-12-31": "203.46800", "2017-09-30": "206.56800", "2017-06-30": "195.90100", "2017-03-31": "198.28600", "2016-12-31": "181.51600", "2016-09-30": "191.54700", "2016-06-30": "182.37100", "2016-03-31": "179.90600", "2015-12-31": "161.97000", "2015-09-30": "154.62700", "2015-06-30": "157.97400", "2015-03-31": "162.99600", "2014-12-31": "155.12400", "2014-09-30": "148.74400", "2014-06-30": "152.67200", "2014-03-31": "146.46600", "2013-12-31": "135.46500", "2013-09-30": "138.07800", "2013-06-30": "136.39500", "2013-03-31": "124.08400", "2012-12-31": "118.38200", "2012-09-30": "115.07800", "2012-06-30": "112.03100", "2012-03-31": "108.59400", "2011-12-31": "97.02400", "2011-09-30": "103.15400", "2011-06-30": "99.26800", "2011-03-31": "101.29900", "2010-12-31": "97.82800", "2010-09-30": "97.27500", "2010-06-30": "91.88000", "2010-03-31": "89.43000", "2009-12-31": "81.30900", "2009-09-30": "88.04900", "2009-06-30": "90.65300", "2009-03-31": "94.69200", "2008-12-31": "99.98400", "2008-09-30": "112.48600", "2008-06-30": "120.08700", "2008-03-31": "125.35600", "2007-12-31": "128.61400", "2007-09-30": "125.39100", "2007-06-30": "122.96200", "2007-03-31": "117.06500", "2006-12-31": "117.93100", "2006-09-30": "110.33500", "2006-06-30": "115.53700", "2006-03-31": "116.26100", "2005-12-31": "103.40900", "2005-09-30": "100.57500", "2005-06-30": "96.37000", "2005-03-31": "90.38600"}, "SG&A Expenses": {"2020-09-30": "159.66600", "2020-06-30": "156.11700", "2020-03-31": "159.33600", "2019-12-31": "169.36000", "2019-09-30": "154.57200", "2019-06-30": "150.61500", "2019-03-31": "146.93200", "2018-12-31": "144.59800", "2018-09-30": "141.85500", "2018-06-30": "144.17500", "2018-03-31": "142.44700", "2017-12-31": "140.94300", "2017-09-30": "140.56500", "2017-06-30": "136.67100", "2017-03-31": "135.16300", "2016-12-31": "128.06800", "2016-09-30": "127.23400", "2016-06-30": "137.49800", "2016-03-31": "127.50000", "2015-12-31": "130.34100", "2015-09-30": "130.03400", "2015-06-30": "124.12900", "2015-03-31": "127.91000", "2014-12-31": "129.30600", "2014-09-30": "126.28100", "2014-06-30": "130.65300", "2014-03-31": "127.06700", "2013-12-31": "123.86500", "2013-09-30": "125.67600", "2013-06-30": "129.71800", "2013-03-31": "120.21200", "2012-12-31": "123.31600", "2012-09-30": "108.81100", "2012-06-30": "110.66200", "2012-03-31": "111.56500", "2011-12-31": "112.64900", "2011-09-30": "103.95500", "2011-06-30": "102.38300", "2011-03-31": "97.67400", "2010-12-31": "104.63900", "2010-09-30": "101.14600", "2010-06-30": "88.57100", "2010-03-31": "97.59600", "2009-12-31": "93.56700", "2009-09-30": "97.01400", "2009-06-30": "105.67100", "2009-03-31": "113.22900", "2008-12-31": "130.81700", "2008-09-30": "124.01200", "2008-06-30": "124.87000", "2008-03-31": "130.74200", "2007-12-31": "155.05500", "2007-09-30": "137.91000", "2007-06-30": "139.87100", "2007-03-31": "143.30900", "2006-12-31": "150.56500", "2006-09-30": "132.73900", "2006-06-30": "136.07500", "2006-03-31": "129.51700", "2005-12-31": "131.75100", "2005-09-30": "131.60500", "2005-06-30": "126.73300", "2005-03-31": "105.62700"}, "Other Operating Income Or Expenses": {"2020-09-30": "", "2020-06-30": "", "2020-03-31": "", "2019-12-31": "", "2019-09-30": "", "2019-06-30": "", "2019-03-31": "", "2018-12-31": "", "2018-09-30": "", "2018-06-30": "", "2018-03-31": "", "2017-12-31": "", "2017-09-30": "", "2017-06-30": "", "2017-03-31": "", "2016-12-31": "", "2016-09-30": "", "2016-06-30": "", "2016-03-31": "", "2015-12-31": "", "2015-09-30": "", "2015-06-30": "", "2015-03-31": "", "2014-12-31": "", "2014-09-30": "", "2014-06-30": "", "2014-03-31": "", "2013-12-31": "", "2013-09-30": "", "2013-06-30": "", "2013-03-31": "", "2012-12-31": "", "2012-09-30": "", "2012-06-30": "", "2012-03-31": "", "2011-12-31": "", "2011-09-30": "", "2011-06-30": "", "2011-03-31": "", "2010-12-31": "", "2010-09-30": "", "2010-06-30": "", "2010-03-31": "", "2009-12-31": "", "2009-09-30": "", "2009-06-30": "", "2009-03-31": "", "2008-12-31": "-47.06900", "2008-09-30": "", "2008-06-30": "", "2008-03-31": "-0.60000", "2007-12-31": "", "2007-09-30": "-2.67800", "2007-06-30": "", "2007-03-31": "", "2006-12-31": "", "2006-09-30": "", "2006-06-30": "", "2006-03-31": "-0.90000", "2005-12-31": "11.35700", "2005-09-30": "", "2005-06-30": "-9.40000", "2005-03-31": "-11.35700"}, "Operating Expenses": {"2020-09-30": "497.33500", "2020-06-30": "486.46800", "2020-03-31": "478.60600", "2019-12-31": "490.65590", "2019-09-30": "458.77700", "2019-06-30": "446.74400", "2019-03-31": "448.34600", "2018-12-31": "456.15990", "2018-09-30": "428.83800", "2018-06-30": "425.33500", "2018-03-31": "431.48000", "2017-12-31": "420.44390", "2017-09-30": "405.01300", "2017-06-30": "396.31100", "2017-03-31": "397.30900", "2016-12-31": "415.86300", "2016-09-30": "379.37800", "2016-06-30": "386.11500", "2016-03-31": "389.82600", "2015-12-31": "359.23900", "2015-09-30": "355.86200", "2015-06-30": "339.47900", "2015-03-31": "362.08100", "2014-12-31": "348.31200", "2014-09-30": "346.44700", "2014-06-30": "343.29100", "2014-03-31": "336.23800", "2013-12-31": "338.92300", "2013-09-30": "318.71700", "2013-06-30": "317.33900", "2013-03-31": "296.13000", "2012-12-31": "289.32390", "2012-09-30": "279.09200", "2012-06-30": "275.85600", "2012-03-31": "270.48000", "2011-12-31": "262.30690", "2011-09-30": "260.28000", "2011-06-30": "258.31300", "2011-03-31": "248.55800", "2010-12-31": "274.80000", "2010-09-30": "241.01700", "2010-06-30": "221.84500", "2010-03-31": "227.25800", "2009-12-31": "231.53500", "2009-09-30": "226.26300", "2009-06-30": "263.70700", "2009-03-31": "254.71800", "2008-12-31": "1648.54500", "2008-09-30": "341.66000", "2008-06-30": "307.48500", "2008-03-31": "314.19200", "2007-12-31": "345.47690", "2007-09-30": "316.05600", "2007-06-30": "317.23700", "2007-03-31": "318.32800", "2006-12-31": "327.50500", "2006-09-30": "300.40000", "2006-06-30": "316.20300", "2006-03-31": "315.19500", "2005-12-31": "288.33100", "2005-09-30": "307.14600", "2005-06-30": "320.72500", "2005-03-31": "294.15800"}, "Operating Income": {"2020-09-30": "169.27200", "2020-06-30": "151.95000", "2020-03-31": "139.35100", "2019-12-31": "108.89920", "2019-09-30": "120.82600", "2019-06-30": "133.67500", "2019-03-31": "128.39600", "2018-12-31": "113.69010", "2018-09-30": "103.63000", "2018-06-30": "93.05600", "2018-03-31": "85.83300", "2017-12-31": "81.27810", "2017-09-30": "80.38500", "2017-06-30": "82.69000", "2017-03-31": "79.60200", "2016-12-31": "53.11710", "2016-09-30": "66.84200", "2016-06-30": "66.90600", "2016-03-31": "58.03600", "2015-12-31": "81.83980", "2015-09-30": "77.90100", "2015-06-30": "76.40400", "2015-03-31": "49.28500", "2014-12-31": "74.78610", "2014-09-30": "54.04900", "2014-06-30": "35.49700", "2014-03-31": "42.31200", "2013-12-31": "37.79900", "2013-09-30": "47.93000", "2013-06-30": "45.14200", "2013-03-31": "58.13600", "2012-12-31": "56.26110", "2012-09-30": "59.44100", "2012-06-30": "50.62000", "2012-03-31": "45.35000", "2011-12-31": "45.69900", "2011-09-30": "32.17700", "2011-06-30": "24.95700", "2011-03-31": "17.54400", "2010-12-31": "-25.78200", "2010-09-30": "-3.08300", "2010-06-30": "5.21900", "2010-03-31": "-5.32000", "2009-12-31": "-11.25600", "2009-09-30": "-10.14100", "2009-06-30": "-53.77800", "2009-03-31": "-48.41600", "2008-12-31": "-1421.21000", "2008-09-30": "-109.17200", "2008-06-30": "0.55600", "2008-03-31": "-43.44200", "2007-12-31": "112.46600", "2007-09-30": "84.86800", "2007-06-30": "73.72400", "2007-03-31": "46.85700", "2006-12-31": "103.51510", "2006-09-30": "65.74810", "2006-06-30": "42.31000", "2006-03-31": "13.01900", "2005-12-31": "90.03200", "2005-09-30": "30.23500", "2005-06-30": "0.18600", "2005-03-31": "-1.62100"}, "Total Non-Operating Income/Expense": {"2020-09-30": "-3.55900", "2020-06-30": "-1.28400", "2020-03-31": "-9.17100", "2019-12-31": "-3.47400", "2019-09-30": "-4.11800", "2019-06-30": "-5.08600", "2019-03-31": "-0.15000", "2018-12-31": "-5.05300", "2018-09-30": "-4.07100", "2018-06-30": "-3.03100", "2018-03-31": "-7.66400", "2017-12-31": "-4.32700", "2017-09-30": "6.16200", "2017-06-30": "-5.32400", "2017-03-31": "-5.42000", "2016-12-31": "-0.88300", "2016-09-30": "-3.21700", "2016-06-30": "-3.05400", "2016-03-31": "-0.59400", "2015-12-31": "-1.69000", "2015-09-30": "-2.33800", "2015-06-30": "-6.83300", "2015-03-31": "-6.97300", "2014-12-31": "-8.08200", "2014-09-30": "-7.94000", "2014-06-30": "-5.73400", "2014-03-31": "-3.88600", "2013-12-31": "-8.36600", "2013-09-30": "-7.04800", "2013-06-30": "-7.51000", "2013-03-31": "-7.08700", "2012-12-31": "-3.53300", "2012-09-30": "-8.86800", "2012-06-30": "-4.89700", "2012-03-31": "-6.10300", "2011-12-31": "-12.47400", "2011-09-30": "-3.58600", "2011-06-30": "-2.37400", "2011-03-31": "-6.51700", "2010-12-31": "-7.89000", "2010-09-30": "-13.38300", "2010-06-30": "-11.07200", "2010-03-31": "-1.45700", "2009-12-31": "-2.55700", "2009-09-30": "-4.36100", "2009-06-30": "-9.79900", "2009-03-31": "-13.19700", "2008-12-31": "-19.84800", "2008-09-30": "-14.75600", "2008-06-30": "-8.49000", "2008-03-31": "-1.15100", "2007-12-31": "-8.29500", "2007-09-30": "11.35200", "2007-06-30": "11.14300", "2007-03-31": "16.07000", "2006-12-31": "-26.02500", "2006-09-30": "7.03400", "2006-06-30": "11.36700", "2006-03-31": "24.91000", "2005-12-31": "2.23800", "2005-09-30": "3.45000", "2005-06-30": "0.83700", "2005-03-31": "3.12600"}, "Pre-Tax Income": {"2020-09-30": "165.71300", "2020-06-30": "150.66600", "2020-03-31": "130.18000", "2019-12-31": "105.42500", "2019-09-30": "116.70800", "2019-06-30": "128.58900", "2019-03-31": "128.24600", "2018-12-31": "108.63700", "2018-09-30": "99.55900", "2018-06-30": "90.02500", "2018-03-31": "78.16900", "2017-12-31": "76.95100", "2017-09-30": "86.54700", "2017-06-30": "77.36600", "2017-03-31": "74.18200", "2016-12-31": "52.23400", "2016-09-30": "63.62500", "2016-06-30": "63.85200", "2016-03-31": "57.44200", "2015-12-31": "80.15000", "2015-09-30": "75.56300", "2015-06-30": "69.57100", "2015-03-31": "42.31200", "2014-12-31": "66.70400", "2014-09-30": "46.10900", "2014-06-30": "29.76300", "2014-03-31": "38.42600", "2013-12-31": "29.43300", "2013-09-30": "40.88200", "2013-06-30": "37.63200", "2013-03-31": "51.04900", "2012-12-31": "52.72800", "2012-09-30": "50.57300", "2012-06-30": "45.72300", "2012-03-31": "39.24700", "2011-12-31": "33.22500", "2011-09-30": "28.59100", "2011-06-30": "22.58300", "2011-03-31": "11.02700", "2010-12-31": "-33.67200", "2010-09-30": "-16.46600", "2010-06-30": "-5.85300", "2010-03-31": "-6.77700", "2009-12-31": "-13.81300", "2009-09-30": "-14.50200", "2009-06-30": "-63.57700", "2009-03-31": "-61.61300", "2008-12-31": "-1441.05800", "2008-09-30": "-123.92800", "2008-06-30": "-7.93400", "2008-03-31": "-44.59300", "2007-12-31": "104.17100", "2007-09-30": "96.22000", "2007-06-30": "84.86700", "2007-03-31": "62.92700", "2006-12-31": "77.49000", "2006-09-30": "72.78200", "2006-06-30": "53.67700", "2006-03-31": "37.92900", "2005-12-31": "92.27000", "2005-09-30": "33.68500", "2005-06-30": "1.02300", "2005-03-31": "1.50500"}, "Income Taxes": {"2020-09-30": "4.08300", "2020-06-30": "19.37800", "2020-03-31": "6.19200", "2019-12-31": "-554.24990", "2019-09-30": "15.19400", "2019-06-30": "21.35400", "2019-03-31": "7.69100", "2018-12-31": "10.21200", "2018-09-30": "0.24100", "2018-06-30": "14.87600", "2018-03-31": "5.28400", "2017-12-31": "91.39300", "2017-09-30": "5.39000", "2017-06-30": "8.23900", "2017-03-31": "5.92300", "2016-12-31": "13.75700", "2016-09-30": "-1.08700", "2016-06-30": "14.51700", "2016-03-31": "6.88000", "2015-12-31": "-0.22400", "2015-09-30": "-2.06100", "2015-06-30": "11.41100", "2015-03-31": "6.05300", "2014-12-31": "1.67400", "2014-09-30": "8.57400", "2014-06-30": "6.50000", "2014-03-31": "5.35600", "2013-12-31": "-8.27200", "2013-09-30": "2.38200", "2013-06-30": "28.20300", "2013-03-31": "-27.56000", "2012-12-31": "-261.14600", "2012-09-30": "-8.01100", "2012-06-30": "9.33700", "2012-03-31": "8.14300", "2011-12-31": "22.33300", "2011-09-30": "0.48500", "2011-06-30": "-4.32500", "2011-03-31": "4.70400", "2010-12-31": "3.36500", "2010-09-30": "-143.21900", "2010-06-30": "-54.46000", "2010-03-31": "5.00800", "2009-12-31": "-15.60300", "2009-09-30": "-0.45500", "2009-06-30": "10.78000", "2009-03-31": "1.64400", "2008-12-31": "193.04700", "2008-09-30": "46.72800", "2008-06-30": "10.87800", "2008-03-31": "-11.45100", "2007-12-31": "-5.86800", "2007-09-30": "23.48800", "2007-06-30": "25.27100", "2007-03-31": "18.50600", "2006-12-31": "29.12500", "2006-09-30": "30.72200", "2006-06-30": "23.28900", "2006-03-31": "16.56800", "2005-12-31": "65.70400", "2005-09-30": "12.41400", "2005-06-30": "0.54000", "2005-03-31": "0.48200"}, "Income After Taxes": {"2020-09-30": "161.63000", "2020-06-30": "131.28800", "2020-03-31": "123.98800", "2019-12-31": "659.67500", "2019-09-30": "101.51400", "2019-06-30": "107.23500", "2019-03-31": "120.55500", "2018-12-31": "98.42500", "2018-09-30": "99.31800", "2018-06-30": "75.14900", "2018-03-31": "72.88500", "2017-12-31": "-14.44200", "2017-09-30": "81.15700", "2017-06-30": "69.12700", "2017-03-31": "68.25900", "2016-12-31": "38.47700", "2016-09-30": "64.71200", "2016-06-30": "49.33500", "2016-03-31": "50.56200", "2015-12-31": "80.37400", "2015-09-30": "77.62400", "2015-06-30": "58.16000", "2015-03-31": "36.25900", "2014-12-31": "65.03000", "2014-09-30": "37.53500", "2014-06-30": "23.26300", "2014-03-31": "33.07000", "2013-12-31": "37.70500", "2013-09-30": "38.50000", "2013-06-30": "9.42900", "2013-03-31": "78.60900", "2012-12-31": "313.87400", "2012-09-30": "58.58400", "2012-06-30": "36.38600", "2012-03-31": "31.10400", "2011-12-31": "10.89200", "2011-09-30": "28.10600", "2011-06-30": "26.90800", "2011-03-31": "6.32300", "2010-12-31": "-37.03700", "2010-09-30": "126.75300", "2010-06-30": "48.60700", "2010-03-31": "-11.78500", "2009-12-31": "1.79000", "2009-09-30": "-14.04700", "2009-06-30": "-74.35700", "2009-03-31": "-63.25700", "2008-12-31": "-1634.10500", "2008-09-30": "-170.65600", "2008-06-30": "-18.81200", "2008-03-31": "-33.14200", "2007-12-31": "110.03900", "2007-09-30": "72.73200", "2007-06-30": "59.59600", "2007-03-31": "44.42100", "2006-12-31": "48.36500", "2006-09-30": "42.06000", "2006-06-30": "30.38800", "2006-03-31": "21.36100", "2005-12-31": "26.56600", "2005-09-30": "21.27100", "2005-06-30": "0.48300", "2005-03-31": "1.02300"}, "Other Income": {"2020-09-30": "", "2020-06-30": "", "2020-03-31": "", "2019-12-31": "", "2019-09-30": "", "2019-06-30": "", "2019-03-31": "", "2018-12-31": "", "2018-09-30": "", "2018-06-30": "", "2018-03-31": "", "2017-12-31": "", "2017-09-30": "", "2017-06-30": "", "2017-03-31": "", "2016-12-31": "", "2016-09-30": "", "2016-06-30": "", "2016-03-31": "", "2015-12-31": "", "2015-09-30": "", "2015-06-30": "", "2015-03-31": "", "2014-12-31": "", "2014-09-30": "", "2014-06-30": "", "2014-03-31": "", "2013-12-31": "", "2013-09-30": "", "2013-06-30": "", "2013-03-31": "", "2012-12-31": "", "2012-09-30": "", "2012-06-30": "", "2012-03-31": "", "2011-12-31": "", "2011-09-30": "", "2011-06-30": "", "2011-03-31": "", "2010-12-31": "", "2010-09-30": "", "2010-06-30": "", "2010-03-31": "", "2009-12-31": "", "2009-09-30": "", "2009-06-30": "", "2009-03-31": "", "2008-12-31": "", "2008-09-30": "", "2008-06-30": "", "2008-03-31": "", "2007-12-31": "", "2007-09-30": "", "2007-06-30": "", "2007-03-31": "", "2006-12-31": "", "2006-09-30": "", "2006-06-30": "", "2006-03-31": "", "2005-12-31": "", "2005-09-30": "", "2005-06-30": "", "2005-03-31": ""}, "Income From Continuous Operations": {"2020-09-30": "161.63000", "2020-06-30": "131.28800", "2020-03-31": "123.98800", "2019-12-31": "659.67500", "2019-09-30": "101.51400", "2019-06-30": "107.23500", "2019-03-31": "120.55500", "2018-12-31": "98.42500", "2018-09-30": "99.31800", "2018-06-30": "75.14900", "2018-03-31": "72.88500", "2017-12-31": "-14.44200", "2017-09-30": "81.15700", "2017-06-30": "69.12700", "2017-03-31": "68.25900", "2016-12-31": "38.47700", "2016-09-30": "64.71200", "2016-06-30": "49.33500", "2016-03-31": "50.56200", "2015-12-31": "80.37400", "2015-09-30": "77.62400", "2015-06-30": "58.16000", "2015-03-31": "36.25900", "2014-12-31": "65.03000", "2014-09-30": "37.53500", "2014-06-30": "23.26300", "2014-03-31": "33.07000", "2013-12-31": "37.70500", "2013-09-30": "38.50000", "2013-06-30": "9.42900", "2013-03-31": "78.60900", "2012-12-31": "313.87400", "2012-09-30": "58.58400", "2012-06-30": "36.38600", "2012-03-31": "31.10400", "2011-12-31": "10.89200", "2011-09-30": "28.10600", "2011-06-30": "26.90800", "2011-03-31": "6.32300", "2010-12-31": "-37.03700", "2010-09-30": "126.75300", "2010-06-30": "48.60700", "2010-03-31": "-11.78500", "2009-12-31": "1.79000", "2009-09-30": "-14.04700", "2009-06-30": "-74.35700", "2009-03-31": "-63.25700", "2008-12-31": "-1634.10500", "2008-09-30": "-170.65600", "2008-06-30": "-18.81200", "2008-03-31": "-33.14200", "2007-12-31": "110.03900", "2007-09-30": "72.73200", "2007-06-30": "59.59600", "2007-03-31": "44.42100", "2006-12-31": "48.36500", "2006-09-30": "42.06000", "2006-06-30": "30.38800", "2006-03-31": "21.36100", "2005-12-31": "26.56600", "2005-09-30": "21.27100", "2005-06-30": "0.48300", "2005-03-31": "1.02300"}, "Income From Discontinued Operations": {"2020-09-30": "", "2020-06-30": "", "2020-03-31": "", "2019-12-31": "", "2019-09-30": "", "2019-06-30": "", "2019-03-31": "", "2018-12-31": "", "2018-09-30": "", "2018-06-30": "", "2018-03-31": "", "2017-12-31": "", "2017-09-30": "", "2017-06-30": "", "2017-03-31": "", "2016-12-31": "", "2016-09-30": "", "2016-06-30": "", "2016-03-31": "", "2015-12-31": "", "2015-09-30": "", "2015-06-30": "", "2015-03-31": "", "2014-12-31": "", "2014-09-30": "", "2014-06-30": "", "2014-03-31": "", "2013-12-31": "", "2013-09-30": "", "2013-06-30": "", "2013-03-31": "", "2012-12-31": "", "2012-09-30": "", "2012-06-30": "", "2012-03-31": "", "2011-12-31": "", "2011-09-30": "", "2011-06-30": "", "2011-03-31": "", "2010-12-31": "", "2010-09-30": "", "2010-06-30": "", "2010-03-31": "", "2009-12-31": "", "2009-09-30": "", "2009-06-30": "", "2009-03-31": "", "2008-12-31": "", "2008-09-30": "", "2008-06-30": "", "2008-03-31": "", "2007-12-31": "", "2007-09-30": "", "2007-06-30": "", "2007-03-31": "", "2006-12-31": "", "2006-09-30": "", "2006-06-30": "", "2006-03-31": "", "2005-12-31": "", "2005-09-30": "", "2005-06-30": "", "2005-03-31": ""}, "Net Income": {"2020-09-30": "161.63000", "2020-06-30": "131.28800", "2020-03-31": "123.98800", "2019-12-31": "659.67500", "2019-09-30": "101.51400", "2019-06-30": "107.23500", "2019-03-31": "120.55500", "2018-12-31": "98.42500", "2018-09-30": "99.31800", "2018-06-30": "75.14900", "2018-03-31": "72.88500", "2017-12-31": "-14.44200", "2017-09-30": "81.15700", "2017-06-30": "69.12700", "2017-03-31": "68.25900", "2016-12-31": "38.47700", "2016-09-30": "64.71200", "2016-06-30": "49.33500", "2016-03-31": "50.56200", "2015-12-31": "80.37400", "2015-09-30": "77.62400", "2015-06-30": "58.16000", "2015-03-31": "36.25900", "2014-12-31": "65.03000", "2014-09-30": "37.53500", "2014-06-30": "23.26300", "2014-03-31": "33.07000", "2013-12-31": "37.70500", "2013-09-30": "38.50000", "2013-06-30": "9.42900", "2013-03-31": "78.60900", "2012-12-31": "313.87400", "2012-09-30": "58.58400", "2012-06-30": "36.38600", "2012-03-31": "31.10400", "2011-12-31": "10.89200", "2011-09-30": "28.10600", "2011-06-30": "26.90800", "2011-03-31": "6.32300", "2010-12-31": "-37.03700", "2010-09-30": "126.75300", "2010-06-30": "48.60700", "2010-03-31": "-11.78500", "2009-12-31": "1.79000", "2009-09-30": "-14.04700", "2009-06-30": "-74.35700", "2009-03-31": "-63.25700", "2008-12-31": "-1634.10500", "2008-09-30": "-170.65600", "2008-06-30": "-18.81200", "2008-03-31": "-33.14200", "2007-12-31": "110.03900", "2007-09-30": "72.73200", "2007-06-30": "59.59600", "2007-03-31": "44.42100", "2006-12-31": "48.36500", "2006-09-30": "42.06000", "2006-06-30": "30.38800", "2006-03-31": "21.77900", "2005-12-31": "26.56600", "2005-09-30": "21.27100", "2005-06-30": "0.48300", "2005-03-31": "1.02300"}, "EBITDA": {"2020-09-30": "206.64700", "2020-06-30": "188.78900", "2020-03-31": "172.92590", "2019-12-31": "140.54220", "2019-09-30": "151.27910", "2019-06-30": "165.38200", "2019-03-31": "158.38300", "2018-12-31": "143.65410", "2018-09-30": "133.71500", "2018-06-30": "123.24300", "2018-03-31": "115.51400", "2017-12-31": "110.48810", "2017-09-30": "108.97300", "2017-06-30": "112.38300", "2017-03-31": "108.84600", "2016-12-31": "83.25610", "2016-09-30": "94.07400", "2016-06-30": "98.70600", "2016-03-31": "89.52200", "2015-12-31": "112.21590", "2015-09-30": "107.15800", "2015-06-30": "108.96000", "2015-03-31": "84.66300", "2014-12-31": "111.79010", "2014-09-30": "89.78500", "2014-06-30": "68.02100", "2014-03-31": "73.21100", "2013-12-31": "69.70810", "2013-09-30": "80.11100", "2013-06-30": "76.78100", "2013-03-31": "86.09900", "2012-12-31": "84.34010", "2012-09-30": "88.82700", "2012-06-30": "78.21200", "2012-03-31": "73.02300", "2011-12-31": "75.61100", "2011-09-30": "62.30900", "2011-06-30": "55.65700", "2011-03-31": "47.71400", "2010-12-31": "4.77900", "2010-09-30": "27.40900", "2010-06-30": "30.86500", "2010-03-31": "21.66800", "2009-12-31": "15.90400", "2009-09-30": "16.48300", "2009-06-30": "-24.79700", "2009-03-31": "-17.13000", "2008-12-31": "-68.86190", "2008-09-30": "-73.14400", "2008-06-30": "36.98700", "2008-03-31": "-6.54100", "2007-12-31": "162.20300", "2007-09-30": "118.35800", "2007-06-30": "105.11200", "2007-03-31": "78.77700", "2006-12-31": "136.77010", "2006-09-30": "100.06600", "2006-06-30": "80.91200", "2006-03-31": "53.96100", "2005-12-31": "131.02400", "2005-09-30": "78.55500", "2005-06-30": "51.23700", "2005-03-31": "42.73300"}, "EBIT": {"2020-09-30": "169.27200", "2020-06-30": "151.95000", "2020-03-31": "139.35100", "2019-12-31": "108.89910", "2019-09-30": "120.82600", "2019-06-30": "133.67500", "2019-03-31": "128.39600", "2018-12-31": "113.69010", "2018-09-30": "103.63000", "2018-06-30": "93.05600", "2018-03-31": "85.83300", "2017-12-31": "81.27790", "2017-09-30": "80.38500", "2017-06-30": "82.69000", "2017-03-31": "79.60200", "2016-12-31": "53.11700", "2016-09-30": "66.84200", "2016-06-30": "66.90600", "2016-03-31": "58.03600", "2015-12-31": "81.84000", "2015-09-30": "77.90100", "2015-06-30": "76.40400", "2015-03-31": "49.28500", "2014-12-31": "74.78610", "2014-09-30": "54.04900", "2014-06-30": "35.49700", "2014-03-31": "42.31200", "2013-12-31": "37.79900", "2013-09-30": "47.93000", "2013-06-30": "45.14200", "2013-03-31": "58.13600", "2012-12-31": "56.26100", "2012-09-30": "59.44100", "2012-06-30": "50.62000", "2012-03-31": "45.35000", "2011-12-31": "45.69900", "2011-09-30": "32.17700", "2011-06-30": "24.95700", "2011-03-31": "17.54400", "2010-12-31": "-25.78200", "2010-09-30": "-3.08300", "2010-06-30": "5.21900", "2010-03-31": "-5.32000", "2009-12-31": "-11.25590", "2009-09-30": "-10.14100", "2009-06-30": "-53.77800", "2009-03-31": "-48.41600", "2008-12-31": "-1421.21000", "2008-09-30": "-109.17200", "2008-06-30": "0.55600", "2008-03-31": "-43.44200", "2007-12-31": "112.46600", "2007-09-30": "84.86800", "2007-06-30": "73.72400", "2007-03-31": "46.85700", "2006-12-31": "103.51500", "2006-09-30": "65.74810", "2006-06-30": "42.31000", "2006-03-31": "13.01900", "2005-12-31": "90.03210", "2005-09-30": "30.23500", "2005-06-30": "0.18600", "2005-03-31": "-1.62100"}, "Basic Shares Outstanding": {"2020-09-30": "273.99600", "2020-06-30": "273.43200", "2020-03-31": "273.47600", "2019-12-31": "273.23900", "2019-09-30": "273.32900", "2019-06-30": "273.15900", "2019-03-31": "273.06600", "2018-12-31": "273.72900", "2018-09-30": "273.71600", "2018-06-30": "273.56400", "2018-03-31": "273.77300", "2017-12-31": "272.09700", "2017-09-30": "273.15600", "2017-06-30": "271.88700", "2017-03-31": "270.17300", "2016-12-31": "284.50200", "2016-09-30": "280.62200", "2016-06-30": "288.19100", "2016-03-31": "296.61500", "2015-12-31": "288.01800", "2015-09-30": "284.81800", "2015-06-30": "285.29700", "2015-03-31": "284.52300", "2014-12-31": "283.34900", "2014-09-30": "284.46200", "2014-06-30": "283.34400", "2014-03-31": "281.61500", "2013-12-31": "277.79600", "2013-09-30": "278.97700", "2013-06-30": "277.14600", "2013-03-31": "274.93600", "2012-12-31": "270.47900", "2012-09-30": "271.35000", "2012-06-30": "269.73900", "2012-03-31": "267.94000", "2011-12-31": "263.89200", "2011-09-30": "264.72300", "2011-06-30": "263.19100", "2011-03-31": "261.53300", "2010-12-31": "260.78700", "2010-09-30": "258.60600", "2010-06-30": "262.16300", "2010-03-31": "262.59700", "2009-12-31": "257.78200", "2009-09-30": "259.19300", "2009-06-30": "256.88300", "2009-03-31": "254.30200", "2008-12-31": "254.32300", "2008-09-30": "252.91500", "2008-06-30": "252.62900", "2008-03-31": "262.82500", "2007-12-31": "271.45500", "2007-09-30": "272.97700", "2007-06-30": "274.42500", "2007-03-31": "269.66000", "2006-12-31": "279.35400", "2006-09-30": "279.32900", "2006-06-30": "282.31300", "2006-03-31": "281.64200", "2005-12-31": "278.52000", "2005-09-30": "281.22200", "2005-06-30": "277.00000", "2005-03-31": "274.20100"}, "Shares Outstanding": {"2020-09-30": "280.02400", "2020-06-30": "279.08000", "2020-03-31": "279.26500", "2019-12-31": "280.51500", "2019-09-30": "280.66600", "2019-06-30": "281.05400", "2019-03-31": "280.61500", "2018-12-31": "281.14400", "2018-09-30": "281.64600", "2018-06-30": "280.77400", "2018-03-31": "281.65100", "2017-12-31": "280.22100", "2017-09-30": "281.40000", "2017-06-30": "279.52600", "2017-03-31": "277.73600", "2016-12-31": "291.25600", "2016-09-30": "287.47300", "2016-06-30": "295.20100", "2016-03-31": "303.43400", "2015-12-31": "312.30200", "2015-09-30": "313.18600", "2015-06-30": "313.66500", "2015-03-31": "311.84700", "2014-12-31": "306.77500", "2014-09-30": "309.99500", "2014-06-30": "305.75500", "2014-03-31": "301.03400", "2013-12-31": "294.56400", "2013-09-30": "296.95800", "2013-06-30": "294.44300", "2013-03-31": "292.15100", "2012-12-31": "280.66700", "2012-09-30": "283.32800", "2012-06-30": "275.31800", "2012-03-31": "277.73300", "2011-12-31": "270.81600", "2011-09-30": "270.74100", "2011-06-30": "270.88500", "2011-03-31": "268.57800", "2010-12-31": "265.87100", "2010-09-30": "263.30200", "2010-06-30": "266.42300", "2010-03-31": "262.59700", "2009-12-31": "257.78200", "2009-09-30": "259.19300", "2009-06-30": "256.88300", "2009-03-31": "254.30200", "2008-12-31": "254.32300", "2008-09-30": "252.91500", "2008-06-30": "252.62900", "2008-03-31": "262.82500", "2007-12-31": "295.59100", "2007-09-30": "299.50600", "2007-06-30": "302.74600", "2007-03-31": "293.60300", "2006-12-31": "312.45700", "2006-09-30": "312.26600", "2006-06-30": "317.00000", "2006-03-31": "315.35400", "2005-12-31": "314.38300", "2005-09-30": "317.74100", "2005-06-30": "310.82200", "2005-03-31": "307.35400"}, "Basic EPS": {"2020-09-30": "0.59000", "2020-06-30": "0.48000", "2020-03-31": "0.45000", "2019-12-31": "2.42000", "2019-09-30": "0.37000", "2019-06-30": "0.39000", "2019-03-31": "0.44000", "2018-12-31": "0.36000", "2018-09-30": "0.36000", "2018-06-30": "0.27000", "2018-03-31": "0.27000", "2017-12-31": "-0.05000", "2017-09-30": "0.30000", "2017-06-30": "0.25000", "2017-03-31": "0.25000", "2016-12-31": "0.14000", "2016-09-30": "0.23000", "2016-06-30": "0.17000", "2016-03-31": "0.17000", "2015-12-31": "0.28000", "2015-09-30": "0.27000", "2015-06-30": "0.20000", "2015-03-31": "0.13000", "2014-12-31": "0.23000", "2014-09-30": "0.13000", "2014-06-30": "0.08000", "2014-03-31": "0.12000", "2013-12-31": "0.13000", "2013-09-30": "0.14000", "2013-06-30": "0.03000", "2013-03-31": "0.29000", "2012-12-31": "1.16000", "2012-09-30": "0.22000", "2012-06-30": "0.13000", "2012-03-31": "0.12000", "2011-12-31": "0.04000", "2011-09-30": "0.11000", "2011-06-30": "0.10000", "2011-03-31": "0.02000", "2010-12-31": "-0.15000", "2010-09-30": "0.49000", "2010-06-30": "0.19000", "2010-03-31": "-0.04000", "2009-12-31": "0.01000", "2009-09-30": "-0.05000", "2009-06-30": "-0.29000", "2009-03-31": "-0.25000", "2008-12-31": "-6.43000", "2008-09-30": "-0.67000", "2008-06-30": "-0.07000", "2008-03-31": "-0.13000", "2007-12-31": "0.41000", "2007-09-30": "0.27000", "2007-06-30": "0.22000", "2007-03-31": "0.16000", "2006-12-31": "0.17000", "2006-09-30": "0.15000", "2006-06-30": "0.11000", "2006-03-31": "0.08000", "2005-12-31": "0.10000", "2005-09-30": "0.08000", "2005-06-30": "0.00000", "2005-03-31": "0.00000"}, "EPS - Earnings Per Share": {"2020-09-30": "0.58000", "2020-06-30": "0.47000", "2020-03-31": "0.44000", "2019-12-31": "2.36000", "2019-09-30": "0.36000", "2019-06-30": "0.38000", "2019-03-31": "0.43000", "2018-12-31": "0.35000", "2018-09-30": "0.35000", "2018-06-30": "0.27000", "2018-03-31": "0.26000", "2017-12-31": "-0.06000", "2017-09-30": "0.29000", "2017-06-30": "0.25000", "2017-03-31": "0.25000", "2016-12-31": "0.13000", "2016-09-30": "0.23000", "2016-06-30": "0.17000", "2016-03-31": "0.17000", "2015-12-31": "0.25000", "2015-09-30": "0.25000", "2015-06-30": "0.19000", "2015-03-31": "0.12000", "2014-12-31": "0.21000", "2014-09-30": "0.12000", "2014-06-30": "0.08000", "2014-03-31": "0.11000", "2013-12-31": "0.13000", "2013-09-30": "0.13000", "2013-06-30": "0.03000", "2013-03-31": "0.27000", "2012-12-31": "1.12000", "2012-09-30": "0.21000", "2012-06-30": "0.13000", "2012-03-31": "0.11000", "2011-12-31": "0.05000", "2011-09-30": "0.10000", "2011-06-30": "0.10000", "2011-03-31": "0.02000", "2010-12-31": "-0.14000", "2010-09-30": "0.48000", "2010-06-30": "0.18000", "2010-03-31": "-0.04000", "2009-12-31": "0.01000", "2009-09-30": "-0.05000", "2009-06-30": "-0.29000", "2009-03-31": "-0.25000", "2008-12-31": "-6.43000", "2008-09-30": "-0.67000", "2008-06-30": "-0.07000", "2008-03-31": "-0.13000", "2007-12-31": "0.38000", "2007-09-30": "0.24000", "2007-06-30": "0.20000", "2007-03-31": "0.15000", "2006-12-31": "0.15000", "2006-09-30": "0.14000", "2006-06-30": "0.10000", "2006-03-31": "0.07000", "2005-12-31": "0.09000", "2005-09-30": "0.07000", "2005-06-30": "0.00000", "2005-03-31": "0.00000"}}, "balance sheet": {"Cash On Hand": {"2019-12-31": "705.21000", "2018-12-31": "533.29800", "2017-12-31": "688.08700", "2016-12-31": "468.28900", "2015-12-31": "711.18400", "2014-12-31": "1022.60600", "2013-12-31": "633.04800", "2012-12-31": "827.06100", "2011-12-31": "604.63900", "2010-12-31": "570.12400", "2009-12-31": "571.29900", "2008-12-31": "572.09500", "2007-12-31": "1078.11300", "2006-12-31": "958.43100", "2005-12-31": "894.59100"}, "Receivables": {"2019-12-31": "304.54600", "2018-12-31": "297.08200", "2017-12-31": "190.42600", "2016-12-31": "157.17100", "2015-12-31": "164.84800", "2014-12-31": "122.49200", "2013-12-31": "107.62400", "2012-12-31": "97.82100", "2011-12-31": "136.77200", "2010-12-31": "191.89300", "2009-12-31": "200.62800", "2008-12-31": "298.66500", "2007-12-31": "326.21100", "2006-12-31": "238.43800", "2005-12-31": "282.07300"}, "Inventory": {"2019-12-31": "55.80200", "2018-12-31": "28.16200", "2017-12-31": "33.20900", "2016-12-31": "39.47500", "2015-12-31": "56.76200", "2014-12-31": "56.39400", "2013-12-31": "50.22000", "2012-12-31": "36.16300", "2011-12-31": "43.24300", "2010-12-31": "39.03400", "2009-12-31": "24.16500", "2008-12-31": "28.46500", "2007-12-31": "31.00300", "2006-12-31": "37.17900", "2005-12-31": "28.90200"}, "Pre-Paid Expenses": {"2019-12-31": "103.78500", "2018-12-31": "92.55000", "2017-12-31": "68.26600", "2016-12-31": "37.09900", "2015-12-31": "31.44100", "2014-12-31": "126.31300", "2013-12-31": "123.38200", "2012-12-31": "127.03600", "2011-12-31": "64.21600", "2010-12-31": "78.35500", "2009-12-31": "54.65500", "2008-12-31": "54.76500", "2007-12-31": "94.23600", "2006-12-31": "77.95700", "2005-12-31": "70.73600"}, "Other Current Assets": {"2019-12-31": "", "2018-12-31": "", "2017-12-31": "", "2016-12-31": "", "2015-12-31": "", "2014-12-31": "523.93000", "2013-12-31": "306.81700", "2012-12-31": "303.15400", "2011-12-31": "215.11300", "2010-12-31": "", "2009-12-31": "", "2008-12-31": "", "2007-12-31": "", "2006-12-31": "", "2005-12-31": ""}, "Total Current Assets": {"2019-12-31": "1169.34300", "2018-12-31": "951.09200", "2017-12-31": "979.98800", "2016-12-31": "702.03400", "2015-12-31": "964.23500", "2014-12-31": "1851.73500", "2013-12-31": "1221.09100", "2012-12-31": "1391.23500", "2011-12-31": "1063.98300", "2010-12-31": "879.40600", "2009-12-31": "850.74700", "2008-12-31": "953.99000", "2007-12-31": "1529.56300", "2006-12-31": "1312.00500", "2005-12-31": "1276.30200"}, "Property, Plant, And Equipment": {"2019-12-31": "275.85500", "2018-12-31": "252.63000", "2017-12-31": "251.34200", "2016-12-31": "238.60700", "2015-12-31": "228.59900", "2014-12-31": "230.11200", "2013-12-31": "238.71500", "2012-12-31": "244.43900", "2011-12-31": "262.51700", "2010-12-31": "285.11500", "2009-12-31": "311.50200", "2008-12-31": "354.85200", "2007-12-31": "339.46300", "2006-12-31": "354.57500", "2005-12-31": "356.94500"}, "Long-Term Investments": {"2019-12-31": "", "2018-12-31": "", "2017-12-31": "", "2016-12-31": "", "2015-12-31": "", "2014-12-31": "", "2013-12-31": "", "2012-12-31": "", "2011-12-31": "", "2010-12-31": "", "2009-12-31": "", "2008-12-31": "", "2007-12-31": "", "2006-12-31": "", "2005-12-31": ""}, "Goodwill And Intangible Assets": {"2019-12-31": "834.23100", "2018-12-31": "887.72900", "2017-12-31": "944.84400", "2016-12-31": "831.57800", "2015-12-31": "848.25400", "2014-12-31": "914.69900", "2013-12-31": "768.59800", "2012-12-31": "418.20400", "2011-12-31": "365.35900", "2010-12-31": "338.09100", "2009-12-31": "28.84100", "2008-12-31": "49.08200", "2007-12-31": "1437.28300", "2006-12-31": "1380.31700", "2005-12-31": "1386.77300"}, "Other Long-Term Assets": {"2019-12-31": "345.42900", "2018-12-31": "222.30900", "2017-12-31": "230.30100", "2016-12-31": "311.74000", "2015-12-31": "299.92900", "2014-12-31": "209.36600", "2013-12-31": "196.52500", "2012-12-31": "225.56600", "2011-12-31": "58.03900", "2010-12-31": "206.12400", "2009-12-31": "161.04900", "2008-12-31": "161.18700", "2007-12-31": "326.83100", "2006-12-31": "246.34100", "2005-12-31": "278.54400"}, "Total Long-Term Assets": {"2019-12-31": "2187.88200", "2018-12-31": "1517.56200", "2017-12-31": "1438.72600", "2016-12-31": "1394.87400", "2015-12-31": "1381.28000", "2014-12-31": "1357.82100", "2013-12-31": "1207.51000", "2012-12-31": "895.76800", "2011-12-31": "697.28600", "2010-12-31": "852.71000", "2009-12-31": "559.84000", "2008-12-31": "725.86300", "2007-12-31": "2341.58700", "2006-12-31": "2130.81700", "2005-12-31": "2125.01000"}, "Total Assets": {"2019-12-31": "3357.22500", "2018-12-31": "2468.65400", "2017-12-31": "2418.71400", "2016-12-31": "2096.90800", "2015-12-31": "2345.51500", "2014-12-31": "3209.55600", "2013-12-31": "2428.60100", "2012-12-31": "2287.00300", "2011-12-31": "1761.26900", "2010-12-31": "1732.11600", "2009-12-31": "1410.58700", "2008-12-31": "1679.85300", "2007-12-31": "3871.15000", "2006-12-31": "3442.82200", "2005-12-31": "3401.31200"}, "Total Current Liabilities": {"2019-12-31": "672.39100", "2018-12-31": "708.98200", "2017-12-31": "642.39800", "2016-12-31": "585.56200", "2015-12-31": "536.30700", "2014-12-31": "1393.09100", "2013-12-31": "1148.21000", "2012-12-31": "1217.27000", "2011-12-31": "1015.36600", "2010-12-31": "697.54800", "2009-12-31": "397.89800", "2008-12-31": "564.21000", "2007-12-31": "785.48700", "2006-12-31": "548.06500", "2005-12-31": "605.85100"}, "Long Term Debt": {"2019-12-31": "346.01900", "2018-12-31": "345.29100", "2017-12-31": "644.36900", "2016-12-31": "643.49300", "2015-12-31": "343.28800", "2014-12-31": "348.67600", "2013-12-31": "", "2012-12-31": "", "2011-12-31": "131.92000", "2010-12-31": "406.40400", "2009-12-31": "436.01200", "2008-12-31": "416.57200", "2007-12-31": "500.00000", "2006-12-31": "730.38500", "2005-12-31": "548.00000"}, "Other Non-Current Liabilities": {"2019-12-31": "162.52100", "2018-12-31": "77.26200", "2017-12-31": "81.23200", "2016-12-31": "59.31400", "2015-12-31": "59.59600", "2014-12-31": "79.48900", "2013-12-31": "71.43600", "2012-12-31": "104.03300", "2011-12-31": "128.89400", "2010-12-31": "266.11000", "2009-12-31": "376.00600", "2008-12-31": "382.00400", "2007-12-31": "368.94200", "2006-12-31": "370.06300", "2005-12-31": "350.89300"}, "Total Long Term Liabilities": {"2019-12-31": "581.94000", "2018-12-31": "471.27100", "2017-12-31": "787.11400", "2016-12-31": "769.57600", "2015-12-31": "433.09300", "2014-12-31": "482.89100", "2013-12-31": "124.28600", "2012-12-31": "154.56200", "2011-12-31": "334.77300", "2010-12-31": "757.91400", "2009-12-31": "904.31600", "2008-12-31": "928.93010", "2007-12-31": "1005.59700", "2006-12-31": "1195.46600", "2005-12-31": "950.75700"}, "Total Liabilities": {"2019-12-31": "1254.33100", "2018-12-31": "1180.25300", "2017-12-31": "1429.51200", "2016-12-31": "1355.13800", "2015-12-31": "969.40000", "2014-12-31": "1875.98200", "2013-12-31": "1272.49600", "2012-12-31": "1371.83200", "2011-12-31": "1350.13900", "2010-12-31": "1455.46200", "2009-12-31": "1302.21400", "2008-12-31": "1493.14000", "2007-12-31": "1791.08400", "2006-12-31": "1743.53100", "2005-12-31": "1556.60800"}, "Common Stock Net": {"2019-12-31": "2046.23700", "2018-12-31": "1936.12400", "2017-12-31": "1829.95000", "2016-12-31": "1820.08100", "2015-12-31": "1863.08600", "2014-12-31": "1851.42700", "2013-12-31": "1757.24200", "2012-12-31": "1721.55600", "2011-12-31": "1733.88400", "2010-12-31": "1715.54100", "2009-12-31": "1674.39600", "2008-12-31": "1659.30200", "2007-12-31": "1516.49300", "2006-12-31": "1398.89900", "2005-12-31": "1299.80000"}, "Retained Earnings (Accumulated Deficit)": {"2019-12-31": "1761.68800", "2018-12-31": "772.70900", "2017-12-31": "341.00300", "2016-12-31": "136.90200", "2015-12-31": "-73.99100", "2014-12-31": "-326.40800", "2013-12-31": "-485.30600", "2012-12-31": "-649.54900", "2011-12-31": "-1083.24500", "2010-12-31": "-1138.85300", "2009-12-31": "-1177.98300", "2008-12-31": "-814.67900", "2007-12-31": "1162.44100", "2006-12-31": "832.76300", "2005-12-31": "690.17100"}, "Comprehensive Income": {"2019-12-31": "-36.92600", "2018-12-31": "-24.78000", "2017-12-31": "-3.63000", "2016-12-31": "-25.16000", "2015-12-31": "-12.42500", "2014-12-31": "12.34700", "2013-12-31": "24.31100", "2012-12-31": "43.95000", "2011-12-31": "50.95300", "2010-12-31": "53.05600", "2009-12-31": "43.27000", "2008-12-31": "37.24200", "2007-12-31": "20.25700", "2006-12-31": "12.48400", "2005-12-31": "23.87300"}, "Other Share Holders Equity": {"2019-12-31": "", "2018-12-31": "", "2017-12-31": "", "2016-12-31": "", "2015-12-31": "", "2014-12-31": "", "2013-12-31": "", "2012-12-31": "", "2011-12-31": "", "2010-12-31": "", "2009-12-31": "", "2008-12-31": "", "2007-12-31": "", "2006-12-31": "", "2005-12-31": ""}, "Share Holder Equity": {"2019-12-31": "2102.89400", "2018-12-31": "1288.40100", "2017-12-31": "989.20200", "2016-12-31": "741.77000", "2015-12-31": "1376.11500", "2014-12-31": "1333.57400", "2013-12-31": "1156.10500", "2012-12-31": "915.17100", "2011-12-31": "411.13000", "2010-12-31": "276.65400", "2009-12-31": "108.37300", "2008-12-31": "186.71300", "2007-12-31": "2080.06600", "2006-12-31": "1699.29100", "2005-12-31": "1844.70400"}, "Total Liabilities And Share Holders Equity": {"2019-12-31": "3357.22500", "2018-12-31": "2468.65400", "2017-12-31": "2418.71400", "2016-12-31": "2096.90800", "2015-12-31": "2345.51500", "2014-12-31": "3209.55600", "2013-12-31": "2428.60100", "2012-12-31": "2287.00300", "2011-12-31": "1761.26900", "2010-12-31": "1732.11600", "2009-12-31": "1410.58700", "2008-12-31": "1679.85300", "2007-12-31": "3871.15000", "2006-12-31": "3442.82200", "2005-12-31": "3401.31200"}}, "balance sheet, quarterly": {"Cash On Hand": {"2020-09-30": "1306.56400", "2020-06-30": "1189.18600", "2020-03-31": "946.28500", "2019-12-31": "705.21000", "2019-09-30": "655.21600", "2019-06-30": "633.41500", "2019-03-31": "538.89800", "2018-12-31": "533.29800", "2018-09-30": "550.03100", "2018-06-30": "825.38200", "2018-03-31": "752.43400", "2017-12-31": "688.08700", "2017-09-30": "682.41900", "2017-06-30": "659.22700", "2017-03-31": "547.60700", "2016-12-31": "468.28900", "2016-09-30": "532.83600", "2016-06-30": "704.31800", "2016-03-31": "906.71700", "2015-12-31": "711.18400", "2015-09-30": "711.19500", "2015-06-30": "744.41100", "2015-03-31": "980.37600", "2014-12-31": "1022.60600", "2014-09-30": "595.45300", "2014-06-30": "655.32600", "2014-03-31": "629.76700", "2013-12-31": "633.04800", "2013-09-30": "716.42200", "2013-06-30": "678.48390", "2013-03-31": "911.14400", "2012-12-31": "827.06100", "2012-09-30": "744.91800", "2012-06-30": "712.96200", "2012-03-31": "662.97400", "2011-12-31": "604.63900", "2011-09-30": "699.06000", "2011-06-30": "668.57200", "2011-03-31": "623.12500", "2010-12-31": "570.12400", "2010-09-30": "511.67600", "2010-06-30": "478.46300", "2010-03-31": "622.49100", "2009-12-31": "571.29900", "2009-09-30": "575.37300", "2009-06-30": "562.40600", "2009-03-31": "558.03800", "2008-12-31": "572.09500", "2008-09-30": "557.82100", "2008-06-30": "889.26400", "2008-03-31": "836.70200", "2007-12-31": "1078.11300", "2007-09-30": "951.24100", "2007-06-30": "1148.77400", "2007-03-31": "969.25600", "2006-12-31": "958.43100", "2006-09-30": "782.13800", "2006-06-30": "856.77600", "2006-03-31": "904.94000", "2005-12-31": "894.59100", "2005-09-30": "649.34900", "2005-06-30": "566.50600", "2005-03-31": "683.32700"}, "Receivables": {"2020-09-30": "300.41300", "2020-06-30": "312.75800", "2020-03-31": "284.09300", "2019-12-31": "304.54600", "2019-09-30": "274.91400", "2019-06-30": "237.60900", "2019-03-31": "264.76700", "2018-12-31": "297.08200", "2018-09-30": "240.83600", "2018-06-30": "219.07200", "2018-03-31": "225.82200", "2017-12-31": "190.42600", "2017-09-30": "170.31200", "2017-06-30": "153.15400", "2017-03-31": "180.57100", "2016-12-31": "157.17100", "2016-09-30": "152.02500", "2016-06-30": "156.44400", "2016-03-31": "147.53300", "2015-12-31": "164.84800", "2015-09-30": "133.66500", "2015-06-30": "131.32500", "2015-03-31": "133.92400", "2014-12-31": "122.49200", "2014-09-30": "107.63400", "2014-06-30": "101.92400", "2014-03-31": "106.32200", "2013-12-31": "107.62400", "2013-09-30": "101.89600", "2013-06-30": "92.58100", "2013-03-31": "75.25300", "2012-12-31": "97.82100", "2012-09-30": "123.20600", "2012-06-30": "123.24300", "2012-03-31": "79.99700", "2011-12-31": "136.77200", "2011-09-30": "152.43300", "2011-06-30": "150.24100", "2011-03-31": "172.54300", "2010-12-31": "191.89300", "2010-09-30": "202.23700", "2010-06-30": "191.29100", "2010-03-31": "181.15500", "2009-12-31": "200.62800", "2009-09-30": "195.46800", "2009-06-30": "225.37700", "2009-03-31": "245.68900", "2008-12-31": "298.66500", "2008-09-30": "278.45800", "2008-06-30": "315.67700", "2008-03-31": "346.32100", "2007-12-31": "326.21100", "2007-09-30": "278.20000", "2007-06-30": "242.35300", "2007-03-31": "256.34300", "2006-12-31": "238.43800", "2006-09-30": "248.62400", "2006-06-30": "295.45400", "2006-03-31": "242.56500", "2005-12-31": "282.07300", "2005-09-30": "277.11700", "2005-06-30": "297.25200", "2005-03-31": "289.07600"}, "Inventory": {"2020-09-30": "47.97900", "2020-06-30": "43.92400", "2020-03-31": "60.57500", "2019-12-31": "55.80200", "2019-09-30": "66.74500", "2019-06-30": "49.29900", "2019-03-31": "37.48000", "2018-12-31": "28.16200", "2018-09-30": "30.53500", "2018-06-30": "28.55800", "2018-03-31": "30.09000", "2017-12-31": "33.20900", "2017-09-30": "36.00000", "2017-06-30": "31.89400", "2017-03-31": "30.73400", "2016-12-31": "39.47500", "2016-09-30": "64.47600", "2016-06-30": "61.93200", "2016-03-31": "56.63400", "2015-12-31": "56.76200", "2015-09-30": "57.69000", "2015-06-30": "62.17200", "2015-03-31": "54.45000", "2014-12-31": "56.39400", "2014-09-30": "61.09600", "2014-06-30": "58.31100", "2014-03-31": "55.60500", "2013-12-31": "50.22000", "2013-09-30": "45.87700", "2013-06-30": "38.70500", "2013-03-31": "37.01600", "2012-12-31": "36.16300", "2012-09-30": "34.62900", "2012-06-30": "41.06600", "2012-03-31": "41.72000", "2011-12-31": "43.24300", "2011-09-30": "47.05600", "2011-06-30": "44.39100", "2011-03-31": "43.05000", "2010-12-31": "39.03400", "2010-09-30": "28.48600", "2010-06-30": "23.87400", "2010-03-31": "19.32300", "2009-12-31": "24.16500", "2009-09-30": "25.62600", "2009-06-30": "22.63400", "2009-03-31": "29.14500", "2008-12-31": "28.46500", "2008-09-30": "25.54500", "2008-06-30": "23.68900", "2008-03-31": "29.77100", "2007-12-31": "31.00300", "2007-09-30": "37.86700", "2007-06-30": "38.17000", "2007-03-31": "37.85400", "2006-12-31": "37.17900", "2006-09-30": "29.07500", "2006-06-30": "25.62800", "2006-03-31": "23.37900", "2005-12-31": "28.90200", "2005-09-30": "26.36500", "2005-06-30": "22.08900", "2005-03-31": "19.77400"}, "Pre-Paid Expenses": {"2020-09-30": "81.52600", "2020-06-30": "93.91500", "2020-03-31": "108.55400", "2019-12-31": "103.78500", "2019-09-30": "53.07400", "2019-06-30": "58.91800", "2019-03-31": "76.80200", "2018-12-31": "92.55000", "2018-09-30": "66.97900", "2018-06-30": "56.04200", "2018-03-31": "61.59700", "2017-12-31": "68.26600", "2017-09-30": "42.37400", "2017-06-30": "39.17500", "2017-03-31": "41.09200", "2016-12-31": "37.09900", "2016-09-30": "42.95300", "2016-06-30": "39.48500", "2016-03-31": "41.36000", "2015-12-31": "31.44100", "2015-09-30": "139.53400", "2015-06-30": "129.32000", "2015-03-31": "135.04700", "2014-12-31": "126.31300", "2014-09-30": "134.92900", "2014-06-30": "143.31400", "2014-03-31": "136.30000", "2013-12-31": "123.38200", "2013-09-30": "117.45700", "2013-06-30": "120.59800", "2013-03-31": "122.60400", "2012-12-31": "127.03600", "2012-09-30": "60.78000", "2012-06-30": "61.97600", "2012-03-31": "69.17800", "2011-12-31": "64.21600", "2011-09-30": "59.91000", "2011-06-30": "79.96600", "2011-03-31": "83.92000", "2010-12-31": "78.35500", "2010-09-30": "79.91000", "2010-06-30": "71.44800", "2010-03-31": "56.61700", "2009-12-31": "54.65500", "2009-09-30": "64.69400", "2009-06-30": "56.83100", "2009-03-31": "55.26300", "2008-12-31": "54.76500", "2008-09-30": "84.11200", "2008-06-30": "99.15300", "2008-03-31": "97.94000", "2007-12-31": "94.23600", "2007-09-30": "111.55400", "2007-06-30": "90.36900", "2007-03-31": "92.04900", "2006-12-31": "77.95700", "2006-09-30": "84.20900", "2006-06-30": "84.09100", "2006-03-31": "78.32600", "2005-12-31": "70.73600", "2005-09-30": "97.73500", "2005-06-30": "82.29300", "2005-03-31": "79.90000"}, "Other Current Assets": {"2020-09-30": "", "2020-06-30": "", "2020-03-31": "", "2019-12-31": "", "2019-09-30": "", "2019-06-30": "", "2019-03-31": "", "2018-12-31": "", "2018-09-30": "", "2018-06-30": "", "2018-03-31": "", "2017-12-31": "", "2017-09-30": "", "2017-06-30": "", "2017-03-31": "", "2016-12-31": "", "2016-09-30": "", "2016-06-30": "", "2016-03-31": "", "2015-12-31": "", "2015-09-30": "", "2015-06-30": "", "2015-03-31": "429.84700", "2014-12-31": "523.93000", "2014-09-30": "452.49800", "2014-06-30": "455.84400", "2014-03-31": "369.73100", "2013-12-31": "306.81700", "2013-09-30": "292.51100", "2013-06-30": "335.13100", "2013-03-31": "315.89500", "2012-12-31": "303.15400", "2012-09-30": "287.07900", "2012-06-30": "219.19900", "2012-03-31": "257.77500", "2011-12-31": "215.11300", "2011-09-30": "", "2011-06-30": "222.08500", "2011-03-31": "", "2010-12-31": "", "2010-09-30": "", "2010-06-30": "", "2010-03-31": "", "2009-12-31": "", "2009-09-30": "", "2009-06-30": "", "2009-03-31": "", "2008-12-31": "", "2008-09-30": "", "2008-06-30": "", "2008-03-31": "", "2007-12-31": "", "2007-09-30": "", "2007-06-30": "", "2007-03-31": "", "2006-12-31": "", "2006-09-30": "", "2006-06-30": "", "2006-03-31": "", "2005-12-31": "", "2005-09-30": "", "2005-06-30": "", "2005-03-31": ""}, "Total Current Assets": {"2020-09-30": "1736.48200", "2020-06-30": "1639.78300", "2020-03-31": "1399.50700", "2019-12-31": "1169.34300", "2019-09-30": "1049.94900", "2019-06-30": "979.24100", "2019-03-31": "917.94700", "2018-12-31": "951.09200", "2018-09-30": "888.38100", "2018-06-30": "1129.05400", "2018-03-31": "1069.94300", "2017-12-31": "979.98800", "2017-09-30": "931.10500", "2017-06-30": "883.45000", "2017-03-31": "800.00400", "2016-12-31": "702.03400", "2016-09-30": "792.29000", "2016-06-30": "962.17900", "2016-03-31": "1152.24400", "2015-12-31": "964.23500", "2015-09-30": "1042.08400", "2015-06-30": "1067.22800", "2015-03-31": "1733.64400", "2014-12-31": "1851.73500", "2014-09-30": "1351.61000", "2014-06-30": "1414.71900", "2014-03-31": "1297.72500", "2013-12-31": "1221.09100", "2013-09-30": "1274.16300", "2013-06-30": "1265.49900", "2013-03-31": "1461.91200", "2012-12-31": "1391.23500", "2012-09-30": "1250.61200", "2012-06-30": "1158.44600", "2012-03-31": "1111.64400", "2011-12-31": "1063.98300", "2011-09-30": "958.45900", "2011-06-30": "1165.25500", "2011-03-31": "922.63800", "2010-12-31": "879.40600", "2010-09-30": "822.30900", "2010-06-30": "765.07600", "2010-03-31": "879.58600", "2009-12-31": "850.74700", "2009-09-30": "861.16100", "2009-06-30": "867.24800", "2009-03-31": "888.13500", "2008-12-31": "953.99000", "2008-09-30": "945.93600", "2008-06-30": "1327.78300", "2008-03-31": "1310.73400", "2007-12-31": "1529.56300", "2007-09-30": "1378.86200", "2007-06-30": "1519.66600", "2007-03-31": "1355.50200", "2006-12-31": "1312.00500", "2006-09-30": "1144.04600", "2006-06-30": "1261.94900", "2006-03-31": "1249.21000", "2005-12-31": "1276.30200", "2005-09-30": "1050.56600", "2005-06-30": "968.14000", "2005-03-31": "1072.07700"}, "Property, Plant, And Equipment": {"2020-09-30": "288.16300", "2020-06-30": "282.73800", "2020-03-31": "281.20700", "2019-12-31": "275.85500", "2019-09-30": "259.45300", "2019-06-30": "257.88200", "2019-03-31": "253.39200", "2018-12-31": "252.63000", "2018-09-30": "248.16500", "2018-06-30": "252.19300", "2018-03-31": "249.81000", "2017-12-31": "251.34200", "2017-09-30": "244.62000", "2017-06-30": "249.14000", "2017-03-31": "243.94900", "2016-12-31": "238.60700", "2016-09-30": "240.59000", "2016-06-30": "235.91100", "2016-03-31": "231.18000", "2015-12-31": "228.59900", "2015-09-30": "227.68900", "2015-06-30": "229.83800", "2015-03-31": "225.55600", "2014-12-31": "230.11200", "2014-09-30": "231.33700", "2014-06-30": "239.31400", "2014-03-31": "239.42500", "2013-12-31": "238.71500", "2013-09-30": "241.96500", "2013-06-30": "243.28800", "2013-03-31": "237.45500", "2012-12-31": "244.43900", "2012-09-30": "246.85600", "2012-06-30": "251.92000", "2012-03-31": "257.74300", "2011-12-31": "262.51700", "2011-09-30": "259.94000", "2011-06-30": "267.75800", "2011-03-31": "273.16100", "2010-12-31": "285.11500", "2010-09-30": "290.10300", "2010-06-30": "295.07300", "2010-03-31": "302.49900", "2009-12-31": "311.50200", "2009-09-30": "313.39800", "2009-06-30": "328.50700", "2009-03-31": "336.53300", "2008-12-31": "354.85200", "2008-09-30": "359.19600", "2008-06-30": "359.02300", "2008-03-31": "345.91800", "2007-12-31": "339.46300", "2007-09-30": "332.51900", "2007-06-30": "331.58500", "2007-03-31": "326.09600", "2006-12-31": "354.57500", "2006-09-30": "353.29000", "2006-06-30": "358.54100", "2006-03-31": "358.14100", "2005-12-31": "356.94500", "2005-09-30": "353.40200", "2005-06-30": "353.54100", "2005-03-31": "386.58300"}, "Long-Term Investments": {"2020-09-30": "", "2020-06-30": "", "2020-03-31": "", "2019-12-31": "", "2019-09-30": "", "2019-06-30": "", "2019-03-31": "", "2018-12-31": "", "2018-09-30": "", "2018-06-30": "", "2018-03-31": "", "2017-12-31": "", "2017-09-30": "", "2017-06-30": "", "2017-03-31": "", "2016-12-31": "", "2016-09-30": "", "2016-06-30": "", "2016-03-31": "", "2015-12-31": "", "2015-09-30": "", "2015-06-30": "", "2015-03-31": "", "2014-12-31": "", "2014-09-30": "", "2014-06-30": "", "2014-03-31": "", "2013-12-31": "", "2013-09-30": "", "2013-06-30": "", "2013-03-31": "", "2012-12-31": "", "2012-09-30": "", "2012-06-30": "", "2012-03-31": "", "2011-12-31": "", "2011-09-30": "", "2011-06-30": "", "2011-03-31": "", "2010-12-31": "", "2010-09-30": "", "2010-06-30": "", "2010-03-31": "", "2009-12-31": "", "2009-09-30": "", "2009-06-30": "", "2009-03-31": "", "2008-12-31": "", "2008-09-30": "", "2008-06-30": "", "2008-03-31": "", "2007-12-31": "", "2007-09-30": "", "2007-06-30": "", "2007-03-31": "", "2006-12-31": "", "2006-09-30": "", "2006-06-30": "", "2006-03-31": "", "2005-12-31": "", "2005-09-30": "", "2005-06-30": "", "2005-03-31": ""}, "Goodwill And Intangible Assets": {"2020-09-30": "1008.59500", "2020-06-30": "1021.40000", "2020-03-31": "1037.60900", "2019-12-31": "834.23100", "2019-09-30": "846.71500", "2019-06-30": "860.55300", "2019-03-31": "875.16890", "2018-12-31": "887.72900", "2018-09-30": "899.72600", "2018-06-30": "914.70500", "2018-03-31": "930.54200", "2017-12-31": "944.84400", "2017-09-30": "791.08900", "2017-06-30": "804.80800", "2017-03-31": "818.99000", "2016-12-31": "831.57800", "2016-09-30": "847.27100", "2016-06-30": "861.60200", "2016-03-31": "835.72200", "2015-12-31": "848.25400", "2015-09-30": "864.81600", "2015-06-30": "882.16900", "2015-03-31": "898.39200", "2014-12-31": "914.69900", "2014-09-30": "936.07900", "2014-06-30": "955.38700", "2014-03-31": "795.48800", "2013-12-31": "768.59800", "2013-09-30": "780.07400", "2013-06-30": "795.26100", "2013-03-31": "410.49900", "2012-12-31": "418.20400", "2012-09-30": "426.04300", "2012-06-30": "352.04500", "2012-03-31": "358.97300", "2011-12-31": "365.35900", "2011-09-30": "372.19800", "2011-06-30": "352.31800", "2011-03-31": "331.42600", "2010-12-31": "338.09100", "2010-09-30": "344.75900", "2010-06-30": "350.64900", "2010-03-31": "32.17100", "2009-12-31": "28.84100", "2009-09-30": "33.43800", "2009-06-30": "37.60400", "2009-03-31": "42.28200", "2008-12-31": "49.08200", "2008-09-30": "1416.62600", "2008-06-30": "1426.42900", "2008-03-31": "1439.75700", "2007-12-31": "1437.28300", "2007-09-30": "1450.54400", "2007-06-30": "1360.46900", "2007-03-31": "1363.37200", "2006-12-31": "1380.31700", "2006-09-30": "1395.29300", "2006-06-30": "1408.50500", "2006-03-31": "1392.05800", "2005-12-31": "1386.77300", "2005-09-30": "1409.97800", "2005-06-30": "1439.94900", "2005-03-31": "1187.04200"}, "Other Long-Term Assets": {"2020-09-30": "384.25600", "2020-06-30": "350.69400", "2020-03-31": "350.45600", "2019-12-31": "345.42900", "2019-09-30": "504.87700", "2019-06-30": "512.50900", "2019-03-31": "496.56200", "2018-12-31": "222.30900", "2018-09-30": "232.54000", "2018-06-30": "227.17300", "2018-03-31": "226.99800", "2017-12-31": "230.30100", "2017-09-30": "326.82300", "2017-06-30": "316.96100", "2017-03-31": "315.12800", "2016-12-31": "311.74000", "2016-09-30": "298.97500", "2016-06-30": "300.81300", "2016-03-31": "308.51300", "2015-12-31": "299.92900", "2015-09-30": "194.98300", "2015-06-30": "199.79000", "2015-03-31": "201.35400", "2014-12-31": "209.36600", "2014-09-30": "181.95800", "2014-06-30": "170.80200", "2014-03-31": "185.38900", "2013-12-31": "196.52500", "2013-09-30": "257.19100", "2013-06-30": "253.11200", "2013-03-31": "209.66300", "2012-12-31": "225.56600", "2012-09-30": "59.33500", "2012-06-30": "59.09600", "2012-03-31": "58.91700", "2011-12-31": "58.03900", "2011-09-30": "260.90200", "2011-06-30": "78.67200", "2011-03-31": "277.02700", "2010-12-31": "206.12400", "2010-09-30": "220.54600", "2010-06-30": "244.66100", "2010-03-31": "159.22000", "2009-12-31": "161.04900", "2009-09-30": "141.36100", "2009-06-30": "142.28400", "2009-03-31": "144.36800", "2008-12-31": "161.18700", "2008-09-30": "356.52700", "2008-06-30": "320.58500", "2008-03-31": "326.00300", "2007-12-31": "326.83100", "2007-09-30": "355.83000", "2007-06-30": "353.14100", "2007-03-31": "364.16200", "2006-12-31": "246.34100", "2006-09-30": "255.71400", "2006-06-30": "274.08200", "2006-03-31": "271.16400", "2005-12-31": "278.54400", "2005-09-30": "238.95900", "2005-06-30": "234.20500", "2005-03-31": "232.94200"}, "Total Long-Term Assets": {"2020-09-30": "2403.67000", "2020-06-30": "2359.71400", "2020-03-31": "2368.46600", "2019-12-31": "2187.88200", "2019-09-30": "1612.24900", "2019-06-30": "1633.08400", "2019-03-31": "1628.36400", "2018-12-31": "1517.56200", "2018-09-30": "1384.82600", "2018-06-30": "1398.81100", "2018-03-31": "1416.73000", "2017-12-31": "1438.72600", "2017-09-30": "1374.12200", "2017-06-30": "1384.24900", "2017-03-31": "1391.19400", "2016-12-31": "1394.87400", "2016-09-30": "1401.79700", "2016-06-30": "1415.69400", "2016-03-31": "1386.78000", "2015-12-31": "1381.28000", "2015-09-30": "1289.05600", "2015-06-30": "1313.42500", "2015-03-31": "1328.92100", "2014-12-31": "1357.82100", "2014-09-30": "1354.33100", "2014-06-30": "1371.11400", "2014-03-31": "1226.49500", "2013-12-31": "1207.51000", "2013-09-30": "1283.22400", "2013-06-30": "1297.59000", "2013-03-31": "861.35100", "2012-12-31": "895.76800", "2012-09-30": "737.90200", "2012-06-30": "670.81100", "2012-03-31": "683.18800", "2011-12-31": "697.28600", "2011-09-30": "902.21800", "2011-06-30": "709.37000", "2011-03-31": "893.06600", "2010-12-31": "852.71000", "2010-09-30": "883.63900", "2010-06-30": "930.67900", "2010-03-31": "535.40000", "2009-12-31": "559.84000", "2009-09-30": "553.05600", "2009-06-30": "585.41100", "2009-03-31": "627.00300", "2008-12-31": "725.86300", "2008-09-30": "2302.85200", "2008-06-30": "2298.54000", "2008-03-31": "2326.66900", "2007-12-31": "2341.58700", "2007-09-30": "2360.41300", "2007-06-30": "2244.30800", "2007-03-31": "2214.21800", "2006-12-31": "2130.81700", "2006-09-30": "2135.69600", "2006-06-30": "2142.15300", "2006-03-31": "2132.62000", "2005-12-31": "2125.01000", "2005-09-30": "2063.98200", "2005-06-30": "2095.72900", "2005-03-31": "1906.12300"}, "Total Assets": {"2020-09-30": "4140.15200", "2020-06-30": "3999.49700", "2020-03-31": "3767.97300", "2019-12-31": "3357.22500", "2019-09-30": "2662.19800", "2019-06-30": "2612.32500", "2019-03-31": "2546.31100", "2018-12-31": "2468.65400", "2018-09-30": "2273.20700", "2018-06-30": "2527.86500", "2018-03-31": "2486.67300", "2017-12-31": "2418.71400", "2017-09-30": "2305.22700", "2017-06-30": "2267.69900", "2017-03-31": "2191.19800", "2016-12-31": "2096.90800", "2016-09-30": "2194.08700", "2016-06-30": "2377.87300", "2016-03-31": "2539.02400", "2015-12-31": "2345.51500", "2015-09-30": "2331.14000", "2015-06-30": "2380.65300", "2015-03-31": "3062.56500", "2014-12-31": "3209.55600", "2014-09-30": "2705.94100", "2014-06-30": "2785.83300", "2014-03-31": "2524.22000", "2013-12-31": "2428.60100", "2013-09-30": "2557.38700", "2013-06-30": "2563.08900", "2013-03-31": "2323.26300", "2012-12-31": "2287.00300", "2012-09-30": "1988.51400", "2012-06-30": "1829.25700", "2012-03-31": "1794.83200", "2011-12-31": "1761.26900", "2011-09-30": "1860.67700", "2011-06-30": "1874.62500", "2011-03-31": "1815.70400", "2010-12-31": "1732.11600", "2010-09-30": "1705.94800", "2010-06-30": "1695.75500", "2010-03-31": "1414.98600", "2009-12-31": "1410.58700", "2009-09-30": "1414.21700", "2009-06-30": "1452.65900", "2009-03-31": "1515.13800", "2008-12-31": "1679.85300", "2008-09-30": "3248.78800", "2008-06-30": "3626.32300", "2008-03-31": "3637.40300", "2007-12-31": "3871.15000", "2007-09-30": "3739.27500", "2007-06-30": "3763.97400", "2007-03-31": "3569.72000", "2006-12-31": "3442.82200", "2006-09-30": "3279.74200", "2006-06-30": "3404.10200", "2006-03-31": "3381.83000", "2005-12-31": "3401.31200", "2005-09-30": "3114.54800", "2005-06-30": "3063.86900", "2005-03-31": "2978.20000"}, "Total Current Liabilities": {"2020-09-30": "1117.88900", "2020-06-30": "1151.88700", "2020-03-31": "1012.42900", "2019-12-31": "672.39100", "2019-09-30": "618.98200", "2019-06-30": "610.18300", "2019-03-31": "631.43900", "2018-12-31": "708.98200", "2018-09-30": "541.32100", "2018-06-30": "870.11500", "2018-03-31": "866.24900", "2017-12-31": "642.39800", "2017-09-30": "520.13400", "2017-06-30": "544.72500", "2017-03-31": "575.82600", "2016-12-31": "585.56200", "2016-09-30": "531.32100", "2016-06-30": "564.47100", "2016-03-31": "567.90000", "2015-12-31": "536.30700", "2015-09-30": "509.64700", "2015-06-30": "527.36300", "2015-03-31": "1226.43600", "2014-12-31": "1393.09100", "2014-09-30": "1296.04400", "2014-06-30": "1408.04700", "2014-03-31": "1192.69400", "2013-12-31": "1148.21000", "2013-09-30": "1297.69000", "2013-06-30": "1361.90300", "2013-03-31": "1210.62500", "2012-12-31": "1217.27000", "2012-09-30": "1074.61800", "2012-06-30": "1002.85300", "2012-03-31": "1011.42600", "2011-12-31": "1015.36600", "2011-09-30": "649.53200", "2011-06-30": "1184.40200", "2011-03-31": "673.66200", "2010-12-31": "697.54800", "2010-09-30": "461.02700", "2010-06-30": "444.08700", "2010-03-31": "401.72900", "2009-12-31": "397.89800", "2009-09-30": "405.25600", "2009-06-30": "441.05500", "2009-03-31": "451.61200", "2008-12-31": "564.21000", "2008-09-30": "504.96300", "2008-06-30": "725.12400", "2008-03-31": "750.24700", "2007-12-31": "785.48700", "2007-09-30": "713.44000", "2007-06-30": "468.47100", "2007-03-31": "459.58900", "2006-12-31": "548.06500", "2006-09-30": "517.76800", "2006-06-30": "609.23500", "2006-03-31": "555.79900", "2005-12-31": "605.85100", "2005-09-30": "490.41300", "2005-06-30": "541.22800", "2005-03-31": "485.51100"}, "Long Term Debt": {"2020-09-30": "346.58400", "2020-06-30": "346.39400", "2020-03-31": "346.20500", "2019-12-31": "346.01900", "2019-09-30": "345.83300", "2019-06-30": "345.65200", "2019-03-31": "345.47000", "2018-12-31": "345.29100", "2018-09-30": "345.11300", "2018-06-30": "344.93900", "2018-03-31": "344.76600", "2017-12-31": "644.36900", "2017-09-30": "644.14600", "2017-06-30": "643.92700", "2017-03-31": "643.70900", "2016-12-31": "643.49300", "2016-09-30": "643.27700", "2016-06-30": "643.07300", "2016-03-31": "642.86200", "2015-12-31": "343.28800", "2015-09-30": "348.76000", "2015-06-30": "348.73300", "2015-03-31": "348.70500", "2014-12-31": "348.67600", "2014-09-30": "", "2014-06-30": "", "2014-03-31": "", "2013-12-31": "", "2013-09-30": "", "2013-06-30": "", "2013-03-31": "", "2012-12-31": "", "2012-09-30": "136.59400", "2012-06-30": "135.00600", "2012-03-31": "133.45900", "2011-12-31": "131.92000", "2011-09-30": "420.98200", "2011-06-30": "128.92800", "2011-03-31": "411.19800", "2010-12-31": "406.40400", "2010-09-30": "548.09300", "2010-06-30": "541.76700", "2010-03-31": "441.10700", "2009-12-31": "436.01200", "2009-09-30": "431.07200", "2009-06-30": "426.17000", "2009-03-31": "421.35900", "2008-12-31": "416.57200", "2008-09-30": "500.17800", "2008-06-30": "500.00000", "2008-03-31": "500.00000", "2007-12-31": "500.00000", "2007-09-30": "500.00000", "2007-06-30": "730.38500", "2007-03-31": "730.38500", "2006-12-31": "730.38500", "2006-09-30": "437.00000", "2006-06-30": "474.00000", "2006-03-31": "511.00000", "2005-12-31": "548.00000", "2005-09-30": "439.53500", "2005-06-30": "420.00000", "2005-03-31": "420.00000"}, "Other Non-Current Liabilities": {"2020-09-30": "195.31500", "2020-06-30": "157.14800", "2020-03-31": "155.84200", "2019-12-31": "162.52100", "2019-09-30": "169.08500", "2019-06-30": "168.66500", "2019-03-31": "152.25300", "2018-12-31": "77.26200", "2018-09-30": "80.01300", "2018-06-30": "77.91100", "2018-03-31": "77.08400", "2017-12-31": "81.23200", "2017-09-30": "72.34200", "2017-06-30": "67.09600", "2017-03-31": "64.67200", "2016-12-31": "59.31400", "2016-09-30": "56.35500", "2016-06-30": "56.84200", "2016-03-31": "55.76300", "2015-12-31": "59.59600", "2015-09-30": "56.93700", "2015-06-30": "70.94000", "2015-03-31": "75.81600", "2014-12-31": "79.48900", "2014-09-30": "82.29700", "2014-06-30": "70.50200", "2014-03-31": "69.02500", "2013-12-31": "71.43600", "2013-09-30": "115.26200", "2013-06-30": "117.03400", "2013-03-31": "51.53300", "2012-12-31": "104.03300", "2012-09-30": "130.47800", "2012-06-30": "131.17200", "2012-03-31": "126.56100", "2011-12-31": "128.89400", "2011-09-30": "325.52800", "2011-06-30": "138.61900", "2011-03-31": "333.07400", "2010-12-31": "266.11000", "2010-09-30": "304.40200", "2010-06-30": "454.74400", "2010-03-31": "367.61700", "2009-12-31": "376.00600", "2009-09-30": "372.75600", "2009-06-30": "382.51800", "2009-03-31": "368.04900", "2008-12-31": "382.00400", "2008-09-30": "413.99300", "2008-06-30": "350.42200", "2008-03-31": "357.98600", "2007-12-31": "368.94200", "2007-09-30": "448.43900", "2007-06-30": "427.96100", "2007-03-31": "419.47500", "2006-12-31": "370.06300", "2006-09-30": "375.29000", "2006-06-30": "373.00200", "2006-03-31": "362.85200", "2005-12-31": "350.89300", "2005-09-30": "317.70200", "2005-06-30": "309.00900", "2005-03-31": "308.59700"}, "Total Long Term Liabilities": {"2020-09-30": "626.54500", "2020-06-30": "590.97900", "2020-03-31": "597.55000", "2019-12-31": "581.94000", "2019-09-30": "562.95400", "2019-06-30": "571.59700", "2019-03-31": "549.03500", "2018-12-31": "471.27100", "2018-09-30": "474.46900", "2018-06-30": "469.76200", "2018-03-31": "478.12600", "2017-12-31": "787.11400", "2017-09-30": "774.35300", "2017-06-30": "771.18100", "2017-03-31": "774.78000", "2016-12-31": "769.57600", "2016-09-30": "735.97000", "2016-06-30": "738.00900", "2016-03-31": "737.07200", "2015-12-31": "433.09300", "2015-09-30": "436.93100", "2015-06-30": "456.07500", "2015-03-31": "472.93900", "2014-12-31": "482.89100", "2014-09-30": "125.17000", "2014-06-30": "117.30200", "2014-03-31": "117.32400", "2013-12-31": "124.28600", "2013-09-30": "163.49100", "2013-06-30": "160.92600", "2013-03-31": "92.96500", "2012-12-31": "154.56200", "2012-09-30": "325.50800", "2012-06-30": "324.39100", "2012-03-31": "322.65400", "2011-12-31": "334.77300", "2011-09-30": "834.54900", "2011-06-30": "358.90700", "2011-03-31": "844.33600", "2010-12-31": "757.91400", "2010-09-30": "948.93410", "2010-06-30": "1088.98800", "2010-03-31": "894.22200", "2009-12-31": "904.31600", "2009-09-30": "912.76900", "2009-06-30": "925.21800", "2009-03-31": "915.84100", "2008-12-31": "928.93010", "2008-09-30": "1038.87400", "2008-06-30": "972.53800", "2008-03-31": "993.45090", "2007-12-31": "1005.59700", "2007-09-30": "1072.98700", "2007-06-30": "1243.10300", "2007-03-31": "1241.22600", "2006-12-31": "1195.46600", "2006-09-30": "880.61000", "2006-06-30": "911.89100", "2006-03-31": "938.36000", "2005-12-31": "950.75700", "2005-09-30": "757.23700", "2005-06-30": "750.72000", "2005-03-31": "747.46000"}, "Total Liabilities": {"2020-09-30": "1744.43400", "2020-06-30": "1742.86600", "2020-03-31": "1609.97900", "2019-12-31": "1254.33100", "2019-09-30": "1181.93600", "2019-06-30": "1181.78000", "2019-03-31": "1180.47400", "2018-12-31": "1180.25300", "2018-09-30": "1015.79000", "2018-06-30": "1339.87700", "2018-03-31": "1344.37500", "2017-12-31": "1429.51200", "2017-09-30": "1294.48700", "2017-06-30": "1315.90600", "2017-03-31": "1350.60600", "2016-12-31": "1355.13800", "2016-09-30": "1267.29100", "2016-06-30": "1302.48000", "2016-03-31": "1304.97200", "2015-12-31": "969.40000", "2015-09-30": "946.57800", "2015-06-30": "983.43800", "2015-03-31": "1699.37500", "2014-12-31": "1875.98200", "2014-09-30": "1421.21400", "2014-06-30": "1525.34900", "2014-03-31": "1310.01800", "2013-12-31": "1272.49600", "2013-09-30": "1461.18100", "2013-06-30": "1522.82900", "2013-03-31": "1303.59000", "2012-12-31": "1371.83200", "2012-09-30": "1400.12600", "2012-06-30": "1327.24400", "2012-03-31": "1334.08000", "2011-12-31": "1350.13900", "2011-09-30": "1484.08100", "2011-06-30": "1543.30900", "2011-03-31": "1517.99800", "2010-12-31": "1455.46200", "2010-09-30": "1409.96100", "2010-06-30": "1533.07500", "2010-03-31": "1295.95100", "2009-12-31": "1302.21400", "2009-09-30": "1318.02500", "2009-06-30": "1366.27300", "2009-03-31": "1367.45300", "2008-12-31": "1493.14000", "2008-09-30": "1543.83700", "2008-06-30": "1697.66200", "2008-03-31": "1743.69800", "2007-12-31": "1791.08400", "2007-09-30": "1786.42700", "2007-06-30": "1711.57400", "2007-03-31": "1700.81500", "2006-12-31": "1743.53100", "2006-09-30": "1398.37800", "2006-06-30": "1521.12600", "2006-03-31": "1494.15900", "2005-12-31": "1556.60800", "2005-09-30": "1247.65000", "2005-06-30": "1291.94800", "2005-03-31": "1232.97100"}, "Common Stock Net": {"2020-09-30": "2186.85000", "2020-06-30": "2143.01600", "2020-03-31": "2099.42500", "2019-12-31": "2046.23700", "2019-09-30": "2007.26800", "2019-06-30": "1984.46400", "2019-03-31": "1944.89500", "2018-12-31": "1936.12400", "2018-09-30": "1897.74900", "2018-06-30": "1861.13500", "2018-03-31": "1858.69200", "2017-12-31": "1829.95000", "2017-09-30": "1807.83900", "2017-06-30": "1848.71900", "2017-03-31": "1824.30600", "2016-12-31": "1820.08100", "2016-09-30": "1801.12500", "2016-06-30": "1851.72400", "2016-03-31": "1844.28700", "2015-12-31": "1863.08600", "2015-09-30": "1853.28400", "2015-06-30": "1886.42100", "2015-03-31": "1869.10400", "2014-12-31": "1851.42700", "2014-09-30": "1820.33200", "2014-06-30": "1812.17500", "2014-03-31": "1785.06900", "2013-12-31": "1757.24200", "2013-09-30": "1739.67700", "2013-06-30": "1744.26100", "2013-03-31": "1727.90100", "2012-12-31": "1721.55600", "2012-09-30": "1711.79700", "2012-06-30": "1741.86900", "2012-03-31": "1735.68900", "2011-12-31": "1733.88400", "2011-09-30": "1713.15100", "2011-06-30": "1725.66000", "2011-03-31": "1716.25400", "2010-12-31": "1715.54100", "2010-09-30": "1706.59000", "2010-06-30": "1708.61000", "2010-03-31": "1684.53800", "2009-12-31": "1674.39600", "2009-09-30": "1664.02900", "2009-06-30": "1656.18300", "2009-03-31": "1663.40000", "2008-12-31": "1659.30200", "2008-09-30": "1546.27800", "2008-06-30": "1530.63500", "2008-03-31": "1528.67100", "2007-12-31": "1516.49300", "2007-09-30": "1491.68700", "2007-06-30": "1472.57700", "2007-03-31": "1445.18100", "2006-12-31": "1398.89900", "2006-09-30": "1082.45000", "2006-06-30": "1122.74200", "2006-03-31": "1154.00700", "2005-12-31": "1299.80000", "2005-09-30": "1237.81600", "2005-06-30": "1171.93500", "2005-03-31": "1137.14100"}, "Retained Earnings (Accumulated Deficit)": {"2020-09-30": "2176.59500", "2020-06-30": "2014.96500", "2020-03-31": "1883.67700", "2019-12-31": "1761.68800", "2019-09-30": "1102.01300", "2019-06-30": "1000.49900", "2019-03-31": "893.26400", "2018-12-31": "772.70900", "2018-09-30": "674.28400", "2018-06-30": "574.96600", "2018-03-31": "499.81700", "2017-12-31": "341.00300", "2017-09-30": "355.44500", "2017-06-30": "274.28800", "2017-03-31": "205.16100", "2016-12-31": "136.90200", "2016-09-30": "98.42500", "2016-06-30": "33.71300", "2016-03-31": "-15.62200", "2015-12-31": "-73.99100", "2015-09-30": "-154.36500", "2015-06-30": "-231.98900", "2015-03-31": "-290.14900", "2014-12-31": "-326.40800", "2014-09-30": "-391.43800", "2014-06-30": "-428.97300", "2014-03-31": "-452.23600", "2013-12-31": "-485.30600", "2013-09-30": "-523.01100", "2013-06-30": "-561.51100", "2013-03-31": "-570.94000", "2012-12-31": "-649.54900", "2012-09-30": "-962.51500", "2012-06-30": "-1018.19000", "2012-03-31": "-1053.74500", "2011-12-31": "-1083.24500", "2011-09-30": "-1092.46800", "2011-06-30": "-1114.84700", "2011-03-31": "-1139.01800", "2010-12-31": "-1138.85300", "2010-09-30": "-1100.11100", "2010-06-30": "-1215.39100", "2010-03-31": "-1224.61900", "2009-12-31": "-1177.98300", "2009-09-30": "-1175.53500", "2009-06-30": "-1116.86900", "2009-03-31": "-992.29000", "2008-12-31": "-814.67900", "2008-09-30": "868.25500", "2008-06-30": "1104.82100", "2008-03-31": "1119.17600", "2007-12-31": "1162.44100", "2007-09-30": "1042.93800", "2007-06-30": "971.76200", "2007-03-31": "917.78900", "2006-12-31": "832.76300", "2006-09-30": "784.39800", "2006-06-30": "742.33800", "2006-03-31": "711.95000", "2005-12-31": "690.17100", "2005-09-30": "663.60500", "2005-06-30": "642.33400", "2005-03-31": "641.85100"}, "Comprehensive Income": {"2020-09-30": "-33.62000", "2020-06-30": "-45.01700", "2020-03-31": "-46.57500", "2019-12-31": "-36.92600", "2019-09-30": "-39.99200", "2019-06-30": "-27.99700", "2019-03-31": "-26.07500", "2018-12-31": "-24.78000", "2018-09-30": "-22.35100", "2018-06-30": "-13.17200", "2018-03-31": "5.94000", "2017-12-31": "-3.63000", "2017-09-30": "-10.02000", "2017-06-30": "-14.58800", "2017-03-31": "-22.27600", "2016-12-31": "-25.16000", "2016-09-30": "-9.15000", "2016-06-30": "-9.98500", "2016-03-31": "-7.26500", "2015-12-31": "-12.42500", "2015-09-30": "-6.94900", "2015-06-30": "-0.74100", "2015-03-31": "3.81300", "2014-12-31": "12.34700", "2014-09-30": "25.34400", "2014-06-30": "32.12100", "2014-03-31": "28.99000", "2013-12-31": "24.31100", "2013-09-30": "20.88400", "2013-06-30": "26.08300", "2013-03-31": "37.82200", "2012-12-31": "43.95000", "2012-09-30": "46.12400", "2012-06-30": "45.15400", "2012-03-31": "48.45400", "2011-12-31": "50.95300", "2011-09-30": "50.19800", "2011-06-30": "50.59600", "2011-03-31": "52.53500", "2010-12-31": "53.05600", "2010-09-30": "42.79700", "2010-06-30": "40.16100", "2010-03-31": "45.54900", "2009-12-31": "43.27000", "2009-09-30": "41.20300", "2009-06-30": "37.46300", "2009-03-31": "31.43200", "2008-12-31": "37.24200", "2008-09-30": "20.71900", "2008-06-30": "27.81300", "2008-03-31": "26.85700", "2007-12-31": "20.25700", "2007-09-30": "15.22000", "2007-06-30": "12.18000", "2007-03-31": "14.22900", "2006-12-31": "12.48400", "2006-09-30": "14.51600", "2006-06-30": "17.89600", "2006-03-31": "21.71400", "2005-12-31": "23.87300", "2005-09-30": "27.21000", "2005-06-30": "24.48500", "2005-03-31": "28.27700"}, "Other Share Holders Equity": {"2020-09-30": "", "2020-06-30": "", "2020-03-31": "", "2019-12-31": "", "2019-09-30": "", "2019-06-30": "", "2019-03-31": "", "2018-12-31": "", "2018-09-30": "", "2018-06-30": "", "2018-03-31": "", "2017-12-31": "", "2017-09-30": "", "2017-06-30": "", "2017-03-31": "", "2016-12-31": "", "2016-09-30": "", "2016-06-30": "", "2016-03-31": "", "2015-12-31": "", "2015-09-30": "", "2015-06-30": "", "2015-03-31": "", "2014-12-31": "", "2014-09-30": "", "2014-06-30": "", "2014-03-31": "", "2013-12-31": "", "2013-09-30": "", "2013-06-30": "", "2013-03-31": "", "2012-12-31": "", "2012-09-30": "", "2012-06-30": "", "2012-03-31": "", "2011-12-31": "", "2011-09-30": "", "2011-06-30": "", "2011-03-31": "", "2010-12-31": "", "2010-09-30": "", "2010-06-30": "", "2010-03-31": "", "2009-12-31": "", "2009-09-30": "", "2009-06-30": "", "2009-03-31": "", "2008-12-31": "", "2008-09-30": "", "2008-06-30": "", "2008-03-31": "", "2007-12-31": "", "2007-09-30": "", "2007-06-30": "", "2007-03-31": "", "2006-12-31": "", "2006-09-30": "", "2006-06-30": "", "2006-03-31": "", "2005-12-31": "", "2005-09-30": "", "2005-06-30": "", "2005-03-31": ""}, "Share Holder Equity": {"2020-09-30": "2395.71800", "2020-06-30": "2256.63100", "2020-03-31": "2157.99400", "2019-12-31": "2102.89400", "2019-09-30": "1480.26200", "2019-06-30": "1430.54500", "2019-03-31": "1365.83700", "2018-12-31": "1288.40100", "2018-09-30": "1257.41700", "2018-06-30": "1187.98800", "2018-03-31": "1142.29800", "2017-12-31": "989.20200", "2017-09-30": "1010.74000", "2017-06-30": "951.79300", "2017-03-31": "840.59200", "2016-12-31": "741.77000", "2016-09-30": "926.79600", "2016-06-30": "1075.39300", "2016-03-31": "1234.05200", "2015-12-31": "1376.11500", "2015-09-30": "1384.56200", "2015-06-30": "1397.21500", "2015-03-31": "1363.19000", "2014-12-31": "1333.57400", "2014-09-30": "1284.72700", "2014-06-30": "1260.48400", "2014-03-31": "1214.20200", "2013-12-31": "1156.10500", "2013-09-30": "1096.20600", "2013-06-30": "1040.26000", "2013-03-31": "1019.67300", "2012-12-31": "915.17100", "2012-09-30": "588.38800", "2012-06-30": "502.01300", "2012-03-31": "460.75200", "2011-12-31": "411.13000", "2011-09-30": "376.59600", "2011-06-30": "331.31600", "2011-03-31": "297.70600", "2010-12-31": "276.65400", "2010-09-30": "295.98700", "2010-06-30": "162.68000", "2010-03-31": "119.03500", "2009-12-31": "108.37300", "2009-09-30": "96.19200", "2009-06-30": "86.38600", "2009-03-31": "147.68500", "2008-12-31": "186.71300", "2008-09-30": "1704.95100", "2008-06-30": "1928.66100", "2008-03-31": "1893.70500", "2007-12-31": "2080.06600", "2007-09-30": "1952.84800", "2007-06-30": "2052.40000", "2007-03-31": "1868.90500", "2006-12-31": "1699.29100", "2006-09-30": "1881.36400", "2006-06-30": "1882.97600", "2006-03-31": "1887.67100", "2005-12-31": "1844.70400", "2005-09-30": "1866.89800", "2005-06-30": "1771.92100", "2005-03-31": "1745.22900"}, "Total Liabilities And Share Holders Equity": {"2020-09-30": "4140.15200", "2020-06-30": "3999.49700", "2020-03-31": "3767.97300", "2019-12-31": "3357.22500", "2019-09-30": "2662.19800", "2019-06-30": "2612.32500", "2019-03-31": "2546.31100", "2018-12-31": "2468.65400", "2018-09-30": "2273.20700", "2018-06-30": "2527.86500", "2018-03-31": "2486.67300", "2017-12-31": "2418.71400", "2017-09-30": "2305.22700", "2017-06-30": "2267.69900", "2017-03-31": "2191.19800", "2016-12-31": "2096.90800", "2016-09-30": "2194.08700", "2016-06-30": "2377.87300", "2016-03-31": "2539.02400", "2015-12-31": "2345.51500", "2015-09-30": "2331.14000", "2015-06-30": "2380.65300", "2015-03-31": "3062.56500", "2014-12-31": "3209.55600", "2014-09-30": "2705.94100", "2014-06-30": "2785.83300", "2014-03-31": "2524.22000", "2013-12-31": "2428.60100", "2013-09-30": "2557.38700", "2013-06-30": "2563.08900", "2013-03-31": "2323.26300", "2012-12-31": "2287.00300", "2012-09-30": "1988.51400", "2012-06-30": "1829.25700", "2012-03-31": "1794.83200", "2011-12-31": "1761.26900", "2011-09-30": "1860.67700", "2011-06-30": "1874.62500", "2011-03-31": "1815.70400", "2010-12-31": "1732.11600", "2010-09-30": "1705.94800", "2010-06-30": "1695.75500", "2010-03-31": "1414.98600", "2009-12-31": "1410.58700", "2009-09-30": "1414.21700", "2009-06-30": "1452.65900", "2009-03-31": "1515.13800", "2008-12-31": "1679.85300", "2008-09-30": "3248.78800", "2008-06-30": "3626.32300", "2008-03-31": "3637.40300", "2007-12-31": "3871.15000", "2007-09-30": "3739.27500", "2007-06-30": "3763.97400", "2007-03-31": "3569.72000", "2006-12-31": "3442.82200", "2006-09-30": "3279.74200", "2006-06-30": "3404.10200", "2006-03-31": "3381.83000", "2005-12-31": "3401.31200", "2005-09-30": "3114.54800", "2005-06-30": "3063.86900", "2005-03-31": "2978.20000"}}, "cash flow statement": {"Net Income/Loss": {"2019-12-31": "988.97900", "2018-12-31": "345.77700", "2017-12-31": "204.10100", "2016-12-31": "203.08600", "2015-12-31": "252.41700", "2014-12-31": "158.89800", "2013-12-31": "164.24300", "2012-12-31": "439.94800", "2011-12-31": "72.22900", "2010-12-31": "126.53800", "2009-12-31": "-149.87100", "2008-12-31": "-1856.71500", "2007-12-31": "286.78800", "2006-12-31": "142.59200", "2005-12-31": "49.34300"}, "Total Depreciation And Amortization - Cash Flow": {"2019-12-31": "123.79000", "2018-12-31": "119.91700", "2017-12-31": "116.73500", "2016-12-31": "120.65700", "2015-12-31": "127.56700", "2014-12-31": "136.16300", "2013-12-31": "123.69200", "2012-12-31": "112.73000", "2011-12-31": "120.91400", "2010-12-31": "113.68700", "2009-12-31": "114.05100", "2008-12-31": "1461.70800", "2007-12-31": "146.53500", "2006-12-31": "147.11700", "2005-12-31": "184.71700"}, "Other Non-Cash Items": {"2019-12-31": "-389.47900", "2018-12-31": "161.01600", "2017-12-31": "203.77900", "2016-12-31": "103.03500", "2015-12-31": "77.71500", "2014-12-31": "98.41700", "2013-12-31": "62.54000", "2012-12-31": "-195.65300", "2011-12-31": "25.36600", "2010-12-31": "-32.49200", "2009-12-31": "82.22400", "2008-12-31": "382.95300", "2007-12-31": "99.70100", "2006-12-31": "137.42300", "2005-12-31": "49.51100"}, "Total Non-Cash Items": {"2019-12-31": "-265.68900", "2018-12-31": "280.93300", "2017-12-31": "320.51400", "2016-12-31": "223.69200", "2015-12-31": "205.28200", "2014-12-31": "234.58000", "2013-12-31": "186.23200", "2012-12-31": "-82.92300", "2011-12-31": "146.28000", "2010-12-31": "81.19500", "2009-12-31": "196.27500", "2008-12-31": "1844.66100", "2007-12-31": "246.23600", "2006-12-31": "284.54000", "2005-12-31": "234.22800"}, "Change In Accounts Receivable": {"2019-12-31": "-4.71800", "2018-12-31": "-87.08300", "2017-12-31": "-31.03200", "2016-12-31": "-3.60700", "2015-12-31": "-44.73200", "2014-12-31": "-17.92500", "2013-12-31": "-3.60900", "2012-12-31": "45.63000", "2011-12-31": "76.78500", "2010-12-31": "71.37500", "2009-12-31": "182.13900", "2008-12-31": "100.66200", "2007-12-31": "-162.45200", "2006-12-31": "11.57400", "2005-12-31": "91.35900"}, "Change In Inventories": {"2019-12-31": "-33.02400", "2018-12-31": "0.75200", "2017-12-31": "5.03400", "2016-12-31": "4.93400", "2015-12-31": "-1.12000", "2014-12-31": "-11.70800", "2013-12-31": "-14.59400", "2012-12-31": "5.24500", "2011-12-31": "-6.82000", "2010-12-31": "-26.52800", "2009-12-31": "3.89600", "2008-12-31": "2.58400", "2007-12-31": "6.19700", "2006-12-31": "-10.87200", "2005-12-31": "-7.58800"}, "Change In Accounts Payable": {"2019-12-31": "", "2018-12-31": "", "2017-12-31": "", "2016-12-31": "", "2015-12-31": "", "2014-12-31": "", "2013-12-31": "", "2012-12-31": "", "2011-12-31": "", "2010-12-31": "", "2009-12-31": "", "2008-12-31": "", "2007-12-31": "", "2006-12-31": "", "2005-12-31": ""}, "Change In Assets/Liabilities": {"2019-12-31": "10.13700", "2018-12-31": "62.81900", "2017-12-31": "-1.89000", "2016-12-31": "14.11900", "2015-12-31": "-48.96800", "2014-12-31": "-50.97900", "2013-12-31": "-6.39400", "2012-12-31": "-109.42900", "2011-12-31": "-1.18200", "2010-12-31": "-113.71800", "2009-12-31": "-111.95100", "2008-12-31": "21.97600", "2007-12-31": "5.31700", "2006-12-31": "44.84400", "2005-12-31": "38.61100"}, "Total Change In Assets/Liabilities": {"2019-12-31": "6.31000", "2018-12-31": "-21.95900", "2017-12-31": "-53.87500", "2016-12-31": "18.10100", "2015-12-31": "-79.49900", "2014-12-31": "-76.75600", "2013-12-31": "17.13000", "2012-12-31": "-41.03100", "2011-12-31": "21.83300", "2010-12-31": "-8.59000", "2009-12-31": "-20.76700", "2008-12-31": "82.34000", "2007-12-31": "-130.58600", "2006-12-31": "-5.91600", "2005-12-31": "142.71200"}, "Cash Flow From Operating Activities": {"2019-12-31": "729.60000", "2018-12-31": "604.75100", "2017-12-31": "470.74000", "2016-12-31": "444.87900", "2015-12-31": "378.20000", "2014-12-31": "316.72200", "2013-12-31": "367.60500", "2012-12-31": "315.99400", "2011-12-31": "240.34200", "2010-12-31": "199.14300", "2009-12-31": "25.63700", "2008-12-31": "70.28600", "2007-12-31": "402.43800", "2006-12-31": "421.21600", "2005-12-31": "426.28300"}, "Net Change In Property, Plant, And Equipment": {"2019-12-31": "-74.60500", "2018-12-31": "-61.50300", "2017-12-31": "-57.90100", "2016-12-31": "-52.78900", "2015-12-31": "-44.80800", "2014-12-31": "-39.81000", "2013-12-31": "-44.92900", "2012-12-31": "-35.96600", "2011-12-31": "-31.42100", "2010-12-31": "-33.88200", "2009-12-31": "-37.44400", "2008-12-31": "-97.29000", "2007-12-31": "-35.29500", "2006-12-31": "-67.31900", "2005-12-31": "-38.03100"}, "Net Change In Intangible Assets": {"2019-12-31": "", "2018-12-31": "", "2017-12-31": "", "2016-12-31": "", "2015-12-31": "", "2014-12-31": "", "2013-12-31": "", "2012-12-31": "", "2011-12-31": "", "2010-12-31": "", "2009-12-31": "", "2008-12-31": "-2.38800", "2007-12-31": "-2.00000", "2006-12-31": "-8.40900", "2005-12-31": "-2.60000"}, "Net Acquisitions/Divestitures": {"2019-12-31": "-0.33800", "2018-12-31": "", "2017-12-31": "-143.24900", "2016-12-31": "-41.62700", "2015-12-31": "", "2014-12-31": "-167.12100", "2013-12-31": "-392.82500", "2012-12-31": "-66.43200", "2011-12-31": "-44.05200", "2010-12-31": "-258.82300", "2009-12-31": "-14.90000", "2008-12-31": "-20.93100", "2007-12-31": "-80.72500", "2006-12-31": "-65.77800", "2005-12-31": "-297.12800"}, "Net Change In Short-term Investments": {"2019-12-31": "0.00000", "2018-12-31": "0.00000", "2017-12-31": "0.83300", "2016-12-31": "35.09400", "2015-12-31": "", "2014-12-31": "85.38400", "2013-12-31": "", "2012-12-31": "", "2011-12-31": "9.79300", "2010-12-31": "0.31700", "2009-12-31": "", "2008-12-31": "0.00000", "2007-12-31": "", "2006-12-31": "", "2005-12-31": "108.25000"}, "Net Change In Long-Term Investments": {"2019-12-31": "-30.76500", "2018-12-31": "-112.34200", "2017-12-31": "9.10800", "2016-12-31": "60.67900", "2015-12-31": "0.30400", "2014-12-31": "-76.46800", "2013-12-31": "10.85900", "2012-12-31": "-98.84200", "2011-12-31": "9.18300", "2010-12-31": "7.27600", "2009-12-31": "1.83500", "2008-12-31": "-6.27600", "2007-12-31": "9.57700", "2006-12-31": "29.74400", "2005-12-31": "6.81200"}, "Net Change In Investments - Total": {"2019-12-31": "-30.76500", "2018-12-31": "-112.34200", "2017-12-31": "9.94100", "2016-12-31": "95.77300", "2015-12-31": "0.30400", "2014-12-31": "8.91600", "2013-12-31": "10.85900", "2012-12-31": "-98.84200", "2011-12-31": "18.97600", "2010-12-31": "7.59300", "2009-12-31": "1.83500", "2008-12-31": "-6.27600", "2007-12-31": "9.57700", "2006-12-31": "29.74400", "2005-12-31": "115.06200"}, "Investing Activities - Other": {"2019-12-31": "", "2018-12-31": "", "2017-12-31": "", "2016-12-31": "", "2015-12-31": "", "2014-12-31": "", "2013-12-31": "", "2012-12-31": "", "2011-12-31": "", "2010-12-31": "", "2009-12-31": "", "2008-12-31": "", "2007-12-31": "", "2006-12-31": "", "2005-12-31": ""}, "Cash Flow From Investing Activities": {"2019-12-31": "-105.70800", "2018-12-31": "-173.84500", "2017-12-31": "-191.20900", "2016-12-31": "1.35700", "2015-12-31": "-44.50400", "2014-12-31": "-198.01500", "2013-12-31": "-426.89500", "2012-12-31": "-201.24000", "2011-12-31": "-56.49700", "2010-12-31": "-285.11200", "2009-12-31": "-50.50900", "2008-12-31": "-126.88500", "2007-12-31": "-108.44300", "2006-12-31": "-111.76200", "2005-12-31": "-222.69700"}, "Net Long-Term Debt": {"2019-12-31": "-100.00000", "2018-12-31": "15.00000", "2017-12-31": "35.00000", "2016-12-31": "350.00000", "2015-12-31": "-349.99900", "2014-12-31": "348.64800", "2013-12-31": "-144.63900", "2012-12-31": "", "2011-12-31": "-150.00000", "2010-12-31": "81.31200", "2009-12-31": "", "2008-12-31": "-230.20700", "2007-12-31": "", "2006-12-31": "259.48800", "2005-12-31": "160.00000"}, "Net Current Debt": {"2019-12-31": "", "2018-12-31": "-300.00000", "2017-12-31": "", "2016-12-31": "", "2015-12-31": "", "2014-12-31": "", "2013-12-31": "", "2012-12-31": "", "2011-12-31": "", "2010-12-31": "", "2009-12-31": "", "2008-12-31": "", "2007-12-31": "-28.00000", "2006-12-31": "-132.00000", "2005-12-31": "-0.06200"}, "Debt Issuance/Retirement Net - Total": {"2019-12-31": "-100.00000", "2018-12-31": "-285.00000", "2017-12-31": "35.00000", "2016-12-31": "350.00000", "2015-12-31": "-349.99900", "2014-12-31": "348.64800", "2013-12-31": "-144.63900", "2012-12-31": "", "2011-12-31": "-150.00000", "2010-12-31": "81.31200", "2009-12-31": "", "2008-12-31": "-230.20700", "2007-12-31": "-28.00000", "2006-12-31": "127.48800", "2005-12-31": "159.93800"}, "Net Common Equity Issued/Repurchased": {"2019-12-31": "-253.30600", "2018-12-31": "-209.15100", "2017-12-31": "-51.06000", "2016-12-31": "-904.84900", "2015-12-31": "-258.25100", "2014-12-31": "-34.20400", "2013-12-31": "42.65700", "2012-12-31": "32.68700", "2011-12-31": "19.71400", "2010-12-31": "-26.35400", "2009-12-31": "28.01000", "2008-12-31": "-225.75800", "2007-12-31": "-144.02800", "2006-12-31": "-347.64100", "2005-12-31": "45.41100"}, "Net Total Equity Issued/Repurchased": {"2019-12-31": "-253.30600", "2018-12-31": "-209.15100", "2017-12-31": "-51.06000", "2016-12-31": "-904.84900", "2015-12-31": "-258.25100", "2014-12-31": "-34.20400", "2013-12-31": "42.65700", "2012-12-31": "32.68700", "2011-12-31": "19.71400", "2010-12-31": "-26.35400", "2009-12-31": "28.01000", "2008-12-31": "-225.75800", "2007-12-31": "-144.02800", "2006-12-31": "-347.64100", "2005-12-31": "45.41100"}, "Total Common And Preferred Stock Dividends Paid": {"2019-12-31": "", "2018-12-31": "", "2017-12-31": "", "2016-12-31": "", "2015-12-31": "", "2014-12-31": "", "2013-12-31": "", "2012-12-31": "", "2011-12-31": "", "2010-12-31": "", "2009-12-31": "", "2008-12-31": "", "2007-12-31": "", "2006-12-31": "", "2005-12-31": ""}, "Financial Activities - Other": {"2019-12-31": "-90.58000", "2018-12-31": "-73.78800", "2017-12-31": "-54.08700", "2016-12-31": "-37.84800", "2015-12-31": "-18.06000", "2014-12-31": "-25.47900", "2013-12-31": "-14.30900", "2012-12-31": "-16.85400", "2011-12-31": "-14.51800", "2010-12-31": "4.98000", "2009-12-31": "-7.04300", "2008-12-31": "12.54600", "2007-12-31": "1.96200", "2006-12-31": "-13.77400", "2005-12-31": ""}, "Cash Flow From Financial Activities": {"2019-12-31": "-443.88600", "2018-12-31": "-567.93900", "2017-12-31": "-70.14700", "2016-12-31": "-592.69700", "2015-12-31": "-626.31000", "2014-12-31": "288.96500", "2013-12-31": "-116.29100", "2012-12-31": "15.83300", "2011-12-31": "-144.80400", "2010-12-31": "59.93800", "2009-12-31": "20.96700", "2008-12-31": "-443.41900", "2007-12-31": "-170.06600", "2006-12-31": "-233.92700", "2005-12-31": "205.34900"}, "Net Cash Flow": {"2019-12-31": "171.91200", "2018-12-31": "-154.78900", "2017-12-31": "222.85500", "2016-12-31": "-151.45400", "2015-12-31": "-315.47500", "2014-12-31": "395.90100", "2013-12-31": "-190.09700", "2012-12-31": "124.75500", "2011-12-31": "44.19300", "2010-12-31": "-11.70600", "2009-12-31": "0.86000", "2008-12-31": "-494.66500", "2007-12-31": "128.57800", "2006-12-31": "73.02700", "2005-12-31": "412.79800"}, "Stock-Based Compensation": {"2019-12-31": "181.54700", "2018-12-31": "167.71500", "2017-12-31": "130.02300", "2016-12-31": "109.21700", "2015-12-31": "92.34100", "2014-12-31": "83.79200", "2013-12-31": "66.28500", "2012-12-31": "47.56100", "2011-12-31": "43.58800", "2010-12-31": "43.46000", "2009-12-31": "54.70600", "2008-12-31": "81.27400", "2007-12-31": "101.41500", "2006-12-31": "103.98600", "2005-12-31": "39.90200"}, "Common Stock Dividends Paid": {"2019-12-31": "", "2018-12-31": "", "2017-12-31": "", "2016-12-31": "", "2015-12-31": "", "2014-12-31": "", "2013-12-31": "", "2012-12-31": "", "2011-12-31": "", "2010-12-31": "", "2009-12-31": "", "2008-12-31": "", "2007-12-31": "", "2006-12-31": "", "2005-12-31": ""}}, "cash flow statement, quarterly": {"Net Income/Loss": {"2020-09-30": 161.63, "2020-06-30": 131.288, "2020-03-31": "123.98800", "2019-12-31": 659.675, "2019-09-30": 101.514, "2019-06-30": 107.235, "2019-03-31": "120.55500", "2018-12-31": 98.425, "2018-09-30": 99.318, "2018-06-30": 75.149, "2018-03-31": "72.88500", "2017-12-31": -14.442, "2017-09-30": 81.157, "2017-06-30": 69.127, "2017-03-31": "68.25900", "2016-12-31": 38.477, "2016-09-30": 64.712, "2016-06-30": 49.335, "2016-03-31": "50.56200", "2015-12-31": 80.374, "2015-09-30": 77.624, "2015-06-30": 58.16, "2015-03-31": "36.25900", "2014-12-31": 65.03, "2014-09-30": 37.535, "2014-06-30": 23.263, "2014-03-31": "33.07000", "2013-12-31": 37.705, "2013-09-30": 38.5, "2013-06-30": 9.429, "2013-03-31": "78.60900", "2012-12-31": 313.874, "2012-09-30": 58.584, "2012-06-30": 36.386, "2012-03-31": "31.10400", "2011-12-31": 10.892, "2011-09-30": 28.106, "2011-06-30": 26.908, "2011-03-31": "6.32300", "2010-12-31": -37.037, "2010-09-30": 126.753, "2010-06-30": 48.607, "2010-03-31": "-11.78500", "2009-12-31": 1.79, "2009-09-30": -14.047, "2009-06-30": -74.357, "2009-03-31": "-63.25700", "2008-12-31": -1634.105, "2008-09-30": -170.656, "2008-06-30": -18.812, "2008-03-31": "-33.14200", "2007-12-31": 110.039, "2007-09-30": 72.732, "2007-06-30": 59.596, "2007-03-31": "44.42100", "2006-12-31": 48.365, "2006-09-30": 42.06, "2006-06-30": 30.388, "2006-03-31": "21.77900", "2005-12-31": 26.566, "2005-09-30": 21.271, "2005-06-30": 0.483, "2005-03-31": "1.02300"}, "Total Depreciation And Amortization - Cash Flow": {"2020-09-30": 37.375, "2020-06-30": 36.839, "2020-03-31": "33.57500", "2019-12-31": 31.643, "2019-09-30": 30.453, "2019-06-30": 31.707, "2019-03-31": "29.98700", "2018-12-31": 29.964, "2018-09-30": 30.085, "2018-06-30": 30.187, "2018-03-31": "29.68100", "2017-12-31": 29.21, "2017-09-30": 28.588, "2017-06-30": 29.693, "2017-03-31": "29.24400", "2016-12-31": 30.139, "2016-09-30": 27.232, "2016-06-30": 31.8, "2016-03-31": "31.48600", "2015-12-31": 30.376, "2015-09-30": 29.257, "2015-06-30": 32.556, "2015-03-31": "35.37800", "2014-12-31": 37.004, "2014-09-30": 35.736, "2014-06-30": 32.524, "2014-03-31": "30.89900", "2013-12-31": 31.909, "2013-09-30": 32.181, "2013-06-30": 31.639, "2013-03-31": "27.96300", "2012-12-31": 28.079, "2012-09-30": 29.386, "2012-06-30": 27.592, "2012-03-31": "27.67300", "2011-12-31": 29.912, "2011-09-30": 30.132, "2011-06-30": 30.7, "2011-03-31": "30.17000", "2010-12-31": 30.561, "2010-09-30": 30.492, "2010-06-30": 25.646, "2010-03-31": "26.98800", "2009-12-31": 27.16, "2009-09-30": 26.624, "2009-06-30": 28.981, "2009-03-31": "31.28600", "2008-12-31": 1352.348, "2008-09-30": 36.028, "2008-06-30": 36.431, "2008-03-31": "36.90100", "2007-12-31": 49.737, "2007-09-30": 33.49, "2007-06-30": 31.388, "2007-03-31": "31.92000", "2006-12-31": 33.255, "2006-09-30": 34.318, "2006-06-30": 38.602, "2006-03-31": "40.94200", "2005-12-31": 40.992, "2005-09-30": 48.32, "2005-06-30": 51.051, "2005-03-31": "44.35400"}, "Other Non-Cash Items": {"2020-09-30": 29.9, "2020-06-30": 44.123, "2020-03-31": "54.41300", "2019-12-31": -520.109, "2019-09-30": 49.742, "2019-06-30": 44.967, "2019-03-31": "35.92100", "2018-12-31": 35.354, "2018-09-30": 45.8, "2018-06-30": 41.098, "2018-03-31": "38.76400", "2017-12-31": 116.799, "2017-09-30": 24.175, "2017-06-30": 33.248, "2017-03-31": "29.55700", "2016-12-31": 17.075, "2016-09-30": 28.235, "2016-06-30": 33.878, "2016-03-31": "23.84700", "2015-12-31": 9.824, "2015-09-30": 17.678, "2015-06-30": 26.829, "2015-03-31": "23.38400", "2014-12-31": 15.617, "2014-09-30": 41.515, "2014-06-30": 21.483, "2014-03-31": "19.80200", "2013-12-31": 23.33, "2013-09-30": 16.746, "2013-06-30": 1.972, "2013-03-31": "20.49200", "2012-12-31": -217.187, "2012-09-30": -0.206, "2012-06-30": 11.195, "2012-03-31": "10.54500", "2011-12-31": 20.443, "2011-09-30": 6.943, "2011-06-30": -2.351, "2011-03-31": "0.33100", "2010-12-31": 14.903, "2010-09-30": 10.316, "2010-06-30": -59.324, "2010-03-31": "1.61300", "2009-12-31": 13.984, "2009-09-30": 18.203, "2009-06-30": 24.897, "2009-03-31": "25.14000", "2008-12-31": 310.149, "2008-09-30": 32.174, "2008-06-30": 12.532, "2008-03-31": "28.09800", "2007-12-31": 30.027, "2007-09-30": 26.296, "2007-06-30": 27.088, "2007-03-31": "16.29000", "2006-12-31": 61.679, "2006-09-30": 28.481, "2006-06-30": 29.974, "2006-03-31": "17.28900", "2005-12-31": 1.478, "2005-09-30": 16.886, "2005-06-30": 21.734, "2005-03-31": "9.41300"}, "Total Non-Cash Items": {"2020-09-30": 67.275, "2020-06-30": 80.962, "2020-03-31": "87.98800", "2019-12-31": -488.466, "2019-09-30": 80.195, "2019-06-30": 76.674, "2019-03-31": "65.90800", "2018-12-31": 65.318, "2018-09-30": 75.885, "2018-06-30": 71.285, "2018-03-31": "68.44500", "2017-12-31": 146.009, "2017-09-30": 52.763, "2017-06-30": 62.941, "2017-03-31": "58.80100", "2016-12-31": 47.214, "2016-09-30": 55.467, "2016-06-30": 65.678, "2016-03-31": "55.33300", "2015-12-31": 40.2, "2015-09-30": 46.935, "2015-06-30": 59.385, "2015-03-31": "58.76200", "2014-12-31": 52.621, "2014-09-30": 77.251, "2014-06-30": 54.007, "2014-03-31": "50.70100", "2013-12-31": 55.239, "2013-09-30": 48.927, "2013-06-30": 33.611, "2013-03-31": "48.45500", "2012-12-31": -189.108, "2012-09-30": 29.18, "2012-06-30": 38.787, "2012-03-31": "38.21800", "2011-12-31": 50.355, "2011-09-30": 37.075, "2011-06-30": 28.349, "2011-03-31": "30.50100", "2010-12-31": 45.464, "2010-09-30": 40.808, "2010-06-30": -33.678, "2010-03-31": "28.60100", "2009-12-31": 41.144, "2009-09-30": 44.827, "2009-06-30": 53.878, "2009-03-31": "56.42600", "2008-12-31": 1662.497, "2008-09-30": 68.202, "2008-06-30": 48.963, "2008-03-31": "64.99900", "2007-12-31": 79.764, "2007-09-30": 59.786, "2007-06-30": 58.476, "2007-03-31": "48.21000", "2006-12-31": 94.934, "2006-09-30": 62.799, "2006-06-30": 68.576, "2006-03-31": "58.23100", "2005-12-31": 42.47, "2005-09-30": 65.206, "2005-06-30": 72.785, "2005-03-31": "53.76700"}, "Change In Accounts Receivable": {"2020-09-30": 12.442, "2020-06-30": -28.972, "2020-03-31": "26.47500", "2019-12-31": -31.271, "2019-09-30": -37.323, "2019-06-30": 28.195, "2019-03-31": "35.68100", "2018-12-31": -58.612, "2018-09-30": -25.865, "2018-06-30": 8.382, "2018-03-31": "-10.98800", "2017-12-31": -21.493, "2017-09-30": -15.881, "2017-06-30": 28.817, "2017-03-31": "-22.47500", "2016-12-31": -6.48, "2016-09-30": 6.405, "2016-06-30": -15.15, "2016-03-31": "11.61800", "2015-12-31": -34.632, "2015-09-30": -2.022, "2015-06-30": 4.372, "2015-03-31": "-12.45000", "2014-12-31": -16.067, "2014-09-30": -7.194, "2014-06-30": 5.444, "2014-03-31": "-0.10800", "2013-12-31": -5.801, "2013-09-30": -6.527, "2013-06-30": -14.933, "2013-03-31": "23.65200", "2012-12-31": 21.354, "2012-09-30": 7.763, "2012-06-30": -43.659, "2012-03-31": "60.17200", "2011-12-31": 13.056, "2011-09-30": -0.806, "2011-06-30": 26.893, "2011-03-31": "37.64200", "2010-12-31": 17.979, "2010-09-30": 8.301, "2010-06-30": 11.315, "2010-03-31": "33.78000", "2009-12-31": -2.434, "2009-09-30": 45.655, "2009-06-30": 45.761, "2009-03-31": "93.15700", "2008-12-31": -15.149, "2008-09-30": 44.591, "2008-06-30": 33.391, "2008-03-31": "37.82900", "2007-12-31": -61.753, "2007-09-30": -47.542, "2007-06-30": -25.243, "2007-03-31": "-27.91400", "2006-12-31": -2.281, "2006-09-30": 15.726, "2006-06-30": -35.148, "2006-03-31": "33.27700", "2005-12-31": -47.076, "2005-09-30": 25.975, "2005-06-30": 25.823, "2005-03-31": "86.63700"}, "Change In Inventories": {"2020-09-30": -4.644, "2020-06-30": 16.28, "2020-03-31": "-5.26000", "2019-12-31": 10.757, "2019-09-30": -18.092, "2019-06-30": -15.071, "2019-03-31": "-10.61800", "2018-12-31": 2.207, "2018-09-30": -3.387, "2018-06-30": -0.173, "2018-03-31": "2.10500", "2017-12-31": 2.752, "2017-09-30": -0.253, "2017-06-30": -3.465, "2017-03-31": "6.00000", "2016-12-31": 21.273, "2016-09-30": -6.043, "2016-06-30": -6.582, "2016-03-31": "-3.71400", "2015-12-31": 0.741, "2015-09-30": 4.382, "2015-06-30": -7.925, "2015-03-31": "1.68200", "2014-12-31": 4.088, "2014-09-30": -3.53, "2014-06-30": -2.893, "2014-03-31": "-9.37300", "2013-12-31": -4.589, "2013-09-30": -7.333, "2013-06-30": -1.693, "2013-03-31": "-0.97900", "2012-12-31": -1.691, "2012-09-30": 6.437, "2012-06-30": 0.653, "2012-03-31": "-0.15400", "2011-12-31": 2.947, "2011-09-30": -2.78, "2011-06-30": -2.971, "2011-03-31": "-4.01600", "2010-12-31": -10.523, "2010-09-30": -5.082, "2010-06-30": -4.876, "2010-03-31": "-6.04700", "2009-12-31": 1.05, "2009-09-30": -3.001, "2009-06-30": 6.512, "2009-03-31": "-0.66500", "2008-12-31": -2.902, "2008-09-30": 0.743, "2008-06-30": 3.462, "2008-03-31": "1.28100", "2007-12-31": 6.878, "2007-09-30": 0.291, "2007-06-30": -0.321, "2007-03-31": "-0.65100", "2006-12-31": -8.095, "2006-09-30": -3.467, "2006-06-30": -1.443, "2006-03-31": "2.13300", "2005-12-31": -2.536, "2005-09-30": -4.807, "2005-06-30": -0.952, "2005-03-31": "0.70700"}, "Change In Accounts Payable": {"2020-09-30": 0, "2020-06-30": 0, "2020-03-31": "", "2019-12-31": 0, "2019-09-30": 0, "2019-06-30": 0, "2019-03-31": "", "2018-12-31": 0, "2018-09-30": 0, "2018-06-30": 0, "2018-03-31": "", "2017-12-31": 0, "2017-09-30": 0, "2017-06-30": 0, "2017-03-31": "", "2016-12-31": 0, "2016-09-30": 0, "2016-06-30": 0, "2016-03-31": "", "2015-12-31": 0, "2015-09-30": 0, "2015-06-30": 0, "2015-03-31": "", "2014-12-31": 0, "2014-09-30": 0, "2014-06-30": 0, "2014-03-31": "", "2013-12-31": 0, "2013-09-30": 0, "2013-06-30": 0, "2013-03-31": "", "2012-12-31": 0, "2012-09-30": 0, "2012-06-30": 0, "2012-03-31": "", "2011-12-31": 0, "2011-09-30": 0, "2011-06-30": 0, "2011-03-31": "", "2010-12-31": 0, "2010-09-30": 0, "2010-06-30": 0, "2010-03-31": "", "2009-12-31": 0, "2009-09-30": 0, "2009-06-30": 0, "2009-03-31": "", "2008-12-31": 0, "2008-09-30": 0, "2008-06-30": 0, "2008-03-31": "", "2007-12-31": 0, "2007-09-30": 0, "2007-06-30": 0, "2007-03-31": "", "2006-12-31": 0, "2006-09-30": 0, "2006-06-30": 0, "2006-03-31": "", "2005-12-31": 0, "2005-09-30": 0, "2005-06-30": 0, "2005-03-31": ""}, "Change In Assets/Liabilities": {"2020-09-30": -10.832, "2020-06-30": 71.868, "2020-03-31": "69.36700", "2019-12-31": -29.315, "2019-09-30": -18.433, "2019-06-30": 42.736, "2019-03-31": "15.14900", "2018-12-31": -18.725, "2018-09-30": -6.111, "2018-06-30": 15.499, "2018-03-31": "72.15600", "2017-12-31": -1.11, "2017-09-30": -9.34, "2017-06-30": -19.444, "2017-03-31": "28.00400", "2016-12-31": 47.138, "2016-09-30": -3.508, "2016-06-30": -41.46, "2016-03-31": "11.94900", "2015-12-31": -7.307, "2015-09-30": -32.511, "2015-06-30": -16.339, "2015-03-31": "7.18900", "2014-12-31": 6.916, "2014-09-30": -14.297, "2014-06-30": -27.086, "2014-03-31": "-16.51200", "2013-12-31": 13.16, "2013-09-30": 16.389, "2013-06-30": 27.455, "2013-03-31": "-63.39800", "2012-12-31": -67.79, "2012-09-30": -13.014, "2012-06-30": 20.424, "2012-03-31": "-49.04900", "2011-12-31": -39.995, "2011-09-30": 14.014, "2011-06-30": 18.199, "2011-03-31": "6.60000", "2010-12-31": -15.842, "2010-09-30": -121.634, "2010-06-30": 22.529, "2010-03-31": "1.22900", "2009-12-31": -25.186, "2009-09-30": -38.563, "2009-06-30": -18.939, "2009-03-31": "-29.26300", "2008-12-31": 23.517, "2008-09-30": 40.248, "2008-06-30": -32.672, "2008-03-31": "-9.11700", "2007-12-31": 2.714, "2007-09-30": 19.539, "2007-06-30": -9.562, "2007-03-31": "-7.37400", "2006-12-31": 16.115, "2006-09-30": -17.862, "2006-06-30": 31.087, "2006-03-31": "15.50400", "2005-12-31": 87.786, "2005-09-30": -43.621, "2005-06-30": 9.035, "2005-03-31": "-14.58900"}, "Total Change In Assets/Liabilities": {"2020-09-30": -22.348, "2020-06-30": 132.874, "2020-03-31": "5.74300", "2019-12-31": -11.913, "2019-09-30": -43.179, "2019-06-30": 62.451, "2019-03-31": "-1.04900", "2018-12-31": -31.859, "2018-09-30": -65.249, "2018-06-30": 58.832, "2018-03-31": "16.31700", "2017-12-31": -4.711, "2017-09-30": -44.606, "2017-06-30": 30.072, "2017-03-31": "-34.63000", "2016-12-31": 111.171, "2016-09-30": -35.719, "2016-06-30": -34.647, "2016-03-31": "-22.70400", "2015-12-31": 2.277, "2015-09-30": -37.652, "2015-06-30": 4.209, "2015-03-31": "-48.33300", "2014-12-31": 14.416, "2014-09-30": -27.094, "2014-06-30": -8.405, "2014-03-31": "-55.67300", "2013-12-31": 26.22, "2013-09-30": 10.783, "2013-06-30": 31.855, "2013-03-31": "-51.72800", "2012-12-31": -28.89, "2012-09-30": 4.166, "2012-06-30": -7.694, "2012-03-31": "-8.61300", "2011-12-31": 0.89, "2011-09-30": -12.754, "2011-06-30": 14.152, "2011-03-31": "19.54500", "2010-12-31": 48.587, "2010-09-30": -121.133, "2010-06-30": 34.069, "2010-03-31": "29.88700", "2009-12-31": -42.026, "2009-09-30": -9.057, "2009-06-30": 30.823, "2009-03-31": "-0.50700", "2008-12-31": 4.166, "2008-09-30": 100.677, "2008-06-30": 28.435, "2008-03-31": "-50.93800", "2007-12-31": 3.707, "2007-09-30": -43.735, "2007-06-30": -16.89, "2007-03-31": "-73.66800", "2006-12-31": 61.424, "2006-09-30": -44.715, "2006-06-30": 15.991, "2006-03-31": "-38.61600", "2005-12-31": 107.636, "2005-09-30": -32.848, "2005-06-30": 55.721, "2005-03-31": "12.20300"}, "Cash Flow From Operating Activities": {"2020-09-30": 206.557, "2020-06-30": 345.124, "2020-03-31": "217.71900", "2019-12-31": 159.296, "2019-09-30": 138.53, "2019-06-30": 246.36, "2019-03-31": "185.41400", "2018-12-31": 131.884, "2018-09-30": 109.954, "2018-06-30": 205.266, "2018-03-31": "157.64700", "2017-12-31": 126.856, "2017-09-30": 89.314, "2017-06-30": 162.14, "2017-03-31": "92.43000", "2016-12-31": 196.862, "2016-09-30": 84.46, "2016-06-30": 80.366, "2016-03-31": "83.19100", "2015-12-31": 122.851, "2015-09-30": 86.907, "2015-06-30": 121.754, "2015-03-31": "46.68800", "2014-12-31": 132.067, "2014-09-30": 87.692, "2014-06-30": 68.865, "2014-03-31": "28.09800", "2013-12-31": 119.164, "2013-09-30": 98.21, "2013-06-30": 74.895, "2013-03-31": "75.33600", "2012-12-31": 95.876, "2012-09-30": 91.93, "2012-06-30": 67.479, "2012-03-31": "60.70900", "2011-12-31": 62.137, "2011-09-30": 52.427, "2011-06-30": 69.413, "2011-03-31": "56.36500", "2010-12-31": 57.014, "2010-09-30": 46.428, "2010-06-30": 48.998, "2010-03-31": "46.70300", "2009-12-31": 0.908, "2009-09-30": 21.723, "2009-06-30": 10.344, "2009-03-31": "-7.33800", "2008-12-31": 32.558, "2008-09-30": -1.777, "2008-06-30": 58.586, "2008-03-31": "-19.08100", "2007-12-31": 193.51, "2007-09-30": 88.783, "2007-06-30": 101.182, "2007-03-31": "18.96300", "2006-12-31": 204.723, "2006-09-30": 60.144, "2006-06-30": 114.955, "2006-03-31": "41.39400", "2005-12-31": 176.672, "2005-09-30": 53.629, "2005-06-30": 128.989, "2005-03-31": "66.99300"}, "Net Change In Property, Plant, And Equipment": {"2020-09-30": -20.21, "2020-06-30": -21.356, "2020-03-31": "-22.17900", "2019-12-31": -27.078, "2019-09-30": -16.965, "2019-06-30": -15.287, "2019-03-31": "-15.27500", "2018-12-31": -19.742, "2018-09-30": -10.656, "2018-06-30": -17.977, "2018-03-31": "-13.12800", "2017-12-31": -18.225, "2017-09-30": -12.188, "2017-06-30": -12.645, "2017-03-31": "-14.84300", "2016-12-31": -10.819, "2016-09-30": -13.683, "2016-06-30": -16.171, "2016-03-31": "-12.11600", "2015-12-31": -10.715, "2015-09-30": -10.026, "2015-06-30": -16.547, "2015-03-31": "-7.52000", "2014-12-31": -11.852, "2014-09-30": -10.243, "2014-06-30": -11.463, "2014-03-31": "-6.25200", "2013-12-31": -8.979, "2013-09-30": -12.211, "2013-06-30": -17.17, "2013-03-31": "-6.56900", "2012-12-31": -10.034, "2012-09-30": -7.663, "2012-06-30": -10.068, "2012-03-31": "-8.20100", "2011-12-31": -13.718, "2011-09-30": -6.391, "2011-06-30": -6.131, "2011-03-31": "-5.18100", "2010-12-31": -5.842, "2010-09-30": -9.275, "2010-06-30": -8.866, "2010-03-31": "-9.89900", "2009-12-31": -6.94, "2009-09-30": -8.222, "2009-06-30": -7.464, "2009-03-31": "-14.81800", "2008-12-31": -16.178, "2008-09-30": -20.343, "2008-06-30": -36.174, "2008-03-31": "-24.59500", "2007-12-31": -24.39, "2007-09-30": -19.409, "2007-06-30": -17.602, "2007-03-31": "26.10600", "2006-12-31": -19.049, "2006-09-30": -13.328, "2006-06-30": -19.663, "2006-03-31": "-15.27900", "2005-12-31": -21.702, "2005-09-30": -16.693, "2005-06-30": 19.951, "2005-03-31": "-19.58700"}, "Net Change In Intangible Assets": {"2020-09-30": 0, "2020-06-30": 0, "2020-03-31": "", "2019-12-31": 0, "2019-09-30": 0, "2019-06-30": 0, "2019-03-31": "", "2018-12-31": 0, "2018-09-30": 0, "2018-06-30": 0, "2018-03-31": "", "2017-12-31": 0, "2017-09-30": 0, "2017-06-30": 0, "2017-03-31": "", "2016-12-31": 0, "2016-09-30": 0, "2016-06-30": 0, "2016-03-31": "", "2015-12-31": 0, "2015-09-30": 0, "2015-06-30": 0, "2015-03-31": "", "2014-12-31": 0, "2014-09-30": 0, "2014-06-30": 0, "2014-03-31": "", "2013-12-31": 0, "2013-09-30": 0, "2013-06-30": 0, "2013-03-31": "", "2012-12-31": 0, "2012-09-30": 0, "2012-06-30": 0, "2012-03-31": "", "2011-12-31": 0, "2011-09-30": 0, "2011-06-30": 0, "2011-03-31": "", "2010-12-31": 2.706, "2010-09-30": -0.189, "2010-06-30": -2.03, "2010-03-31": "-0.48700", "2009-12-31": 0.774, "2009-09-30": -0.38, "2009-06-30": -0.394, "2009-03-31": "", "2008-12-31": -1.189, "2008-09-30": -0.824, "2008-06-30": 0, "2008-03-31": "-0.37500", "2007-12-31": -2, "2007-09-30": 0, "2007-06-30": 0, "2007-03-31": "", "2006-12-31": -2, "2006-09-30": 0, "2006-06-30": -6.409, "2006-03-31": "", "2005-12-31": -2.1, "2005-09-30": -0.5, "2005-06-30": 0, "2005-03-31": ""}, "Net Acquisitions/Divestitures": {"2020-09-30": -2.444, "2020-06-30": -1.298, "2020-03-31": "-193.82000", "2019-12-31": 0, "2019-09-30": 0, "2019-06-30": -0.338, "2019-03-31": "", "2018-12-31": 0, "2018-09-30": 0, "2018-06-30": 0, "2018-03-31": "", "2017-12-31": -142.699, "2017-09-30": -0.55, "2017-06-30": 0, "2017-03-31": "", "2016-12-31": 0, "2016-09-30": 0, "2016-06-30": -37.774, "2016-03-31": "-3.85300", "2015-12-31": 0, "2015-09-30": 0, "2015-06-30": 0, "2015-03-31": "", "2014-12-31": 0.127, "2014-09-30": -3.563, "2014-06-30": -136.263, "2014-03-31": "-27.42200", "2013-12-31": 0, "2013-09-30": -0.686, "2013-06-30": -391.382, "2013-03-31": "-0.75700", "2012-12-31": 0, "2012-09-30": -65.391, "2012-06-30": 0, "2012-03-31": "-1.04100", "2011-12-31": 0, "2011-09-30": -21.187, "2011-06-30": -20.327, "2011-03-31": "-2.53800", "2010-12-31": -2.706, "2010-09-30": -2.166, "2010-06-30": -253.951, "2010-03-31": "", "2009-12-31": -0.774, "2009-09-30": -9.23, "2009-06-30": -1.353, "2009-03-31": "-3.54300", "2008-12-31": -0.31, "2008-09-30": -14.432, "2008-06-30": -0.629, "2008-03-31": "-5.56000", "2007-12-31": -6.608, "2007-09-30": -66.723, "2007-06-30": -5.847, "2007-03-31": "-1.54700", "2006-12-31": -0.426, "2006-09-30": -21.642, "2006-06-30": -42.381, "2006-03-31": "-1.32900", "2005-12-31": -1.69, "2005-09-30": -17.997, "2005-06-30": -276.03, "2005-03-31": "-1.41100"}, "Net Change In Short-term Investments": {"2020-09-30": 0, "2020-06-30": 0, "2020-03-31": "", "2019-12-31": 0, "2019-09-30": 0, "2019-06-30": 0, "2019-03-31": "", "2018-12-31": 0, "2018-09-30": 0, "2018-06-30": 0, "2018-03-31": "", "2017-12-31": 0.412, "2017-09-30": 0.232, "2017-06-30": 0.082, "2017-03-31": "0.10700", "2016-12-31": 0.201, "2016-09-30": 0.25, "2016-06-30": 33.643, "2016-03-31": "1.00000", "2015-12-31": -50.806, "2015-09-30": 50.806, "2015-06-30": 0, "2015-03-31": "", "2014-12-31": 15.472, "2014-09-30": 15.311, "2014-06-30": 54.601, "2014-03-31": "", "2013-12-31": 0, "2013-09-30": 0, "2013-06-30": 0, "2013-03-31": "", "2012-12-31": 0, "2012-09-30": 0, "2012-06-30": 0, "2012-03-31": "0.00000", "2011-12-31": 0.205, "2011-09-30": 9.588, "2011-06-30": 0, "2011-03-31": "", "2010-12-31": 0.317, "2010-09-30": 0, "2010-06-30": 0, "2010-03-31": "", "2009-12-31": 0, "2009-09-30": 0, "2009-06-30": 0, "2009-03-31": "", "2008-12-31": 0, "2008-09-30": 0, "2008-06-30": 0, "2008-03-31": "", "2007-12-31": 0, "2007-09-30": 0, "2007-06-30": -0.197, "2007-03-31": "0.19700", "2006-12-31": 0, "2006-09-30": 0, "2006-06-30": 0, "2006-03-31": "", "2005-12-31": 0, "2005-09-30": 0, "2005-06-30": 0, "2005-03-31": "108.25000"}, "Net Change In Long-Term Investments": {"2020-09-30": 0, "2020-06-30": 0, "2020-03-31": "", "2019-12-31": 0, "2019-09-30": 0, "2019-06-30": -0.053, "2019-03-31": "-30.71200", "2018-12-31": -112.342, "2018-09-30": 0, "2018-06-30": 0, "2018-03-31": "", "2017-12-31": 0, "2017-09-30": 9.108, "2017-06-30": 0, "2017-03-31": "", "2016-12-31": 5.404, "2016-09-30": 26.577, "2016-06-30": 27.64, "2016-03-31": "1.05800", "2015-12-31": 51.544, "2015-09-30": -47.203, "2015-06-30": -3.141, "2015-03-31": "-0.89600", "2014-12-31": -10.478, "2014-09-30": -12.299, "2014-06-30": -53.177, "2014-03-31": "-0.51400", "2013-12-31": -0.861, "2013-09-30": 6.75, "2013-06-30": -0.535, "2013-03-31": "5.50500", "2012-12-31": -4.824, "2012-09-30": -44.865, "2012-06-30": -48.947, "2012-03-31": "-0.20600", "2011-12-31": 4.967, "2011-09-30": -7.549, "2011-06-30": 8.199, "2011-03-31": "3.56600", "2010-12-31": 0, "2010-09-30": -2.357, "2010-06-30": 0.669, "2010-03-31": "8.96400", "2009-12-31": 3.996, "2009-09-30": -0.611, "2009-06-30": -0.4, "2009-03-31": "-1.15000", "2008-12-31": 3.191, "2008-09-30": 16.767, "2008-06-30": -29.484, "2008-03-31": "3.25000", "2007-12-31": 0, "2007-09-30": 2.028, "2007-06-30": 4.261, "2007-03-31": "3.28800", "2006-12-31": 4.603, "2006-09-30": 3.454, "2006-06-30": 0, "2006-03-31": "21.68700", "2005-12-31": -4.958, "2005-09-30": 0.485, "2005-06-30": -0.845, "2005-03-31": "12.13000"}, "Net Change In Investments - Total": {"2020-09-30": 0, "2020-06-30": 0, "2020-03-31": "", "2019-12-31": 0, "2019-09-30": 0, "2019-06-30": -0.053, "2019-03-31": "-30.71200", "2018-12-31": -112.342, "2018-09-30": 0, "2018-06-30": 0, "2018-03-31": "", "2017-12-31": 0.412, "2017-09-30": 9.34, "2017-06-30": 0.082, "2017-03-31": "0.10700", "2016-12-31": 5.605, "2016-09-30": 26.827, "2016-06-30": 61.283, "2016-03-31": "2.05800", "2015-12-31": 0.738, "2015-09-30": 3.603, "2015-06-30": -3.141, "2015-03-31": "-0.89600", "2014-12-31": 4.994, "2014-09-30": 3.012, "2014-06-30": 1.424, "2014-03-31": "-0.51400", "2013-12-31": -0.861, "2013-09-30": 6.75, "2013-06-30": -0.535, "2013-03-31": "5.50500", "2012-12-31": -4.824, "2012-09-30": -44.865, "2012-06-30": -48.947, "2012-03-31": "-0.20600", "2011-12-31": 5.172, "2011-09-30": 2.039, "2011-06-30": 8.199, "2011-03-31": "3.56600", "2010-12-31": 0.317, "2010-09-30": -2.357, "2010-06-30": 0.669, "2010-03-31": "8.96400", "2009-12-31": 3.996, "2009-09-30": -0.611, "2009-06-30": -0.4, "2009-03-31": "-1.15000", "2008-12-31": 3.191, "2008-09-30": 16.767, "2008-06-30": -29.484, "2008-03-31": "3.25000", "2007-12-31": 0, "2007-09-30": 2.028, "2007-06-30": 4.064, "2007-03-31": "3.48500", "2006-12-31": 4.603, "2006-09-30": 3.454, "2006-06-30": 0, "2006-03-31": "21.68700", "2005-12-31": -4.958, "2005-09-30": 0.485, "2005-06-30": -0.845, "2005-03-31": "120.38000"}, "Investing Activities - Other": {"2020-09-30": 0, "2020-06-30": 0, "2020-03-31": "", "2019-12-31": 0, "2019-09-30": 0, "2019-06-30": 0, "2019-03-31": "", "2018-12-31": 0, "2018-09-30": 0, "2018-06-30": 0, "2018-03-31": "", "2017-12-31": 0, "2017-09-30": 0, "2017-06-30": 0, "2017-03-31": "", "2016-12-31": 0, "2016-09-30": 0, "2016-06-30": 0, "2016-03-31": "", "2015-12-31": 0, "2015-09-30": 0, "2015-06-30": 0, "2015-03-31": "", "2014-12-31": 0, "2014-09-30": 0, "2014-06-30": 0, "2014-03-31": "", "2013-12-31": 0, "2013-09-30": 0, "2013-06-30": 0, "2013-03-31": "", "2012-12-31": 0, "2012-09-30": 0, "2012-06-30": 0, "2012-03-31": "", "2011-12-31": 0, "2011-09-30": 0, "2011-06-30": 0, "2011-03-31": "", "2010-12-31": 0, "2010-09-30": 0, "2010-06-30": 0, "2010-03-31": "", "2009-12-31": 0, "2009-09-30": 0, "2009-06-30": 0, "2009-03-31": "", "2008-12-31": 0, "2008-09-30": 0, "2008-06-30": 0, "2008-03-31": "", "2007-12-31": 0, "2007-09-30": 0, "2007-06-30": 0, "2007-03-31": "", "2006-12-31": 0, "2006-09-30": 0, "2006-06-30": 0, "2006-03-31": "", "2005-12-31": 0, "2005-09-30": 0, "2005-06-30": 0, "2005-03-31": ""}, "Cash Flow From Investing Activities": {"2020-09-30": -22.654, "2020-06-30": -22.654, "2020-03-31": "-215.99900", "2019-12-31": -27.078, "2019-09-30": -16.965, "2019-06-30": -15.678, "2019-03-31": "-45.98700", "2018-12-31": -132.084, "2018-09-30": -10.656, "2018-06-30": -17.977, "2018-03-31": "-13.12800", "2017-12-31": -160.512, "2017-09-30": -3.398, "2017-06-30": -12.563, "2017-03-31": "-14.73600", "2016-12-31": -5.214, "2016-09-30": 13.144, "2016-06-30": 7.338, "2016-03-31": "-13.91100", "2015-12-31": -9.977, "2015-09-30": -6.423, "2015-06-30": -19.688, "2015-03-31": "-8.41600", "2014-12-31": -6.731, "2014-09-30": -10.794, "2014-06-30": -146.302, "2014-03-31": "-34.18800", "2013-12-31": -9.84, "2013-09-30": -6.147, "2013-06-30": -409.087, "2013-03-31": "-1.82100", "2012-12-31": -14.858, "2012-09-30": -117.919, "2012-06-30": -59.015, "2012-03-31": "-9.44800", "2011-12-31": -8.546, "2011-09-30": -25.539, "2011-06-30": -18.259, "2011-03-31": "-4.15300", "2010-12-31": -5.525, "2010-09-30": -13.987, "2010-06-30": -264.178, "2010-03-31": "-1.42200", "2009-12-31": -2.944, "2009-09-30": -18.443, "2009-06-30": -9.611, "2009-03-31": "-19.51100", "2008-12-31": -14.486, "2008-09-30": -18.832, "2008-06-30": -66.287, "2008-03-31": "-27.28000", "2007-12-31": -32.998, "2007-09-30": -84.104, "2007-06-30": -19.385, "2007-03-31": "28.04400", "2006-12-31": -16.872, "2006-09-30": -31.516, "2006-06-30": -68.453, "2006-03-31": "5.07900", "2005-12-31": -30.45, "2005-09-30": -34.705, "2005-06-30": -256.924, "2005-03-31": "99.38200"}, "Net Long-Term Debt": {"2020-09-30": 0, "2020-06-30": 0, "2020-03-31": "350.00000", "2019-12-31": 0, "2019-09-30": 0, "2019-06-30": -50, "2019-03-31": "-50.00000", "2018-12-31": 100, "2018-09-30": 0, "2018-06-30": -45, "2018-03-31": "-40.00000", "2017-12-31": 85, "2017-09-30": 0, "2017-06-30": -50, "2017-03-31": "", "2016-12-31": 0, "2016-09-30": 0, "2016-06-30": 0, "2016-03-31": "350.00000", "2015-12-31": 0, "2015-09-30": 0, "2015-06-30": -296.137, "2015-03-31": "-53.86200", "2014-12-31": 348.649, "2014-09-30": -0.001, "2014-06-30": 0, "2014-03-31": "", "2013-12-31": -194.561, "2013-09-30": -50.078, "2013-06-30": 100, "2013-03-31": "", "2012-12-31": 0, "2012-09-30": 0, "2012-06-30": 0, "2012-03-31": "", "2011-12-31": -150, "2011-09-30": 0, "2011-06-30": 0, "2011-03-31": "", "2010-12-31": -5.183, "2010-09-30": 0, "2010-06-30": 86.495, "2010-03-31": "", "2009-12-31": 0, "2009-09-30": 0, "2009-06-30": 0, "2009-03-31": "", "2008-12-31": 0, "2008-09-30": -230.207, "2008-06-30": 0, "2008-03-31": "", "2007-12-31": 28, "2007-09-30": 0, "2007-06-30": 0, "2007-03-31": "-28.00000", "2006-12-31": 358.488, "2006-09-30": -33, "2006-06-30": -33, "2006-03-31": "-33.00000", "2005-12-31": 160.058, "2005-09-30": -0.007, "2005-06-30": -0.024, "2005-03-31": "-0.02700"}, "Net Current Debt": {"2020-09-30": 0, "2020-06-30": 0, "2020-03-31": "", "2019-12-31": 0, "2019-09-30": 0, "2019-06-30": 0, "2019-03-31": "", "2018-12-31": 0, "2018-09-30": -300, "2018-06-30": 0, "2018-03-31": "", "2017-12-31": 0, "2017-09-30": 0, "2017-06-30": 0, "2017-03-31": "", "2016-12-31": 0, "2016-09-30": 0, "2016-06-30": 0, "2016-03-31": "", "2015-12-31": 0, "2015-09-30": 0, "2015-06-30": 0, "2015-03-31": "", "2014-12-31": 0, "2014-09-30": -100, "2014-06-30": 100, "2014-03-31": "", "2013-12-31": 0, "2013-09-30": 0, "2013-06-30": 0, "2013-03-31": "", "2012-12-31": 0, "2012-09-30": 0, "2012-06-30": 0, "2012-03-31": "", "2011-12-31": 0, "2011-09-30": 0, "2011-06-30": 0, "2011-03-31": "", "2010-12-31": 0, "2010-09-30": 0, "2010-06-30": 0, "2010-03-31": "", "2009-12-31": 0, "2009-09-30": 0, "2009-06-30": 0, "2009-03-31": "", "2008-12-31": 0, "2008-09-30": 0, "2008-06-30": 0, "2008-03-31": "", "2007-12-31": -28, "2007-09-30": 0, "2007-06-30": 0, "2007-03-31": "", "2006-12-31": -132, "2006-09-30": 0, "2006-06-30": 0, "2006-03-31": "", "2005-12-31": -0.062, "2005-09-30": 0, "2005-06-30": 0, "2005-03-31": ""}, "Debt Issuance/Retirement Net - Total": {"2020-09-30": 0, "2020-06-30": 0, "2020-03-31": "350.00000", "2019-12-31": 0, "2019-09-30": 0, "2019-06-30": -50, "2019-03-31": "-50.00000", "2018-12-31": 100, "2018-09-30": -300, "2018-06-30": -45, "2018-03-31": "-40.00000", "2017-12-31": 85, "2017-09-30": 0, "2017-06-30": -50, "2017-03-31": "", "2016-12-31": 0, "2016-09-30": 0, "2016-06-30": 0, "2016-03-31": "350.00000", "2015-12-31": 0, "2015-09-30": 0, "2015-06-30": -296.137, "2015-03-31": "-53.86200", "2014-12-31": 348.649, "2014-09-30": -100.001, "2014-06-30": 100, "2014-03-31": "", "2013-12-31": -194.561, "2013-09-30": -50.078, "2013-06-30": 100, "2013-03-31": "", "2012-12-31": 0, "2012-09-30": 0, "2012-06-30": 0, "2012-03-31": "", "2011-12-31": -150, "2011-09-30": 0, "2011-06-30": 0, "2011-03-31": "", "2010-12-31": -5.183, "2010-09-30": 0, "2010-06-30": 86.495, "2010-03-31": "", "2009-12-31": 0, "2009-09-30": 0, "2009-06-30": 0, "2009-03-31": "", "2008-12-31": 0, "2008-09-30": -230.207, "2008-06-30": 0, "2008-03-31": "", "2007-12-31": 0, "2007-09-30": 0, "2007-06-30": 0, "2007-03-31": "-28.00000", "2006-12-31": 226.488, "2006-09-30": -33, "2006-06-30": -33, "2006-03-31": "-33.00000", "2005-12-31": 159.996, "2005-09-30": -0.007, "2005-06-30": -0.024, "2005-03-31": "-0.02700"}, "Net Common Equity Issued/Repurchased": {"2020-09-30": -47.227, "2020-06-30": -64.659, "2020-03-31": "-66.71000", "2019-12-31": -71.302, "2019-09-30": -58.739, "2019-06-30": -72.009, "2019-03-31": "-51.25600", "2018-12-31": -97.305, "2018-09-30": -37.477, "2018-06-30": -47.695, "2018-03-31": "-26.67400", "2017-12-31": -46.466, "2017-09-30": -34.561, "2017-06-30": 7.252, "2017-03-31": "22.71500", "2016-12-31": -234.946, "2016-09-30": -226.099, "2016-06-30": -228.004, "2016-03-31": "-215.80000", "2015-12-31": -104.564, "2015-09-30": -98.778, "2015-06-30": -42.721, "2015-03-31": "-12.18800", "2014-12-31": -26.346, "2014-09-30": -19.308, "2014-06-30": 0.59, "2014-03-31": "10.86000", "2013-12-31": 1.966, "2013-09-30": 10.464, "2013-06-30": 8.426, "2013-03-31": "21.80100", "2012-12-31": 3.932, "2012-09-30": 15.692, "2012-06-30": 0.302, "2012-03-31": "12.76100", "2011-12-31": 2.72, "2011-09-30": 6.692, "2011-06-30": 1.405, "2011-03-31": "8.89700", "2010-12-31": 0.374, "2010-09-30": 5.15, "2010-06-30": -39.922, "2010-03-31": "8.04400", "2009-12-31": 0.148, "2009-09-30": 8.261, "2009-06-30": 0.08, "2009-03-31": "19.52100", "2008-12-31": 0.076, "2008-09-30": -36.235, "2008-06-30": 1.152, "2008-03-31": "-190.75100", "2007-12-31": -20.618, "2007-09-30": -207.174, "2007-06-30": 93.603, "2007-03-31": "-9.83900", "2006-12-31": -215.572, "2006-09-30": -67.212, "2006-06-30": -57.285, "2006-03-31": "-7.57200", "2005-12-31": -63.997, "2005-09-30": 57.493, "2005-06-30": 12.326, "2005-03-31": "39.58900"}, "Net Total Equity Issued/Repurchased": {"2020-09-30": -47.227, "2020-06-30": -64.659, "2020-03-31": "-66.71000", "2019-12-31": -71.302, "2019-09-30": -58.739, "2019-06-30": -72.009, "2019-03-31": "-51.25600", "2018-12-31": -97.305, "2018-09-30": -37.477, "2018-06-30": -47.695, "2018-03-31": "-26.67400", "2017-12-31": -46.466, "2017-09-30": -34.561, "2017-06-30": 7.252, "2017-03-31": "22.71500", "2016-12-31": -234.946, "2016-09-30": -226.099, "2016-06-30": -228.004, "2016-03-31": "-215.80000", "2015-12-31": -104.564, "2015-09-30": -98.778, "2015-06-30": -42.721, "2015-03-31": "-12.18800", "2014-12-31": -26.346, "2014-09-30": -19.308, "2014-06-30": 0.59, "2014-03-31": "10.86000", "2013-12-31": 1.966, "2013-09-30": 10.464, "2013-06-30": 8.426, "2013-03-31": "21.80100", "2012-12-31": 3.932, "2012-09-30": 15.692, "2012-06-30": 0.302, "2012-03-31": "12.76100", "2011-12-31": 2.72, "2011-09-30": 6.692, "2011-06-30": 1.405, "2011-03-31": "8.89700", "2010-12-31": 0.374, "2010-09-30": 5.15, "2010-06-30": -39.922, "2010-03-31": "8.04400", "2009-12-31": 0.148, "2009-09-30": 8.261, "2009-06-30": 0.08, "2009-03-31": "19.52100", "2008-12-31": 0.076, "2008-09-30": -36.235, "2008-06-30": 1.152, "2008-03-31": "-190.75100", "2007-12-31": -20.618, "2007-09-30": -207.174, "2007-06-30": 93.603, "2007-03-31": "-9.83900", "2006-12-31": -215.572, "2006-09-30": -67.212, "2006-06-30": -57.285, "2006-03-31": "-7.57200", "2005-12-31": -63.997, "2005-09-30": 57.493, "2005-06-30": 12.326, "2005-03-31": "39.58900"}, "Total Common And Preferred Stock Dividends Paid": {"2020-09-30": 0, "2020-06-30": 0, "2020-03-31": "", "2019-12-31": 0, "2019-09-30": 0, "2019-06-30": 0, "2019-03-31": "", "2018-12-31": 0, "2018-09-30": 0, "2018-06-30": 0, "2018-03-31": "", "2017-12-31": 0, "2017-09-30": 0, "2017-06-30": 0, "2017-03-31": "", "2016-12-31": 0, "2016-09-30": 0, "2016-06-30": 0, "2016-03-31": "", "2015-12-31": 0, "2015-09-30": 0, "2015-06-30": 0, "2015-03-31": "", "2014-12-31": 0, "2014-09-30": 0, "2014-06-30": 0, "2014-03-31": "", "2013-12-31": 0, "2013-09-30": 0, "2013-06-30": 0, "2013-03-31": "", "2012-12-31": 0, "2012-09-30": 0, "2012-06-30": 0, "2012-03-31": "", "2011-12-31": 0, "2011-09-30": 0, "2011-06-30": 0, "2011-03-31": "", "2010-12-31": 0, "2010-09-30": 0, "2010-06-30": 0, "2010-03-31": "", "2009-12-31": 0, "2009-09-30": 0, "2009-06-30": 0, "2009-03-31": "", "2008-12-31": 0, "2008-09-30": 0, "2008-06-30": 0, "2008-03-31": "", "2007-12-31": 0, "2007-09-30": 0, "2007-06-30": 0, "2007-03-31": "", "2006-12-31": 0, "2006-09-30": 0, "2006-06-30": 0, "2006-03-31": "", "2005-12-31": 0, "2005-09-30": 0, "2005-06-30": 0, "2005-03-31": ""}, "Financial Activities - Other": {"2020-09-30": -31.858, "2020-06-30": -16.129, "2020-03-31": "-37.52800", "2019-12-31": -15.564, "2019-09-30": -29.318, "2019-06-30": -12.876, "2019-03-31": "-32.82200", "2018-12-31": -10.302, "2018-09-30": -29.494, "2018-06-30": -3.61, "2018-03-31": "-30.38200", "2017-12-31": 0.836, "2017-09-30": -28.311, "2017-06-30": -3.349, "2017-03-31": "-23.26300", "2016-12-31": -1.694, "2016-09-30": -18.042, "2016-06-30": -2.345, "2016-03-31": "-15.76700", "2015-12-31": -3.205, "2015-09-30": -9.138, "2015-06-30": 1.915, "2015-03-31": "-7.63200", "2014-12-31": -5.46, "2014-09-30": -8.534, "2014-06-30": -0.496, "2014-03-31": "-10.98900", "2013-12-31": -1.139, "2013-09-30": -5.604, "2013-06-30": -0.959, "2013-03-31": "-6.60700", "2012-12-31": -6.241, "2012-09-30": -1.845, "2012-06-30": -5.398, "2012-03-31": "-3.37000", "2011-12-31": -4.66, "2011-09-30": -0.607, "2011-06-30": -3.728, "2011-03-31": "-5.52300", "2010-12-31": -3.012, "2010-09-30": -13.884, "2010-06-30": 25.644, "2010-03-31": "-3.76800", "2009-12-31": -0.521, "2009-09-30": -3.287, "2009-06-30": -1.78, "2009-03-31": "-1.45500", "2008-12-31": -2.158, "2008-09-30": -0.267, "2008-06-30": 17.083, "2008-03-31": "-2.11200", "2007-12-31": -15.588, "2007-09-30": 10.155, "2007-06-30": 4.976, "2007-03-31": "2.41900", "2006-12-31": -21.33, "2006-09-30": 0.383, "2006-06-30": 1.033, "2006-03-31": "6.14000", "2005-12-31": 0, "2005-09-30": 0, "2005-06-30": 0, "2005-03-31": ""}, "Cash Flow From Financial Activities": {"2020-09-30": -79.085, "2020-06-30": -80.788, "2020-03-31": "245.76200", "2019-12-31": -86.866, "2019-09-30": -88.057, "2019-06-30": -134.885, "2019-03-31": "-134.07800", "2018-12-31": -7.607, "2018-09-30": -366.971, "2018-06-30": -96.305, "2018-03-31": "-97.05600", "2017-12-31": 39.37, "2017-09-30": -62.872, "2017-06-30": -46.097, "2017-03-31": "-0.54800", "2016-12-31": -236.64, "2016-09-30": -244.141, "2016-06-30": -230.349, "2016-03-31": "118.43300", "2015-12-31": -107.769, "2015-09-30": -107.916, "2015-06-30": -336.943, "2015-03-31": "-73.68200", "2014-12-31": 316.843, "2014-09-30": -127.843, "2014-06-30": 100.094, "2014-03-31": "-0.12900", "2013-12-31": -193.734, "2013-09-30": -45.218, "2013-06-30": 107.467, "2013-03-31": "15.19400", "2012-12-31": -2.309, "2012-09-30": 13.847, "2012-06-30": -5.096, "2012-03-31": "9.39100", "2011-12-31": -151.94, "2011-09-30": 6.085, "2011-06-30": -2.323, "2011-03-31": "3.37400", "2010-12-31": -7.821, "2010-09-30": -8.734, "2010-06-30": 72.217, "2010-03-31": "4.27600", "2009-12-31": -0.373, "2009-09-30": 4.974, "2009-06-30": -1.7, "2009-03-31": "18.06600", "2008-12-31": -2.082, "2008-09-30": -266.709, "2008-06-30": 18.235, "2008-03-31": "-192.86300", "2007-12-31": -36.206, "2007-09-30": -197.019, "2007-06-30": 98.579, "2007-03-31": "-35.42000", "2006-12-31": -10.414, "2006-09-30": -99.829, "2006-06-30": -89.252, "2006-03-31": "-34.43200", "2005-12-31": 95.999, "2005-09-30": 57.486, "2005-06-30": 12.302, "2005-03-31": "39.56200"}, "Net Cash Flow": {"2020-09-30": 117.378, "2020-06-30": 242.901, "2020-03-31": "241.07500", "2019-12-31": 49.994, "2019-09-30": 21.801, "2019-06-30": 94.517, "2019-03-31": "5.60000", "2018-12-31": -11.287, "2018-09-30": -274.955, "2018-06-30": 72.572, "2018-03-31": "58.88100", "2017-12-31": 9.803, "2017-09-30": 22.286, "2017-06-30": 111.87, "2017-03-31": "78.89600", "2016-12-31": -59.101, "2016-09-30": -145.24, "2016-06-30": -140.827, "2016-03-31": "193.71400", "2015-12-31": 0.595, "2015-09-30": -31.76, "2015-06-30": -239.885, "2015-03-31": "-44.42500", "2014-12-31": 431.678, "2014-09-30": -56.933, "2014-06-30": 24.655, "2014-03-31": "-3.49900", "2013-12-31": -84.143, "2013-09-30": 43.17, "2013-06-30": -232.919, "2013-03-31": "83.79500", "2012-12-31": 77.258, "2012-09-30": -12.559, "2012-06-30": 1.971, "2012-03-31": "58.08500", "2011-12-31": -94.499, "2011-09-30": 30.784, "2011-06-30": 53.109, "2011-03-31": "54.79900", "2010-12-31": 48.374, "2010-09-30": 33.432, "2010-06-30": -143.7, "2010-03-31": "50.18800", "2009-12-31": -1.502, "2009-09-30": 13.692, "2009-06-30": 2.521, "2009-03-31": "-13.85100", "2008-12-31": 16.502, "2008-09-30": -284.76, "2008-06-30": 10.968, "2008-03-31": "-237.37500", "2007-12-31": 127.333, "2007-09-30": -192.942, "2007-06-30": 181.775, "2007-03-31": "12.41200", "2006-12-31": 176.832, "2006-09-30": -68.353, "2006-06-30": -47.023, "2006-03-31": "11.57100", "2005-12-31": 242.545, "2005-09-30": 75.215, "2005-06-30": -113.265, "2005-03-31": "208.30300"}, "Stock-Based Compensation": {"2020-09-30": 45.334, "2020-06-30": 46.907, "2020-03-31": "46.48200", "2019-12-31": 46.758, "2019-09-30": 48.279, "2019-06-30": 44.257, "2019-03-31": "42.25300", "2018-12-31": 42.594, "2018-09-30": 46.264, "2018-06-30": 40.956, "2018-03-31": "37.90100", "2017-12-31": 36.015, "2017-09-30": 36.09, "2017-06-30": 30.482, "2017-03-31": "27.43600", "2016-12-31": 29.231, "2016-09-30": 29.998, "2016-06-30": 25.356, "2016-03-31": "24.63200", "2015-12-31": 24.66, "2015-09-30": 24.117, "2015-06-30": 21.703, "2015-03-31": "21.86100", "2014-12-31": 22.974, "2014-09-30": 22.877, "2014-06-30": 19.077, "2014-03-31": "18.86400", "2013-12-31": 18.798, "2013-09-30": 18.566, "2013-06-30": 15.111, "2013-03-31": "13.81000", "2012-12-31": 13.276, "2012-09-30": 12.399, "2012-06-30": 10.361, "2012-03-31": "11.52500", "2011-12-31": 11.999, "2011-09-30": 11.891, "2011-06-30": 10.341, "2011-03-31": "9.35700", "2010-12-31": 10.643, "2010-09-30": 12.01, "2010-06-30": 10.435, "2010-03-31": "10.37200", "2009-12-31": 11.016, "2009-09-30": 14.455, "2009-06-30": 16.507, "2009-03-31": "12.72800", "2008-12-31": 23.596, "2008-09-30": 14.634, "2008-06-30": 21.454, "2008-03-31": "21.59000", "2007-12-31": 22.587, "2007-09-30": 24.119, "2007-06-30": 27.027, "2007-03-31": "27.68200", "2006-12-31": 23.549, "2006-09-30": 24.273, "2006-06-30": 26.499, "2006-03-31": "29.66500", "2005-12-31": 7.696, "2005-09-30": 13.89, "2005-06-30": 10.311, "2005-03-31": "8.00500"}, "Common Stock Dividends Paid": {"2020-09-30": 0, "2020-06-30": 0, "2020-03-31": "", "2019-12-31": 0, "2019-09-30": 0, "2019-06-30": 0, "2019-03-31": "", "2018-12-31": 0, "2018-09-30": 0, "2018-06-30": 0, "2018-03-31": "", "2017-12-31": 0, "2017-09-30": 0, "2017-06-30": 0, "2017-03-31": "", "2016-12-31": 0, "2016-09-30": 0, "2016-06-30": 0, "2016-03-31": "", "2015-12-31": 0, "2015-09-30": 0, "2015-06-30": 0, "2015-03-31": "", "2014-12-31": 0, "2014-09-30": 0, "2014-06-30": 0, "2014-03-31": "", "2013-12-31": 0, "2013-09-30": 0, "2013-06-30": 0, "2013-03-31": "", "2012-12-31": 0, "2012-09-30": 0, "2012-06-30": 0, "2012-03-31": "", "2011-12-31": 0, "2011-09-30": 0, "2011-06-30": 0, "2011-03-31": "", "2010-12-31": 0, "2010-09-30": 0, "2010-06-30": 0, "2010-03-31": "", "2009-12-31": 0, "2009-09-30": 0, "2009-06-30": 0, "2009-03-31": "", "2008-12-31": 0, "2008-09-30": 0, "2008-06-30": 0, "2008-03-31": "", "2007-12-31": 0, "2007-09-30": 0, "2007-06-30": 0, "2007-03-31": "", "2006-12-31": 0, "2006-09-30": 0, "2006-06-30": 0, "2006-03-31": "", "2005-12-31": 0, "2005-09-30": 0, "2005-06-30": 0, "2005-03-31": ""}}, "financial ratios": {"Current Ratio": {"2019-12-31": "1.73910", "2018-12-31": "1.34150", "2017-12-31": "1.52550", "2016-12-31": "1.19890", "2015-12-31": "1.79790", "2014-12-31": "1.32920", "2013-12-31": "1.06350", "2012-12-31": "1.14290", "2011-12-31": "1.04790", "2010-12-31": "1.26070", "2009-12-31": "2.13810", "2008-12-31": "1.69080", "2007-12-31": "1.94730", "2006-12-31": "2.39390", "2005-12-31": "2.10660"}, "Long-term Debt / Capital": {"2019-12-31": "0.14130", "2018-12-31": "0.21140", "2017-12-31": "0.39450", "2016-12-31": "0.46450", "2015-12-31": "0.19970", "2014-12-31": "0.20730", "2013-12-31": "", "2012-12-31": "", "2011-12-31": "0.24290", "2010-12-31": "0.59500", "2009-12-31": "0.80090", "2008-12-31": "0.69050", "2007-12-31": "0.19380", "2006-12-31": "0.30060", "2005-12-31": "0.22900"}, "Debt/Equity Ratio": {"2019-12-31": "0.16450", "2018-12-31": "0.34560", "2017-12-31": "0.73730", "2016-12-31": "0.93490", "2015-12-31": "0.24950", "2014-12-31": "0.91120", "2013-12-31": "0.54640", "2012-12-31": "0.81970", "2011-12-31": "1.55930", "2010-12-31": "1.98680", "2009-12-31": "4.02330", "2008-12-31": "2.23110", "2007-12-31": "0.35110", "2006-12-31": "0.44630", "2005-12-31": "0.31440"}, "Gross Margin": {"2019-12-31": "88.59930", "2018-12-31": "87.89780", "2017-12-31": "87.78250", "2016-12-31": "85.87660", "2015-12-31": "85.99060", "2014-12-31": "85.84980", "2013-12-31": "86.28870", "2012-12-31": "85.59110", "2011-12-31": "83.02750", "2010-12-31": "83.28520", "2009-12-31": "80.15050", "2008-12-31": "79.83080", "2007-12-31": "86.71790", "2006-12-31": "84.69580", "2005-12-31": "82.59030"}, "Operating Margin": {"2019-12-31": "21.05000", "2018-12-31": "18.53160", "2017-12-31": "16.67270", "2016-12-31": "13.48510", "2015-12-31": "16.76940", "2014-12-31": "13.07100", "2013-12-31": "12.94470", "2012-12-31": "15.95810", "2011-12-31": "10.46910", "2010-12-31": "-3.09480", "2009-12-31": "-14.49520", "2008-12-31": "-151.47760", "2007-12-31": "19.68500", "2006-12-31": "15.13530", "2005-12-31": "8.94020"}, "EBIT Margin": {"2019-12-31": "21.05000", "2018-12-31": "18.53160", "2017-12-31": "16.67270", "2016-12-31": "13.48510", "2015-12-31": "16.76940", "2014-12-31": "13.07100", "2013-12-31": "12.94470", "2012-12-31": "15.95810", "2011-12-31": "10.46910", "2010-12-31": "-3.09480", "2009-12-31": "-14.49520", "2008-12-31": "-151.47760", "2007-12-31": "19.68500", "2006-12-31": "15.13530", "2005-12-31": "8.94020"}, "EBITDA Margin": {"2019-12-31": "26.34860", "2018-12-31": "24.14040", "2017-12-31": "22.68050", "2016-12-31": "20.12890", "2015-12-31": "24.26410", "2014-12-31": "21.68390", "2013-12-31": "21.41600", "2012-12-31": "24.45690", "2011-12-31": "20.98480", "2010-12-31": "9.05180", "2009-12-31": "-1.11890", "2008-12-31": "-10.74120", "2007-12-31": "28.75830", "2006-12-31": "25.04960", "2005-12-31": "22.83710"}, "Pre-Tax Profit Margin": {"2019-12-31": "20.50100", "2018-12-31": "17.60460", "2017-12-31": "16.21410", "2016-12-31": "13.05850", "2015-12-31": "15.72160", "2014-12-31": "11.44910", "2013-12-31": "10.88930", "2012-12-31": "14.19390", "2011-12-31": "8.29910", "2010-12-31": "-6.70630", "2009-12-31": "-18.00370", "2008-12-31": "-155.73760", "2007-12-31": "21.55930", "2006-12-31": "16.30020", "2005-12-31": "9.66620"}, "Net Profit Margin": {"2019-12-31": "42.33070", "2018-12-31": "16.17280", "2017-12-31": "10.50430", "2016-12-31": "11.18260", "2015-12-31": "14.82980", "2014-12-31": "10.05090", "2013-12-31": "11.24860", "2012-12-31": "33.16800", "2011-12-31": "6.28170", "2010-12-31": "13.51970", "2009-12-31": "-17.57750", "2008-12-31": "-178.76850", "2007-12-31": "17.75760", "2006-12-31": "9.60930", "2005-12-31": "3.71230"}, "Asset Turnover": {"2019-12-31": "0.69590", "2018-12-31": "0.86610", "2017-12-31": "0.80330", "2016-12-31": "0.86610", "2015-12-31": "0.72570", "2014-12-31": "0.49260", "2013-12-31": "0.60120", "2012-12-31": "0.58000", "2011-12-31": "0.65280", "2010-12-31": "0.54040", "2009-12-31": "0.60450", "2008-12-31": "0.61830", "2007-12-31": "0.41720", "2006-12-31": "0.43100", "2005-12-31": "0.39080"}, "Inventory Turnover Ratio": {"2019-12-31": "4.77330", "2018-12-31": "9.18780", "2017-12-31": "7.14840", "2016-12-31": "6.49760", "2015-12-31": "4.20090", "2014-12-31": "3.96680", "2013-12-31": "3.98650", "2012-12-31": "5.28500", "2011-12-31": "4.51300", "2010-12-31": "4.00790", "2009-12-31": "7.00360", "2008-12-31": "7.35920", "2007-12-31": "6.91890", "2006-12-31": "6.10830", "2005-12-31": "8.00660"}, "Receiveable Turnover": {"2019-12-31": "7.67150", "2018-12-31": "7.19670", "2017-12-31": "10.20360", "2016-12-31": "11.55480", "2015-12-31": "10.32520", "2014-12-31": "12.90640", "2013-12-31": "13.56680", "2012-12-31": "13.55970", "2011-12-31": "8.40690", "2010-12-31": "4.87750", "2009-12-31": "4.24980", "2008-12-31": "3.47750", "2007-12-31": "4.95080", "2006-12-31": "6.22340", "2005-12-31": "4.71220"}, "Days Sales In Receivables": {"2019-12-31": "47.57880", "2018-12-31": "50.71740", "2017-12-31": "35.77170", "2016-12-31": "31.58850", "2015-12-31": "35.35040", "2014-12-31": "28.28050", "2013-12-31": "26.90390", "2012-12-31": "26.91800", "2011-12-31": "43.41650", "2010-12-31": "74.83380", "2009-12-31": "85.88610", "2008-12-31": "104.95980", "2007-12-31": "73.72510", "2006-12-31": "58.64960", "2005-12-31": "77.45810"}, "ROE - Return On Equity": {"2019-12-31": "47.02940", "2018-12-31": "26.83770", "2017-12-31": "20.63290", "2016-12-31": "27.37860", "2015-12-31": "18.34270", "2014-12-31": "11.91520", "2013-12-31": "14.20660", "2012-12-31": "48.07280", "2011-12-31": "17.56840", "2010-12-31": "45.73870", "2009-12-31": "-138.29190", "2008-12-31": "-994.42190", "2007-12-31": "13.78750", "2006-12-31": "8.36670", "2005-12-31": "2.67480"}, "Return On Tangible Equity": {"2019-12-31": "77.95440", "2018-12-31": "86.29930", "2017-12-31": "460.12050", "2016-12-31": "-226.13360", "2015-12-31": "47.81890", "2014-12-31": "37.93450", "2013-12-31": "42.38450", "2012-12-31": "88.52660", "2011-12-31": "157.80520", "2010-12-31": "-205.96360", "2009-12-31": "-188.44100", "2008-12-31": "-1349.05300", "2007-12-31": "44.61660", "2006-12-31": "44.57230", "2005-12-31": "10.77520"}, "ROA - Return On Assets": {"2019-12-31": "29.45820", "2018-12-31": "14.00670", "2017-12-31": "8.43840", "2016-12-31": "9.68500", "2015-12-31": "10.76170", "2014-12-31": "4.95080", "2013-12-31": "6.76290", "2012-12-31": "19.23690", "2011-12-31": "4.10100", "2010-12-31": "7.30540", "2009-12-31": "-10.62470", "2008-12-31": "-110.52840", "2007-12-31": "7.40830", "2006-12-31": "4.12960", "2005-12-31": "1.45070"}, "ROI - Return On Investment": {"2019-12-31": "40.38440", "2018-12-31": "21.16540", "2017-12-31": "12.49420", "2016-12-31": "14.66050", "2015-12-31": "14.68050", "2014-12-31": "9.44560", "2013-12-31": "14.20660", "2012-12-31": "48.07280", "2011-12-31": "13.30060", "2010-12-31": "18.52520", "2009-12-31": "-27.53030", "2008-12-31": "-307.76750", "2007-12-31": "11.11550", "2006-12-31": "5.85160", "2005-12-31": "2.06220"}, "Book Value Per Share": {"2019-12-31": "7.51420", "2018-12-31": "4.60120", "2017-12-31": "3.50700", "2016-12-31": "2.66730", "2015-12-31": "4.44780", "2014-12-31": "4.57360", "2013-12-31": "4.01240", "2012-12-31": "3.26100", "2011-12-31": "1.50770", "2010-12-31": "1.03570", "2009-12-31": "0.40340", "2008-12-31": "0.72410", "2007-12-31": "7.57250", "2006-12-31": "6.18120", "2005-12-31": "6.41340"}, "Operating Cash Flow Per Share": {"2019-12-31": 0.4499, "2018-12-31": 0.4711, "2017-12-31": 0.1524, "2016-12-31": 0.3165, "2015-12-31": 0.1786, "2014-12-31": -0.2156, "2013-12-31": 0.1221, "2012-12-31": 0.2384, "2011-12-31": 0.1385, "2010-12-31": 0.6495, "2009-12-31": -0.1769, "2008-12-31": -1.0851, "2007-12-31": 0.0134, "2006-12-31": -0.0078, "2005-12-31": 1.3559}, "Free Cash Flow Per Share": {"2019-12-31": 0.4027, "2018-12-31": 0.459, "2017-12-31": 0.1271, "2016-12-31": 0.2787, "2015-12-31": 0.1648, "2014-12-31": -0.1927, "2013-12-31": 0.0977, "2012-12-31": 0.2263, "2011-12-31": 0.1498, "2010-12-31": 0.6674, "2009-12-31": 0.0604, "2008-12-31": -1.3483, "2007-12-31": 0.1095, "2006-12-31": -0.1024, "2005-12-31": 1.235}}, "financial ratios, quarterly": {"Current Ratio": {"2020-09-30": "1.55340", "2020-06-30": "1.42360", "2020-03-31": "1.38230", "2019-12-31": "1.73910", "2019-09-30": "1.69630", "2019-06-30": "1.60480", "2019-03-31": "1.45370", "2018-12-31": "1.34150", "2018-09-30": "1.64110", "2018-06-30": "1.29760", "2018-03-31": "1.23510", "2017-12-31": "1.52550", "2017-09-30": "1.79010", "2017-06-30": "1.62180", "2017-03-31": "1.38930", "2016-12-31": "1.19890", "2016-09-30": "1.49120", "2016-06-30": "1.70460", "2016-03-31": "2.02900", "2015-12-31": "1.79790", "2015-09-30": "2.04470", "2015-06-30": "2.02370", "2015-03-31": "1.41360", "2014-12-31": "1.32920", "2014-09-30": "1.04290", "2014-06-30": "1.00470", "2014-03-31": "1.08810", "2013-12-31": "1.06350", "2013-09-30": "0.98190", "2013-06-30": "0.92920", "2013-03-31": "1.20760", "2012-12-31": "1.14290", "2012-09-30": "1.16380", "2012-06-30": "1.15520", "2012-03-31": "1.09910", "2011-12-31": "1.04790", "2011-09-30": "1.47560", "2011-06-30": "0.98380", "2011-03-31": "1.36960", "2010-12-31": "1.26070", "2010-09-30": "1.78360", "2010-06-30": "1.72280", "2010-03-31": "2.18950", "2009-12-31": "2.13810", "2009-09-30": "2.12500", "2009-06-30": "1.96630", "2009-03-31": "1.96660", "2008-12-31": "1.69080", "2008-09-30": "1.87330", "2008-06-30": "1.83110", "2008-03-31": "1.74710", "2007-12-31": "1.94730", "2007-09-30": "1.93270", "2007-06-30": "3.24390", "2007-03-31": "2.94940", "2006-12-31": "2.39390", "2006-09-30": "2.20960", "2006-06-30": "2.07140", "2006-03-31": "2.24760", "2005-12-31": "2.10660", "2005-09-30": "2.14220", "2005-06-30": "1.78880", "2005-03-31": "2.20810"}, "Long-term Debt / Capital": {"2020-09-30": "0.12640", "2020-06-30": "0.13310", "2020-03-31": "0.13820", "2019-12-31": "0.14130", "2019-09-30": "0.18940", "2019-06-30": "0.19460", "2019-03-31": "0.20190", "2018-12-31": "0.21140", "2018-09-30": "0.21540", "2018-06-30": "0.22500", "2018-03-31": "0.23180", "2017-12-31": "0.39450", "2017-09-30": "0.38920", "2017-06-30": "0.40350", "2017-03-31": "0.43370", "2016-12-31": "0.46450", "2016-09-30": "0.40970", "2016-06-30": "0.37420", "2016-03-31": "0.34250", "2015-12-31": "0.19970", "2015-09-30": "0.20120", "2015-06-30": "0.19970", "2015-03-31": "0.20370", "2014-12-31": "0.20730", "2014-09-30": "", "2014-06-30": "", "2014-03-31": "", "2013-12-31": "", "2013-09-30": "", "2013-06-30": "", "2013-03-31": "", "2012-12-31": "", "2012-09-30": "0.18840", "2012-06-30": "0.21190", "2012-03-31": "0.22460", "2011-12-31": "0.24290", "2011-09-30": "0.52780", "2011-06-30": "0.28010", "2011-03-31": "0.58000", "2010-12-31": "0.59500", "2010-09-30": "0.64930", "2010-06-30": "0.76910", "2010-03-31": "0.78750", "2009-12-31": "0.80090", "2009-09-30": "0.81760", "2009-06-30": "0.83150", "2009-03-31": "0.74050", "2008-12-31": "0.69050", "2008-09-30": "0.22680", "2008-06-30": "0.20590", "2008-03-31": "0.20890", "2007-12-31": "0.19380", "2007-09-30": "0.20380", "2007-06-30": "0.26250", "2007-03-31": "0.28100", "2006-12-31": "0.30060", "2006-09-30": "0.18850", "2006-06-30": "0.20110", "2006-03-31": "0.21300", "2005-12-31": "0.22900", "2005-09-30": "0.19060", "2005-06-30": "0.19160", "2005-03-31": "0.19400"}, "Debt/Equity Ratio": {"2020-09-30": "0.29080", "2020-06-30": "0.30860", "2020-03-31": "0.32260", "2019-12-31": "0.16450", "2019-09-30": "0.23360", "2019-06-30": "0.24160", "2019-03-31": "0.28950", "2018-12-31": "0.34560", "2018-09-30": "0.27450", "2018-06-30": "0.54280", "2018-03-31": "0.60370", "2017-12-31": "0.73730", "2017-09-30": "0.63730", "2017-06-30": "1.01540", "2017-03-31": "0.82530", "2016-12-31": "0.93490", "2016-09-30": "1.05920", "2016-06-30": "0.64450", "2016-03-31": "0.82290", "2015-12-31": "0.24950", "2015-09-30": "0.25190", "2015-06-30": "0.24960", "2015-03-31": "0.78660", "2014-12-31": "0.91120", "2014-09-30": "0.61510", "2014-06-30": "0.70540", "2014-03-31": "0.57550", "2013-12-31": "0.54640", "2013-09-30": "0.73560", "2013-06-30": "0.85870", "2013-03-31": "0.75360", "2012-12-31": "0.81970", "2012-09-30": "1.23850", "2012-06-30": "1.30570", "2012-03-31": "1.49510", "2011-12-31": "1.55930", "2011-09-30": "1.51230", "2011-06-30": "2.36890", "2011-03-31": "1.86830", "2010-12-31": "1.98680", "2010-09-30": "1.85170", "2010-06-30": "3.33030", "2010-03-31": "3.70570", "2009-12-31": "4.02330", "2009-09-30": "4.48140", "2009-06-30": "4.93330", "2009-03-31": "2.85310", "2008-12-31": "2.23110", "2008-09-30": "0.29340", "2008-06-30": "0.37870", "2008-03-31": "0.38570", "2007-12-31": "0.35110", "2007-09-30": "0.37400", "2007-06-30": "0.35590", "2007-03-31": "0.39080", "2006-12-31": "0.44630", "2006-09-30": "0.25570", "2006-06-30": "0.27300", "2006-03-31": "0.28980", "2005-12-31": "0.31440", "2005-09-30": "0.23540", "2005-06-30": "0.23700", "2005-03-31": "0.24070"}, "Gross Margin": {"2020-09-30": "87.65630", "2020-06-30": "88.21850", "2020-03-31": "87.95010", "2019-12-31": "87.76960", "2019-09-30": "89.47990", "2019-06-30": "89.40960", "2019-03-31": "87.76140", "2018-12-31": "86.64140", "2018-09-30": "88.64650", "2018-06-30": "88.62640", "2018-03-31": "87.78130", "2017-12-31": "87.98460", "2017-09-30": "88.77580", "2017-06-30": "87.30020", "2017-03-31": "87.04330", "2016-12-31": "83.78440", "2016-09-30": "87.31410", "2016-06-30": "86.36200", "2016-03-31": "86.14440", "2015-12-31": "86.19250", "2015-09-30": "84.96620", "2015-06-30": "87.55540", "2015-03-31": "85.27220", "2014-12-31": "86.26440", "2014-09-30": "86.49700", "2014-06-30": "85.63500", "2014-03-31": "84.91640", "2013-12-31": "84.33030", "2013-09-30": "86.43490", "2013-06-30": "88.07030", "2013-03-31": "86.39690", "2012-12-31": "87.32870", "2012-09-30": "84.85530", "2012-06-30": "84.84510", "2012-03-31": "85.24970", "2011-12-31": "84.16750", "2011-09-30": "82.96570", "2011-06-30": "81.85270", "2011-03-31": "83.02640", "2010-12-31": "84.39910", "2010-09-30": "83.26470", "2010-06-30": "82.75380", "2010-03-31": "82.60100", "2009-12-31": "81.66420", "2009-09-30": "82.11700", "2009-06-30": "78.07500", "2009-03-31": "78.58620", "2008-12-31": "78.32850", "2008-09-30": "77.88450", "2008-06-30": "81.47550", "2008-03-31": "80.89230", "2007-12-31": "87.73870", "2007-09-30": "86.92920", "2007-06-30": "86.81100", "2007-03-31": "85.10620", "2006-12-31": "87.48990", "2006-09-30": "85.59740", "2006-06-30": "83.30720", "2006-03-31": "81.53740", "2005-12-31": "85.35350", "2005-09-30": "83.02450", "2005-06-30": "81.29360", "2005-03-31": "79.93830"}, "Operating Margin": {"2020-09-30": "25.39310", "2020-06-30": "23.80100", "2020-03-31": "22.55030", "2019-12-31": "18.16330", "2019-09-30": "20.84640", "2019-06-30": "23.03080", "2019-03-31": "22.26230", "2018-12-31": "19.95090", "2018-09-30": "19.46220", "2018-06-30": "17.95090", "2018-03-31": "16.59210", "2017-12-31": "16.19980", "2017-09-30": "16.56060", "2017-06-30": "17.26300", "2017-03-31": "16.69120", "2016-12-31": "11.32610", "2016-09-30": "14.97960", "2016-06-30": "14.76890", "2016-03-31": "12.95850", "2015-12-31": "18.55450", "2015-09-30": "17.95940", "2015-06-30": "18.37150", "2015-03-31": "11.98080", "2014-12-31": "17.67580", "2014-09-30": "13.49550", "2014-06-30": "9.37120", "2014-03-31": "11.17740", "2013-12-31": "10.03370", "2013-09-30": "13.07250", "2013-06-30": "12.45360", "2013-03-31": "16.41030", "2012-12-31": "16.28000", "2012-09-30": "17.55840", "2012-06-30": "15.50500", "2012-03-31": "14.35900", "2011-12-31": "14.83700", "2011-09-30": "11.00230", "2011-06-30": "8.81030", "2011-03-31": "6.59300", "2010-12-31": "-10.35350", "2010-09-30": "-1.29570", "2010-06-30": "2.29850", "2010-03-31": "-2.39710", "2009-12-31": "-5.10990", "2009-09-30": "-4.69230", "2009-06-30": "-25.61720", "2009-03-31": "-23.46850", "2008-12-31": "-625.16110", "2008-09-30": "-46.95810", "2008-06-30": "0.18050", "2008-03-31": "-16.04510", "2007-12-31": "24.55900", "2007-09-30": "21.16810", "2007-06-30": "18.85710", "2007-03-31": "12.83100", "2006-12-31": "24.01630", "2006-09-30": "17.95670", "2006-06-30": "11.80150", "2006-03-31": "3.96660", "2005-12-31": "23.79520", "2005-09-30": "8.96170", "2005-06-30": "0.05800", "2005-03-31": "-0.55410"}, "EBIT Margin": {"2020-09-30": "25.39310", "2020-06-30": "23.80100", "2020-03-31": "22.55030", "2019-12-31": "18.16330", "2019-09-30": "20.84640", "2019-06-30": "23.03080", "2019-03-31": "22.26230", "2018-12-31": "19.95090", "2018-09-30": "19.46220", "2018-06-30": "17.95090", "2018-03-31": "16.59210", "2017-12-31": "16.19980", "2017-09-30": "16.56060", "2017-06-30": "17.26300", "2017-03-31": "16.69120", "2016-12-31": "11.32610", "2016-09-30": "14.97960", "2016-06-30": "14.76890", "2016-03-31": "12.95850", "2015-12-31": "18.55450", "2015-09-30": "17.95940", "2015-06-30": "18.37150", "2015-03-31": "11.98080", "2014-12-31": "17.67580", "2014-09-30": "13.49550", "2014-06-30": "9.37120", "2014-03-31": "11.17740", "2013-12-31": "10.03360", "2013-09-30": "13.07250", "2013-06-30": "12.45360", "2013-03-31": "16.41030", "2012-12-31": "16.27990", "2012-09-30": "17.55840", "2012-06-30": "15.50500", "2012-03-31": "14.35900", "2011-12-31": "14.83710", "2011-09-30": "11.00230", "2011-06-30": "8.81030", "2011-03-31": "6.59300", "2010-12-31": "-10.35350", "2010-09-30": "-1.29570", "2010-06-30": "2.29850", "2010-03-31": "-2.39710", "2009-12-31": "-5.10980", "2009-09-30": "-4.69230", "2009-06-30": "-25.61720", "2009-03-31": "-23.46850", "2008-12-31": "-625.16110", "2008-09-30": "-46.95810", "2008-06-30": "0.18050", "2008-03-31": "-16.04510", "2007-12-31": "24.55900", "2007-09-30": "21.16810", "2007-06-30": "18.85710", "2007-03-31": "12.83100", "2006-12-31": "24.01630", "2006-09-30": "17.95670", "2006-06-30": "11.80150", "2006-03-31": "3.96660", "2005-12-31": "23.79520", "2005-09-30": "8.96170", "2005-06-30": "0.05800", "2005-03-31": "-0.55410"}, "EBITDA Margin": {"2020-09-30": "", "2020-06-30": "", "2020-03-31": "", "2019-12-31": "", "2019-09-30": "", "2019-06-30": "", "2019-03-31": "", "2018-12-31": "", "2018-09-30": "", "2018-06-30": "", "2018-03-31": "", "2017-12-31": "", "2017-09-30": "", "2017-06-30": "", "2017-03-31": "", "2016-12-31": "", "2016-09-30": "", "2016-06-30": "", "2016-03-31": "", "2015-12-31": "", "2015-09-30": "", "2015-06-30": "", "2015-03-31": "", "2014-12-31": "", "2014-09-30": "", "2014-06-30": "", "2014-03-31": "", "2013-12-31": "", "2013-09-30": "", "2013-06-30": "", "2013-03-31": "", "2012-12-31": "", "2012-09-30": "", "2012-06-30": "", "2012-03-31": "", "2011-12-31": "", "2011-09-30": "", "2011-06-30": "", "2011-03-31": "", "2010-12-31": "", "2010-09-30": "", "2010-06-30": "", "2010-03-31": "", "2009-12-31": "", "2009-09-30": "", "2009-06-30": "", "2009-03-31": "", "2008-12-31": "", "2008-09-30": "", "2008-06-30": "", "2008-03-31": "", "2007-12-31": "", "2007-09-30": "", "2007-06-30": "", "2007-03-31": "", "2006-12-31": "", "2006-09-30": "", "2006-06-30": "", "2006-03-31": "", "2005-12-31": "", "2005-09-30": "", "2005-06-30": "", "2005-03-31": ""}, "Pre-Tax Profit Margin": {"2020-09-30": "24.85920", "2020-06-30": "23.59990", "2020-03-31": "21.06620", "2019-12-31": "17.58390", "2019-09-30": "20.13590", "2019-06-30": "22.15450", "2019-03-31": "22.23630", "2018-12-31": "19.06420", "2018-09-30": "18.69770", "2018-06-30": "17.36620", "2018-03-31": "15.11060", "2017-12-31": "15.33740", "2017-09-30": "17.83010", "2017-06-30": "16.15150", "2017-03-31": "15.55470", "2016-12-31": "11.13780", "2016-09-30": "14.25870", "2016-06-30": "14.09470", "2016-03-31": "12.82580", "2015-12-31": "18.17140", "2015-09-30": "17.42030", "2015-06-30": "16.72850", "2015-03-31": "10.28570", "2014-12-31": "15.76560", "2014-09-30": "11.51300", "2014-06-30": "7.85740", "2014-03-31": "10.15080", "2013-12-31": "7.81290", "2013-09-30": "11.15020", "2013-06-30": "10.38180", "2013-03-31": "14.40980", "2012-12-31": "15.25760", "2012-09-30": "14.93890", "2012-06-30": "14.00500", "2012-03-31": "12.42660", "2011-12-31": "10.78710", "2011-09-30": "9.77610", "2011-06-30": "7.97230", "2011-03-31": "4.14390", "2010-12-31": "-13.52190", "2010-09-30": "-6.92040", "2010-06-30": "-2.57770", "2010-03-31": "-3.05360", "2009-12-31": "-6.27070", "2009-09-30": "-6.71010", "2009-06-30": "-30.28500", "2009-03-31": "-29.86540", "2008-12-31": "-633.89180", "2008-09-30": "-53.30510", "2008-06-30": "-2.57560", "2008-03-31": "-16.47020", "2007-12-31": "22.74760", "2007-09-30": "23.99960", "2007-06-30": "21.70730", "2007-03-31": "17.23150", "2006-12-31": "17.97830", "2006-09-30": "19.87780", "2006-06-30": "14.97210", "2006-03-31": "11.55620", "2005-12-31": "24.38660", "2005-09-30": "9.98430", "2005-06-30": "0.31880", "2005-03-31": "0.51450"}, "Net Profit Margin": {"2020-09-30": "24.24670", "2020-06-30": "20.56460", "2020-03-31": "20.06420", "2019-12-31": "110.02740", "2019-09-30": "17.51440", "2019-06-30": "18.47550", "2019-03-31": "20.90280", "2018-12-31": "17.27210", "2018-09-30": "18.65240", "2018-06-30": "14.49660", "2018-03-31": "14.08920", "2017-12-31": "-2.87850", "2017-09-30": "16.71970", "2017-06-30": "14.43150", "2017-03-31": "14.31270", "2016-12-31": "8.20440", "2016-09-30": "14.50230", "2016-06-30": "10.89020", "2016-03-31": "11.28960", "2015-12-31": "18.22210", "2015-09-30": "17.89550", "2015-06-30": "13.98470", "2015-03-31": "8.81430", "2014-12-31": "15.37000", "2014-09-30": "9.37210", "2014-06-30": "6.14140", "2014-03-31": "8.73600", "2013-12-31": "10.00870", "2013-09-30": "10.50060", "2013-06-30": "2.60120", "2013-03-31": "22.18930", "2012-12-31": "90.82400", "2012-09-30": "17.30530", "2012-06-30": "11.14510", "2012-03-31": "9.84830", "2011-12-31": "3.53630", "2011-09-30": "9.61030", "2011-06-30": "9.49910", "2011-03-31": "2.37620", "2010-12-31": "-14.87320", "2010-09-30": "53.27230", "2010-06-30": "21.40670", "2010-03-31": "-5.31000", "2009-12-31": "0.81260", "2009-09-30": "-6.49960", "2009-06-30": "-35.42010", "2009-03-31": "-30.66230", "2008-12-31": "-718.80930", "2008-09-30": "-73.40420", "2008-06-30": "-6.10700", "2008-03-31": "-12.24080", "2007-12-31": "24.02900", "2007-09-30": "18.14110", "2007-06-30": "15.24350", "2007-03-31": "12.16400", "2006-12-31": "11.22110", "2006-09-30": "11.48720", "2006-06-30": "8.47610", "2006-03-31": "6.63560", "2005-12-31": "7.02130", "2005-09-30": "6.30470", "2005-06-30": "0.15050", "2005-03-31": "0.34970"}, "Asset Turnover": {"2020-09-30": "0.16100", "2020-06-30": "0.15960", "2020-03-31": "0.16400", "2019-12-31": "0.17860", "2019-09-30": "0.21770", "2019-06-30": "0.22220", "2019-03-31": "0.22650", "2018-12-31": "0.23080", "2018-09-30": "0.23420", "2018-06-30": "0.20510", "2018-03-31": "0.20800", "2017-12-31": "0.20740", "2017-09-30": "0.21060", "2017-06-30": "0.21120", "2017-03-31": "0.21760", "2016-12-31": "0.22370", "2016-09-30": "0.20340", "2016-06-30": "0.19050", "2016-03-31": "0.17640", "2015-12-31": "0.18810", "2015-09-30": "0.18610", "2015-06-30": "0.17470", "2015-03-31": "0.13430", "2014-12-31": "0.13180", "2014-09-30": "0.14800", "2014-06-30": "0.13600", "2014-03-31": "0.15000", "2013-12-31": "0.15510", "2013-09-30": "0.14340", "2013-06-30": "0.14140", "2013-03-31": "0.15250", "2012-12-31": "0.15110", "2012-09-30": "0.17020", "2012-06-30": "0.17850", "2012-03-31": "0.17600", "2011-12-31": "0.17490", "2011-09-30": "0.15720", "2011-06-30": "0.15110", "2011-03-31": "0.14660", "2010-12-31": "0.14380", "2010-09-30": "0.13950", "2010-06-30": "0.13390", "2010-03-31": "0.15680", "2009-12-31": "0.15620", "2009-09-30": "0.15280", "2009-06-30": "0.14450", "2009-03-31": "0.13620", "2008-12-31": "0.13530", "2008-09-30": "0.07160", "2008-06-30": "0.08490", "2008-03-31": "0.07440", "2007-12-31": "0.11830", "2007-09-30": "0.10720", "2007-06-30": "0.10390", "2007-03-31": "0.10230", "2006-12-31": "0.12520", "2006-09-30": "0.11160", "2006-06-30": "0.10530", "2006-03-31": "0.09710", "2005-12-31": "0.11120", "2005-09-30": "0.10830", "2005-06-30": "0.10470", "2005-03-31": "0.09820"}, "Inventory Turnover Ratio": {"2020-09-30": "1.71500", "2020-06-30": "1.71240", "2020-03-31": "1.22930", "2019-12-31": "1.31410", "2019-09-30": "0.91360", "2019-06-30": "1.24690", "2019-03-31": "1.88330", "2018-12-31": "2.70310", "2018-09-30": "1.97980", "2018-06-30": "2.06460", "2018-03-31": "2.10070", "2017-12-31": "1.81530", "2017-09-30": "1.51340", "2017-06-30": "1.90730", "2017-03-31": "2.01050", "2016-12-31": "1.92650", "2016-09-30": "0.87800", "2016-06-30": "0.99760", "2016-03-31": "1.09570", "2015-12-31": "1.07290", "2015-09-30": "1.13040", "2015-06-30": "0.83240", "2015-03-31": "1.11270", "2014-12-31": "1.03050", "2014-09-30": "0.88510", "2014-06-30": "0.93320", "2014-03-31": "1.02690", "2013-12-31": "1.17540", "2013-09-30": "1.08410", "2013-06-30": "1.11720", "2013-03-31": "1.30190", "2012-12-31": "1.21090", "2012-09-30": "1.48060", "2012-06-30": "1.20480", "2012-03-31": "1.11660", "2011-12-31": "1.12770", "2011-09-30": "1.05870", "2011-06-30": "1.15800", "2011-03-31": "1.04920", "2010-12-31": "0.99530", "2010-09-30": "1.39780", "2010-06-30": "1.64030", "2010-03-31": "1.99840", "2009-12-31": "1.67140", "2009-09-30": "1.50820", "2009-06-30": "2.03350", "2009-03-31": "1.51580", "2008-12-31": "1.73080", "2008-09-30": "2.01280", "2008-06-30": "2.40880", "2008-03-31": "1.73770", "2007-12-31": "1.81110", "2007-09-30": "1.38390", "2007-06-30": "1.35090", "2007-03-31": "1.43680", "2006-12-31": "1.45030", "2006-09-30": "1.81380", "2006-06-30": "2.33520", "2006-03-31": "2.59190", "2005-12-31": "1.91740", "2005-09-30": "2.17230", "2005-06-30": "2.71770", "2005-03-31": "2.96790"}, "Receiveable Turnover": {"2020-09-30": "2.21900", "2020-06-30": "2.04130", "2020-03-31": "2.17520", "2019-12-31": "1.96870", "2019-09-30": "2.10830", "2019-06-30": "2.44270", "2019-03-31": "2.17830", "2018-12-31": "1.91820", "2018-09-30": "2.21090", "2018-06-30": "2.36630", "2018-03-31": "2.29080", "2017-12-31": "2.63470", "2017-09-30": "2.85010", "2017-06-30": "3.12760", "2017-03-31": "2.64110", "2016-12-31": "2.98390", "2016-09-30": "2.93520", "2016-06-30": "2.89570", "2016-03-31": "3.03570", "2015-12-31": "2.67570", "2015-09-30": "3.24520", "2015-06-30": "3.16680", "2015-03-31": "3.07160", "2014-12-31": "3.45410", "2014-09-30": "3.72090", "2014-06-30": "3.71640", "2014-03-31": "3.56040", "2013-12-31": "3.50040", "2013-09-30": "3.59820", "2013-06-30": "3.91530", "2013-03-31": "4.70770", "2012-12-31": "3.53280", "2012-09-30": "2.74770", "2012-06-30": "2.64900", "2012-03-31": "3.94800", "2011-12-31": "2.25200", "2011-09-30": "1.91860", "2011-06-30": "1.88540", "2011-03-31": "1.54220", "2010-12-31": "1.29770", "2010-09-30": "1.17650", "2010-06-30": "1.18700", "2010-03-31": "1.22510", "2009-12-31": "1.09790", "2009-09-30": "1.10570", "2009-06-30": "0.93150", "2009-03-31": "0.83970", "2008-12-31": "0.76120", "2008-09-30": "0.83490", "2008-06-30": "0.97580", "2008-03-31": "0.78180", "2007-12-31": "1.40380", "2007-09-30": "1.44110", "2007-06-30": "1.61320", "2007-03-31": "1.42460", "2006-12-31": "1.80770", "2006-09-30": "1.47270", "2006-06-30": "1.21340", "2006-03-31": "1.35310", "2005-12-31": "1.34140", "2005-09-30": "1.21750", "2005-06-30": "1.07960", "2005-03-31": "1.01200"}, "Days Sales In Receivables": {"2020-09-30": "40.55940", "2020-06-30": "44.09060", "2020-03-31": "41.37560", "2019-12-31": "45.71580", "2019-09-30": "42.68830", "2019-06-30": "36.84370", "2019-03-31": "41.31660", "2018-12-31": "46.92000", "2018-09-30": "40.70710", "2018-06-30": "38.03400", "2018-03-31": "39.28760", "2017-12-31": "34.15900", "2017-09-30": "31.57840", "2017-06-30": "28.77630", "2017-03-31": "34.07640", "2016-12-31": "30.16200", "2016-09-30": "30.66260", "2016-06-30": "31.08020", "2016-03-31": "29.64750", "2015-12-31": "33.63640", "2015-09-30": "27.73370", "2015-06-30": "28.41970", "2015-03-31": "29.30030", "2014-12-31": "26.05610", "2014-09-30": "24.18770", "2014-06-30": "24.21710", "2014-03-31": "25.27800", "2013-12-31": "25.71170", "2013-09-30": "25.01220", "2013-06-30": "22.98680", "2013-03-31": "19.11780", "2012-12-31": "25.47530", "2012-09-30": "32.75470", "2012-06-30": "33.97450", "2012-03-31": "22.79620", "2011-12-31": "39.96510", "2011-09-30": "46.90940", "2011-06-30": "47.73430", "2011-03-31": "58.35680", "2010-12-31": "69.35390", "2010-09-30": "76.49740", "2010-06-30": "75.82090", "2010-03-31": "73.46170", "2009-12-31": "81.97120", "2009-09-30": "81.39900", "2009-06-30": "96.62280", "2009-03-31": "107.18270", "2008-12-31": "118.23890", "2008-09-30": "107.79580", "2008-06-30": "92.23100", "2008-03-31": "115.12060", "2007-12-31": "64.11060", "2007-09-30": "62.45070", "2007-06-30": "55.79010", "2007-03-31": "63.17580", "2006-12-31": "49.78750", "2006-09-30": "61.11230", "2006-06-30": "74.16990", "2006-03-31": "66.51410", "2005-12-31": "67.09580", "2005-09-30": "73.92390", "2005-06-30": "83.36480", "2005-03-31": "88.93520"}, "ROE - Return On Equity": {"2020-09-30": "6.74660", "2020-06-30": "5.81790", "2020-03-31": "5.74550", "2019-12-31": "31.36990", "2019-09-30": "6.85780", "2019-06-30": "7.49610", "2019-03-31": "8.82650", "2018-12-31": "7.63930", "2018-09-30": "7.89860", "2018-06-30": "6.32570", "2018-03-31": "6.38060", "2017-12-31": "-1.46000", "2017-09-30": "8.02950", "2017-06-30": "7.26280", "2017-03-31": "8.12030", "2016-12-31": "5.18720", "2016-09-30": "6.98230", "2016-06-30": "4.58760", "2016-03-31": "4.09720", "2015-12-31": "5.84060", "2015-09-30": "5.60640", "2015-06-30": "4.16260", "2015-03-31": "2.65990", "2014-12-31": "4.87640", "2014-09-30": "2.92160", "2014-06-30": "1.84560", "2014-03-31": "2.72360", "2013-12-31": "3.26140", "2013-09-30": "3.51210", "2013-06-30": "0.90640", "2013-03-31": "7.70920", "2012-12-31": "34.29680", "2012-09-30": "9.95670", "2012-06-30": "7.24800", "2012-03-31": "6.75070", "2011-12-31": "2.64930", "2011-09-30": "7.46320", "2011-06-30": "8.12160", "2011-03-31": "2.12390", "2010-12-31": "-13.38750", "2010-09-30": "42.82380", "2010-06-30": "29.87890", "2010-03-31": "-9.90050", "2009-12-31": "1.65170", "2009-09-30": "-14.60310", "2009-06-30": "-86.07530", "2009-03-31": "-42.83240", "2008-12-31": "-875.19600", "2008-09-30": "-10.00940", "2008-06-30": "-0.97540", "2008-03-31": "-1.75010", "2007-12-31": "5.29020", "2007-09-30": "3.72440", "2007-06-30": "2.90370", "2007-03-31": "2.37680", "2006-12-31": "2.84620", "2006-09-30": "2.23560", "2006-06-30": "1.61380", "2006-03-31": "1.13160", "2005-12-31": "1.44010", "2005-09-30": "1.13940", "2005-06-30": "0.02730", "2005-03-31": "0.05860"}, "Return On Tangible Equity": {"2020-09-30": "11.65220", "2020-06-30": "10.62860", "2020-03-31": "11.06660", "2019-12-31": "51.99770", "2019-09-30": "16.02310", "2019-06-30": "18.81340", "2019-03-31": "24.56960", "2018-12-31": "24.56500", "2018-09-30": "27.76640", "2018-06-30": "27.49860", "2018-03-31": "34.41930", "2017-12-31": "-32.55780", "2017-09-30": "36.94820", "2017-06-30": "47.03000", "2017-03-31": "315.98390", "2016-12-31": "-42.84360", "2016-09-30": "81.37330", "2016-06-30": "23.07630", "2016-03-31": "12.69350", "2015-12-31": "15.22640", "2015-09-30": "14.93500", "2015-06-30": "11.29220", "2015-03-31": "7.80100", "2014-12-31": "15.52490", "2014-09-30": "10.76590", "2014-06-30": "7.62480", "2014-03-31": "7.89800", "2013-12-31": "9.73010", "2013-09-30": "12.17850", "2013-06-30": "3.84860", "2013-03-31": "12.90420", "2012-12-31": "63.15790", "2012-09-30": "36.08610", "2012-06-30": "24.26250", "2012-03-31": "30.56030", "2011-12-31": "23.79670", "2011-09-30": "639.07060", "2011-06-30": "-128.12140", "2011-03-31": "-18.75150", "2010-12-31": "60.28440", "2010-09-30": "-259.88850", "2010-06-30": "-25.85910", "2010-03-31": "-13.56720", "2009-12-31": "2.25070", "2009-09-30": "-22.38420", "2009-06-30": "-152.42680", "2009-03-31": "-60.01450", "2008-12-31": "-1187.30900", "2008-09-30": "-59.18880", "2008-06-30": "-3.74570", "2008-03-31": "-7.30080", "2007-12-31": "17.11920", "2007-09-30": "14.47970", "2007-06-30": "8.61300", "2007-03-31": "8.78700", "2006-12-31": "15.16270", "2006-09-30": "8.65310", "2006-06-30": "6.40460", "2006-03-31": "4.31000", "2005-12-31": "5.80130", "2005-09-30": "4.65530", "2005-06-30": "0.14550", "2005-03-31": "0.18330"}, "ROA - Return On Assets": {"2020-09-30": "3.90400", "2020-06-30": "3.28260", "2020-03-31": "3.29060", "2019-12-31": "19.64940", "2019-09-30": "3.81320", "2019-06-30": "4.10500", "2019-03-31": "4.73450", "2018-12-31": "3.98700", "2018-09-30": "4.36910", "2018-06-30": "2.97280", "2018-03-31": "2.93100", "2017-12-31": "-0.59710", "2017-09-30": "3.52060", "2017-06-30": "3.04830", "2017-03-31": "3.11510", "2016-12-31": "1.83490", "2016-09-30": "2.94940", "2016-06-30": "2.07480", "2016-03-31": "1.99140", "2015-12-31": "3.42670", "2015-09-30": "3.32990", "2015-06-30": "2.44300", "2015-03-31": "1.18390", "2014-12-31": "2.02610", "2014-09-30": "1.38710", "2014-06-30": "0.83500", "2014-03-31": "1.31010", "2013-12-31": "1.55250", "2013-09-30": "1.50540", "2013-06-30": "0.36790", "2013-03-31": "3.38360", "2012-12-31": "13.72430", "2012-09-30": "2.94610", "2012-06-30": "1.98910", "2012-03-31": "1.73300", "2011-12-31": "0.61840", "2011-09-30": "1.51050", "2011-06-30": "1.43540", "2011-03-31": "0.34820", "2010-12-31": "-2.13830", "2010-09-30": "7.43010", "2010-06-30": "2.86640", "2010-03-31": "-0.83290", "2009-12-31": "0.12690", "2009-09-30": "-0.99330", "2009-06-30": "-5.11870", "2009-03-31": "-4.17500", "2008-12-31": "-97.27670", "2008-09-30": "-5.25290", "2008-06-30": "-0.51880", "2008-03-31": "-0.91110", "2007-12-31": "2.84250", "2007-09-30": "1.94510", "2007-06-30": "1.58330", "2007-03-31": "1.24440", "2006-12-31": "1.40480", "2006-09-30": "1.28240", "2006-06-30": "0.89270", "2006-03-31": "0.63160", "2005-12-31": "0.78110", "2005-09-30": "0.68300", "2005-06-30": "0.01580", "2005-03-31": "0.03430"}, "ROI - Return On Investment": {"2020-09-30": "5.89400", "2020-06-30": "5.04370", "2020-03-31": "4.95120", "2019-12-31": "26.93750", "2019-09-30": "5.55910", "2019-06-30": "6.03730", "2019-03-31": "7.04460", "2018-12-31": "6.02470", "2018-09-30": "6.19760", "2018-06-30": "4.90230", "2018-03-31": "4.90130", "2017-12-31": "-0.88410", "2017-09-30": "4.90410", "2017-06-30": "4.33200", "2017-03-31": "4.59870", "2016-12-31": "2.77760", "2016-09-30": "4.12160", "2016-06-30": "2.87090", "2016-03-31": "2.69390", "2015-12-31": "4.67450", "2015-09-30": "4.47830", "2015-06-30": "3.33110", "2015-03-31": "2.11810", "2014-12-31": "3.86570", "2014-09-30": "2.92160", "2014-06-30": "1.84560", "2014-03-31": "2.72360", "2013-12-31": "3.26140", "2013-09-30": "3.51210", "2013-06-30": "0.90640", "2013-03-31": "7.70920", "2012-12-31": "34.29680", "2012-09-30": "8.08080", "2012-06-30": "5.71190", "2012-03-31": "5.23450", "2011-12-31": "2.00570", "2011-09-30": "3.52390", "2011-06-30": "5.84650", "2011-03-31": "0.89190", "2010-12-31": "-5.42220", "2010-09-30": "15.01670", "2010-06-30": "6.90000", "2010-03-31": "-2.10390", "2009-12-31": "0.32880", "2009-09-30": "-2.66410", "2009-06-30": "-14.50710", "2009-03-31": "-11.11640", "2008-12-31": "-270.86790", "2008-09-30": "-7.73900", "2008-06-30": "-0.77460", "2008-03-31": "-1.38450", "2007-12-31": "4.26500", "2007-09-30": "2.96520", "2007-06-30": "2.14160", "2007-03-31": "1.70900", "2006-12-31": "1.99060", "2006-09-30": "1.81420", "2006-06-30": "1.28930", "2006-03-31": "0.89050", "2005-12-31": "1.11030", "2005-09-30": "0.92220", "2005-06-30": "0.02200", "2005-03-31": "0.04720"}, "Book Value Per Share": {"2020-09-30": "8.58890", "2020-06-30": "8.09430", "2020-03-31": "7.72960", "2019-12-31": "7.51420", "2019-09-30": "5.27550", "2019-06-30": "5.10630", "2019-03-31": "4.86010", "2018-12-31": "4.60120", "2018-09-30": "4.45670", "2018-06-30": "4.20070", "2018-03-31": "4.05210", "2017-12-31": "3.50700", "2017-09-30": "3.57960", "2017-06-30": "3.39680", "2017-03-31": "3.00640", "2016-12-31": "2.66730", "2016-09-30": "3.23250", "2016-06-30": "3.67860", "2016-03-31": "4.10170", "2015-12-31": "4.44780", "2015-09-30": "4.65410", "2015-06-30": "4.79520", "2015-03-31": "4.65770", "2014-12-31": "4.57360", "2014-09-30": "4.38890", "2014-06-30": "4.34590", "2014-03-31": "4.19400", "2013-12-31": "4.01240", "2013-09-30": "3.80970", "2013-06-30": "3.66360", "2013-03-31": "3.60310", "2012-12-31": "3.26100", "2012-09-30": "2.10130", "2012-06-30": "1.82620", "2012-03-31": "1.67770", "2011-12-31": "1.50770", "2011-09-30": "1.38280", "2011-06-30": "1.23120", "2011-03-31": "1.10700", "2010-12-31": "1.03570", "2010-09-30": "1.10770", "2010-06-30": "0.61100", "2010-03-31": "0.44040", "2009-12-31": "0.40340", "2009-09-30": "0.35790", "2009-06-30": "0.32430", "2009-03-31": "0.56050", "2008-12-31": "0.72410", "2008-09-30": "6.65270", "2008-06-30": "7.41060", "2008-03-31": "7.34410", "2007-12-31": "7.57250", "2007-09-30": "7.26470", "2007-06-30": "7.39530", "2007-03-31": "6.71440", "2006-12-31": "6.18120", "2006-09-30": "6.78110", "2006-06-30": "6.71140", "2006-03-31": "6.68190", "2005-12-31": "6.41340", "2005-09-30": "6.58040", "2005-06-30": "6.37510", "2005-03-31": "6.31620"}, "Operating Cash Flow Per Share": {"2020-09-30": 0.7308, "2020-06-30": 1.2372, "2020-03-31": "0.77960", "2019-12-31": 0.5689, "2019-09-30": 0.4957, "2019-06-30": 0.8756, "2019-03-31": "0.66070", "2018-12-31": 0.4721, "2018-09-30": 0.3864, "2018-06-30": 0.7328, "2018-03-31": "0.55970", "2017-12-31": 0.4579, "2017-09-30": 0.3113, "2017-06-30": 0.5779, "2017-03-31": "0.33280", "2016-12-31": 0.6648, "2016-09-30": 0.3086, "2016-06-30": 0.2799, "2016-03-31": "0.27420", "2015-12-31": 0.3957, "2015-09-30": 0.2783, "2015-06-30": 0.3873, "2015-03-31": "0.14970", "2014-12-31": 0.4367, "2014-09-30": 0.2786, "2014-06-30": 0.2238, "2014-03-31": "0.09330", "2013-12-31": 0.4114, "2013-09-30": 0.3264, "2013-06-30": 0.2523, "2013-03-31": "0.25790", "2012-12-31": 0.349, "2012-09-30": 0.3113, "2012-06-30": 0.247, "2012-03-31": "0.21860", "2011-12-31": 0.2293, "2011-09-30": 0.1939, "2011-06-30": 0.2544, "2011-03-31": "0.20990", "2010-12-31": 0.2092, "2010-09-30": 0.1806, "2010-06-30": 0.1813, "2010-03-31": "0.17790", "2009-12-31": 0.0041, "2009-09-30": 0.0837, "2009-06-30": 0.0406, "2009-03-31": "-0.02890", "2008-12-31": 0.1272, "2008-09-30": -0.0072, "2008-06-30": 0.229, "2008-03-31": "-0.07260", "2007-12-31": 0.6639, "2007-09-30": 0.3007, "2007-06-30": 0.3323, "2007-03-31": "0.06460", "2006-12-31": 0.6548, "2006-09-30": 0.2001, "2006-06-30": 0.3619, "2006-03-31": "0.13130", "2005-12-31": 0.5703, "2005-09-30": 0.1551, "2005-06-30": 0.4125, "2005-03-31": "0.21800"}, "Free Cash Flow Per Share": {"2020-09-30": 0.6592, "2020-06-30": 1.1606, "2020-03-31": "0.70020", "2019-12-31": 0.4724, "2019-09-30": 0.4351, "2019-06-30": 0.8212, "2019-03-31": "0.60630", "2018-12-31": 0.4016, "2018-09-30": 0.3489, "2018-06-30": 0.6687, "2018-03-31": "0.51310", "2017-12-31": 0.3922, "2017-09-30": 0.2687, "2017-06-30": 0.533, "2017-03-31": "0.27940", "2016-12-31": 0.6294, "2016-09-30": 0.2586, "2016-06-30": 0.224, "2016-03-31": "0.23420", "2015-12-31": 0.361, "2015-09-30": 0.2462, "2015-06-30": 0.3347, "2015-03-31": "0.12560", "2014-12-31": 0.3972, "2014-09-30": 0.2463, "2014-06-30": 0.1866, "2014-03-31": "0.07260", "2013-12-31": 0.3798, "2013-09-30": 0.286, "2013-06-30": 0.1942, "2013-03-31": "0.23540", "2012-12-31": 0.3123, "2012-09-30": 0.2862, "2012-06-30": 0.2101, "2012-03-31": "0.18910", "2011-12-31": 0.1786, "2011-09-30": 0.1702, "2011-06-30": 0.232, "2011-03-31": "0.19060", "2010-12-31": 0.1883, "2010-09-30": 0.1445, "2010-06-30": 0.1486, "2010-03-31": "0.14020", "2009-12-31": -0.0235, "2009-09-30": 0.0527, "2009-06-30": 0.0121, "2009-03-31": "-0.08710", "2008-12-31": 0.0653, "2008-09-30": -0.0873, "2008-06-30": 0.082, "2008-03-31": "-0.16620", "2007-12-31": 0.5809, "2007-09-30": 0.2363, "2007-06-30": 0.2714, "2007-03-31": "0.15350", "2006-12-31": 0.5939, "2006-09-30": 0.1557, "2006-06-30": 0.3002, "2006-03-31": "0.08280", "2005-12-31": 0.5008, "2005-09-30": 0.1025, "2005-06-30": 0.4775, "2005-03-31": "0.15420"}}, "revenue": {"Cadence Design Systems Annual Revenue (Millions of US $)": {"2019": "$2,336", "2018": "$2,138", "2017": "$1,943", "2016": "$1,816", "2015": "$1,702", "2014": "$1,581", "2013": "$1,460", "2012": "$1,326", "2011": "$1,150", "2010": "$936", "2009": "$853", "2008": "$1,039", "2007": "$1,615", "2006": "$1,484", "2005": "$1,329"}, "Cadence Design Systems Quarterly Revenue (Millions of US $)": {"2020-09-30": "$667", "2020-06-30": "$638", "2020-03-31": "$618", "2019-12-31": "$600", "2019-09-30": "$580", "2019-06-30": "$580", "2019-03-31": "$577", "2018-12-31": "$570", "2018-09-30": "$532", "2018-06-30": "$518", "2018-03-31": "$517", "2017-12-31": "$502", "2017-09-30": "$485", "2017-06-30": "$479", "2017-03-31": "$477", "2016-12-31": "$469", "2016-09-30": "$446", "2016-06-30": "$453", "2016-03-31": "$448", "2015-12-31": "$441", "2015-09-30": "$434", "2015-06-30": "$416", "2015-03-31": "$411", "2014-12-31": "$423", "2014-09-30": "$400", "2014-06-30": "$379", "2014-03-31": "$379", "2013-12-31": "$377", "2013-09-30": "$367", "2013-06-30": "$362", "2013-03-31": "$354", "2012-12-31": "$346", "2012-09-30": "$339", "2012-06-30": "$326", "2012-03-31": "$316", "2011-12-31": "$308", "2011-09-30": "$292", "2011-06-30": "$283", "2011-03-31": "$266", "2010-12-31": "$249", "2010-09-30": "$238", "2010-06-30": "$227", "2010-03-31": "$222", "2009-12-31": "$220", "2009-09-30": "$216", "2009-06-30": "$210", "2009-03-31": "$206", "2008-12-31": "$227", "2008-09-30": "$232", "2008-06-30": "$308", "2008-03-31": "$271", "2007-12-31": "$458", "2007-09-30": "$401", "2007-06-30": "$391", "2007-03-31": "$365", "2006-12-31": "$431", "2006-09-30": "$366", "2006-06-30": "$359", "2006-03-31": "$328", "2005-12-31": "$378", "2005-09-30": "$337", "2005-06-30": "$321", "2005-03-31": "$293"}}, "gross-profit": {"Cadence Design Systems Annual Gross Profit (Millions of US $)": {"2019": "$2,070", "2018": "$1,879", "2017": "$1,706", "2016": "$1,560", "2015": "$1,464", "2014": "$1,357", "2013": "$1,260", "2012": "$1,135", "2011": "$955", "2010": "$780", "2009": "$683", "2008": "$829", "2007": "$1,401", "2006": "$1,257", "2005": "$1,098"}, "Cadence Design Systems Quarterly Gross Profit (Millions of US $)": {"2020-09-30": "$584", "2020-06-30": "$563", "2020-03-31": "$543", "2019-12-31": "$526", "2019-09-30": "$519", "2019-06-30": "$519", "2019-03-31": "$506", "2018-12-31": "$494", "2018-09-30": "$472", "2018-06-30": "$459", "2018-03-31": "$454", "2017-12-31": "$441", "2017-09-30": "$431", "2017-06-30": "$418", "2017-03-31": "$415", "2016-12-31": "$393", "2016-09-30": "$390", "2016-06-30": "$391", "2016-03-31": "$386", "2015-12-31": "$380", "2015-09-30": "$369", "2015-06-30": "$364", "2015-03-31": "$351", "2014-12-31": "$365", "2014-09-30": "$346", "2014-06-30": "$324", "2014-03-31": "$321", "2013-12-31": "$318", "2013-09-30": "$317", "2013-06-30": "$319", "2013-03-31": "$306", "2012-12-31": "$302", "2012-09-30": "$287", "2012-06-30": "$277", "2012-03-31": "$269", "2011-12-31": "$259", "2011-09-30": "$243", "2011-06-30": "$232", "2011-03-31": "$221", "2010-12-31": "$210", "2010-09-30": "$198", "2010-06-30": "$188", "2010-03-31": "$183", "2009-12-31": "$180", "2009-09-30": "$177", "2009-06-30": "$164", "2009-03-31": "$162", "2008-12-31": "$178", "2008-09-30": "$181", "2008-06-30": "$251", "2008-03-31": "$219", "2007-12-31": "$402", "2007-09-30": "$349", "2007-06-30": "$339", "2007-03-31": "$311", "2006-12-31": "$377", "2006-09-30": "$313", "2006-06-30": "$299", "2006-03-31": "$268", "2005-12-31": "$323", "2005-09-30": "$280", "2005-06-30": "$261", "2005-03-31": "$234"}}, "operating-income": {"Cadence Design Systems Annual Operating Income (Millions of US $)": {"2019": "$492", "2018": "$396", "2017": "$324", "2016": "$245", "2015": "$285", "2014": "$207", "2013": "$189", "2012": "$212", "2011": "$120", "2010": "$-29", "2009": "$-124", "2008": "$-1,573", "2007": "$318", "2006": "$225", "2005": "$119"}, "Cadence Design Systems Quarterly Operating Income (Millions of US $)": {"2020-09-30": "$169", "2020-06-30": "$152", "2020-03-31": "$139", "2019-12-31": "$109", "2019-09-30": "$121", "2019-06-30": "$134", "2019-03-31": "$128", "2018-12-31": "$114", "2018-09-30": "$104", "2018-06-30": "$93", "2018-03-31": "$86", "2017-12-31": "$81", "2017-09-30": "$80", "2017-06-30": "$83", "2017-03-31": "$80", "2016-12-31": "$53", "2016-09-30": "$67", "2016-06-30": "$67", "2016-03-31": "$58", "2015-12-31": "$82", "2015-09-30": "$78", "2015-06-30": "$76", "2015-03-31": "$49", "2014-12-31": "$75", "2014-09-30": "$54", "2014-06-30": "$35", "2014-03-31": "$42", "2013-12-31": "$38", "2013-09-30": "$48", "2013-06-30": "$45", "2013-03-31": "$58", "2012-12-31": "$56", "2012-09-30": "$59", "2012-06-30": "$51", "2012-03-31": "$45", "2011-12-31": "$46", "2011-09-30": "$32", "2011-06-30": "$25", "2011-03-31": "$18", "2010-12-31": "$-26", "2010-09-30": "$-3", "2010-06-30": "$5", "2010-03-31": "$-5", "2009-12-31": "$-11", "2009-09-30": "$-10", "2009-06-30": "$-54", "2009-03-31": "$-48", "2008-12-31": "$-1,421", "2008-09-30": "$-109", "2008-06-30": "$1", "2008-03-31": "$-43", "2007-12-31": "$112", "2007-09-30": "$85", "2007-06-30": "$74", "2007-03-31": "$47", "2006-12-31": "$104", "2006-09-30": "$66", "2006-06-30": "$42", "2006-03-31": "$13", "2005-12-31": "$90", "2005-09-30": "$30", "2005-06-30": "$0", "2005-03-31": "$-2"}}, "ebitda": {"Cadence Design Systems Annual EBITDA (Millions of US $)": {"2019": "$616", "2018": "$516", "2017": "$441", "2016": "$366", "2015": "$413", "2014": "$343", "2013": "$313", "2012": "$324", "2011": "$241", "2010": "$85", "2009": "$-10", "2008": "$-112", "2007": "$464", "2006": "$372", "2005": "$304"}, "Cadence Design Systems Quarterly EBITDA (Millions of US $)": {"2020-09-30": "$207", "2020-06-30": "$189", "2020-03-31": "$173", "2019-12-31": "$141", "2019-09-30": "$151", "2019-06-30": "$165", "2019-03-31": "$158", "2018-12-31": "$144", "2018-09-30": "$134", "2018-06-30": "$123", "2018-03-31": "$116", "2017-12-31": "$110", "2017-09-30": "$109", "2017-06-30": "$112", "2017-03-31": "$109", "2016-12-31": "$83", "2016-09-30": "$94", "2016-06-30": "$99", "2016-03-31": "$90", "2015-12-31": "$112", "2015-09-30": "$107", "2015-06-30": "$109", "2015-03-31": "$85", "2014-12-31": "$112", "2014-09-30": "$90", "2014-06-30": "$68", "2014-03-31": "$73", "2013-12-31": "$70", "2013-09-30": "$80", "2013-06-30": "$77", "2013-03-31": "$86", "2012-12-31": "$84", "2012-09-30": "$89", "2012-06-30": "$78", "2012-03-31": "$73", "2011-12-31": "$76", "2011-09-30": "$62", "2011-06-30": "$56", "2011-03-31": "$48", "2010-12-31": "$5", "2010-09-30": "$27", "2010-06-30": "$31", "2010-03-31": "$22", "2009-12-31": "$16", "2009-09-30": "$16", "2009-06-30": "$-25", "2009-03-31": "$-17", "2008-12-31": "$-69", "2008-09-30": "$-73", "2008-06-30": "$37", "2008-03-31": "$-7", "2007-12-31": "$162", "2007-09-30": "$118", "2007-06-30": "$105", "2007-03-31": "$79", "2006-12-31": "$137", "2006-09-30": "$100", "2006-06-30": "$81", "2006-03-31": "$54", "2005-12-31": "$131", "2005-09-30": "$79", "2005-06-30": "$51", "2005-03-31": "$43"}}, "net-income": {"Cadence Design Systems Annual Net Income (Millions of US $)": {"2019": "$989", "2018": "$346", "2017": "$204", "2016": "$203", "2015": "$252", "2014": "$159", "2013": "$164", "2012": "$440", "2011": "$72", "2010": "$127", "2009": "$-150", "2008": "$-1,857", "2007": "$287", "2006": "$143", "2005": "$49"}, "Cadence Design Systems Quarterly Net Income (Millions of US $)": {"2020-09-30": "$162", "2020-06-30": "$131", "2020-03-31": "$124", "2019-12-31": "$660", "2019-09-30": "$102", "2019-06-30": "$107", "2019-03-31": "$121", "2018-12-31": "$98", "2018-09-30": "$99", "2018-06-30": "$75", "2018-03-31": "$73", "2017-12-31": "$-14", "2017-09-30": "$81", "2017-06-30": "$69", "2017-03-31": "$68", "2016-12-31": "$38", "2016-09-30": "$65", "2016-06-30": "$49", "2016-03-31": "$51", "2015-12-31": "$80", "2015-09-30": "$78", "2015-06-30": "$58", "2015-03-31": "$36", "2014-12-31": "$65", "2014-09-30": "$38", "2014-06-30": "$23", "2014-03-31": "$33", "2013-12-31": "$38", "2013-09-30": "$39", "2013-06-30": "$9", "2013-03-31": "$79", "2012-12-31": "$314", "2012-09-30": "$59", "2012-06-30": "$36", "2012-03-31": "$31", "2011-12-31": "$11", "2011-09-30": "$28", "2011-06-30": "$27", "2011-03-31": "$6", "2010-12-31": "$-37", "2010-09-30": "$127", "2010-06-30": "$49", "2010-03-31": "$-12", "2009-12-31": "$2", "2009-09-30": "$-14", "2009-06-30": "$-74", "2009-03-31": "$-63", "2008-12-31": "$-1,634", "2008-09-30": "$-171", "2008-06-30": "$-19", "2008-03-31": "$-33", "2007-12-31": "$110", "2007-09-30": "$73", "2007-06-30": "$60", "2007-03-31": "$44", "2006-12-31": "$48", "2006-09-30": "$42", "2006-06-30": "$30", "2006-03-31": "$22", "2005-12-31": "$27", "2005-09-30": "$21", "2005-06-30": "$0", "2005-03-31": "$1"}}, "eps-earnings-per-share-diluted": {"Cadence Design Systems Annual EPS": {"2019": "$3.53", "2018": "$1.23", "2017": "$0.73", "2016": "$0.70", "2015": "$0.81", "2014": "$0.52", "2013": "$0.56", "2012": "$1.57", "2011": "$0.27", "2010": "$0.48", "2009": "$-0.58", "2008": "$-7.30", "2007": "$0.97", "2006": "$0.46", "2005": "$0.16"}, "Cadence Design Systems Quarterly EPS": {"2020-09-30": "$0.58", "2020-06-30": "$0.47", "2020-03-31": "$0.44", "2019-12-31": "$2.36", "2019-09-30": "$0.36", "2019-06-30": "$0.38", "2019-03-31": "$0.43", "2018-12-31": "$0.35", "2018-09-30": "$0.35", "2018-06-30": "$0.27", "2018-03-31": "$0.26", "2017-12-31": "$-0.06", "2017-09-30": "$0.29", "2017-06-30": "$0.25", "2017-03-31": "$0.25", "2016-12-31": "$0.13", "2016-09-30": "$0.23", "2016-06-30": "$0.17", "2016-03-31": "$0.17", "2015-12-31": "$0.25", "2015-09-30": "$0.25", "2015-06-30": "$0.19", "2015-03-31": "$0.12", "2014-12-31": "$0.21", "2014-09-30": "$0.12", "2014-06-30": "$0.08", "2014-03-31": "$0.11", "2013-12-31": "$0.13", "2013-09-30": "$0.13", "2013-06-30": "$0.03", "2013-03-31": "$0.27", "2012-12-31": "$1.12", "2012-09-30": "$0.21", "2012-06-30": "$0.13", "2012-03-31": "$0.11", "2011-12-31": "$0.05", "2011-09-30": "$0.10", "2011-06-30": "$0.10", "2011-03-31": "$0.02", "2010-12-31": "$-0.14", "2010-09-30": "$0.48", "2010-06-30": "$0.18", "2010-03-31": "$-0.04", "2009-12-31": "$0.01", "2009-09-30": "$-0.05", "2009-06-30": "$-0.29", "2009-03-31": "$-0.25", "2008-12-31": "$-6.43", "2008-09-30": "$-0.67", "2008-06-30": "$-0.07", "2008-03-31": "$-0.13", "2007-12-31": "$0.38", "2007-09-30": "$0.24", "2007-06-30": "$0.20", "2007-03-31": "$0.15", "2006-12-31": "$0.15", "2006-09-30": "$0.14", "2006-06-30": "$0.10", "2006-03-31": "$0.07", "2005-12-31": "$0.09", "2005-09-30": "$0.07", "2005-06-30": "$0.00", "2005-03-31": "$0.00"}}, "shares-outstanding": {"Cadence Design Systems Annual Shares Outstanding (Millions of Shares)": {"2019": "281", "2018": "281", "2017": "280", "2016": "291", "2015": "312", "2014": "307", "2013": "295", "2012": "281", "2011": "271", "2010": "266", "2009": "258", "2008": "254", "2007": "296", "2006": "312", "2005": "314"}, "Cadence Design Systems Quarterly Shares Outstanding (Millions of Shares)": {"2020-09-30": "280", "2020-06-30": "279", "2020-03-31": "279", "2019-12-31": "281", "2019-09-30": "281", "2019-06-30": "281", "2019-03-31": "281", "2018-12-31": "281", "2018-09-30": "282", "2018-06-30": "281", "2018-03-31": "282", "2017-12-31": "280", "2017-09-30": "281", "2017-06-30": "280", "2017-03-31": "278", "2016-12-31": "291", "2016-09-30": "287", "2016-06-30": "295", "2016-03-31": "303", "2015-12-31": "312", "2015-09-30": "313", "2015-06-30": "314", "2015-03-31": "312", "2014-12-31": "307", "2014-09-30": "310", "2014-06-30": "306", "2014-03-31": "301", "2013-12-31": "295", "2013-09-30": "297", "2013-06-30": "294", "2013-03-31": "292", "2012-12-31": "281", "2012-09-30": "283", "2012-06-30": "275", "2012-03-31": "278", "2011-12-31": "271", "2011-09-30": "271", "2011-06-30": "271", "2011-03-31": "269", "2010-12-31": "266", "2010-09-30": "263", "2010-06-30": "266", "2010-03-31": "263", "2009-12-31": "258", "2009-09-30": "259", "2009-06-30": "257", "2009-03-31": "254", "2008-12-31": "254", "2008-09-30": "253", "2008-06-30": "253", "2008-03-31": "263", "2007-12-31": "296", "2007-09-30": "300", "2007-06-30": "303", "2007-03-31": "294", "2006-12-31": "312", "2006-09-30": "312", "2006-06-30": "317", "2006-03-31": "315", "2005-12-31": "314", "2005-09-30": "318", "2005-06-30": "311", "2005-03-31": "307"}}, "total-assets": {"Cadence Design Systems Annual Total Assets (Millions of US $)": {"2019": "$3,357", "2018": "$2,469", "2017": "$2,419", "2016": "$2,097", "2015": "$2,346", "2014": "$3,210", "2013": "$2,429", "2012": "$2,287", "2011": "$1,761", "2010": "$1,732", "2009": "$1,411", "2008": "$1,680", "2007": "$3,871", "2006": "$3,443", "2005": "$3,401"}, "Cadence Design Systems Quarterly Total Assets (Millions of US $)": {"2020-09-30": "$4,140", "2020-06-30": "$3,999", "2020-03-31": "$3,768", "2019-12-31": "$3,357", "2019-09-30": "$2,662", "2019-06-30": "$2,612", "2019-03-31": "$2,546", "2018-12-31": "$2,469", "2018-09-30": "$2,273", "2018-06-30": "$2,528", "2018-03-31": "$2,487", "2017-12-31": "$2,419", "2017-09-30": "$2,305", "2017-06-30": "$2,268", "2017-03-31": "$2,191", "2016-12-31": "$2,097", "2016-09-30": "$2,194", "2016-06-30": "$2,378", "2016-03-31": "$2,539", "2015-12-31": "$2,346", "2015-09-30": "$2,331", "2015-06-30": "$2,381", "2015-03-31": "$3,063", "2014-12-31": "$3,210", "2014-09-30": "$2,706", "2014-06-30": "$2,786", "2014-03-31": "$2,524", "2013-12-31": "$2,429", "2013-09-30": "$2,557", "2013-06-30": "$2,563", "2013-03-31": "$2,323", "2012-12-31": "$2,287", "2012-09-30": "$1,989", "2012-06-30": "$1,829", "2012-03-31": "$1,795", "2011-12-31": "$1,761", "2011-09-30": "$1,861", "2011-06-30": "$1,875", "2011-03-31": "$1,816", "2010-12-31": "$1,732", "2010-09-30": "$1,706", "2010-06-30": "$1,696", "2010-03-31": "$1,415", "2009-12-31": "$1,411", "2009-09-30": "$1,414", "2009-06-30": "$1,453", "2009-03-31": "$1,515", "2008-12-31": "$1,680", "2008-09-30": "$3,249", "2008-06-30": "$3,626", "2008-03-31": "$3,637", "2007-12-31": "$3,871", "2007-09-30": "$3,739", "2007-06-30": "$3,764", "2007-03-31": "$3,570", "2006-12-31": "$3,443", "2006-09-30": "$3,280", "2006-06-30": "$3,404", "2006-03-31": "$3,382", "2005-12-31": "$3,401", "2005-09-30": "$3,115", "2005-06-30": "$3,064", "2005-03-31": "$2,978"}}, "cash-on-hand": {"Cadence Design Systems Annual Cash on Hand (Millions of US $)": {"2019": "$705", "2018": "$533", "2017": "$688", "2016": "$468", "2015": "$711", "2014": "$1,023", "2013": "$633", "2012": "$827", "2011": "$605", "2010": "$570", "2009": "$571", "2008": "$572", "2007": "$1,078", "2006": "$958", "2005": "$895"}, "Cadence Design Systems Quarterly Cash on Hand (Millions of US $)": {"2020-09-30": "$1,307", "2020-06-30": "$1,189", "2020-03-31": "$946", "2019-12-31": "$705", "2019-09-30": "$655", "2019-06-30": "$633", "2019-03-31": "$539", "2018-12-31": "$533", "2018-09-30": "$550", "2018-06-30": "$825", "2018-03-31": "$752", "2017-12-31": "$688", "2017-09-30": "$682", "2017-06-30": "$659", "2017-03-31": "$548", "2016-12-31": "$468", "2016-09-30": "$533", "2016-06-30": "$704", "2016-03-31": "$907", "2015-12-31": "$711", "2015-09-30": "$711", "2015-06-30": "$744", "2015-03-31": "$980", "2014-12-31": "$1,023", "2014-09-30": "$595", "2014-06-30": "$655", "2014-03-31": "$630", "2013-12-31": "$633", "2013-09-30": "$716", "2013-06-30": "$678", "2013-03-31": "$911", "2012-12-31": "$827", "2012-09-30": "$745", "2012-06-30": "$713", "2012-03-31": "$663", "2011-12-31": "$605", "2011-09-30": "$699", "2011-06-30": "$669", "2011-03-31": "$623", "2010-12-31": "$570", "2010-09-30": "$512", "2010-06-30": "$478", "2010-03-31": "$622", "2009-12-31": "$571", "2009-09-30": "$575", "2009-06-30": "$562", "2009-03-31": "$558", "2008-12-31": "$572", "2008-09-30": "$558", "2008-06-30": "$889", "2008-03-31": "$837", "2007-12-31": "$1,078", "2007-09-30": "$951", "2007-06-30": "$1,149", "2007-03-31": "$969", "2006-12-31": "$958", "2006-09-30": "$782", "2006-06-30": "$857", "2006-03-31": "$905", "2005-12-31": "$895", "2005-09-30": "$649", "2005-06-30": "$567", "2005-03-31": "$683"}}, "long-term-debt": {"Cadence Design Systems Annual Long Term Debt (Millions of US $)": {"2019": "$346", "2018": "$345", "2017": "$644", "2016": "$643", "2015": "$343", "2014": "$349", "2013": "$", "2012": "$", "2011": "$132", "2010": "$406", "2009": "$436", "2008": "$417", "2007": "$500", "2006": "$730", "2005": "$548"}, "Cadence Design Systems Quarterly Long Term Debt (Millions of US $)": {"2020-09-30": "$347", "2020-06-30": "$346", "2020-03-31": "$346", "2019-12-31": "$346", "2019-09-30": "$346", "2019-06-30": "$346", "2019-03-31": "$345", "2018-12-31": "$345", "2018-09-30": "$345", "2018-06-30": "$345", "2018-03-31": "$345", "2017-12-31": "$644", "2017-09-30": "$644", "2017-06-30": "$644", "2017-03-31": "$644", "2016-12-31": "$643", "2016-09-30": "$643", "2016-06-30": "$643", "2016-03-31": "$643", "2015-12-31": "$343", "2015-09-30": "$349", "2015-06-30": "$349", "2015-03-31": "$349", "2014-12-31": "$349", "2014-09-30": "", "2014-06-30": "", "2014-03-31": "", "2013-12-31": "", "2013-09-30": "", "2013-06-30": "", "2013-03-31": "", "2012-12-31": "", "2012-09-30": "$137", "2012-06-30": "$135", "2012-03-31": "$133", "2011-12-31": "$132", "2011-09-30": "$421", "2011-06-30": "$129", "2011-03-31": "$411", "2010-12-31": "$406", "2010-09-30": "$548", "2010-06-30": "$542", "2010-03-31": "$441", "2009-12-31": "$436", "2009-09-30": "$431", "2009-06-30": "$426", "2009-03-31": "$421", "2008-12-31": "$417", "2008-09-30": "$500", "2008-06-30": "$500", "2008-03-31": "$500", "2007-12-31": "$500", "2007-09-30": "$500", "2007-06-30": "$730", "2007-03-31": "$730", "2006-12-31": "$730", "2006-09-30": "$437", "2006-06-30": "$474", "2006-03-31": "$511", "2005-12-31": "$548", "2005-09-30": "$440", "2005-06-30": "$420", "2005-03-31": "$420"}}, "total-liabilities": {"Cadence Design Systems Annual Total Liabilities (Millions of US $)": {"2019": "$1,254", "2018": "$1,180", "2017": "$1,430", "2016": "$1,355", "2015": "$969", "2014": "$1,876", "2013": "$1,272", "2012": "$1,372", "2011": "$1,350", "2010": "$1,455", "2009": "$1,302", "2008": "$1,493", "2007": "$1,791", "2006": "$1,744", "2005": "$1,557"}, "Cadence Design Systems Quarterly Total Liabilities (Millions of US $)": {"2020-09-30": "$1,744", "2020-06-30": "$1,743", "2020-03-31": "$1,610", "2019-12-31": "$1,254", "2019-09-30": "$1,182", "2019-06-30": "$1,182", "2019-03-31": "$1,180", "2018-12-31": "$1,180", "2018-09-30": "$1,016", "2018-06-30": "$1,340", "2018-03-31": "$1,344", "2017-12-31": "$1,430", "2017-09-30": "$1,294", "2017-06-30": "$1,316", "2017-03-31": "$1,351", "2016-12-31": "$1,355", "2016-09-30": "$1,267", "2016-06-30": "$1,302", "2016-03-31": "$1,305", "2015-12-31": "$969", "2015-09-30": "$947", "2015-06-30": "$983", "2015-03-31": "$1,699", "2014-12-31": "$1,876", "2014-09-30": "$1,421", "2014-06-30": "$1,525", "2014-03-31": "$1,310", "2013-12-31": "$1,272", "2013-09-30": "$1,461", "2013-06-30": "$1,523", "2013-03-31": "$1,304", "2012-12-31": "$1,372", "2012-09-30": "$1,400", "2012-06-30": "$1,327", "2012-03-31": "$1,334", "2011-12-31": "$1,350", "2011-09-30": "$1,484", "2011-06-30": "$1,543", "2011-03-31": "$1,518", "2010-12-31": "$1,455", "2010-09-30": "$1,410", "2010-06-30": "$1,533", "2010-03-31": "$1,296", "2009-12-31": "$1,302", "2009-09-30": "$1,318", "2009-06-30": "$1,366", "2009-03-31": "$1,367", "2008-12-31": "$1,493", "2008-09-30": "$1,544", "2008-06-30": "$1,698", "2008-03-31": "$1,744", "2007-12-31": "$1,791", "2007-09-30": "$1,786", "2007-06-30": "$1,712", "2007-03-31": "$1,701", "2006-12-31": "$1,744", "2006-09-30": "$1,398", "2006-06-30": "$1,521", "2006-03-31": "$1,494", "2005-12-31": "$1,557", "2005-09-30": "$1,248", "2005-06-30": "$1,292", "2005-03-31": "$1,233"}}, "total-share-holder-equity": {"Cadence Design Systems Annual Share Holder Equity (Millions of US $)": {"2019": "$2,103", "2018": "$1,288", "2017": "$989", "2016": "$742", "2015": "$1,376", "2014": "$1,334", "2013": "$1,156", "2012": "$915", "2011": "$411", "2010": "$277", "2009": "$108", "2008": "$187", "2007": "$2,080", "2006": "$1,699", "2005": "$1,845"}, "Cadence Design Systems Quarterly Share Holder Equity (Millions of US $)": {"2020-09-30": "$2,396", "2020-06-30": "$2,257", "2020-03-31": "$2,158", "2019-12-31": "$2,103", "2019-09-30": "$1,480", "2019-06-30": "$1,431", "2019-03-31": "$1,366", "2018-12-31": "$1,288", "2018-09-30": "$1,257", "2018-06-30": "$1,188", "2018-03-31": "$1,142", "2017-12-31": "$989", "2017-09-30": "$1,011", "2017-06-30": "$952", "2017-03-31": "$841", "2016-12-31": "$742", "2016-09-30": "$927", "2016-06-30": "$1,075", "2016-03-31": "$1,234", "2015-12-31": "$1,376", "2015-09-30": "$1,385", "2015-06-30": "$1,397", "2015-03-31": "$1,363", "2014-12-31": "$1,334", "2014-09-30": "$1,285", "2014-06-30": "$1,260", "2014-03-31": "$1,214", "2013-12-31": "$1,156", "2013-09-30": "$1,096", "2013-06-30": "$1,040", "2013-03-31": "$1,020", "2012-12-31": "$915", "2012-09-30": "$588", "2012-06-30": "$502", "2012-03-31": "$461", "2011-12-31": "$411", "2011-09-30": "$377", "2011-06-30": "$331", "2011-03-31": "$298", "2010-12-31": "$277", "2010-09-30": "$296", "2010-06-30": "$163", "2010-03-31": "$119", "2009-12-31": "$108", "2009-09-30": "$96", "2009-06-30": "$86", "2009-03-31": "$148", "2008-12-31": "$187", "2008-09-30": "$1,705", "2008-06-30": "$1,929", "2008-03-31": "$1,894", "2007-12-31": "$2,080", "2007-09-30": "$1,953", "2007-06-30": "$2,052", "2007-03-31": "$1,869", "2006-12-31": "$1,699", "2006-09-30": "$1,881", "2006-06-30": "$1,883", "2006-03-31": "$1,888", "2005-12-31": "$1,845", "2005-09-30": "$1,867", "2005-06-30": "$1,772", "2005-03-31": "$1,745"}}, "profit-margins": {"current": "42.68%"}, "gross margin": {"2020-09-30": "87.83%", "2020-06-30": "88.30%", "2020-03-31": "88.60%", "2019-12-31": "88.58%", "2019-09-30": "88.34%", "2019-06-30": "88.14%", "2019-03-31": "87.89%", "2018-12-31": "87.93%", "2018-09-30": "88.26%", "2018-06-30": "88.28%", "2018-03-31": "87.95%", "2017-12-31": "87.75%", "2017-09-30": "86.75%", "2017-06-30": "86.37%", "2017-03-31": "86.12%", "2016-12-31": "85.90%", "2016-09-30": "86.52%", "2016-06-30": "85.92%", "2016-03-31": "86.20%", "2015-12-31": "86.02%", "2015-09-30": "86.05%", "2015-06-30": "86.42%", "2015-03-31": "85.93%", "2014-12-31": "85.77%", "2014-09-30": "85.28%", "2014-06-30": "85.22%", "2014-03-31": "85.86%", "2013-12-31": "86.30%", "2013-09-30": "87.05%", "2013-06-30": "86.65%", "2013-03-31": "85.86%", "2012-12-31": "85.53%", "2012-09-30": "84.72%", "2012-06-30": "84.38%", "2012-03-31": "83.65%", "2011-12-31": "83.12%", "2011-09-30": "83.12%", "2011-06-30": "83.11%", "2011-03-31": "83.37%", "2010-12-31": "83.23%", "2010-09-30": "82.58%", "2010-06-30": "82.26%", "2010-03-31": "81.11%", "2009-12-31": "80.16%", "2009-09-30": "79.28%", "2009-06-30": "78.29%", "2009-03-31": "79.34%", "2008-12-31": "79.87%", "2008-09-30": "82.98%", "2008-06-30": "84.91%", "2008-03-31": "86.06%", "2007-12-31": "86.75%", "2007-09-30": "86.65%", "2007-06-30": "86.28%", "2007-03-31": "85.47%", "2006-12-31": "84.70%", "2006-09-30": "84.07%", "2006-06-30": "83.45%", "2006-03-31": "82.99%", "2005-12-31": "82.62%"}, "operating margin": {"2020-09-30": "22.55%", "2020-06-30": "21.39%", "2020-03-31": "21.15%", "2019-12-31": "21.05%", "2019-09-30": "21.54%", "2019-06-30": "21.25%", "2019-03-31": "19.98%", "2018-12-31": "18.58%", "2018-09-30": "17.59%", "2018-06-30": "16.82%", "2018-03-31": "16.64%", "2017-12-31": "16.68%", "2017-09-30": "15.50%", "2017-06-30": "15.13%", "2017-03-31": "14.47%", "2016-12-31": "13.49%", "2016-09-30": "15.32%", "2016-06-30": "16.05%", "2016-03-31": "16.91%", "2015-12-31": "16.75%", "2015-09-30": "16.51%", "2015-06-30": "15.39%", "2015-03-31": "13.21%", "2014-12-31": "13.03%", "2014-09-30": "11.01%", "2014-06-30": "10.85%", "2014-03-31": "11.65%", "2013-12-31": "12.95%", "2013-09-30": "14.49%", "2013-06-30": "15.56%", "2013-03-31": "16.41%", "2012-12-31": "15.90%", "2012-09-30": "15.59%", "2012-06-30": "14.01%", "2012-03-31": "12.34%", "2011-12-31": "10.53%", "2011-09-30": "4.50%", "2011-06-30": "1.35%", "2011-03-31": "-0.61%", "2010-12-31": "-3.10%", "2010-09-30": "-1.54%", "2010-06-30": "-2.37%", "2010-03-31": "-9.22%", "2009-12-31": "-14.44%", "2009-09-30": "-178.46%", "2009-06-30": "-186.51%", "2009-03-31": "-162.08%", "2008-12-31": "-151.45%", "2008-09-30": "-3.07%", "2008-06-30": "10.78%", "2008-03-31": "14.99%", "2007-12-31": "19.69%", "2007-09-30": "19.52%", "2007-06-30": "18.74%", "2007-03-31": "17.03%", "2006-12-31": "15.16%", "2006-09-30": "14.74%", "2006-06-30": "12.48%", "2006-03-31": "9.75%", "2005-12-31": "8.88%"}, "ebitda margin": {"2020-09-30": "28.14%", "2020-06-30": "26.85%", "2020-03-31": "26.49%", "2019-12-31": "26.32%", "2019-09-30": "26.79%", "2019-06-30": "26.60%", "2019-03-31": "25.44%", "2018-12-31": "24.19%", "2018-09-30": "23.34%", "2018-06-30": "22.65%", "2018-03-31": "22.54%", "2017-12-31": "22.65%", "2017-09-30": "21.62%", "2017-06-30": "21.27%", "2017-03-31": "20.87%", "2016-12-31": "20.15%", "2016-09-30": "22.09%", "2016-06-30": "22.97%", "2016-03-31": "24.04%", "2015-12-31": "24.27%", "2015-09-30": "24.52%", "2015-06-30": "24.00%", "2015-03-31": "22.01%", "2014-12-31": "21.70%", "2014-09-30": "19.61%", "2014-06-30": "19.37%", "2014-03-31": "20.20%", "2013-12-31": "21.44%", "2013-09-30": "22.88%", "2013-06-30": "23.98%", "2013-03-31": "24.69%", "2012-12-31": "24.42%", "2012-09-30": "24.52%", "2012-06-30": "23.27%", "2012-03-31": "22.27%", "2011-12-31": "21.06%", "2011-09-30": "15.69%", "2011-06-30": "13.13%", "2011-03-31": "11.33%", "2010-12-31": "9.08%", "2010-09-30": "10.58%", "2010-06-30": "9.60%", "2010-03-31": "3.34%", "2009-12-31": "-1.17%", "2009-09-30": "-11.06%", "2009-06-30": "-21.03%", "2009-03-31": "-12.54%", "2008-12-31": "-10.79%", "2008-09-30": "9.38%", "2008-06-30": "21.56%", "2008-03-31": "24.85%", "2007-12-31": "28.73%", "2007-09-30": "27.64%", "2007-06-30": "27.11%", "2007-03-31": "26.10%", "2006-12-31": "25.07%", "2006-09-30": "25.58%", "2006-06-30": "24.61%", "2006-03-31": "23.09%", "2005-12-31": "22.87%"}, "pre tax profit margin": {"2020-09-30": "21.88%", "2020-06-30": "20.65%", "2020-03-31": "20.23%", "2019-12-31": "20.50%", "2019-09-30": "20.94%", "2019-06-30": "20.63%", "2019-03-31": "19.44%", "2018-12-31": "17.64%", "2018-09-30": "16.67%", "2018-06-30": "16.42%", "2018-03-31": "16.09%", "2017-12-31": "16.21%", "2017-09-30": "15.18%", "2017-06-30": "14.27%", "2017-03-31": "13.77%", "2016-12-31": "13.05%", "2016-09-30": "14.82%", "2016-06-30": "15.60%", "2016-03-31": "16.27%", "2015-12-31": "15.75%", "2015-09-30": "15.14%", "2015-06-30": "13.64%", "2015-03-31": "11.47%", "2014-12-31": "11.45%", "2014-09-30": "9.32%", "2014-06-30": "9.19%", "2014-03-31": "9.83%", "2013-12-31": "10.89%", "2013-09-30": "12.81%", "2013-06-30": "13.78%", "2013-03-31": "14.73%", "2012-12-31": "14.24%", "2012-09-30": "13.11%", "2012-06-30": "11.84%", "2012-03-31": "10.34%", "2011-12-31": "8.36%", "2011-09-30": "2.66%", "2011-06-30": "-1.54%", "2011-03-31": "-4.59%", "2010-12-31": "-6.73%", "2010-09-30": "-4.74%", "2010-06-30": "-4.75%", "2010-03-31": "-11.52%", "2009-12-31": "-18.19%", "2009-09-30": "-184.17%", "2009-06-30": "-193.26%", "2009-03-31": "-168.04%", "2008-12-31": "-155.88%", "2008-09-30": "-5.75%", "2008-06-30": "10.22%", "2008-03-31": "15.78%", "2007-12-31": "21.55%", "2007-09-30": "20.21%", "2007-06-30": "19.19%", "2007-03-31": "17.55%", "2006-12-31": "16.31%", "2006-09-30": "17.96%", "2006-06-30": "15.55%", "2006-03-31": "12.10%", "2005-12-31": "9.71%"}, "net profit margin": {"2020-09-30": "42.69%", "2020-06-30": "41.75%", "2020-03-31": "41.76%", "2019-12-31": "42.36%", "2019-09-30": "18.55%", "2019-06-30": "18.81%", "2019-03-31": "17.89%", "2018-12-31": "16.14%", "2018-09-30": "11.26%", "2018-06-30": "10.63%", "2018-03-31": "10.54%", "2017-12-31": "10.50%", "2017-09-30": "13.40%", "2017-06-30": "12.83%", "2017-03-31": "11.92%", "2016-12-31": "11.18%", "2016-09-30": "13.70%", "2016-06-30": "14.53%", "2016-03-31": "15.35%", "2015-12-31": "14.81%", "2015-09-30": "14.07%", "2015-06-30": "11.94%", "2015-03-31": "10.04%", "2014-12-31": "10.06%", "2014-09-30": "8.60%", "2014-06-30": "8.85%", "2014-03-31": "8.01%", "2013-12-31": "11.30%", "2013-09-30": "30.86%", "2013-06-30": "32.91%", "2013-03-31": "35.75%", "2012-12-31": "33.16%", "2012-09-30": "10.63%", "2012-06-30": "8.53%", "2012-03-31": "8.09%", "2011-12-31": "6.27%", "2011-09-30": "2.20%", "2011-06-30": "11.87%", "2011-03-31": "14.80%", "2010-12-31": "13.57%", "2010-09-30": "18.30%", "2010-06-30": "2.82%", "2010-03-31": "-11.29%", "2009-12-31": "-17.49%", "2009-09-30": "-207.80%", "2009-06-30": "-221.94%", "2009-03-31": "-193.94%", "2008-12-31": "-178.90%", "2008-09-30": "-8.90%", "2008-06-30": "9.11%", "2008-03-31": "13.81%", "2007-12-31": "17.77%", "2007-09-30": "14.17%", "2007-06-30": "12.49%", "2007-03-31": "10.78%", "2006-12-31": "9.57%", "2006-09-30": "8.46%", "2006-06-30": "7.13%", "2006-03-31": "5.13%", "2005-12-31": "3.69%"}, "pe ratio": {"current": "36.23", "2021-02-11": "37.39", "2020-09-30": "27.70", "2020-06-30": "26.44", "2020-03-31": "18.66", "2019-12-31": "19.65", "2019-09-30": "43.47", "2019-06-30": "46.89", "2019-03-31": "45.36", "2018-12-31": "35.35", "2018-09-30": "54.60", "2018-06-30": "56.25", "2018-03-31": "49.03", "2017-12-31": "56.51", "2017-09-30": "42.44", "2017-06-30": "38.49", "2017-03-31": "39.75", "2016-12-31": "35.52", "2016-09-30": "30.76", "2016-06-30": "28.59", "2016-03-31": "27.10", "2015-12-31": "25.38", "2015-09-30": "26.86", "2015-06-30": "30.72", "2015-03-31": "34.79", "2014-12-31": "36.48", "2014-09-30": "39.11", "2014-06-30": "38.87", "2014-03-31": "38.85", "2013-12-31": "25.04", "2013-09-30": "8.83", "2013-06-30": "8.99", "2013-03-31": "8.15", "2012-12-31": "8.72", "2012-09-30": "26.26", "2012-06-30": "28.92", "2012-03-31": "33.83", "2011-12-31": "40.00", "2011-09-30": "66.00", "2011-06-30": "20.31", "2011-03-31": "15.98", "2010-12-31": "15.02", "2010-09-30": "11.92", "2010-06-30": "52.64", "2010-03-31": "0.00", "2009-12-31": "0.00", "2009-09-30": "0.00", "2009-06-30": "0.00", "2009-03-31": "0.00", "2008-12-31": "0.00", "2008-09-30": "0.00", "2008-06-30": "16.83", "2008-03-31": "13.69", "2007-12-31": "17.01", "2007-09-30": "29.59", "2007-06-30": "33.78", "2007-03-31": "38.29", "2006-12-31": "38.11"}, "price sales": {"2021-02-11": "15.96", "2020-09-30": "11.82", "2020-06-30": "11.03", "2020-03-31": "7.79", "2019-12-31": "8.33", "2019-09-30": "8.05", "2019-06-30": "8.81", "2019-03-31": "8.12", "2018-12-31": "5.72", "2018-09-30": "6.15", "2018-06-30": "6.02", "2018-03-31": "5.20", "2017-12-31": "6.02", "2017-09-30": "5.83", "2017-06-30": "5.08", "2017-03-31": "4.90", "2016-12-31": "4.09", "2016-09-30": "4.27", "2016-06-30": "4.18", "2016-03-31": "4.21", "2015-12-31": "3.82", "2015-09-30": "3.82", "2015-06-30": "3.70", "2015-03-31": "3.53", "2014-12-31": "3.67", "2014-09-30": "3.40", "2014-06-30": "3.49", "2014-03-31": "3.11", "2013-12-31": "2.83", "2013-09-30": "2.75", "2013-06-30": "2.97", "2013-03-31": "2.89", "2012-12-31": "2.84", "2012-09-30": "2.76", "2012-06-30": "2.42", "2012-03-31": "2.69", "2011-12-31": "2.44", "2011-09-30": "2.28", "2011-06-30": "2.72", "2011-03-31": "2.65", "2010-12-31": "2.33", "2010-09-30": "2.21", "2010-06-30": "1.71", "2010-03-31": "1.99", "2009-12-31": "1.81", "2009-09-30": "2.19", "2009-06-30": "1.71", "2009-03-31": "1.09", "2008-12-31": "0.90", "2008-09-30": "1.43", "2008-06-30": "1.97", "2008-03-31": "2.05", "2007-12-31": "3.14", "2007-09-30": "4.22", "2007-06-30": "4.32", "2007-03-31": "4.27", "2006-12-31": "3.79"}, "price book": {"current": "16.24", "2021-02-11": "16.76", "2020-09-30": "12.41", "2020-06-30": "11.86", "2020-03-31": "8.54", "2019-12-31": "9.23", "2019-09-30": "12.53", "2019-06-30": "13.87", "2019-03-31": "13.07", "2018-12-31": "9.45", "2018-09-30": "10.17", "2018-06-30": "10.31", "2018-03-31": "9.07", "2017-12-31": "11.92", "2017-09-30": "11.03", "2017-06-30": "9.86", "2017-03-31": "10.44", "2016-12-31": "9.46", "2016-09-30": "7.90", "2016-06-30": "6.61", "2016-03-31": "5.75", "2015-12-31": "4.68", "2015-09-30": "4.44", "2015-06-30": "4.10", "2015-03-31": "3.96", "2014-12-31": "4.15", "2014-09-30": "3.92", "2014-06-30": "4.02", "2014-03-31": "3.71", "2013-12-31": "3.49", "2013-09-30": "3.55", "2013-06-30": "3.95", "2013-03-31": "3.87", "2012-12-31": "4.14", "2012-09-30": "6.12", "2012-06-30": "6.02", "2012-03-31": "7.06", "2011-12-31": "6.90", "2011-09-30": "6.68", "2011-06-30": "8.58", "2011-03-31": "8.81", "2010-12-31": "7.98", "2010-09-30": "6.89", "2010-06-30": "9.48", "2010-03-31": "15.15", "2009-12-31": "14.85", "2009-09-30": "20.51", "2009-06-30": "18.19", "2009-03-31": "7.49", "2008-12-31": "5.05", "2008-09-30": "1.02", "2008-06-30": "1.36", "2008-03-31": "1.45", "2007-12-31": "2.25", "2007-09-30": "3.05", "2007-06-30": "2.97", "2007-03-31": "3.14", "2006-12-31": "2.90", "2006-09-30": "2.50", "2006-06-30": "2.55", "2006-03-31": "2.77"}, "price fcf": {"2021-02-11": "", "2020-09-30": "$2.99", "2020-06-30": "$2.77", "2020-03-31": "$2.43", "2019-12-31": "$2.34", "2019-09-30": "$2.26", "2019-06-30": "$2.18", "2019-03-31": "$2.03", "2018-12-31": "$1.93", "2018-09-30": "$1.92", "2018-06-30": "$1.84", "2018-03-31": "$1.71", "2017-12-31": "$1.47", "2017-09-30": "$1.71", "2017-06-30": "$1.70", "2017-03-31": "$1.39", "2016-12-31": "$1.35", "2016-09-30": "$1.08", "2016-06-30": "$1.07", "2016-03-31": "$1.18", "2015-12-31": "$1.07", "2015-09-30": "$1.10", "2015-06-30": "$1.10", "2015-03-31": "$0.96", "2014-12-31": "$0.90", "2014-09-30": "$0.89", "2014-06-30": "$0.93", "2014-03-31": "$0.93", "2013-12-31": "$1.10", "2013-09-30": "$1.03", "2013-06-30": "$1.03", "2013-03-31": "$1.04", "2012-12-31": "$1.00", "2012-09-30": "$0.86", "2012-06-30": "$0.75", "2012-03-31": "$0.77", "2011-12-31": "$0.77", "2011-09-30": "$0.78", "2011-06-30": "$0.76", "2011-03-31": "$0.67", "2010-12-31": "$0.62", "2010-09-30": "$0.41", "2010-06-30": "$0.32", "2010-03-31": "$0.18", "2009-12-31": "$-0.05", "2009-09-30": "$0.04", "2009-06-30": "$-0.10", "2009-03-31": "$-0.03", "2008-12-31": "$-0.11", "2008-09-30": "$0.41", "2008-06-30": "$0.73", "2008-03-31": "$0.92", "2007-12-31": "$1.24", "2007-09-30": "$1.26", "2007-06-30": "$1.17", "2007-03-31": "$1.20", "2006-12-31": "$1.13"}, "net worth": {"value": "$38.91B"}, "current ratio": {"current": "1.55", "2020-09-30": "1.55", "2020-06-30": "1.42", "2020-03-31": "1.38", "2019-12-31": "1.74", "2019-09-30": "1.70", "2019-06-30": "1.61", "2019-03-31": "1.45", "2018-12-31": "1.34", "2018-09-30": "1.64", "2018-06-30": "1.30", "2018-03-31": "1.24", "2017-12-31": "1.53", "2017-09-30": "1.79", "2017-06-30": "1.62", "2017-03-31": "1.39", "2016-12-31": "1.20", "2016-09-30": "1.49", "2016-06-30": "1.71", "2016-03-31": "2.03", "2015-12-31": "1.80", "2015-09-30": "2.05", "2015-06-30": "2.02", "2015-03-31": "1.41", "2014-12-31": "1.33", "2014-09-30": "1.04", "2014-06-30": "1.01", "2014-03-31": "1.09", "2013-12-31": "1.06", "2013-09-30": "0.98", "2013-06-30": "0.93", "2013-03-31": "1.21", "2012-12-31": "1.14", "2012-09-30": "1.16", "2012-06-30": "1.16", "2012-03-31": "1.10", "2011-12-31": "1.05", "2011-09-30": "1.48", "2011-06-30": "0.98", "2011-03-31": "1.37", "2010-12-31": "1.26", "2010-09-30": "1.78", "2010-06-30": "1.72", "2010-03-31": "2.19", "2009-12-31": "2.14", "2009-09-30": "2.13", "2009-06-30": "1.97", "2009-03-31": "1.97", "2008-12-31": "1.69", "2008-09-30": "1.87", "2008-06-30": "1.83", "2008-03-31": "1.75", "2007-12-31": "1.95", "2007-09-30": "1.93", "2007-06-30": "3.24", "2007-03-31": "2.95", "2006-12-31": "2.39", "2006-09-30": "2.21", "2006-06-30": "2.07", "2006-03-31": "2.25", "2005-12-31": "2.11", "2005-09-30": "2.14", "2005-06-30": "1.79", "2005-03-31": "2.21"}, "quick ratio": {"2020-09-30": "1.51", "2020-06-30": "1.39", "2020-03-31": "1.32", "2019-12-31": "1.66", "2019-09-30": "1.59", "2019-06-30": "1.52", "2019-03-31": "1.39", "2018-12-31": "1.30", "2018-09-30": "1.59", "2018-06-30": "1.27", "2018-03-31": "1.20", "2017-12-31": "1.47", "2017-09-30": "1.72", "2017-06-30": "1.56", "2017-03-31": "1.34", "2016-12-31": "1.13", "2016-09-30": "1.37", "2016-06-30": "1.60", "2016-03-31": "1.93", "2015-12-31": "1.69", "2015-09-30": "1.93", "2015-06-30": "1.91", "2015-03-31": "1.37", "2014-12-31": "1.29", "2014-09-30": "1.00", "2014-06-30": "0.96", "2014-03-31": "1.04", "2013-12-31": "1.02", "2013-09-30": "0.95", "2013-06-30": "0.90", "2013-03-31": "1.18", "2012-12-31": "1.11", "2012-09-30": "1.13", "2012-06-30": "1.11", "2012-03-31": "1.06", "2011-12-31": "1.01", "2011-09-30": "1.40", "2011-06-30": "0.95", "2011-03-31": "1.31", "2010-12-31": "1.21", "2010-09-30": "1.72", "2010-06-30": "1.67", "2010-03-31": "2.14", "2009-12-31": "2.08", "2009-09-30": "2.06", "2009-06-30": "1.92", "2009-03-31": "1.90", "2008-12-31": "1.64", "2008-09-30": "1.82", "2008-06-30": "1.80", "2008-03-31": "1.71", "2007-12-31": "1.91", "2007-09-30": "1.88", "2007-06-30": "3.16", "2007-03-31": "2.87", "2006-12-31": "2.33", "2006-09-30": "2.15", "2006-06-30": "2.03", "2006-03-31": "2.21", "2005-12-31": "2.06", "2005-09-30": "2.09", "2005-06-30": "1.75", "2005-03-31": "2.17"}, "debt equity ratio": {"current": "0.14", "2020-09-30": "0.73", "2020-06-30": "0.77", "2020-03-31": "0.75", "2019-12-31": "0.60", "2019-09-30": "0.80", "2019-06-30": "0.83", "2019-03-31": "0.86", "2018-12-31": "0.92", "2018-09-30": "0.81", "2018-06-30": "1.13", "2018-03-31": "1.18", "2017-12-31": "1.45", "2017-09-30": "1.28", "2017-06-30": "1.38", "2017-03-31": "1.61", "2016-12-31": "1.83", "2016-09-30": "1.37", "2016-06-30": "1.21", "2016-03-31": "1.06", "2015-12-31": "0.70", "2015-09-30": "0.68", "2015-06-30": "0.70", "2015-03-31": "1.25", "2014-12-31": "1.41", "2014-09-30": "1.11", "2014-06-30": "1.21", "2014-03-31": "1.08", "2013-12-31": "1.10", "2013-09-30": "1.33", "2013-06-30": "1.46", "2013-03-31": "1.28", "2012-12-31": "1.50", "2012-09-30": "2.38", "2012-06-30": "2.64", "2012-03-31": "2.90", "2011-12-31": "3.28", "2011-09-30": "3.94", "2011-06-30": "4.66", "2011-03-31": "5.10", "2010-12-31": "5.26", "2010-09-30": "4.76", "2010-06-30": "9.42", "2010-03-31": "10.89", "2009-12-31": "12.02", "2009-09-30": "13.70", "2009-06-30": "15.82", "2009-03-31": "9.26", "2008-12-31": "8.00", "2008-09-30": "0.91", "2008-06-30": "0.88", "2008-03-31": "0.92", "2007-12-31": "0.86", "2007-09-30": "0.92", "2007-06-30": "0.83", "2007-03-31": "0.91", "2006-12-31": "1.03", "2006-09-30": "0.74", "2006-06-30": "0.81", "2006-03-31": "0.79", "2005-12-31": "0.84", "2005-09-30": "0.67", "2005-06-30": "0.73", "2005-03-31": "0.71"}, "return on equity": {"2020-09-30": "48.33%", "2020-06-30": "50.86%", "2020-03-31": "55.38%", "2019-12-31": "62.07%", "2019-09-30": "30.76%", "2019-06-30": "31.82%", "2019-03-31": "30.83%", "2018-12-31": "28.31%", "2018-09-30": "20.37%", "2018-06-30": "19.86%", "2018-03-31": "20.42%", "2017-12-31": "21.51%", "2017-09-30": "28.88%", "2017-06-30": "27.73%", "2017-03-31": "24.55%", "2016-12-31": "20.41%", "2016-09-30": "21.25%", "2016-06-30": "20.36%", "2016-03-31": "19.81%", "2015-12-31": "18.26%", "2015-09-30": "17.30%", "2015-06-30": "14.65%", "2015-03-31": "12.36%", "2014-12-31": "12.49%", "2014-09-30": "10.74%", "2014-06-30": "11.26%", "2014-03-31": "10.56%", "2013-12-31": "15.31%", "2013-09-30": "43.33%", "2013-06-30": "51.75%", "2013-03-31": "64.53%", "2012-12-31": "71.37%", "2012-09-30": "27.93%", "2012-06-30": "24.21%", "2012-03-31": "24.56%", "2011-12-31": "20.32%", "2011-09-30": "7.48%", "2011-06-30": "40.93%", "2011-03-31": "56.09%", "2010-12-31": "59.42%", "2010-09-30": "96.79%", "2010-06-30": "20.58%", "2010-03-31": "-95.84%", "2009-12-31": "-136.07%", "2009-09-30": "-1381.04%", "2009-06-30": "-365.38%", "2009-03-31": "-190.17%", "2008-12-31": "-129.97%", "2008-09-30": "-5.94%", "2008-06-30": "6.67%", "2008-03-31": "10.53%", "2007-12-31": "14.43%", "2007-09-30": "11.88%", "2007-06-30": "10.35%", "2007-03-31": "8.95%", "2006-12-31": "7.73%", "2006-09-30": "6.46%", "2006-06-30": "5.35%", "2006-03-31": "3.80%", "2005-12-31": "2.71%"}, "return on assets": {"2020-09-30": "28.22%", "2020-06-30": "29.51%", "2020-03-31": "32.03%", "2019-12-31": "35.43%", "2019-09-30": "16.64%", "2019-06-30": "17.17%", "2019-03-31": "16.01%", "2018-12-31": "14.14%", "2018-09-30": "9.60%", "2018-06-30": "8.83%", "2018-03-31": "8.82%", "2017-12-31": "8.89%", "2017-09-30": "11.56%", "2017-06-30": "10.97%", "2017-03-31": "9.93%", "2016-12-31": "8.82%", "2016-09-30": "10.36%", "2016-06-30": "10.76%", "2016-03-31": "11.13%", "2015-12-31": "9.96%", "2015-09-30": "8.63%", "2015-06-30": "6.94%", "2015-03-31": "5.51%", "2014-12-31": "5.67%", "2014-09-30": "5.06%", "2014-06-30": "5.17%", "2014-03-31": "4.73%", "2013-12-31": "6.69%", "2013-09-30": "18.13%", "2013-06-30": "20.13%", "2013-03-31": "23.16%", "2012-12-31": "22.28%", "2012-09-30": "7.43%", "2012-06-30": "5.85%", "2012-03-31": "5.32%", "2011-12-31": "3.94%", "2011-09-30": "1.32%", "2011-06-30": "6.90%", "2011-03-31": "8.35%", "2010-12-31": "7.76%", "2010-09-30": "10.66%", "2010-06-30": "1.68%", "2010-03-31": "-6.89%", "2009-12-31": "-10.29%", "2009-09-30": "-117.78%", "2009-06-30": "-98.37%", "2009-03-31": "-74.96%", "2008-12-31": "-60.93%", "2008-09-30": "-3.14%", "2008-06-30": "3.52%", "2008-03-31": "5.60%", "2007-12-31": "7.68%", "2007-09-30": "6.20%", "2007-06-30": "5.52%", "2007-03-31": "4.79%", "2006-12-31": "4.20%", "2006-09-30": "3.59%", "2006-06-30": "3.01%", "2006-03-31": "2.16%", "2005-12-31": "1.56%"}, "return on investments": {"2020-09-30": "22.10%", "2020-06-30": "22.21%", "2020-03-31": "23.52%", "2019-12-31": "25.35%", "2019-09-30": "28.62%", "2019-06-30": "28.55%", "2019-03-31": "27.09%", "2018-12-31": "25.38%", "2018-09-30": "23.27%", "2018-06-30": "21.56%", "2018-03-31": "20.72%", "2017-12-31": "20.35%", "2017-09-30": "19.35%", "2017-06-30": "18.76%", "2017-03-31": "17.35%", "2016-12-31": "14.96%", "2016-09-30": "15.92%", "2016-06-30": "16.18%", "2016-03-31": "16.62%", "2015-12-31": "16.50%", "2015-09-30": "16.18%", "2015-06-30": "19.77%", "2015-03-31": "25.10%", "2014-12-31": "48.99%", "2014-09-30": "inf%", "2014-06-30": "inf%", "2014-03-31": "inf%", "2013-12-31": "inf%", "2013-09-30": "inf%", "2013-06-30": "120.28%", "2013-03-31": "65.79%", "2012-12-31": "43.15%", "2012-09-30": "32.17%", "2012-06-30": "27.06%", "2012-03-31": "24.72%", "2011-12-31": "19.28%", "2011-09-30": "7.40%", "2011-06-30": "2.08%", "2011-03-31": "-0.82%", "2010-12-31": "-4.16%", "2010-09-30": "-2.11%", "2010-06-30": "-3.60%", "2010-03-31": "-14.93%", "2009-12-31": "-22.85%", "2009-09-30": "-277.22%", "2009-06-30": "-167.81%", "2009-03-31": "-108.65%", "2008-12-31": "-82.40%", "2008-09-30": "-1.62%", "2008-06-30": "6.29%", "2008-03-31": "8.93%", "2007-12-31": "12.21%", "2007-09-30": "12.08%", "2007-06-30": "11.49%", "2007-03-31": "10.68%", "2006-12-31": "9.47%", "2006-09-30": "8.92%", "2006-06-30": "7.40%", "2006-03-31": "5.73%", "2005-12-31": "5.21%"}, "return on tangible equity": {"2020-09-30": "85.97%", "2020-06-30": "95.54%", "2020-03-31": "110.55%", "2019-12-31": "133.60%", "2019-09-30": "81.68%", "2019-06-30": "93.41%", "2019-03-31": "103.22%", "2018-12-31": "110.93%", "2018-09-30": "105.07%", "2018-06-30": "114.82%", "2018-03-31": "134.19%", "2017-12-31": "188.45%", "2017-09-30": "342.47%", "2017-06-30": "603.77%", "2017-03-31": "389.38%", "2016-12-31": "134.88%", "2016-09-30": "80.33%", "2016-06-30": "62.17%", "2016-03-31": "54.46%", "2015-12-31": "49.70%", "2015-09-30": "49.40%", "2015-06-30": "45.08%", "2015-03-31": "42.13%", "2014-12-31": "42.63%", "2014-09-30": "36.14%", "2014-06-30": "37.25%", "2014-03-31": "34.80%", "2013-12-31": "42.36%", "2013-09-30": "105.82%", "2013-06-30": "121.88%", "2013-03-31": "137.66%", "2012-12-31": "193.19%", "2012-09-30": "119.13%", "2012-06-30": "140.40%", "2012-03-31": "296.18%", "2011-12-31": "-5760.00%", "2011-09-30": "-85.71%", "2011-06-30": "-298.18%", "2011-03-31": "-174.70%", "2010-12-31": "-240.76%", "2010-09-30": "-948.57%", "2010-06-30": "238.10%", "2010-03-31": "-140.50%", "2009-12-31": "-200.67%", "2009-09-30": "-2011.27%", "2009-06-30": "-1339.31%", "2009-03-31": "-730.69%", "2008-12-31": "-537.48%", "2008-09-30": "-23.95%", "2008-06-30": "24.94%", "2008-03-31": "36.67%", "2007-12-31": "49.00%", "2007-09-30": "44.58%", "2007-06-30": "38.74%", "2007-03-31": "36.75%", "2006-12-31": "32.00%", "2006-09-30": "25.29%", "2006-06-30": "21.22%", "2006-03-31": "16.06%", "2005-12-31": "10.86%"}, "dividend yield history": {"last payout": "$0.00", "last yield": "0.00%"}}