{"ticker": "CDW", "price": {"title": "CDW Historical Annual Stock Price Data", "value": 150.97, "historical": {"2020": {"Average Stock Price": "119.0429", "Year Open": "143.8800", "Year High": "144.6000", "Year Low": "79.5600", "Year Close": "131.7900", "Annual % Change": "-7.74%"}, "2019": {"Average Stock Price": "110.5578", "Year Open": "79.1700", "Year High": "144.6300", "Year Low": "77.1300", "Year Close": "142.8400", "Annual % Change": "76.24%"}, "2018": {"Average Stock Price": "80.7943", "Year Open": "69.7600", "Year High": "95.9700", "Year Low": "67.9500", "Year Close": "81.0500", "Annual % Change": "16.64%"}, "2017": {"Average Stock Price": "61.8938", "Year Open": "51.5400", "Year High": "70.4000", "Year Low": "51.0400", "Year Close": "69.4900", "Annual % Change": "33.40%"}, "2016": {"Average Stock Price": "43.2981", "Year Open": "40.9500", "Year High": "55.4000", "Year Low": "33.6900", "Year Close": "52.0900", "Annual % Change": "23.91%"}, "2015": {"Average Stock Price": "38.8157", "Year Open": "34.8600", "Year High": "46.2600", "Year Low": "33.3100", "Year Close": "42.0400", "Annual % Change": "19.53%"}, "2014": {"Average Stock Price": "29.5620", "Year Open": "23.3800", "Year High": "35.9200", "Year Low": "22.9800", "Year Close": "35.1700", "Annual % Change": "50.56%"}, "2013": {"Average Stock Price": "22.2060", "Year Open": "18.3700", "Year High": "24.3000", "Year Low": "18.3400", "Year Close": "23.3600", "Annual % Change": "0.00%"}}}, "market cap": {"value": "$21.59B"}, "income statement": {"Revenue": {"2019-12-31": "18032.40000", "2018-12-31": "16240.50000", "2017-12-31": "14832.90000", "2016-12-31": "13672.70000", "2015-12-31": "12988.70000", "2014-12-31": "12074.50000", "2013-12-31": "10768.60000", "2012-12-31": "10128.20000", "2011-12-31": "9602.40000", "2010-12-31": "8801.20000"}, "Cost Of Goods Sold": {"2019-12-31": "14992.50000", "2018-12-31": "13533.60000", "2017-12-31": "12382.70000", "2016-12-31": "11344.40000", "2015-12-31": "10872.90000", "2014-12-31": "10153.20000", "2013-12-31": "9008.30000", "2012-12-31": "8458.60000", "2011-12-31": "8018.90000", "2010-12-31": "7410.40000"}, "Gross Profit": {"2019-12-31": "3039.90000", "2018-12-31": "2706.90000", "2017-12-31": "2450.20000", "2016-12-31": "2328.30000", "2015-12-31": "2115.80000", "2014-12-31": "1921.30000", "2013-12-31": "1760.30000", "2012-12-31": "1669.60100", "2011-12-31": "1583.50000", "2010-12-31": "1390.80000"}, "Research And Development Expenses": {"2019-12-31": "", "2018-12-31": "", "2017-12-31": "", "2016-12-31": "", "2015-12-31": "", "2014-12-31": "", "2013-12-31": "", "2012-12-31": "", "2011-12-31": "", "2010-12-31": ""}, "SG&A Expenses": {"2019-12-31": "1906.30000", "2018-12-31": "1719.60000", "2017-12-31": "1583.70000", "2016-12-31": "1508.30000", "2015-12-31": "1373.80000", "2014-12-31": "1248.30000", "2013-12-31": "1251.70000", "2012-12-31": "1159.00000", "2011-12-31": "1112.80000", "2010-12-31": "1038.10000"}, "Other Operating Income Or Expenses": {"2019-12-31": "", "2018-12-31": "", "2017-12-31": "", "2016-12-31": "", "2015-12-31": "", "2014-12-31": "", "2013-12-31": "", "2012-12-31": "", "2011-12-31": "", "2010-12-31": ""}, "Operating Expenses": {"2019-12-31": "16898.80000", "2018-12-31": "15253.20000", "2017-12-31": "13966.40000", "2016-12-31": "12852.70000", "2015-12-31": "12246.70000", "2014-12-31": "11401.50000", "2013-12-31": "10260.00000", "2012-12-31": "9617.60000", "2011-12-31": "9131.70000", "2010-12-31": "8448.50000"}, "Operating Income": {"2019-12-31": "1133.60000", "2018-12-31": "987.30080", "2017-12-31": "866.50000", "2016-12-31": "820.00000", "2015-12-31": "742.00000", "2014-12-31": "673.00000", "2013-12-31": "508.59960", "2012-12-31": "510.60060", "2011-12-31": "470.70020", "2010-12-31": "352.70020"}, "Total Non-Operating Income/Expense": {"2019-12-31": "-183.90000", "2018-12-31": "-146.80000", "2017-12-31": "-205.80000", "2016-12-31": "-146.80000", "2015-12-31": "-95.00000", "2014-12-31": "-285.30000", "2013-12-31": "-313.10000", "2012-12-31": "-324.50000", "2011-12-31": "-442.40000", "2010-12-31": "-389.70000"}, "Pre-Tax Income": {"2019-12-31": "949.70000", "2018-12-31": "840.50000", "2017-12-31": "660.70000", "2016-12-31": "673.20000", "2015-12-31": "647.00000", "2014-12-31": "387.70000", "2013-12-31": "195.50000", "2012-12-31": "186.10000", "2011-12-31": "28.30000", "2010-12-31": "-37.00000"}, "Income Taxes": {"2019-12-31": "212.90000", "2018-12-31": "197.50000", "2017-12-31": "137.60000", "2016-12-31": "248.10000", "2015-12-31": "243.90000", "2014-12-31": "142.80000", "2013-12-31": "62.70000", "2012-12-31": "67.10000", "2011-12-31": "11.20000", "2010-12-31": "-7.80000"}, "Income After Taxes": {"2019-12-31": "736.80000", "2018-12-31": "643.00000", "2017-12-31": "523.10000", "2016-12-31": "425.10000", "2015-12-31": "403.10000", "2014-12-31": "244.90000", "2013-12-31": "132.80000", "2012-12-31": "119.00000", "2011-12-31": "17.10000", "2010-12-31": "-29.20000"}, "Other Income": {"2019-12-31": "", "2018-12-31": "", "2017-12-31": "", "2016-12-31": "", "2015-12-31": "", "2014-12-31": "", "2013-12-31": "", "2012-12-31": "", "2011-12-31": "", "2010-12-31": ""}, "Income From Continuous Operations": {"2019-12-31": "736.80000", "2018-12-31": "643.00000", "2017-12-31": "523.10000", "2016-12-31": "425.10000", "2015-12-31": "403.10000", "2014-12-31": "244.90000", "2013-12-31": "132.80000", "2012-12-31": "119.00000", "2011-12-31": "17.10000", "2010-12-31": "-29.20000"}, "Income From Discontinued Operations": {"2019-12-31": "", "2018-12-31": "", "2017-12-31": "", "2016-12-31": "", "2015-12-31": "", "2014-12-31": "", "2013-12-31": "", "2012-12-31": "", "2011-12-31": "", "2010-12-31": ""}, "Net Income": {"2019-12-31": "736.80000", "2018-12-31": "643.00000", "2017-12-31": "523.10000", "2016-12-31": "425.10000", "2015-12-31": "403.10000", "2014-12-31": "244.90000", "2013-12-31": "132.80000", "2012-12-31": "119.00000", "2011-12-31": "17.10000", "2010-12-31": "-29.20000"}, "EBITDA": {"2019-12-31": "1400.70000", "2018-12-31": "1252.90100", "2017-12-31": "1127.40000", "2016-12-31": "1074.50000", "2015-12-31": "975.80000", "2014-12-31": "887.30000", "2013-12-31": "725.59960", "2012-12-31": "734.40060", "2011-12-31": "691.30020", "2010-12-31": "580.10020"}, "EBIT": {"2019-12-31": "1133.60000", "2018-12-31": "987.30080", "2017-12-31": "866.50000", "2016-12-31": "820.00000", "2015-12-31": "742.00000", "2014-12-31": "673.00000", "2013-12-31": "508.59960", "2012-12-31": "510.60060", "2011-12-31": "470.70020", "2010-12-31": "352.70020"}, "Basic Shares Outstanding": {"2019-12-31": "145.10000", "2018-12-31": "150.90000", "2017-12-31": "155.40000", "2016-12-31": "163.60000", "2015-12-31": "170.30000", "2014-12-31": "170.60000", "2013-12-31": "156.60000", "2012-12-31": "145.10000", "2011-12-31": "144.80000", "2010-12-31": "144.40000"}, "Shares Outstanding": {"2019-12-31": "147.80000", "2018-12-31": "153.60000", "2017-12-31": "158.20000", "2016-12-31": "166.00000", "2015-12-31": "171.80000", "2014-12-31": "172.80000", "2013-12-31": "158.70000", "2012-12-31": "145.80000", "2011-12-31": "144.90000", "2010-12-31": "144.40000"}, "Basic EPS": {"2019-12-31": "5.08000", "2018-12-31": "4.26000", "2017-12-31": "3.37000", "2016-12-31": "2.60000", "2015-12-31": "2.37000", "2014-12-31": "1.44000", "2013-12-31": "0.85000", "2012-12-31": "0.82000", "2011-12-31": "0.12000", "2010-12-31": "-0.20000"}, "EPS - Earnings Per Share": {"2019-12-31": "4.99000", "2018-12-31": "4.19000", "2017-12-31": "3.31000", "2016-12-31": "2.56000", "2015-12-31": "2.35000", "2014-12-31": "1.42000", "2013-12-31": "0.84000", "2012-12-31": "0.82000", "2011-12-31": "0.12000", "2010-12-31": "-0.20000"}}, "income statement, quarterly": {"Revenue": {"2020-09-30": "4756.40000", "2020-06-30": "4365.70000", "2020-03-31": "4389.20000", "2019-12-31": "4536.90100", "2019-09-30": "4907.70000", "2019-06-30": "4629.90000", "2019-03-31": "3957.90000", "2018-12-31": "4074.80000", "2018-09-30": "4373.20000", "2018-06-30": "4186.10000", "2018-03-31": "3606.40000", "2017-12-31": "3752.00000", "2017-09-30": "3933.20000", "2017-06-30": "3891.70000", "2017-03-31": "3256.00000", "2016-12-31": "3183.20000", "2016-09-30": "3708.20000", "2016-06-30": "3664.60000", "2016-03-31": "3116.70000", "2015-12-31": "3418.40000", "2015-09-30": "3501.10000", "2015-06-30": "3314.00000", "2015-03-31": "2755.20000", "2014-12-31": "3050.10000", "2014-09-30": "3266.10000", "2014-06-30": "3106.00000", "2014-03-31": "2652.30000", "2013-12-31": "2713.30000", "2013-09-30": "2864.30000", "2013-06-30": "2779.30000", "2013-03-31": "2411.70000", "2012-12-31": "", "2012-09-30": "2623.30000", "2012-06-30": "2584.70000", "2011-12-31": "", "2010-12-31": ""}, "Cost Of Goods Sold": {"2020-09-30": "3930.90000", "2020-06-30": "3618.50000", "2020-03-31": "3632.70000", "2019-12-31": "3759.40000", "2019-09-30": "4091.20000", "2019-06-30": "3856.10000", "2019-03-31": "3285.80000", "2018-12-31": "3381.00000", "2018-09-30": "3659.60000", "2018-06-30": "3490.50000", "2018-03-31": "3002.50000", "2017-12-31": "3138.30000", "2017-09-30": "3291.00000", "2017-06-30": "3250.90000", "2017-03-31": "2702.50000", "2016-12-31": "2604.20000", "2016-09-30": "3093.90000", "2016-06-30": "3054.10000", "2016-03-31": "2592.20000", "2015-12-31": "2860.80100", "2015-09-30": "2933.90000", "2015-06-30": "2779.50000", "2015-03-31": "2298.70000", "2014-12-31": "2558.20000", "2014-09-30": "2758.80000", "2014-06-30": "2609.10000", "2014-03-31": "2227.10000", "2013-12-31": "2265.00000", "2013-09-30": "2405.90000", "2013-06-30": "2327.70000", "2013-03-31": "2009.70000", "2012-12-31": "", "2012-09-30": "2190.60000", "2012-06-30": "2157.80000", "2011-12-31": "", "2010-12-31": ""}, "Gross Profit": {"2020-09-30": "825.50000", "2020-06-30": "747.20020", "2020-03-31": "756.50020", "2019-12-31": "777.50120", "2019-09-30": "816.50020", "2019-06-30": "773.79980", "2019-03-31": "672.09990", "2018-12-31": "693.79980", "2018-09-30": "713.60010", "2018-06-30": "695.60010", "2018-03-31": "603.89990", "2017-12-31": "613.69970", "2017-09-30": "642.20000", "2017-06-30": "640.80000", "2017-03-31": "553.50000", "2016-12-31": "579.00000", "2016-09-30": "614.30000", "2016-06-30": "610.50000", "2016-03-31": "524.50000", "2015-12-31": "557.59910", "2015-09-30": "567.20020", "2015-06-30": "534.50000", "2015-03-31": "456.50000", "2014-12-31": "491.90010", "2014-09-30": "507.30000", "2014-06-30": "496.89990", "2014-03-31": "425.20000", "2013-12-31": "448.29980", "2013-09-30": "458.40010", "2013-06-30": "451.60010", "2013-03-31": "402.00000", "2012-12-31": "", "2012-09-30": "432.70000", "2012-06-30": "426.89990", "2011-12-31": "", "2010-12-31": ""}, "Research And Development Expenses": {"2020-09-30": "", "2020-06-30": "", "2020-03-31": "", "2019-12-31": "", "2019-09-30": "", "2019-06-30": "", "2019-03-31": "", "2018-12-31": "", "2018-09-30": "", "2018-06-30": "", "2018-03-31": "", "2017-12-31": "", "2017-09-30": "", "2017-06-30": "", "2017-03-31": "", "2016-12-31": "", "2016-09-30": "", "2016-06-30": "", "2016-03-31": "", "2015-12-31": "", "2015-09-30": "", "2015-06-30": "", "2015-03-31": "", "2014-12-31": "", "2014-09-30": "", "2014-06-30": "", "2014-03-31": "", "2013-12-31": "", "2013-09-30": "", "2013-06-30": "", "2013-03-31": "", "2012-12-31": "", "2012-09-30": "", "2012-06-30": "", "2011-12-31": "", "2010-12-31": ""}, "SG&A Expenses": {"2020-09-30": "507.70000", "2020-06-30": "463.80000", "2020-03-31": "510.70000", "2019-12-31": "493.69990", "2019-09-30": "495.90000", "2019-06-30": "473.50000", "2019-03-31": "443.20000", "2018-12-31": "450.89990", "2018-09-30": "438.80000", "2018-06-30": "430.10000", "2018-03-31": "399.80000", "2017-12-31": "392.70000", "2017-09-30": "398.20000", "2017-06-30": "410.00000", "2017-03-31": "382.80000", "2016-12-31": "381.00000", "2016-09-30": "376.80000", "2016-06-30": "387.00000", "2016-03-31": "363.50000", "2015-12-31": "377.70010", "2015-09-30": "362.60000", "2015-06-30": "328.60000", "2015-03-31": "304.90000", "2014-12-31": "327.60010", "2014-09-30": "322.60000", "2014-06-30": "308.70000", "2014-03-31": "289.40000", "2013-12-31": "306.30010", "2013-09-30": "365.50000", "2013-06-30": "298.00000", "2013-03-31": "281.90000", "2012-12-31": "", "2012-09-30": "293.00000", "2012-06-30": "290.50000", "2011-12-31": "", "2010-12-31": ""}, "Other Operating Income Or Expenses": {"2020-09-30": "", "2020-06-30": "", "2020-03-31": "", "2019-12-31": "", "2019-09-30": "", "2019-06-30": "", "2019-03-31": "", "2018-12-31": "", "2018-09-30": "", "2018-06-30": "", "2018-03-31": "", "2017-12-31": "", "2017-09-30": "", "2017-06-30": "", "2017-03-31": "", "2016-12-31": "", "2016-09-30": "", "2016-06-30": "", "2016-03-31": "", "2015-12-31": "", "2015-09-30": "", "2015-06-30": "", "2015-03-31": "", "2014-12-31": "", "2014-09-30": "", "2014-06-30": "", "2014-03-31": "", "2013-12-31": "", "2013-09-30": "", "2013-06-30": "", "2013-03-31": "", "2012-12-31": "", "2012-09-30": "", "2012-06-30": "", "2011-12-31": "", "2010-12-31": ""}, "Operating Expenses": {"2020-09-30": "4438.60000", "2020-06-30": "4082.30000", "2020-03-31": "4143.40000", "2019-12-31": "4253.10100", "2019-09-30": "4587.10000", "2019-06-30": "4329.60000", "2019-03-31": "3729.00000", "2018-12-31": "3831.89900", "2018-09-30": "4098.40000", "2018-06-30": "3920.60000", "2018-03-31": "3402.30000", "2017-12-31": "3531.00000", "2017-09-30": "3689.20000", "2017-06-30": "3660.90000", "2017-03-31": "3085.30000", "2016-12-31": "2985.20000", "2016-09-30": "3470.70000", "2016-06-30": "3441.10000", "2016-03-31": "2955.70000", "2015-12-31": "3238.50000", "2015-09-30": "3296.50000", "2015-06-30": "3108.10000", "2015-03-31": "2603.60000", "2014-12-31": "2885.80000", "2014-09-30": "3081.40000", "2014-06-30": "2917.80000", "2014-03-31": "2516.50000", "2013-12-31": "2571.30100", "2013-09-30": "2771.40000", "2013-06-30": "2625.70000", "2013-03-31": "2291.60000", "2012-12-31": "", "2012-09-30": "2483.60000", "2012-06-30": "2448.30000", "2011-12-31": "", "2010-12-31": ""}, "Operating Income": {"2020-09-30": "317.79980", "2020-06-30": "283.40010", "2020-03-31": "245.80030", "2019-12-31": "283.79980", "2019-09-30": "320.60010", "2019-06-30": "300.29980", "2019-03-31": "228.89990", "2018-12-31": "242.90110", "2018-09-30": "274.80030", "2018-06-30": "265.50000", "2018-03-31": "204.09990", "2017-12-31": "220.99980", "2017-09-30": "244.00000", "2017-06-30": "230.80000", "2017-03-31": "170.70000", "2016-12-31": "198.00000", "2016-09-30": "237.50000", "2016-06-30": "223.50000", "2016-03-31": "161.00000", "2015-12-31": "179.89940", "2015-09-30": "204.60010", "2015-06-30": "205.89990", "2015-03-31": "151.60010", "2014-12-31": "164.30050", "2014-09-30": "184.70000", "2014-06-30": "188.20000", "2014-03-31": "135.80000", "2013-12-31": "141.99950", "2013-09-30": "92.90020", "2013-06-30": "153.60010", "2013-03-31": "120.10010", "2012-12-31": "", "2012-09-30": "139.70000", "2012-06-30": "136.39990", "2011-12-31": "", "2010-12-31": ""}, "Total Non-Operating Income/Expense": {"2020-09-30": "-67.70000", "2020-06-30": "-38.00000", "2020-03-31": "-34.00000", "2019-12-31": "-47.80000", "2019-09-30": "-59.70000", "2019-06-30": "-39.10000", "2019-03-31": "-37.30000", "2018-12-31": "-36.30000", "2018-09-30": "-36.40000", "2018-06-30": "-35.70000", "2018-03-31": "-38.40000", "2017-12-31": "-37.00000", "2017-09-30": "-37.10000", "2017-06-30": "-35.50000", "2017-03-31": "-96.20000", "2016-12-31": "-34.40000", "2016-09-30": "-39.30000", "2016-06-30": "-36.00000", "2016-03-31": "-37.10000", "2015-12-31": "-38.20000", "2015-09-30": "41.60000", "2015-06-30": "-33.80000", "2015-03-31": "-64.60000", "2014-12-31": "-84.10000", "2014-09-30": "-95.20000", "2014-06-30": "-51.00000", "2014-03-31": "-55.00000", "2013-12-31": "-59.40000", "2013-09-30": "-97.70000", "2013-06-30": "-80.40000", "2013-03-31": "-75.60000", "2012-12-31": "", "2012-09-30": "-76.50000", "2012-06-30": "-76.70000", "2011-12-31": "", "2010-12-31": ""}, "Pre-Tax Income": {"2020-09-30": "250.10000", "2020-06-30": "245.40000", "2020-03-31": "211.80000", "2019-12-31": "236.00000", "2019-09-30": "260.90000", "2019-06-30": "261.20000", "2019-03-31": "191.60000", "2018-12-31": "206.60000", "2018-09-30": "238.40000", "2018-06-30": "229.80000", "2018-03-31": "165.70000", "2017-12-31": "184.00000", "2017-09-30": "206.90000", "2017-06-30": "195.30000", "2017-03-31": "74.50000", "2016-12-31": "163.60000", "2016-09-30": "198.20000", "2016-06-30": "187.50000", "2016-03-31": "123.90000", "2015-12-31": "141.70000", "2015-09-30": "246.20000", "2015-06-30": "172.10000", "2015-03-31": "87.00000", "2014-12-31": "80.20000", "2014-09-30": "89.50000", "2014-06-30": "137.20000", "2014-03-31": "80.80000", "2013-12-31": "82.60000", "2013-09-30": "-4.80000", "2013-06-30": "73.20000", "2013-03-31": "44.50000", "2012-12-31": "", "2012-09-30": "63.20000", "2012-06-30": "59.70000", "2011-12-31": "", "2010-12-31": ""}, "Income Taxes": {"2020-09-30": "56.90000", "2020-06-30": "56.30000", "2020-03-31": "43.90000", "2019-12-31": "50.40000", "2019-09-30": "59.20000", "2019-06-30": "64.60000", "2019-03-31": "38.70000", "2018-12-31": "47.30000", "2018-09-30": "54.70000", "2018-06-30": "56.80000", "2018-03-31": "38.70000", "2017-12-31": "-10.70000", "2017-09-30": "77.60000", "2017-06-30": "54.40000", "2017-03-31": "16.30000", "2016-12-31": "59.70000", "2016-09-30": "72.30000", "2016-06-30": "70.00000", "2016-03-31": "46.10000", "2015-12-31": "52.40000", "2015-09-30": "95.30000", "2015-06-30": "63.90000", "2015-03-31": "32.30000", "2014-12-31": "28.40000", "2014-09-30": "33.90000", "2014-06-30": "50.60000", "2014-03-31": "29.90000", "2013-12-31": "22.60000", "2013-09-30": "-2.60000", "2013-06-30": "26.50000", "2013-03-31": "16.20000", "2012-12-31": "", "2012-09-30": "25.20000", "2012-06-30": "22.90000", "2011-12-31": "", "2010-12-31": ""}, "Income After Taxes": {"2020-09-30": "193.20000", "2020-06-30": "189.10000", "2020-03-31": "167.90000", "2019-12-31": "185.60000", "2019-09-30": "201.70000", "2019-06-30": "196.60000", "2019-03-31": "152.90000", "2018-12-31": "159.30000", "2018-09-30": "183.70000", "2018-06-30": "173.00000", "2018-03-31": "127.00000", "2017-12-31": "194.70000", "2017-09-30": "129.30000", "2017-06-30": "140.90000", "2017-03-31": "58.20000", "2016-12-31": "103.90000", "2016-09-30": "125.90000", "2016-06-30": "117.50000", "2016-03-31": "77.80000", "2015-12-31": "89.30000", "2015-09-30": "150.90000", "2015-06-30": "108.20000", "2015-03-31": "54.70000", "2014-12-31": "51.80000", "2014-09-30": "55.60000", "2014-06-30": "86.60000", "2014-03-31": "50.90000", "2013-12-31": "60.00000", "2013-09-30": "-2.20000", "2013-06-30": "46.70000", "2013-03-31": "28.30000", "2012-12-31": "", "2012-09-30": "38.00000", "2012-06-30": "36.80000", "2011-12-31": "", "2010-12-31": ""}, "Other Income": {"2020-09-30": "", "2020-06-30": "", "2020-03-31": "", "2019-12-31": "", "2019-09-30": "", "2019-06-30": "", "2019-03-31": "", "2018-12-31": "", "2018-09-30": "", "2018-06-30": "", "2018-03-31": "", "2017-12-31": "", "2017-09-30": "", "2017-06-30": "", "2017-03-31": "", "2016-12-31": "", "2016-09-30": "", "2016-06-30": "", "2016-03-31": "", "2015-12-31": "", "2015-09-30": "", "2015-06-30": "", "2015-03-31": "", "2014-12-31": "", "2014-09-30": "", "2014-06-30": "", "2014-03-31": "", "2013-12-31": "", "2013-09-30": "", "2013-06-30": "", "2013-03-31": "", "2012-12-31": "", "2012-09-30": "", "2012-06-30": "", "2011-12-31": "", "2010-12-31": ""}, "Income From Continuous Operations": {"2020-09-30": "193.20000", "2020-06-30": "189.10000", "2020-03-31": "167.90000", "2019-12-31": "185.60000", "2019-09-30": "201.70000", "2019-06-30": "196.60000", "2019-03-31": "152.90000", "2018-12-31": "159.30000", "2018-09-30": "183.70000", "2018-06-30": "173.00000", "2018-03-31": "127.00000", "2017-12-31": "194.70000", "2017-09-30": "129.30000", "2017-06-30": "140.90000", "2017-03-31": "58.20000", "2016-12-31": "103.90000", "2016-09-30": "125.90000", "2016-06-30": "117.50000", "2016-03-31": "77.80000", "2015-12-31": "89.30000", "2015-09-30": "150.90000", "2015-06-30": "108.20000", "2015-03-31": "54.70000", "2014-12-31": "51.80000", "2014-09-30": "55.60000", "2014-06-30": "86.60000", "2014-03-31": "50.90000", "2013-12-31": "60.00000", "2013-09-30": "-2.20000", "2013-06-30": "46.70000", "2013-03-31": "28.30000", "2012-12-31": "", "2012-09-30": "38.00000", "2012-06-30": "36.80000", "2011-12-31": "", "2010-12-31": ""}, "Income From Discontinued Operations": {"2020-09-30": "", "2020-06-30": "", "2020-03-31": "", "2019-12-31": "", "2019-09-30": "", "2019-06-30": "", "2019-03-31": "", "2018-12-31": "", "2018-09-30": "", "2018-06-30": "", "2018-03-31": "", "2017-12-31": "", "2017-09-30": "", "2017-06-30": "", "2017-03-31": "", "2016-12-31": "", "2016-09-30": "", "2016-06-30": "", "2016-03-31": "", "2015-12-31": "", "2015-09-30": "", "2015-06-30": "", "2015-03-31": "", "2014-12-31": "", "2014-09-30": "", "2014-06-30": "", "2014-03-31": "", "2013-12-31": "", "2013-09-30": "", "2013-06-30": "", "2013-03-31": "", "2012-12-31": "", "2012-09-30": "", "2012-06-30": "", "2011-12-31": "", "2010-12-31": ""}, "Net Income": {"2020-09-30": "193.20000", "2020-06-30": "189.10000", "2020-03-31": "167.90000", "2019-12-31": "185.60000", "2019-09-30": "201.70000", "2019-06-30": "196.60000", "2019-03-31": "152.90000", "2018-12-31": "159.30000", "2018-09-30": "183.70000", "2018-06-30": "173.00000", "2018-03-31": "127.00000", "2017-12-31": "194.70000", "2017-09-30": "129.30000", "2017-06-30": "140.90000", "2017-03-31": "58.20000", "2016-12-31": "103.90000", "2016-09-30": "125.90000", "2016-06-30": "117.50000", "2016-03-31": "77.80000", "2015-12-31": "89.30000", "2015-09-30": "150.90000", "2015-06-30": "108.20000", "2015-03-31": "54.70000", "2014-12-31": "51.80000", "2014-09-30": "55.60000", "2014-06-30": "86.60000", "2014-03-31": "50.90000", "2013-12-31": "60.00000", "2013-09-30": "-2.20000", "2013-06-30": "46.70000", "2013-03-31": "28.30000", "2012-12-31": "", "2012-09-30": "38.00000", "2012-06-30": "36.80000", "2011-12-31": "", "2010-12-31": ""}, "EBITDA": {"2020-09-30": "450.19980", "2020-06-30": "408.60020", "2020-03-31": "337.20030", "2019-12-31": "353.39980", "2019-09-30": "388.80010", "2019-06-30": "365.29980", "2019-03-31": "293.19990", "2018-12-31": "309.80110", "2018-09-30": "340.60030", "2018-06-30": "331.80000", "2018-03-31": "270.69990", "2017-12-31": "286.69980", "2017-09-30": "309.70000", "2017-06-30": "292.90010", "2017-03-31": "238.09990", "2016-12-31": "257.40000", "2016-09-30": "301.60000", "2016-06-30": "288.90000", "2016-03-31": "226.60000", "2015-12-31": "243.99940", "2015-09-30": "266.10010", "2015-06-30": "260.09990", "2015-03-31": "205.60010", "2014-12-31": "217.90050", "2014-09-30": "238.20000", "2014-06-30": "241.80000", "2014-03-31": "189.40010", "2013-12-31": "195.59950", "2013-09-30": "146.70010", "2013-06-30": "208.20010", "2013-03-31": "175.10010", "2012-12-31": "", "2012-09-30": "195.90000", "2012-06-30": "136.39990", "2011-12-31": "", "2010-12-31": ""}, "EBIT": {"2020-09-30": "317.79980", "2020-06-30": "283.40010", "2020-03-31": "245.80030", "2019-12-31": "283.79980", "2019-09-30": "320.60010", "2019-06-30": "300.29980", "2019-03-31": "228.89990", "2018-12-31": "242.90060", "2018-09-30": "274.80030", "2018-06-30": "265.50000", "2018-03-31": "204.09990", "2017-12-31": "221.00000", "2017-09-30": "244.00000", "2017-06-30": "230.80000", "2017-03-31": "170.70000", "2016-12-31": "198.00000", "2016-09-30": "237.50000", "2016-06-30": "223.50000", "2016-03-31": "161.00000", "2015-12-31": "179.89990", "2015-09-30": "204.60010", "2015-06-30": "205.89990", "2015-03-31": "151.60010", "2014-12-31": "164.30000", "2014-09-30": "184.70000", "2014-06-30": "188.20000", "2014-03-31": "135.80000", "2013-12-31": "141.99930", "2013-09-30": "92.90020", "2013-06-30": "153.60010", "2013-03-31": "120.10010", "2012-12-31": "", "2012-09-30": "139.70000", "2012-06-30": "136.39990", "2011-12-31": "", "2010-12-31": ""}, "Basic Shares Outstanding": {"2020-09-30": "142.70000", "2020-06-30": "142.40000", "2020-03-31": "142.70000", "2019-12-31": "145.10000", "2019-09-30": "144.50000", "2019-06-30": "145.70000", "2019-03-31": "147.00000", "2018-12-31": "150.90000", "2018-09-30": "150.90000", "2018-06-30": "151.60000", "2018-03-31": "152.20000", "2017-12-31": "155.40000", "2017-09-30": "153.80000", "2017-06-30": "156.00000", "2017-03-31": "159.40000", "2016-12-31": "163.60000", "2016-09-30": "162.10000", "2016-06-30": "164.90000", "2016-03-31": "167.30000", "2015-12-31": "170.30000", "2015-09-30": "169.60000", "2015-06-30": "171.00000", "2015-03-31": "172.10000", "2014-12-31": "170.60000", "2014-09-30": "170.90000", "2014-06-30": "170.20000", "2014-03-31": "169.60000", "2013-12-31": "156.60000", "2013-09-30": "166.80000", "2013-06-30": "145.30000", "2013-03-31": "145.20000", "2012-12-31": "", "2012-09-30": "145.10000", "2012-06-30": "145.10000", "2011-12-31": "", "2010-12-31": ""}, "Shares Outstanding": {"2020-09-30": "144.80000", "2020-06-30": "144.30000", "2020-03-31": "144.90000", "2019-12-31": "147.80000", "2019-09-30": "147.20000", "2019-06-30": "148.30000", "2019-03-31": "149.20000", "2018-12-31": "153.60000", "2018-09-30": "153.70000", "2018-06-30": "153.90000", "2018-03-31": "154.80000", "2017-12-31": "158.20000", "2017-09-30": "156.20000", "2017-06-30": "159.00000", "2017-03-31": "162.80000", "2016-12-31": "166.00000", "2016-09-30": "164.90000", "2016-06-30": "166.70000", "2016-03-31": "168.90000", "2015-12-31": "171.80000", "2015-09-30": "171.00000", "2015-06-30": "172.50000", "2015-03-31": "173.50000", "2014-12-31": "172.80000", "2014-09-30": "173.00000", "2014-06-30": "172.70000", "2014-03-31": "172.30000", "2013-12-31": "158.70000", "2013-09-30": "166.80000", "2013-06-30": "146.70000", "2013-03-31": "146.10000", "2012-12-31": "", "2012-09-30": "145.90000", "2012-06-30": "145.80000", "2011-12-31": "", "2010-12-31": ""}, "Basic EPS": {"2020-09-30": "1.36000", "2020-06-30": "1.32000", "2020-03-31": "1.18000", "2019-12-31": "1.30000", "2019-09-30": "1.39000", "2019-06-30": "1.35000", "2019-03-31": "1.04000", "2018-12-31": "1.07000", "2018-09-30": "1.22000", "2018-06-30": "1.14000", "2018-03-31": "0.83000", "2017-12-31": "1.27000", "2017-09-30": "0.84000", "2017-06-30": "0.90000", "2017-03-31": "0.36000", "2016-12-31": "0.64000", "2016-09-30": "0.78000", "2016-06-30": "0.71000", "2016-03-31": "0.47000", "2015-12-31": "0.53000", "2015-09-30": "0.89000", "2015-06-30": "0.63000", "2015-03-31": "0.32000", "2014-12-31": "0.30000", "2014-09-30": "0.33000", "2014-06-30": "0.51000", "2014-03-31": "0.30000", "2013-12-31": "0.35000", "2013-09-30": "-0.01000", "2013-06-30": "0.32000", "2013-03-31": "0.19000", "2012-12-31": "", "2012-09-30": "0.26000", "2012-06-30": "0.25000", "2011-12-31": "", "2010-12-31": ""}, "EPS - Earnings Per Share": {"2020-09-30": "1.33000", "2020-06-30": "1.31000", "2020-03-31": "1.16000", "2019-12-31": "1.27000", "2019-09-30": "1.37000", "2019-06-30": "1.33000", "2019-03-31": "1.02000", "2018-12-31": "1.05000", "2018-09-30": "1.20000", "2018-06-30": "1.12000", "2018-03-31": "0.82000", "2017-12-31": "1.23000", "2017-09-30": "0.83000", "2017-06-30": "0.89000", "2017-03-31": "0.36000", "2016-12-31": "0.64000", "2016-09-30": "0.76000", "2016-06-30": "0.70000", "2016-03-31": "0.46000", "2015-12-31": "0.52000", "2015-09-30": "0.88000", "2015-06-30": "0.63000", "2015-03-31": "0.32000", "2014-12-31": "0.30000", "2014-09-30": "0.32000", "2014-06-30": "0.50000", "2014-03-31": "0.30000", "2013-12-31": "0.34000", "2013-09-30": "-0.01000", "2013-06-30": "0.32000", "2013-03-31": "0.19000", "2012-12-31": "0.00000", "2012-09-30": "0.26000", "2012-06-30": "0.25000", "2011-12-31": "0.00000", "2010-12-31": "0.00000"}}, "balance sheet": {"Cash On Hand": {"2019-12-31": "154.00000", "2018-12-31": "205.80000", "2017-12-31": "144.20000", "2016-12-31": "263.70000", "2015-12-31": "37.60000", "2014-12-31": "344.50000", "2013-12-31": "188.10000", "2012-12-31": "37.90000", "2011-12-31": "99.90000", "2010-12-31": ""}, "Receivables": {"2019-12-31": "3397.30000", "2018-12-31": "2987.60000", "2017-12-31": "2672.30000", "2016-12-31": "2403.50000", "2015-12-31": "2215.80000", "2014-12-31": "1716.70000", "2013-12-31": "1597.30000", "2012-12-31": "1433.50000", "2011-12-31": "1416.60000", "2010-12-31": ""}, "Inventory": {"2019-12-31": "611.20000", "2018-12-31": "454.30000", "2017-12-31": "411.50000", "2016-12-31": "452.00000", "2015-12-31": "393.10000", "2014-12-31": "337.50000", "2013-12-31": "382.00000", "2012-12-31": "314.60000", "2011-12-31": "321.70000", "2010-12-31": ""}, "Pre-Paid Expenses": {"2019-12-31": "171.60000", "2018-12-31": "149.10000", "2017-12-31": "168.30000", "2016-12-31": "118.90000", "2015-12-31": "144.30000", "2014-12-31": "54.70000", "2013-12-31": "46.10000", "2012-12-31": "34.60000", "2011-12-31": "34.70000", "2010-12-31": ""}, "Other Current Assets": {"2019-12-31": "", "2018-12-31": "", "2017-12-31": "", "2016-12-31": "", "2015-12-31": "", "2014-12-31": "", "2013-12-31": "", "2012-12-31": "", "2011-12-31": "", "2010-12-31": ""}, "Total Current Assets": {"2019-12-31": "4334.10000", "2018-12-31": "3796.80000", "2017-12-31": "3396.30000", "2016-12-31": "3238.10000", "2015-12-31": "2790.80000", "2014-12-31": "2453.40000", "2013-12-31": "2213.50000", "2012-12-31": "1834.70000", "2011-12-31": "1897.50000", "2010-12-31": ""}, "Property, Plant, And Equipment": {"2019-12-31": "363.10000", "2018-12-31": "156.10000", "2017-12-31": "161.10000", "2016-12-31": "163.70000", "2015-12-31": "175.40000", "2014-12-31": "137.20000", "2013-12-31": "131.10000", "2012-12-31": "142.70000", "2011-12-31": "154.30000", "2010-12-31": ""}, "Long-Term Investments": {"2019-12-31": "", "2018-12-31": "", "2017-12-31": "", "2016-12-31": "", "2015-12-31": "", "2014-12-31": "86.70000", "2013-12-31": "", "2012-12-31": "", "2011-12-31": "", "2010-12-31": ""}, "Goodwill And Intangible Assets": {"2019-12-31": "3147.10000", "2018-12-31": "3175.00000", "2017-12-31": "3376.60000", "2016-12-31": "3510.60000", "2015-12-31": "3776.80000", "2014-12-31": "3386.40000", "2013-12-31": "3548.30000", "2012-12-31": "3687.80000", "2011-12-31": "3844.40000", "2010-12-31": "0.00000"}, "Other Long-Term Assets": {"2019-12-31": "23.30000", "2018-12-31": "39.80000", "2017-12-31": "32.70000", "2016-12-31": "36.00000", "2015-12-31": "12.30000", "2014-12-31": "12.20000", "2013-12-31": "1.60000", "2012-12-31": "1.60000", "2011-12-31": "3.00000", "2010-12-31": ""}, "Total Long-Term Assets": {"2019-12-31": "3665.30000", "2018-12-31": "3370.90000", "2017-12-31": "3570.40000", "2016-12-31": "3710.30000", "2015-12-31": "3964.50000", "2014-12-31": "3622.50000", "2013-12-31": "3711.10000", "2012-12-31": "3885.30000", "2011-12-31": "4070.20000", "2010-12-31": ""}, "Total Assets": {"2019-12-31": "7999.40000", "2018-12-31": "7167.70000", "2017-12-31": "6966.70000", "2016-12-31": "6948.40000", "2015-12-31": "6755.30000", "2014-12-31": "6075.90000", "2013-12-31": "5924.60000", "2012-12-31": "5720.00000", "2011-12-31": "5967.70000", "2010-12-31": "0.00000"}, "Total Current Liabilities": {"2019-12-31": "3491.40000", "2018-12-31": "2803.10000", "2017-12-31": "2522.10000", "2016-12-31": "2280.70000", "2015-12-31": "1887.30000", "2014-12-31": "1468.00000", "2013-12-31": "1402.60000", "2012-12-31": "1168.20000", "2011-12-31": "1359.40000", "2010-12-31": ""}, "Long Term Debt": {"2019-12-31": "3283.20000", "2018-12-31": "3183.30000", "2017-12-31": "3210.00000", "2016-12-31": "3215.90000", "2015-12-31": "3232.50000", "2014-12-31": "3150.60000", "2013-12-31": "3205.80000", "2012-12-31": "3731.00000", "2011-12-31": "3865.00000", "2010-12-31": ""}, "Other Non-Current Liabilities": {"2019-12-31": "71.00000", "2018-12-31": "64.20000", "2017-12-31": "52.70000", "2016-12-31": "37.10000", "2015-12-31": "70.00000", "2014-12-31": "45.80000", "2013-12-31": "41.00000", "2012-12-31": "60.00000", "2011-12-31": "58.60000", "2010-12-31": ""}, "Total Long Term Liabilities": {"2019-12-31": "3547.70000", "2018-12-31": "3389.40000", "2017-12-31": "3459.00000", "2016-12-31": "3622.20000", "2015-12-31": "3772.10000", "2014-12-31": "3671.40000", "2013-12-31": "3810.30000", "2012-12-31": "4415.30000", "2011-12-31": "4615.60000", "2010-12-31": ""}, "Total Liabilities": {"2019-12-31": "7039.10000", "2018-12-31": "6192.50000", "2017-12-31": "5981.10000", "2016-12-31": "5902.90000", "2015-12-31": "5659.40000", "2014-12-31": "5139.40000", "2013-12-31": "5212.90000", "2012-12-31": "5583.50000", "2011-12-31": "5975.00000", "2010-12-31": "0.00000"}, "Common Stock Net": {"2019-12-31": "1.40000", "2018-12-31": "1.50000", "2017-12-31": "1.50000", "2016-12-31": "1.60000", "2015-12-31": "1.70000", "2014-12-31": "1.70000", "2013-12-31": "1.70000", "2012-12-31": "1.40000", "2011-12-31": "1.40000", "2010-12-31": "0.00000"}, "Retained Earnings (Accumulated Deficit)": {"2019-12-31": "-2018.60000", "2018-12-31": "-1892.60000", "2017-12-31": "-1831.60000", "2016-12-31": "-1673.80000", "2015-12-31": "-1651.60000", "2014-12-31": "-1760.50000", "2013-12-31": "-1971.80000", "2012-12-31": "-2073.00000", "2011-12-31": "-2191.30000", "2010-12-31": ""}, "Comprehensive Income": {"2019-12-31": "-117.80000", "2018-12-31": "-130.60000", "2017-12-31": "-95.90000", "2016-12-31": "-139.60000", "2015-12-31": "-61.10000", "2014-12-31": "-16.60000", "2013-12-31": "-6.30000", "2012-12-31": "0.40000", "2011-12-31": "-2.10000", "2010-12-31": ""}, "Other Share Holders Equity": {"2019-12-31": "", "2018-12-31": "", "2017-12-31": "", "2016-12-31": "", "2015-12-31": "", "2014-12-31": "", "2013-12-31": "", "2012-12-31": "", "2011-12-31": "", "2010-12-31": "0.00000"}, "Share Holder Equity": {"2019-12-31": "960.30000", "2018-12-31": "975.20000", "2017-12-31": "985.60000", "2016-12-31": "1045.50000", "2015-12-31": "1095.90000", "2014-12-31": "936.50000", "2013-12-31": "711.70000", "2012-12-31": "136.50000", "2011-12-31": "-7.30000", "2010-12-31": "0.00000"}, "Total Liabilities And Share Holders Equity": {"2019-12-31": "7999.40000", "2018-12-31": "7167.70000", "2017-12-31": "6966.70000", "2016-12-31": "6948.40000", "2015-12-31": "6755.30000", "2014-12-31": "6075.90000", "2013-12-31": "5924.60000", "2012-12-31": "5720.00000", "2011-12-31": "5967.70000", "2010-12-31": "0.00000"}}, "balance sheet, quarterly": {"Cash On Hand": {"2020-09-30": "1249.50000", "2020-06-30": "958.40000", "2020-03-31": "214.40000", "2019-12-31": "154.00000", "2019-09-30": "166.90000", "2019-06-30": "194.50000", "2019-03-31": "285.00000", "2018-12-31": "205.80000", "2018-09-30": "255.10000", "2018-06-30": "100.70000", "2018-03-31": "221.00000", "2017-12-31": "144.20000", "2017-09-30": "97.90000", "2017-06-30": "79.00000", "2017-03-31": "251.70000", "2016-12-31": "263.70000", "2016-09-30": "118.30000", "2016-06-30": "129.40000", "2016-03-31": "248.20000", "2015-12-31": "37.60000", "2015-09-30": "97.50000", "2015-06-30": "335.70000", "2015-03-31": "447.40000", "2014-12-31": "344.50000", "2014-09-30": "357.80000", "2014-06-30": "227.60000", "2014-03-31": "306.70000", "2013-12-31": "188.10000", "2013-09-30": "350.20000", "2013-06-30": "179.30000", "2013-03-31": "", "2012-12-31": "", "2012-09-30": "", "2012-06-30": "", "2011-12-31": "99.90000", "2010-12-31": ""}, "Receivables": {"2020-09-30": "3671.80000", "2020-06-30": "3382.90000", "2020-03-31": "3591.90000", "2019-12-31": "3397.30000", "2019-09-30": "3331.70000", "2019-06-30": "3373.30000", "2019-03-31": "3078.50000", "2018-12-31": "2987.60000", "2018-09-30": "3020.90000", "2018-06-30": "2986.00000", "2018-03-31": "2584.20000", "2017-12-31": "2672.30000", "2017-09-30": "2692.10000", "2017-06-30": "2673.10000", "2017-03-31": "2225.20000", "2016-12-31": "2403.50000", "2016-09-30": "2289.20000", "2016-06-30": "2342.80000", "2016-03-31": "1992.90000", "2015-12-31": "2215.80000", "2015-09-30": "2090.60000", "2015-06-30": "1901.20000", "2015-03-31": "1623.00000", "2014-12-31": "1716.70000", "2014-09-30": "1648.60000", "2014-06-30": "1685.70000", "2014-03-31": "1723.40000", "2013-12-31": "1597.30000", "2013-09-30": "1507.70000", "2013-06-30": "1555.60000", "2013-03-31": "", "2012-12-31": "", "2012-09-30": "", "2012-06-30": "", "2011-12-31": "1416.60000", "2010-12-31": ""}, "Inventory": {"2020-09-30": "648.10000", "2020-06-30": "694.80000", "2020-03-31": "672.10000", "2019-12-31": "611.20000", "2019-09-30": "603.60000", "2019-06-30": "652.20000", "2019-03-31": "590.70000", "2018-12-31": "454.30000", "2018-09-30": "481.10000", "2018-06-30": "576.90000", "2018-03-31": "485.80000", "2017-12-31": "411.50000", "2017-09-30": "549.00000", "2017-06-30": "513.60000", "2017-03-31": "493.40000", "2016-12-31": "452.00000", "2016-09-30": "451.60000", "2016-06-30": "487.30000", "2016-03-31": "460.40000", "2015-12-31": "393.10000", "2015-09-30": "411.40000", "2015-06-30": "436.20000", "2015-03-31": "357.00000", "2014-12-31": "337.50000", "2014-09-30": "423.50000", "2014-06-30": "449.60000", "2014-03-31": "164.50000", "2013-12-31": "382.00000", "2013-09-30": "353.80000", "2013-06-30": "378.50000", "2013-03-31": "", "2012-12-31": "", "2012-09-30": "", "2012-06-30": "", "2011-12-31": "321.70000", "2010-12-31": ""}, "Pre-Paid Expenses": {"2020-09-30": "190.20000", "2020-06-30": "199.70000", "2020-03-31": "187.40000", "2019-12-31": "171.60000", "2019-09-30": "193.10000", "2019-06-30": "205.30000", "2019-03-31": "178.30000", "2018-12-31": "149.10000", "2018-09-30": "192.40000", "2018-06-30": "181.10000", "2018-03-31": "188.90000", "2017-12-31": "168.30000", "2017-09-30": "153.50000", "2017-06-30": "131.00000", "2017-03-31": "127.30000", "2016-12-31": "118.90000", "2016-09-30": "138.70000", "2016-06-30": "115.80000", "2016-03-31": "114.80000", "2015-12-31": "144.30000", "2015-09-30": "135.40000", "2015-06-30": "41.30000", "2015-03-31": "58.50000", "2014-12-31": "54.70000", "2014-09-30": "86.30000", "2014-06-30": "52.40000", "2014-03-31": "53.30000", "2013-12-31": "46.10000", "2013-09-30": "63.10000", "2013-06-30": "108.20000", "2013-03-31": "", "2012-12-31": "", "2012-09-30": "", "2012-06-30": "", "2011-12-31": "", "2010-12-31": ""}, "Other Current Assets": {"2020-09-30": "", "2020-06-30": "", "2020-03-31": "", "2019-12-31": "", "2019-09-30": "", "2019-06-30": "", "2019-03-31": "", "2018-12-31": "", "2018-09-30": "", "2018-06-30": "", "2018-03-31": "", "2017-12-31": "", "2017-09-30": "", "2017-06-30": "", "2017-03-31": "", "2016-12-31": "", "2016-09-30": "", "2016-06-30": "", "2016-03-31": "", "2015-12-31": "", "2015-09-30": "", "2015-06-30": "", "2015-03-31": "", "2014-12-31": "", "2014-09-30": "", "2014-06-30": "", "2014-03-31": "", "2013-12-31": "", "2013-09-30": "", "2013-06-30": "", "2013-03-31": "", "2012-12-31": "", "2012-09-30": "", "2012-06-30": "", "2011-12-31": "59.30000", "2010-12-31": ""}, "Total Current Assets": {"2020-09-30": "5759.60000", "2020-06-30": "5235.80000", "2020-03-31": "4665.80000", "2019-12-31": "4334.10000", "2019-09-30": "4295.30000", "2019-06-30": "4425.30000", "2019-03-31": "4132.50000", "2018-12-31": "3796.80000", "2018-09-30": "3949.50000", "2018-06-30": "3844.70000", "2018-03-31": "3479.90000", "2017-12-31": "3396.30000", "2017-09-30": "3492.50000", "2017-06-30": "3396.70000", "2017-03-31": "3097.60000", "2016-12-31": "3238.10000", "2016-09-30": "2997.80000", "2016-06-30": "3075.30000", "2016-03-31": "2816.30000", "2015-12-31": "2790.80000", "2015-09-30": "2734.90000", "2015-06-30": "2714.40000", "2015-03-31": "2485.90000", "2014-12-31": "2453.40000", "2014-09-30": "2516.20000", "2014-06-30": "2415.30000", "2014-03-31": "2247.90000", "2013-12-31": "2213.50000", "2013-09-30": "2285.70000", "2013-06-30": "2233.70000", "2013-03-31": "", "2012-12-31": "", "2012-09-30": "", "2012-06-30": "", "2011-12-31": "1897.50000", "2010-12-31": ""}, "Property, Plant, And Equipment": {"2020-09-30": "268.00000", "2020-06-30": "326.50000", "2020-03-31": "331.90000", "2019-12-31": "363.10000", "2019-09-30": "171.10000", "2019-06-30": "163.40000", "2019-03-31": "155.20000", "2018-12-31": "156.10000", "2018-09-30": "147.80000", "2018-06-30": "150.30000", "2018-03-31": "153.10000", "2017-12-31": "161.10000", "2017-09-30": "162.50000", "2017-06-30": "160.70000", "2017-03-31": "162.40000", "2016-12-31": "163.70000", "2016-09-30": "162.50000", "2016-06-30": "163.80000", "2016-03-31": "168.40000", "2015-12-31": "175.40000", "2015-09-30": "154.40000", "2015-06-30": "134.20000", "2015-03-31": "135.10000", "2014-12-31": "137.20000", "2014-09-30": "131.70000", "2014-06-30": "129.80000", "2014-03-31": "129.90000", "2013-12-31": "131.10000", "2013-09-30": "129.60000", "2013-06-30": "132.70000", "2013-03-31": "", "2012-12-31": "", "2012-09-30": "", "2012-06-30": "", "2011-12-31": "294.30000", "2010-12-31": ""}, "Long-Term Investments": {"2020-09-30": "", "2020-06-30": "", "2020-03-31": "", "2019-12-31": "", "2019-09-30": "", "2019-06-30": "", "2019-03-31": "", "2018-12-31": "", "2018-09-30": "", "2018-06-30": "", "2018-03-31": "", "2017-12-31": "", "2017-09-30": "", "2017-06-30": "", "2017-03-31": "", "2016-12-31": "", "2016-09-30": "", "2016-06-30": "", "2016-03-31": "", "2015-12-31": "", "2015-09-30": "", "2015-06-30": "95.40000", "2015-03-31": "86.70000", "2014-12-31": "86.70000", "2014-09-30": "", "2014-06-30": "", "2014-03-31": "", "2013-12-31": "", "2013-09-30": "", "2013-06-30": "", "2013-03-31": "", "2012-12-31": "", "2012-09-30": "", "2012-06-30": "", "2011-12-31": "", "2010-12-31": ""}, "Goodwill And Intangible Assets": {"2020-09-30": "3035.20000", "2020-06-30": "3025.00000", "2020-03-31": "3069.70000", "2019-12-31": "3147.10000", "2019-09-30": "3132.00000", "2019-06-30": "3185.20000", "2019-03-31": "3224.20000", "2018-12-31": "3175.00000", "2018-09-30": "3227.70000", "2018-06-30": "3274.80000", "2018-03-31": "3347.80000", "2017-12-31": "3376.60000", "2017-09-30": "3414.70000", "2017-06-30": "3445.90000", "2017-03-31": "3474.20000", "2016-12-31": "3510.60000", "2016-09-30": "3578.50000", "2016-06-30": "3637.00000", "2016-03-31": "3720.60000", "2015-12-31": "3776.80000", "2015-09-30": "3842.80000", "2015-06-30": "3305.00000", "2015-03-31": "3344.00000", "2014-12-31": "3386.40000", "2014-09-30": "3425.60000", "2014-06-30": "3467.10000", "2014-03-31": "3505.70000", "2013-12-31": "3548.30000", "2013-09-30": "3588.40000", "2013-06-30": "3611.10000", "2013-03-31": "0.00000", "2012-12-31": "", "2012-09-30": "0.00000", "2012-06-30": "0.00000", "2011-12-31": "3844.40000", "2010-12-31": "0.00000"}, "Other Long-Term Assets": {"2020-09-30": "27.40000", "2020-06-30": "24.90000", "2020-03-31": "25.50000", "2019-12-31": "23.30000", "2019-09-30": "20.50000", "2019-06-30": "30.70000", "2019-03-31": "35.50000", "2018-12-31": "39.80000", "2018-09-30": "50.40000", "2018-06-30": "60.30000", "2018-03-31": "47.10000", "2017-12-31": "32.70000", "2017-09-30": "32.10000", "2017-06-30": "38.30000", "2017-03-31": "40.50000", "2016-12-31": "36.00000", "2016-09-30": "34.00000", "2016-06-30": "11.80000", "2016-03-31": "12.60000", "2015-12-31": "12.30000", "2015-09-30": "9.40000", "2015-06-30": "2.20000", "2015-03-31": "2.60000", "2014-12-31": "12.20000", "2014-09-30": "2.10000", "2014-06-30": "1.60000", "2014-03-31": "1.50000", "2013-12-31": "1.60000", "2013-09-30": "1.40000", "2013-06-30": "1.60000", "2013-03-31": "", "2012-12-31": "", "2012-09-30": "", "2012-06-30": "", "2011-12-31": "3.00000", "2010-12-31": ""}, "Total Long-Term Assets": {"2020-09-30": "3464.10000", "2020-06-30": "3513.70000", "2020-03-31": "3556.60000", "2019-12-31": "3665.30000", "2019-09-30": "3407.80000", "2019-06-30": "3496.60000", "2019-03-31": "3547.00000", "2018-12-31": "3370.90000", "2018-09-30": "3425.90000", "2018-06-30": "3485.40000", "2018-03-31": "3548.00000", "2017-12-31": "3570.40000", "2017-09-30": "3609.30000", "2017-06-30": "3644.90000", "2017-03-31": "3677.10000", "2016-12-31": "3710.30000", "2016-09-30": "3775.00000", "2016-06-30": "3812.60000", "2016-03-31": "3901.60000", "2015-12-31": "3964.50000", "2015-09-30": "4006.60000", "2015-06-30": "3536.80000", "2015-03-31": "3602.70000", "2014-12-31": "3622.50000", "2014-09-30": "3591.20000", "2014-06-30": "3630.00000", "2014-03-31": "3664.60000", "2013-12-31": "3711.10000", "2013-09-30": "3753.10000", "2013-06-30": "3786.80000", "2013-03-31": "", "2012-12-31": "", "2012-09-30": "", "2012-06-30": "", "2011-12-31": "4210.20000", "2010-12-31": ""}, "Total Assets": {"2020-09-30": "9223.70000", "2020-06-30": "8749.50000", "2020-03-31": "8222.40000", "2019-12-31": "7999.40000", "2019-09-30": "7703.10000", "2019-06-30": "7921.90000", "2019-03-31": "7679.50000", "2018-12-31": "7167.70000", "2018-09-30": "7375.40000", "2018-06-30": "7330.10000", "2018-03-31": "7027.90000", "2017-12-31": "6966.70000", "2017-09-30": "7101.80000", "2017-06-30": "7041.60000", "2017-03-31": "6774.70000", "2016-12-31": "6948.40000", "2016-09-30": "6772.80000", "2016-06-30": "6887.90000", "2016-03-31": "6717.90000", "2015-12-31": "6755.30000", "2015-09-30": "6741.50000", "2015-06-30": "6251.20000", "2015-03-31": "6088.60000", "2014-12-31": "6075.90000", "2014-09-30": "6107.40000", "2014-06-30": "6045.30000", "2014-03-31": "5912.50000", "2013-12-31": "5924.60000", "2013-09-30": "6038.80000", "2013-06-30": "6020.50000", "2013-03-31": "0.00000", "2012-12-31": "0.00000", "2012-09-30": "0.00000", "2012-06-30": "0.00000", "2011-12-31": "5967.70000", "2010-12-31": "0.00000"}, "Total Current Liabilities": {"2020-09-30": "3836.60000", "2020-06-30": "3561.50000", "2020-03-31": "3647.20000", "2019-12-31": "3491.40000", "2019-09-30": "3241.00000", "2019-06-30": "3460.30000", "2019-03-31": "3215.00000", "2018-12-31": "2803.10000", "2018-09-30": "2803.90000", "2018-06-30": "2820.00000", "2018-03-31": "2582.50000", "2017-12-31": "2522.10000", "2017-09-30": "2558.70000", "2017-06-30": "2555.20000", "2017-03-31": "2222.80000", "2016-12-31": "2280.70000", "2016-09-30": "2126.80000", "2016-06-30": "2177.70000", "2016-03-31": "1943.40000", "2015-12-31": "1887.30000", "2015-09-30": "1871.90000", "2015-06-30": "1625.60000", "2015-03-31": "1425.60000", "2014-12-31": "1468.00000", "2014-09-30": "1527.60000", "2014-06-30": "1529.40000", "2014-03-31": "1418.50000", "2013-12-31": "1402.60000", "2013-09-30": "1496.50000", "2013-06-30": "1445.20000", "2013-03-31": "", "2012-12-31": "", "2012-09-30": "", "2012-06-30": "", "2011-12-31": "1359.40000", "2010-12-31": ""}, "Long Term Debt": {"2020-09-30": "3858.60000", "2020-06-30": "3861.60000", "2020-03-31": "3438.50000", "2019-12-31": "3283.20000", "2019-09-30": "3259.00000", "2019-06-30": "3253.30000", "2019-03-31": "3257.70000", "2018-12-31": "3183.30000", "2018-09-30": "3187.40000", "2018-06-30": "3201.70000", "2018-03-31": "3209.70000", "2017-12-31": "3210.00000", "2017-09-30": "3388.40000", "2017-06-30": "3277.80000", "2017-03-31": "3262.00000", "2016-12-31": "3215.90000", "2016-09-30": "3222.90000", "2016-06-30": "3214.40000", "2016-03-31": "3225.00000", "2015-12-31": "3232.50000", "2015-09-30": "3240.30000", "2015-06-30": "3154.20000", "2015-03-31": "3190.80000", "2014-12-31": "3150.60000", "2014-09-30": "3146.30000", "2014-06-30": "3110.60000", "2014-03-31": "3157.00000", "2013-12-31": "3205.80000", "2013-09-30": "3239.70000", "2013-06-30": "3710.90000", "2013-03-31": "", "2012-12-31": "", "2012-09-30": "", "2012-06-30": "", "2011-12-31": "3865.00000", "2010-12-31": ""}, "Other Non-Current Liabilities": {"2020-09-30": "75.40000", "2020-06-30": "65.20000", "2020-03-31": "55.00000", "2019-12-31": "71.00000", "2019-09-30": "75.00000", "2019-06-30": "62.50000", "2019-03-31": "53.80000", "2018-12-31": "64.20000", "2018-09-30": "65.00000", "2018-06-30": "66.60000", "2018-03-31": "49.90000", "2017-12-31": "52.70000", "2017-09-30": "32.30000", "2017-06-30": "30.00000", "2017-03-31": "32.20000", "2016-12-31": "37.10000", "2016-09-30": "39.40000", "2016-06-30": "61.60000", "2016-03-31": "61.10000", "2015-12-31": "70.00000", "2015-09-30": "57.70000", "2015-06-30": "47.40000", "2015-03-31": "46.70000", "2014-12-31": "45.80000", "2014-09-30": "44.10000", "2014-06-30": "42.60000", "2014-03-31": "41.40000", "2013-12-31": "41.00000", "2013-09-30": "43.40000", "2013-06-30": "57.10000", "2013-03-31": "", "2012-12-31": "", "2012-09-30": "", "2012-06-30": "", "2011-12-31": "58.60000", "2010-12-31": ""}, "Total Long Term Liabilities": {"2020-09-30": "4148.60000", "2020-06-30": "4132.40000", "2020-03-31": "3685.50000", "2019-12-31": "3547.70000", "2019-09-30": "3527.00000", "2019-06-30": "3525.50000", "2019-03-31": "3537.20000", "2018-12-31": "3389.40000", "2018-09-30": "3410.80000", "2018-06-30": "3441.20000", "2018-03-31": "3448.50000", "2017-12-31": "3459.00000", "2017-09-30": "3736.60000", "2017-06-30": "3637.30000", "2017-03-31": "3644.60000", "2016-12-31": "3622.20000", "2016-09-30": "3655.50000", "2016-06-30": "3696.80000", "2016-03-31": "3734.60000", "2015-12-31": "3772.10000", "2015-09-30": "3793.90000", "2015-06-30": "3629.80000", "2015-03-31": "3687.50000", "2014-12-31": "3671.40000", "2014-09-30": "3685.80000", "2014-06-30": "3671.10000", "2014-03-31": "3739.20000", "2013-12-31": "3810.30000", "2013-09-30": "3882.50000", "2013-06-30": "4366.30000", "2013-03-31": "", "2012-12-31": "", "2012-09-30": "", "2012-06-30": "", "2011-12-31": "4615.60000", "2010-12-31": ""}, "Total Liabilities": {"2020-09-30": "7985.20000", "2020-06-30": "7693.90000", "2020-03-31": "7332.70000", "2019-12-31": "7039.10000", "2019-09-30": "6768.00000", "2019-06-30": "6985.80000", "2019-03-31": "6752.20000", "2018-12-31": "6192.50000", "2018-09-30": "6214.70000", "2018-06-30": "6261.20000", "2018-03-31": "6031.00000", "2017-12-31": "5981.10000", "2017-09-30": "6295.30000", "2017-06-30": "6192.50000", "2017-03-31": "5867.40000", "2016-12-31": "5902.90000", "2016-09-30": "5782.30000", "2016-06-30": "5874.50000", "2016-03-31": "5678.00000", "2015-12-31": "5659.40000", "2015-09-30": "5665.80000", "2015-06-30": "5255.40000", "2015-03-31": "5113.10000", "2014-12-31": "5139.40000", "2014-09-30": "5213.40000", "2014-06-30": "5200.50000", "2014-03-31": "5157.70000", "2013-12-31": "5212.90000", "2013-09-30": "5379.00000", "2013-06-30": "5811.50000", "2013-03-31": "0.00000", "2012-12-31": "", "2012-09-30": "0.00000", "2012-06-30": "0.00000", "2011-12-31": "5975.00000", "2010-12-31": "0.00000"}, "Common Stock Net": {"2020-09-30": "1.40000", "2020-06-30": "1.40000", "2020-03-31": "1.40000", "2019-12-31": "1.40000", "2019-09-30": "1.40000", "2019-06-30": "1.50000", "2019-03-31": "1.50000", "2018-12-31": "1.50000", "2018-09-30": "1.50000", "2018-06-30": "1.50000", "2018-03-31": "1.50000", "2017-12-31": "1.50000", "2017-09-30": "1.50000", "2017-06-30": "1.50000", "2017-03-31": "1.60000", "2016-12-31": "1.60000", "2016-09-30": "1.60000", "2016-06-30": "1.60000", "2016-03-31": "1.70000", "2015-12-31": "1.70000", "2015-09-30": "1.70000", "2015-06-30": "1.70000", "2015-03-31": "1.70000", "2014-12-31": "1.70000", "2014-09-30": "1.70000", "2014-06-30": "1.70000", "2014-03-31": "1.70000", "2013-12-31": "1.70000", "2013-09-30": "1.70000", "2013-06-30": "1.40000", "2013-03-31": "0.00000", "2012-12-31": "", "2012-09-30": "0.00000", "2012-06-30": "0.00000", "2011-12-31": "1.40000", "2010-12-31": "0.00000"}, "Retained Earnings (Accumulated Deficit)": {"2020-09-30": "-1794.00000", "2020-06-30": "-1932.50000", "2020-03-31": "-2067.30000", "2019-12-31": "-2018.60000", "2019-09-30": "-1985.40000", "2019-06-30": "-1973.60000", "2019-03-31": "-1972.00000", "2018-12-31": "-1892.60000", "2018-09-30": "-1703.50000", "2018-06-30": "-1780.80000", "2018-03-31": "-1854.60000", "2017-12-31": "-1831.60000", "2017-09-30": "-1997.20000", "2017-06-30": "-1927.10000", "2017-03-31": "-1835.40000", "2016-12-31": "-1673.80000", "2016-09-30": "-1738.90000", "2016-06-30": "-1715.30000", "2016-03-31": "-1710.00000", "2015-12-31": "-1651.60000", "2015-09-30": "-1674.60000", "2015-06-30": "-1712.50000", "2015-03-31": "-1717.50000", "2014-12-31": "-1760.50000", "2014-09-30": "-1800.60000", "2014-06-30": "-1848.90000", "2014-03-31": "-1928.20000", "2013-12-31": "-1971.80000", "2013-09-30": "-2024.40000", "2013-06-30": "-1998.10000", "2013-03-31": "", "2012-12-31": "", "2012-09-30": "", "2012-06-30": "", "2011-12-31": "-2191.30000", "2010-12-31": ""}, "Comprehensive Income": {"2020-09-30": "-130.70000", "2020-06-30": "-151.60000", "2020-03-31": "-159.30000", "2019-12-31": "-117.80000", "2019-09-30": "-154.10000", "2019-06-30": "-139.40000", "2019-03-31": "-127.50000", "2018-12-31": "-130.60000", "2018-09-30": "-108.20000", "2018-06-30": "-105.10000", "2018-03-31": "-78.50000", "2017-12-31": "-95.90000", "2017-09-30": "-101.70000", "2017-06-30": "-115.80000", "2017-03-31": "-133.50000", "2016-12-31": "-139.60000", "2016-09-30": "-115.80000", "2016-06-30": "-104.00000", "2016-03-31": "-68.90000", "2015-12-31": "-61.10000", "2015-09-30": "-45.30000", "2015-06-30": "-22.90000", "2015-03-31": "-27.60000", "2014-12-31": "-16.60000", "2014-09-30": "-11.70000", "2014-06-30": "-6.50000", "2014-03-31": "-10.20000", "2013-12-31": "-6.30000", "2013-09-30": "-3.30000", "2013-06-30": "-5.30000", "2013-03-31": "", "2012-12-31": "", "2012-09-30": "", "2012-06-30": "", "2011-12-31": "", "2010-12-31": ""}, "Other Share Holders Equity": {"2020-09-30": "", "2020-06-30": "", "2020-03-31": "", "2019-12-31": "", "2019-09-30": "", "2019-06-30": "", "2019-03-31": "", "2018-12-31": "", "2018-09-30": "", "2018-06-30": "", "2018-03-31": "", "2017-12-31": "", "2017-09-30": "", "2017-06-30": "", "2017-03-31": "", "2016-12-31": "", "2016-09-30": "", "2016-06-30": "", "2016-03-31": "", "2015-12-31": "", "2015-09-30": "", "2015-06-30": "", "2015-03-31": "", "2014-12-31": "", "2014-09-30": "", "2014-06-30": "", "2014-03-31": "", "2013-12-31": "", "2013-09-30": "", "2013-06-30": "", "2013-03-31": "0.00000", "2012-12-31": "", "2012-09-30": "0.00000", "2012-06-30": "0.00000", "2011-12-31": "-2.10000", "2010-12-31": "0.00000"}, "Share Holder Equity": {"2020-09-30": "1238.50000", "2020-06-30": "1055.60000", "2020-03-31": "889.70000", "2019-12-31": "960.30000", "2019-09-30": "935.10000", "2019-06-30": "936.10000", "2019-03-31": "927.30000", "2018-12-31": "975.20000", "2018-09-30": "1160.70000", "2018-06-30": "1068.90000", "2018-03-31": "996.90000", "2017-12-31": "985.60000", "2017-09-30": "806.50000", "2017-06-30": "849.10000", "2017-03-31": "907.30000", "2016-12-31": "1045.50000", "2016-09-30": "990.50000", "2016-06-30": "1013.40000", "2016-03-31": "1039.90000", "2015-12-31": "1095.90000", "2015-09-30": "1075.70000", "2015-06-30": "995.80000", "2015-03-31": "975.50000", "2014-12-31": "936.50000", "2014-09-30": "894.00000", "2014-06-30": "844.80000", "2014-03-31": "754.80000", "2013-12-31": "711.70000", "2013-09-30": "659.80000", "2013-06-30": "209.00000", "2013-03-31": "0.00000", "2012-12-31": "", "2012-09-30": "0.00000", "2012-06-30": "0.00000", "2011-12-31": "-7.30000", "2010-12-31": "0.00000"}, "Total Liabilities And Share Holders Equity": {"2020-09-30": "9223.70000", "2020-06-30": "8749.50000", "2020-03-31": "8222.40000", "2019-12-31": "7999.40000", "2019-09-30": "7703.10000", "2019-06-30": "7921.90000", "2019-03-31": "7679.50000", "2018-12-31": "7167.70000", "2018-09-30": "7375.40000", "2018-06-30": "7330.10000", "2018-03-31": "7027.90000", "2017-12-31": "6966.70000", "2017-09-30": "7101.80000", "2017-06-30": "7041.60000", "2017-03-31": "6774.70000", "2016-12-31": "6948.40000", "2016-09-30": "6772.80000", "2016-06-30": "6887.90000", "2016-03-31": "6717.90000", "2015-12-31": "6755.30000", "2015-09-30": "6741.50000", "2015-06-30": "6251.20000", "2015-03-31": "6088.60000", "2014-12-31": "6075.90000", "2014-09-30": "6107.40000", "2014-06-30": "6045.30000", "2014-03-31": "5912.50000", "2013-12-31": "5924.60000", "2013-09-30": "6038.80000", "2013-06-30": "6020.50000", "2013-03-31": "0.00000", "2012-12-31": "", "2012-09-30": "0.00000", "2012-06-30": "0.00000", "2011-12-31": "5967.70000", "2010-12-31": "0.00000"}}, "cash flow statement": {"Net Income/Loss": {"2019-12-31": "736.80000", "2018-12-31": "643.00000", "2017-12-31": "523.10000", "2016-12-31": "425.10000", "2015-12-31": "403.10000", "2014-12-31": "244.90000", "2013-12-31": "132.80000", "2012-12-31": "119.00000", "2011-12-31": "17.10000", "2010-12-31": "-29.20000"}, "Total Depreciation And Amortization - Cash Flow": {"2019-12-31": "267.10000", "2018-12-31": "265.60000", "2017-12-31": "260.90000", "2016-12-31": "254.50000", "2015-12-31": "233.80000", "2014-12-31": "214.30000", "2013-12-31": "217.00000", "2012-12-31": "223.80000", "2011-12-31": "220.60000", "2010-12-31": "227.40000"}, "Other Non-Cash Items": {"2019-12-31": "-10.40000", "2018-12-31": "-4.50000", "2017-12-31": "-66.60000", "2016-12-31": "-51.60000", "2015-12-31": "-83.50000", "2014-12-31": "17.60000", "2013-12-31": "63.60000", "2012-12-31": "-16.00000", "2011-12-31": "135.30000", "2010-12-31": "60.20000"}, "Total Non-Cash Items": {"2019-12-31": "256.70000", "2018-12-31": "261.10000", "2017-12-31": "194.30000", "2016-12-31": "202.90000", "2015-12-31": "150.30000", "2014-12-31": "231.90000", "2013-12-31": "280.60000", "2012-12-31": "207.80000", "2011-12-31": "355.90000", "2010-12-31": "287.60000"}, "Change In Accounts Receivable": {"2019-12-31": "-244.80000", "2018-12-31": "-365.10000", "2017-12-31": "-136.80000", "2016-12-31": "-178.90000", "2015-12-31": "-342.60000", "2014-12-31": "-117.60000", "2013-12-31": "-170.80000", "2012-12-31": "-10.40000", "2011-12-31": "-183.40000", "2010-12-31": "-81.50000"}, "Change In Inventories": {"2019-12-31": "-153.00000", "2018-12-31": "-46.80000", "2017-12-31": "16.90000", "2016-12-31": "-68.00000", "2015-12-31": "-31.50000", "2014-12-31": "44.20000", "2013-12-31": "-67.50000", "2012-12-31": "7.10000", "2011-12-31": "-29.00000", "2010-12-31": "-34.90000"}, "Change In Accounts Payable": {"2019-12-31": "194.10000", "2018-12-31": "271.20000", "2017-12-31": "231.50000", "2016-12-31": "225.10000", "2015-12-31": "100.50000", "2014-12-31": "43.70000", "2013-12-31": "146.10000", "2012-12-31": "0.80000", "2011-12-31": "-19.80000", "2010-12-31": "269.30000"}, "Change In Assets/Liabilities": {"2019-12-31": "237.40000", "2018-12-31": "142.50000", "2017-12-31": "-51.30000", "2016-12-31": "-2.20000", "2015-12-31": "-2.30000", "2014-12-31": "-12.10000", "2013-12-31": "45.10000", "2012-12-31": "-6.90000", "2011-12-31": "73.90000", "2010-12-31": "12.40000"}, "Total Change In Assets/Liabilities": {"2019-12-31": "33.70000", "2018-12-31": "1.80000", "2017-12-31": "60.30000", "2016-12-31": "-24.00000", "2015-12-31": "-275.90000", "2014-12-31": "-41.80000", "2013-12-31": "-47.10000", "2012-12-31": "-9.40000", "2011-12-31": "-158.30000", "2010-12-31": "165.30000"}, "Cash Flow From Operating Activities": {"2019-12-31": "1027.20000", "2018-12-31": "905.90000", "2017-12-31": "777.70000", "2016-12-31": "604.00000", "2015-12-31": "277.50000", "2014-12-31": "435.00000", "2013-12-31": "366.30000", "2012-12-31": "317.40000", "2011-12-31": "214.70000", "2010-12-31": "423.70000"}, "Net Change In Property, Plant, And Equipment": {"2019-12-31": "-236.30000", "2018-12-31": "-86.10000", "2017-12-31": "-81.10000", "2016-12-31": "-63.50000", "2015-12-31": "-90.10000", "2014-12-31": "-55.00000", "2013-12-31": "-47.10000", "2012-12-31": "-41.40000", "2011-12-31": "-45.70000", "2010-12-31": "-41.50000"}, "Net Change In Intangible Assets": {"2019-12-31": "", "2018-12-31": "", "2017-12-31": "", "2016-12-31": "", "2015-12-31": "", "2014-12-31": "", "2013-12-31": "", "2012-12-31": "", "2011-12-31": "", "2010-12-31": ""}, "Net Acquisitions/Divestitures": {"2019-12-31": "-95.10000", "2018-12-31": "", "2017-12-31": "", "2016-12-31": "", "2015-12-31": "-263.80000", "2014-12-31": "", "2013-12-31": "", "2012-12-31": "", "2011-12-31": "", "2010-12-31": ""}, "Net Change In Short-term Investments": {"2019-12-31": "", "2018-12-31": "", "2017-12-31": "", "2016-12-31": "", "2015-12-31": "", "2014-12-31": "", "2013-12-31": "", "2012-12-31": "", "2011-12-31": "", "2010-12-31": ""}, "Net Change In Long-Term Investments": {"2019-12-31": "", "2018-12-31": "", "2017-12-31": "", "2016-12-31": "", "2015-12-31": "", "2014-12-31": "-86.80000", "2013-12-31": "", "2012-12-31": "", "2011-12-31": "", "2010-12-31": ""}, "Net Change In Investments - Total": {"2019-12-31": "", "2018-12-31": "", "2017-12-31": "", "2016-12-31": "", "2015-12-31": "", "2014-12-31": "-86.80000", "2013-12-31": "", "2012-12-31": "", "2011-12-31": "", "2010-12-31": ""}, "Investing Activities - Other": {"2019-12-31": "", "2018-12-31": "", "2017-12-31": "", "2016-12-31": "-2.40000", "2015-12-31": "-0.50000", "2014-12-31": "-23.00000", "2013-12-31": "", "2012-12-31": "-0.30000", "2011-12-31": "-10.30000", "2010-12-31": "-83.90000"}, "Cash Flow From Investing Activities": {"2019-12-31": "-331.40000", "2018-12-31": "-86.10000", "2017-12-31": "-81.10000", "2016-12-31": "-65.90000", "2015-12-31": "-354.40000", "2014-12-31": "-164.80000", "2013-12-31": "-47.10000", "2012-12-31": "-41.70000", "2011-12-31": "-56.00000", "2010-12-31": "-125.40000"}, "Net Long-Term Debt": {"2019-12-31": "88.50000", "2018-12-31": "-21.60000", "2017-12-31": "-53.20000", "2016-12-31": "-28.00000", "2015-12-31": "-33.10000", "2014-12-31": "-139.40000", "2013-12-31": "-563.30000", "2012-12-31": "-308.50000", "2011-12-31": "-320.20000", "2010-12-31": "-338.99990"}, "Net Current Debt": {"2019-12-31": "", "2018-12-31": "", "2017-12-31": "", "2016-12-31": "", "2015-12-31": "", "2014-12-31": "", "2013-12-31": "", "2012-12-31": "", "2011-12-31": "", "2010-12-31": ""}, "Debt Issuance/Retirement Net - Total": {"2019-12-31": "88.50000", "2018-12-31": "-21.60000", "2017-12-31": "-53.20000", "2016-12-31": "-28.00000", "2015-12-31": "-33.10000", "2014-12-31": "-139.40000", "2013-12-31": "-563.30000", "2012-12-31": "-308.50000", "2011-12-31": "-320.20000", "2010-12-31": "-338.99990"}, "Net Common Equity Issued/Repurchased": {"2019-12-31": "-657.20000", "2018-12-31": "-522.30000", "2017-12-31": "-534.00000", "2016-12-31": "-367.40000", "2015-12-31": "-238.90000", "2014-12-31": "1.30000", "2013-12-31": "424.50000", "2012-12-31": "-0.70000", "2011-12-31": "-0.40000", "2010-12-31": ""}, "Net Total Equity Issued/Repurchased": {"2019-12-31": "-657.20000", "2018-12-31": "-522.30000", "2017-12-31": "-534.00000", "2016-12-31": "-367.40000", "2015-12-31": "-238.90000", "2014-12-31": "1.30000", "2013-12-31": "424.50000", "2012-12-31": "-0.70000", "2011-12-31": "-0.40000", "2010-12-31": ""}, "Total Common And Preferred Stock Dividends Paid": {"2019-12-31": "-183.40000", "2018-12-31": "-139.40000", "2017-12-31": "-106.90000", "2016-12-31": "-78.70000", "2015-12-31": "-52.90000", "2014-12-31": "-33.60000", "2013-12-31": "-7.30000", "2012-12-31": "", "2011-12-31": "", "2010-12-31": ""}, "Financial Activities - Other": {"2019-12-31": "2.30000", "2018-12-31": "-71.50000", "2017-12-31": "-124.60000", "2016-12-31": "169.50000", "2015-12-31": "98.40000", "2014-12-31": "59.70000", "2013-12-31": "-22.20000", "2012-12-31": "-28.80000", "2011-12-31": "225.20000", "2010-12-31": "-11.10000"}, "Cash Flow From Financial Activities": {"2019-12-31": "-749.80000", "2018-12-31": "-754.80000", "2017-12-31": "-818.70000", "2016-12-31": "-304.60000", "2015-12-31": "-226.50000", "2014-12-31": "-112.00000", "2013-12-31": "-168.30000", "2012-12-31": "-338.00000", "2011-12-31": "-95.40000", "2010-12-31": "-350.10000"}, "Net Cash Flow": {"2019-12-31": "-51.80000", "2018-12-31": "61.60000", "2017-12-31": "-119.50000", "2016-12-31": "226.10000", "2015-12-31": "-306.90000", "2014-12-31": "156.40000", "2013-12-31": "150.20000", "2012-12-31": "-62.00000", "2011-12-31": "63.30000", "2010-12-31": "-51.40000"}, "Stock-Based Compensation": {"2019-12-31": "48.50000", "2018-12-31": "40.70000", "2017-12-31": "43.70000", "2016-12-31": "39.20000", "2015-12-31": "31.20000", "2014-12-31": "16.40000", "2013-12-31": "46.60000", "2012-12-31": "22.10000", "2011-12-31": "19.50000", "2010-12-31": "11.50000"}, "Common Stock Dividends Paid": {"2019-12-31": "-183.40000", "2018-12-31": "-139.40000", "2017-12-31": "-106.90000", "2016-12-31": "-78.70000", "2015-12-31": "-52.90000", "2014-12-31": "-33.60000", "2013-12-31": "-7.30000", "2012-12-31": "", "2011-12-31": "", "2010-12-31": ""}}, "cash flow statement, quarterly": {"Net Income/Loss": {"2020-09-30": 193.2, "2020-06-30": 189.1, "2020-03-31": "167.90000", "2019-12-31": 185.6, "2019-09-30": 201.7, "2019-06-30": 196.6, "2019-03-31": "152.90000", "2018-12-31": 159.3, "2018-09-30": 183.7, "2018-06-30": 173, "2018-03-31": "127.00000", "2017-12-31": 194.8, "2017-09-30": 129.3, "2017-06-30": 140.8, "2017-03-31": "58.20000", "2016-12-31": 103.9, "2016-09-30": 125.9, "2016-06-30": 117.5, "2016-03-31": "77.80000", "2015-12-31": 89.3, "2015-09-30": 150.9, "2015-06-30": 108.2, "2015-03-31": "54.70000", "2014-12-31": 51.8, "2014-09-30": 55.6, "2014-06-30": 86.6, "2014-03-31": "50.90000", "2013-12-31": 60, "2013-09-30": -2.2, "2013-06-30": 46.7, "2013-03-31": "28.30000", "2012-12-31": 33.3, "2012-09-30": 38, "2012-06-30": 30.6, "2011-12-31": 46.3, "2010-12-31": -29.2}, "Total Depreciation And Amortization - Cash Flow": {"2020-09-30": 132.4, "2020-06-30": 125.2, "2020-03-31": "91.40000", "2019-12-31": 69.6, "2019-09-30": 68.2, "2019-06-30": 65, "2019-03-31": "64.30000", "2018-12-31": 66.9, "2018-09-30": 65.8, "2018-06-30": 66.3, "2018-03-31": "66.60000", "2017-12-31": 65.7, "2017-09-30": 65.7, "2017-06-30": 62.1, "2017-03-31": "67.40000", "2016-12-31": 59.4, "2016-09-30": 64.1, "2016-06-30": 65.4, "2016-03-31": "65.60000", "2015-12-31": 64.1, "2015-09-30": 61.5, "2015-06-30": 54.2, "2015-03-31": "54.00000", "2014-12-31": 53.6, "2014-09-30": 53.5, "2014-06-30": 53.6, "2014-03-31": "53.60000", "2013-12-31": 53.6, "2013-09-30": 53.8, "2013-06-30": 54.6, "2013-03-31": "55.00000", "2012-12-31": 53.9, "2012-09-30": 56.2, "2012-06-30": -106.9, "2011-12-31": -6.8, "2010-12-31": 227.4}, "Other Non-Cash Items": {"2020-09-30": 36.7, "2020-06-30": 13.6, "2020-03-31": "42.00000", "2019-12-31": -39.8, "2019-09-30": 20.6, "2019-06-30": 7, "2019-03-31": "1.80000", "2018-12-31": -3.9, "2018-09-30": 3.3, "2018-06-30": 0.3, "2018-03-31": "-4.20000", "2017-12-31": -106.3, "2017-09-30": -4.2, "2017-06-30": -8.1, "2017-03-31": "52.00000", "2016-12-31": -7.5, "2016-09-30": -12.3, "2016-06-30": -15.4, "2016-03-31": "-16.40000", "2015-12-31": -12, "2015-09-30": -57.3, "2015-06-30": -17.9, "2015-03-31": "3.70000", "2014-12-31": 19.1, "2014-09-30": 27, "2014-06-30": -15.1, "2014-03-31": "-13.40000", "2013-12-31": -15, "2013-09-30": 83.9, "2013-06-30": 3, "2013-03-31": "-8.30000", "2012-12-31": 19.8, "2012-09-30": -9.6, "2012-06-30": -10.2, "2011-12-31": 0, "2010-12-31": 0}, "Total Non-Cash Items": {"2020-09-30": 169.1, "2020-06-30": 138.8, "2020-03-31": "133.40000", "2019-12-31": 29.8, "2019-09-30": 88.8, "2019-06-30": 72, "2019-03-31": "66.10000", "2018-12-31": 63, "2018-09-30": 69.1, "2018-06-30": 66.6, "2018-03-31": "62.40000", "2017-12-31": -40.6, "2017-09-30": 61.5, "2017-06-30": 54, "2017-03-31": "119.40000", "2016-12-31": 51.9, "2016-09-30": 51.8, "2016-06-30": 50, "2016-03-31": "49.20000", "2015-12-31": 52.1, "2015-09-30": 4.2, "2015-06-30": 36.3, "2015-03-31": "57.70000", "2014-12-31": 72.7, "2014-09-30": 80.5, "2014-06-30": 38.5, "2014-03-31": "40.20000", "2013-12-31": 38.6, "2013-09-30": 137.7, "2013-06-30": 57.6, "2013-03-31": "46.70000", "2012-12-31": 73.7, "2012-09-30": 46.6, "2012-06-30": -117.1, "2011-12-31": -6.8, "2010-12-31": 227.4}, "Change In Accounts Receivable": {"2020-09-30": -224.5, "2020-06-30": 128.6, "2020-03-31": "-209.00000", "2019-12-31": -73, "2019-09-30": 58.3, "2019-06-30": -242, "2019-03-31": "11.90000", "2018-12-31": -30.8, "2018-09-30": -39.1, "2018-06-30": -355.7, "2018-03-31": "60.50000", "2017-12-31": -16.1, "2017-09-30": 35.3, "2017-06-30": -340.7, "2017-03-31": "184.70000", "2016-12-31": -161, "2016-09-30": 57, "2016-06-30": -312.5, "2016-03-31": "237.60000", "2015-12-31": -164.2, "2015-09-30": -20.7, "2015-06-30": -263.1, "2015-03-31": "105.40000", "2014-12-31": -91.4, "2014-09-30": 49.5, "2014-06-30": -188.9, "2014-03-31": "113.20000", "2013-12-31": -142.9, "2013-09-30": 81, "2013-06-30": -127.7, "2013-03-31": "18.80000", "2012-12-31": 20.3, "2012-09-30": -40.1, "2012-06-30": 19.8, "2011-12-31": 0, "2010-12-31": 0}, "Change In Inventories": {"2020-09-30": 55.1, "2020-06-30": -22.9, "2020-03-31": "-66.40000", "2019-12-31": -1.9, "2019-09-30": 46.2, "2019-06-30": -63.1, "2019-03-31": "-134.20000", "2018-12-31": 25.3, "2018-09-30": 95.6, "2018-06-30": -95.3, "2018-03-31": "-72.40000", "2017-12-31": 100.5, "2017-09-30": -31.1, "2017-06-30": -16.5, "2017-03-31": "-36.00000", "2016-12-31": -3.4, "2016-09-30": 34.4, "2016-06-30": -30.8, "2016-03-31": "-68.20000", "2015-12-31": 23.3, "2015-09-30": 44.1, "2015-06-30": -79.2, "2015-03-31": "-19.70000", "2014-12-31": 85.9, "2014-09-30": 25.9, "2014-06-30": -61.1, "2014-03-31": "-6.50000", "2013-12-31": -28.3, "2013-09-30": 24.8, "2013-06-30": -20.1, "2013-03-31": "-43.90000", "2012-12-31": 25.1, "2012-09-30": -25.2, "2012-06-30": 0.1, "2011-12-31": 0, "2010-12-31": 0}, "Change In Accounts Payable": {"2020-09-30": 108.9, "2020-06-30": -159.5, "2020-03-31": "157.40000", "2019-12-31": -69.9, "2019-09-30": -150.9, "2019-06-30": 298.9, "2019-03-31": "116.00000", "2018-12-31": -29.4, "2018-09-30": -86.2, "2018-06-30": 416.6, "2018-03-31": "-29.80000", "2017-12-31": 91.3, "2017-09-30": -171.6, "2017-06-30": 322.2, "2017-03-31": "-10.40000", "2016-12-31": 83.6, "2016-09-30": -77.8, "2016-06-30": 128.3, "2016-03-31": "91.00000", "2015-12-31": -125.5, "2015-09-30": 74.1, "2015-06-30": 158.9, "2015-03-31": "-7.00000", "2014-12-31": -71.4, "2014-09-30": -31.3, "2014-06-30": 124.9, "2014-03-31": "21.50000", "2013-12-31": -8.7, "2013-09-30": -99, "2013-06-30": 129.6, "2013-03-31": "124.20000", "2012-12-31": -172.7, "2012-09-30": 2.2, "2012-06-30": 170.5, "2011-12-31": 0, "2010-12-31": 0}, "Change In Assets/Liabilities": {"2020-09-30": -79.2, "2020-06-30": 18.7, "2020-03-31": "39.70000", "2019-12-31": 274.3, "2019-09-30": 23.7, "2019-06-30": -100.3, "2019-03-31": "39.70000", "2018-12-31": 116.2, "2018-09-30": 46.9, "2018-06-30": -95.1, "2018-03-31": "74.50000", "2017-12-31": 8.7, "2017-09-30": 39.5, "2017-06-30": -153.5, "2017-03-31": "54.00000", "2016-12-31": 29.7, "2016-09-30": -5.1, "2016-06-30": -67.2, "2016-03-31": "40.40000", "2015-12-31": 107.6, "2015-09-30": -56.8, "2015-06-30": -39.8, "2015-03-31": "-13.30000", "2014-12-31": 36.9, "2014-09-30": -5.6, "2014-06-30": -70.4, "2014-03-31": "27.00000", "2013-12-31": 76.8, "2013-09-30": 21.4, "2013-06-30": -87, "2013-03-31": "33.90000", "2012-12-31": -4, "2012-09-30": 40.9, "2012-06-30": -36.9, "2011-12-31": 0, "2010-12-31": 0}, "Total Change In Assets/Liabilities": {"2020-09-30": -139.7, "2020-06-30": -35.1, "2020-03-31": "-78.30000", "2019-12-31": 129.5, "2019-09-30": -22.7, "2019-06-30": -106.5, "2019-03-31": "33.40000", "2018-12-31": 81.3, "2018-09-30": 17.2, "2018-06-30": -129.5, "2018-03-31": "32.80000", "2017-12-31": 184.4, "2017-09-30": -127.9, "2017-06-30": -188.5, "2017-03-31": "192.30000", "2016-12-31": -51.1, "2016-09-30": 8.5, "2016-06-30": -282.2, "2016-03-31": "300.80000", "2015-12-31": -158.8, "2015-09-30": 40.7, "2015-06-30": -223.2, "2015-03-31": "65.40000", "2014-12-31": -40, "2014-09-30": 38.5, "2014-06-30": -195.5, "2014-03-31": "155.20000", "2013-12-31": -103.1, "2013-09-30": 28.2, "2013-06-30": -105.2, "2013-03-31": "133.00000", "2012-12-31": -140.7, "2012-09-30": -22.2, "2012-06-30": 311.8, "2011-12-31": -323.6, "2010-12-31": 165.3}, "Cash Flow From Operating Activities": {"2020-09-30": 222.6, "2020-06-30": 292.8, "2020-03-31": "223.00000", "2019-12-31": 344.9, "2019-09-30": 267.8, "2019-06-30": 162.1, "2019-03-31": "252.40000", "2018-12-31": 303.6, "2018-09-30": 270, "2018-06-30": 110.1, "2018-03-31": "222.20000", "2017-12-31": 338.6, "2017-09-30": 62.9, "2017-06-30": 6.3, "2017-03-31": "369.90000", "2016-12-31": 104.7, "2016-09-30": 186.2, "2016-06-30": -114.7, "2016-03-31": "427.80000", "2015-12-31": -17.4, "2015-09-30": 195.8, "2015-06-30": -78.7, "2015-03-31": "177.80000", "2014-12-31": 84.5, "2014-09-30": 174.6, "2014-06-30": -70.4, "2014-03-31": "246.30000", "2013-12-31": -4.5, "2013-09-30": 163.7, "2013-06-30": -0.9, "2013-03-31": "208.00000", "2012-12-31": -49.7, "2012-09-30": 62.4, "2012-06-30": 90, "2011-12-31": -209, "2010-12-31": 423.7}, "Net Change In Property, Plant, And Equipment": {"2020-09-30": -33.6, "2020-06-30": -74.6, "2020-03-31": "-25.40000", "2019-12-31": -161.3, "2019-09-30": -31.1, "2019-06-30": -24.5, "2019-03-31": "-19.40000", "2018-12-31": -32.7, "2018-09-30": -19.8, "2018-06-30": -17.7, "2018-03-31": "-15.90000", "2017-12-31": -22.5, "2017-09-30": -21.8, "2017-06-30": -17.2, "2017-03-31": "-19.60000", "2016-12-31": -22.1, "2016-09-30": -15.7, "2016-06-30": -14.7, "2016-03-31": "-11.00000", "2015-12-31": -46.2, "2015-09-30": -21, "2015-06-30": -12.9, "2015-03-31": "-10.00000", "2014-12-31": -20.6, "2014-09-30": -13.4, "2014-06-30": -11.7, "2014-03-31": "-9.30000", "2013-12-31": -16.6, "2013-09-30": -10.5, "2013-06-30": -11.2, "2013-03-31": "-8.80000", "2012-12-31": -16, "2012-09-30": -9.7, "2012-06-30": 30, "2011-12-31": -4.2, "2010-12-31": -41.5}, "Net Change In Intangible Assets": {"2020-09-30": 0, "2020-06-30": 0, "2020-03-31": "", "2019-12-31": 0, "2019-09-30": 0, "2019-06-30": 0, "2019-03-31": "", "2018-12-31": 0, "2018-09-30": 0, "2018-06-30": 0, "2018-03-31": "", "2017-12-31": 0, "2017-09-30": 0, "2017-06-30": 0, "2017-03-31": "", "2016-12-31": 0, "2016-09-30": 0, "2016-06-30": 0, "2016-03-31": "", "2015-12-31": 0, "2015-09-30": 0, "2015-06-30": 0, "2015-03-31": "", "2014-12-31": 0, "2014-09-30": 0, "2014-06-30": 0, "2014-03-31": "", "2013-12-31": 0, "2013-09-30": 0, "2013-06-30": 0, "2013-03-31": "", "2012-12-31": 0, "2012-09-30": 0, "2012-06-30": 0, "2011-12-31": 0, "2010-12-31": 0}, "Net Acquisitions/Divestitures": {"2020-09-30": -38.5, "2020-06-30": 0, "2020-03-31": "", "2019-12-31": -20.1, "2019-09-30": 0, "2019-06-30": -6.3, "2019-03-31": "-68.70000", "2018-12-31": 0, "2018-09-30": 0, "2018-06-30": 0, "2018-03-31": "", "2017-12-31": 0, "2017-09-30": 0, "2017-06-30": 0, "2017-03-31": "", "2016-12-31": 0, "2016-09-30": 0, "2016-06-30": 0, "2016-03-31": "", "2015-12-31": 0, "2015-09-30": -263.8, "2015-06-30": 0, "2015-03-31": "", "2014-12-31": 0, "2014-09-30": 0, "2014-06-30": 0, "2014-03-31": "", "2013-12-31": 0, "2013-09-30": 0, "2013-06-30": 0, "2013-03-31": "", "2012-12-31": 0, "2012-09-30": 0, "2012-06-30": 0, "2011-12-31": 0, "2010-12-31": 0}, "Net Change In Short-term Investments": {"2020-09-30": 0, "2020-06-30": 0, "2020-03-31": "", "2019-12-31": 0, "2019-09-30": 0, "2019-06-30": 0, "2019-03-31": "", "2018-12-31": 0, "2018-09-30": 0, "2018-06-30": 0, "2018-03-31": "", "2017-12-31": 0, "2017-09-30": 0, "2017-06-30": 0, "2017-03-31": "", "2016-12-31": 0, "2016-09-30": 0, "2016-06-30": 0, "2016-03-31": "", "2015-12-31": 0, "2015-09-30": 0, "2015-06-30": 0, "2015-03-31": "", "2014-12-31": 0, "2014-09-30": 0, "2014-06-30": 0, "2014-03-31": "", "2013-12-31": 0, "2013-09-30": 0, "2013-06-30": 0, "2013-03-31": "", "2012-12-31": 0, "2012-09-30": 0, "2012-06-30": 0, "2011-12-31": 0, "2010-12-31": 0}, "Net Change In Long-Term Investments": {"2020-09-30": 0, "2020-06-30": 0, "2020-03-31": "", "2019-12-31": 0, "2019-09-30": 0, "2019-06-30": 0, "2019-03-31": "", "2018-12-31": 0, "2018-09-30": 0, "2018-06-30": 0, "2018-03-31": "", "2017-12-31": 0, "2017-09-30": 0, "2017-06-30": 0, "2017-03-31": "", "2016-12-31": 0, "2016-09-30": 0, "2016-06-30": 0, "2016-03-31": "", "2015-12-31": 0, "2015-09-30": 0, "2015-06-30": 0, "2015-03-31": "", "2014-12-31": -86.8, "2014-09-30": 0, "2014-06-30": 0, "2014-03-31": "", "2013-12-31": 0, "2013-09-30": 0, "2013-06-30": 0, "2013-03-31": "", "2012-12-31": 0, "2012-09-30": 0, "2012-06-30": 0, "2011-12-31": 0, "2010-12-31": 0}, "Net Change In Investments - Total": {"2020-09-30": 0, "2020-06-30": 0, "2020-03-31": "", "2019-12-31": 0, "2019-09-30": 0, "2019-06-30": 0, "2019-03-31": "", "2018-12-31": 0, "2018-09-30": 0, "2018-06-30": 0, "2018-03-31": "", "2017-12-31": 0, "2017-09-30": 0, "2017-06-30": 0, "2017-03-31": "", "2016-12-31": 0, "2016-09-30": 0, "2016-06-30": 0, "2016-03-31": "", "2015-12-31": 0, "2015-09-30": 0, "2015-06-30": 0, "2015-03-31": "", "2014-12-31": -86.8, "2014-09-30": 0, "2014-06-30": 0, "2014-03-31": "", "2013-12-31": 0, "2013-09-30": 0, "2013-06-30": 0, "2013-03-31": "", "2012-12-31": 0, "2012-09-30": 0, "2012-06-30": 0, "2011-12-31": 0, "2010-12-31": 0}, "Investing Activities - Other": {"2020-09-30": 0, "2020-06-30": 0, "2020-03-31": "", "2019-12-31": 0, "2019-09-30": 0, "2019-06-30": 0, "2019-03-31": "", "2018-12-31": 0, "2018-09-30": 0, "2018-06-30": 0, "2018-03-31": "", "2017-12-31": 0, "2017-09-30": 0, "2017-06-30": 0, "2017-03-31": "", "2016-12-31": -0.3, "2016-09-30": -2.1, "2016-06-30": 0, "2016-03-31": "", "2015-12-31": 0, "2015-09-30": 0, "2015-06-30": 0, "2015-03-31": "-0.50000", "2014-12-31": -1.4, "2014-09-30": -0.7, "2014-06-30": 0, "2014-03-31": "-20.90000", "2013-12-31": 0, "2013-09-30": 0, "2013-06-30": 0, "2013-03-31": "", "2012-12-31": -0.3, "2012-09-30": 0, "2012-06-30": 10.3, "2011-12-31": 73.6, "2010-12-31": -83.9}, "Cash Flow From Investing Activities": {"2020-09-30": -72.1, "2020-06-30": -74.6, "2020-03-31": "-25.40000", "2019-12-31": -181.4, "2019-09-30": -31.1, "2019-06-30": -30.8, "2019-03-31": "-88.10000", "2018-12-31": -32.7, "2018-09-30": -19.8, "2018-06-30": -17.7, "2018-03-31": "-15.90000", "2017-12-31": -22.5, "2017-09-30": -21.8, "2017-06-30": -17.2, "2017-03-31": "-19.60000", "2016-12-31": -22.4, "2016-09-30": -17.8, "2016-06-30": -14.7, "2016-03-31": "-11.00000", "2015-12-31": -46.2, "2015-09-30": -284.8, "2015-06-30": -12.9, "2015-03-31": "-10.50000", "2014-12-31": -108.8, "2014-09-30": -14.1, "2014-06-30": -11.7, "2014-03-31": "-30.20000", "2013-12-31": -16.6, "2013-09-30": -10.5, "2013-06-30": -11.2, "2013-03-31": "-8.80000", "2012-12-31": -16.3, "2012-09-30": -9.7, "2012-06-30": 40.3, "2011-12-31": 69.4, "2010-12-31": -125.4}, "Net Long-Term Debt": {"2020-09-30": 27.5, "2020-06-30": 437.5, "2020-03-31": "161.50000", "2019-12-31": 0.6001, "2019-09-30": 11.8999, "2019-06-30": 0, "2019-03-31": "76.00000", "2018-12-31": -10.4, "2018-09-30": -17.4, "2018-06-30": 9.9, "2018-03-31": "-3.70000", "2017-12-31": -195.3001, "2017-09-30": 133.9001, "2017-06-30": 12.2, "2017-03-31": "-4.00000", "2016-12-31": -18.9999, "2016-09-30": 5.1999, "2016-06-30": -7, "2016-03-31": "-7.20000", "2015-12-31": -6.7, "2015-09-30": -18.4, "2015-06-30": -3.8, "2015-03-31": "-4.20000", "2014-12-31": -3.9, "2014-09-30": -4, "2014-06-30": -48.1, "2014-03-31": "-83.40000", "2013-12-31": -165.4, "2013-09-30": -348.5, "2013-06-30": 43.7, "2013-03-31": "-93.10000", "2012-12-31": 202.2, "2012-09-30": 0, "2012-06-30": -202.2, "2011-12-31": 0, "2010-12-31": 0}, "Net Current Debt": {"2020-09-30": 0, "2020-06-30": 0, "2020-03-31": "", "2019-12-31": 0, "2019-09-30": 0, "2019-06-30": 0, "2019-03-31": "", "2018-12-31": 0, "2018-09-30": 0, "2018-06-30": 0, "2018-03-31": "", "2017-12-31": 0, "2017-09-30": 0, "2017-06-30": 0, "2017-03-31": "", "2016-12-31": 0, "2016-09-30": 0, "2016-06-30": 0, "2016-03-31": "", "2015-12-31": 0, "2015-09-30": 0, "2015-06-30": 0, "2015-03-31": "", "2014-12-31": 0, "2014-09-30": 0, "2014-06-30": 0, "2014-03-31": "", "2013-12-31": 0, "2013-09-30": 0, "2013-06-30": 0, "2013-03-31": "", "2012-12-31": 0, "2012-09-30": 0, "2012-06-30": 0, "2011-12-31": 0, "2010-12-31": 0}, "Debt Issuance/Retirement Net - Total": {"2020-09-30": 27.5, "2020-06-30": 437.5, "2020-03-31": "161.50000", "2019-12-31": 0.6001, "2019-09-30": 11.8999, "2019-06-30": 0, "2019-03-31": "76.00000", "2018-12-31": -10.4, "2018-09-30": -17.4, "2018-06-30": 9.9, "2018-03-31": "-3.70000", "2017-12-31": -195.3001, "2017-09-30": 133.9001, "2017-06-30": 12.2, "2017-03-31": "-4.00000", "2016-12-31": -18.9999, "2016-09-30": 5.1999, "2016-06-30": -7, "2016-03-31": "-7.20000", "2015-12-31": -6.7, "2015-09-30": -18.4, "2015-06-30": -3.8, "2015-03-31": "-4.20000", "2014-12-31": -3.9, "2014-09-30": -4, "2014-06-30": -48.1, "2014-03-31": "-83.40000", "2013-12-31": -165.4, "2013-09-30": -348.5, "2013-06-30": 43.7, "2013-03-31": "-93.10000", "2012-12-31": -106.3, "2012-09-30": 0, "2012-06-30": 118, "2011-12-31": 18.79, "2010-12-31": -338.99}, "Net Common Equity Issued/Repurchased": {"2020-09-30": 0, "2020-06-30": 0, "2020-03-31": "-140.80000", "2019-12-31": -163.9, "2019-09-30": -161.1, "2019-06-30": -155.1, "2019-03-31": "-177.10000", "2018-12-31": -289.8, "2018-09-30": -56.1, "2018-06-30": -67.2, "2018-03-31": "-109.20000", "2017-12-31": -9.1, "2017-09-30": -172.9, "2017-06-30": -181, "2017-03-31": "-171.00000", "2016-12-31": -18.4, "2016-09-30": -129.7, "2016-06-30": -102.5, "2016-03-31": "-116.80000", "2015-12-31": -47.3, "2015-09-30": -100.9, "2015-06-30": -91.2, "2015-03-31": "0.50000", "2014-12-31": 0.2, "2014-09-30": 0.3, "2014-06-30": 0.7, "2014-03-31": "0.10000", "2013-12-31": -0.1, "2013-09-30": 424.7, "2013-06-30": 0, "2013-03-31": "-0.10000", "2012-12-31": 0.4, "2012-09-30": -0.1, "2012-06-30": -0.3, "2011-12-31": 0, "2010-12-31": 0}, "Net Total Equity Issued/Repurchased": {"2020-09-30": 0, "2020-06-30": 0, "2020-03-31": "-140.80000", "2019-12-31": -163.9, "2019-09-30": -161.1, "2019-06-30": -155.1, "2019-03-31": "-177.10000", "2018-12-31": -289.8, "2018-09-30": -56.1, "2018-06-30": -67.2, "2018-03-31": "-109.20000", "2017-12-31": -9.1, "2017-09-30": -172.9, "2017-06-30": -181, "2017-03-31": "-171.00000", "2016-12-31": -18.4, "2016-09-30": -129.7, "2016-06-30": -102.5, "2016-03-31": "-116.80000", "2015-12-31": -47.3, "2015-09-30": -100.9, "2015-06-30": -91.2, "2015-03-31": "0.50000", "2014-12-31": 0.2, "2014-09-30": 0.3, "2014-06-30": 0.7, "2014-03-31": "0.10000", "2013-12-31": -0.1, "2013-09-30": 424.7, "2013-06-30": 0, "2013-03-31": "-0.10000", "2012-12-31": -0.3, "2012-09-30": -0.1, "2012-06-30": 0.1, "2011-12-31": -0.4, "2010-12-31": 0}, "Total Common And Preferred Stock Dividends Paid": {"2020-09-30": -54.1, "2020-06-30": -54.1, "2020-03-31": "-54.20000", "2019-12-31": -54.5, "2019-09-30": -42.6, "2019-06-30": -42.9, "2019-03-31": "-43.40000", "2018-12-31": -43.9, "2018-09-30": -31.7, "2018-06-30": -31.8, "2018-03-31": "-32.00000", "2017-12-31": -32.2, "2017-09-30": -24.4, "2017-06-30": -24.8, "2017-03-31": "-25.50000", "2016-12-31": -25.6, "2016-09-30": -17.4, "2016-06-30": -17.7, "2016-03-31": "-18.00000", "2015-12-31": -18.3, "2015-09-30": -11.4, "2015-06-30": -11.5, "2015-03-31": "-11.70000", "2014-12-31": -11.7, "2014-09-30": -7.3, "2014-06-30": -7.3, "2014-03-31": "-7.30000", "2013-12-31": -7.3, "2013-09-30": 0, "2013-06-30": 0, "2013-03-31": "", "2012-12-31": 0, "2012-09-30": 0, "2012-06-30": 0, "2011-12-31": 0, "2010-12-31": 0}, "Financial Activities - Other": {"2020-09-30": 164, "2020-06-30": 140.9, "2020-03-31": "-96.50000", "2019-12-31": 36.5, "2019-09-30": -71.5, "2019-06-30": -27, "2019-03-31": "64.30000", "2018-12-31": 24.6, "2018-09-30": 8.1, "2018-06-30": -117.9, "2018-03-31": "13.70000", "2017-12-31": -34.5, "2017-09-30": 42.5, "2017-06-30": 29.1, "2017-03-31": "-161.70000", "2016-12-31": 129.3, "2016-09-30": -36.3, "2016-06-30": 141.1, "2016-03-31": "-64.60000", "2015-12-31": 75.7, "2015-09-30": -16.1, "2015-06-30": 86.1, "2015-03-31": "-47.30000", "2014-12-31": 27.1, "2014-09-30": -18, "2014-06-30": 57, "2014-03-31": "-6.40000", "2013-12-31": 31.9, "2013-09-30": -59.3, "2013-06-30": 1.5, "2013-03-31": "3.70000", "2012-12-31": 17.9, "2012-09-30": -19.1, "2012-06-30": -252.8, "2011-12-31": 236.3, "2010-12-31": -11.1}, "Cash Flow From Financial Activities": {"2020-09-30": 137.4, "2020-06-30": 524.3, "2020-03-31": "-130.00000", "2019-12-31": -181.3, "2019-09-30": -263.3, "2019-06-30": -225, "2019-03-31": "-80.20000", "2018-12-31": -319.5, "2018-09-30": -97.1, "2018-06-30": -207, "2018-03-31": "-131.20000", "2017-12-31": -271.1, "2017-09-30": -20.9, "2017-06-30": -164.5, "2017-03-31": "-362.20000", "2016-12-31": 66.3, "2016-09-30": -178.2, "2016-06-30": 13.9, "2016-03-31": "-206.60000", "2015-12-31": 3.4, "2015-09-30": -146.8, "2015-06-30": -20.4, "2015-03-31": "-62.70000", "2014-12-31": 11.7, "2014-09-30": -29, "2014-06-30": 2.3, "2014-03-31": "-97.00000", "2013-12-31": -140.9, "2013-09-30": 16.9, "2013-06-30": 45.2, "2013-03-31": "-89.50000", "2012-12-31": -88.7, "2012-09-30": -19.2, "2012-06-30": -134.7, "2011-12-31": 254.7, "2010-12-31": -350.1}, "Net Cash Flow": {"2020-09-30": 291.1, "2020-06-30": 744, "2020-03-31": "60.40000", "2019-12-31": -12.9, "2019-09-30": -27.6, "2019-06-30": -96.2, "2019-03-31": "84.90000", "2018-12-31": -49.3, "2018-09-30": 154.4, "2018-06-30": -120.3, "2018-03-31": "76.80000", "2017-12-31": 46.3, "2017-09-30": 18.9, "2017-06-30": -172.7, "2017-03-31": "-12.00000", "2016-12-31": 145.4, "2016-09-30": -11.1, "2016-06-30": -118.8, "2016-03-31": "210.60000", "2015-12-31": -59.9, "2015-09-30": -238.2, "2015-06-30": -111.7, "2015-03-31": "102.90000", "2014-12-31": -13.3, "2014-09-30": 130.2, "2014-06-30": -79.1, "2014-03-31": "118.60000", "2013-12-31": -162.1, "2013-09-30": 170.9, "2013-06-30": 32.2, "2013-03-31": "109.20000", "2012-12-31": -155.1, "2012-09-30": 34.3, "2012-06-30": -4.5, "2011-12-31": 114.7, "2010-12-31": -51.4}, "Stock-Based Compensation": {"2020-09-30": 11.6, "2020-06-30": 5.6, "2020-03-31": "8.80000", "2019-12-31": 10.8, "2019-09-30": 12.8, "2019-06-30": 12.2, "2019-03-31": "12.70000", "2018-12-31": 10.8, "2018-09-30": 10.8, "2018-06-30": 11, "2018-03-31": "8.10000", "2017-12-31": 10.1, "2017-09-30": 10, "2017-06-30": 11.5, "2017-03-31": "12.10000", "2016-12-31": 11.1, "2016-09-30": 10, "2016-06-30": 9.5, "2016-03-31": "8.60000", "2015-12-31": 11.2, "2015-09-30": 7.8, "2015-06-30": 7.5, "2015-03-31": "4.70000", "2014-12-31": 4.9, "2014-09-30": 3.9, "2014-06-30": 4.3, "2014-03-31": "3.30000", "2013-12-31": 2.3, "2013-09-30": 40.3, "2013-06-30": 2.1, "2013-03-31": "1.90000", "2012-12-31": -18, "2012-09-30": 6.5, "2012-06-30": 11.5, "2011-12-31": 0, "2010-12-31": 0}, "Common Stock Dividends Paid": {"2020-09-30": -54.1, "2020-06-30": -54.1, "2020-03-31": "-54.20000", "2019-12-31": -54.5, "2019-09-30": -42.6, "2019-06-30": -42.9, "2019-03-31": "-43.40000", "2018-12-31": -43.9, "2018-09-30": -31.7, "2018-06-30": -31.8, "2018-03-31": "-32.00000", "2017-12-31": -32.2, "2017-09-30": -24.4, "2017-06-30": -24.8, "2017-03-31": "-25.50000", "2016-12-31": -25.6, "2016-09-30": -17.4, "2016-06-30": -17.7, "2016-03-31": "-18.00000", "2015-12-31": -18.3, "2015-09-30": -11.4, "2015-06-30": -11.5, "2015-03-31": "-11.70000", "2014-12-31": -11.7, "2014-09-30": -7.3, "2014-06-30": -7.3, "2014-03-31": "-7.30000", "2013-12-31": -7.3, "2013-09-30": 0, "2013-06-30": 0, "2013-03-31": "", "2012-12-31": 0, "2012-09-30": 0, "2012-06-30": 0, "2011-12-31": 0, "2010-12-31": 0}}, "financial ratios": {"Current Ratio": {"2019-12-31": "1.24140", "2018-12-31": "1.35450", "2017-12-31": "1.34660", "2016-12-31": "1.41980", "2015-12-31": "1.47870", "2014-12-31": "1.67130", "2013-12-31": "1.57810", "2012-12-31": "1.57050", "2011-12-31": "1.39580", "2010-12-31": ""}, "Long-term Debt / Capital": {"2019-12-31": "0.77370", "2018-12-31": "0.76550", "2017-12-31": "0.76510", "2016-12-31": "0.75470", "2015-12-31": "0.74680", "2014-12-31": "0.77090", "2013-12-31": "0.81830", "2012-12-31": "0.96470", "2011-12-31": "1.00190", "2010-12-31": ""}, "Debt/Equity Ratio": {"2019-12-31": "3.45440", "2018-12-31": "3.29020", "2017-12-31": "3.28280", "2016-12-31": "3.09360", "2015-12-31": "2.97450", "2014-12-31": "3.38070", "2013-12-31": "4.56820", "2012-12-31": "27.62640", "2011-12-31": "-556.98630", "2010-12-31": ""}, "Gross Margin": {"2019-12-31": "16.85800", "2018-12-31": "16.66760", "2017-12-31": "16.51870", "2016-12-31": "17.02880", "2015-12-31": "16.28950", "2014-12-31": "15.91210", "2013-12-31": "16.34660", "2012-12-31": "16.48470", "2011-12-31": "16.49070", "2010-12-31": "15.80240"}, "Operating Margin": {"2019-12-31": "6.28650", "2018-12-31": "6.07930", "2017-12-31": "5.84170", "2016-12-31": "5.99740", "2015-12-31": "5.71270", "2014-12-31": "5.57370", "2013-12-31": "4.72300", "2012-12-31": "5.04140", "2011-12-31": "4.90190", "2010-12-31": "4.00740"}, "EBIT Margin": {"2019-12-31": "6.28650", "2018-12-31": "6.07930", "2017-12-31": "5.84170", "2016-12-31": "5.99740", "2015-12-31": "5.71270", "2014-12-31": "5.57370", "2013-12-31": "4.72300", "2012-12-31": "5.04140", "2011-12-31": "4.90190", "2010-12-31": "4.00740"}, "EBITDA Margin": {"2019-12-31": "7.76770", "2018-12-31": "7.71470", "2017-12-31": "7.60070", "2016-12-31": "7.85870", "2015-12-31": "7.51270", "2014-12-31": "7.34850", "2013-12-31": "6.73810", "2012-12-31": "7.25100", "2011-12-31": "7.19920", "2010-12-31": "6.59110"}, "Pre-Tax Profit Margin": {"2019-12-31": "5.26660", "2018-12-31": "5.17530", "2017-12-31": "4.45430", "2016-12-31": "4.92370", "2015-12-31": "4.98130", "2014-12-31": "3.21090", "2013-12-31": "1.81550", "2012-12-31": "1.83740", "2011-12-31": "0.29470", "2010-12-31": "-0.42040"}, "Net Profit Margin": {"2019-12-31": "4.08600", "2018-12-31": "3.95920", "2017-12-31": "3.52660", "2016-12-31": "3.10910", "2015-12-31": "3.10350", "2014-12-31": "2.02820", "2013-12-31": "1.23320", "2012-12-31": "1.17490", "2011-12-31": "0.17810", "2010-12-31": "-0.33180"}, "Asset Turnover": {"2019-12-31": "2.25420", "2018-12-31": "2.26580", "2017-12-31": "2.12910", "2016-12-31": "1.96770", "2015-12-31": "1.92270", "2014-12-31": "1.98730", "2013-12-31": "1.81760", "2012-12-31": "1.77070", "2011-12-31": "1.60910", "2010-12-31": ""}, "Inventory Turnover Ratio": {"2019-12-31": "24.52960", "2018-12-31": "29.79000", "2017-12-31": "30.09160", "2016-12-31": "25.09820", "2015-12-31": "27.65940", "2014-12-31": "30.08360", "2013-12-31": "23.58190", "2012-12-31": "26.88680", "2011-12-31": "24.92660", "2010-12-31": ""}, "Receiveable Turnover": {"2019-12-31": "5.30790", "2018-12-31": "5.43600", "2017-12-31": "5.55060", "2016-12-31": "5.68870", "2015-12-31": "5.86190", "2014-12-31": "7.03360", "2013-12-31": "6.74180", "2012-12-31": "7.06540", "2011-12-31": "6.77850", "2010-12-31": ""}, "Days Sales In Receivables": {"2019-12-31": "68.76590", "2018-12-31": "67.14540", "2017-12-31": "65.75850", "2016-12-31": "64.16270", "2015-12-31": "62.26700", "2014-12-31": "51.89410", "2013-12-31": "54.14020", "2012-12-31": "51.66050", "2011-12-31": "53.84690", "2010-12-31": ""}, "ROE - Return On Equity": {"2019-12-31": "76.72600", "2018-12-31": "65.93520", "2017-12-31": "53.07430", "2016-12-31": "40.66000", "2015-12-31": "36.78260", "2014-12-31": "26.15060", "2013-12-31": "18.65960", "2012-12-31": "87.17960", "2011-12-31": "-234.24030", "2010-12-31": ""}, "Return On Tangible Equity": {"2019-12-31": "-33.69310", "2018-12-31": "-29.22990", "2017-12-31": "-21.87790", "2016-12-31": "-17.24470", "2015-12-31": "-15.03600", "2014-12-31": "-9.99630", "2013-12-31": "-4.68170", "2012-12-31": "-3.35090", "2011-12-31": "-0.44400", "2010-12-31": ""}, "ROA - Return On Assets": {"2019-12-31": "9.21070", "2018-12-31": "8.97080", "2017-12-31": "7.50860", "2016-12-31": "6.11800", "2015-12-31": "5.96720", "2014-12-31": "4.03070", "2013-12-31": "2.24150", "2012-12-31": "2.08040", "2011-12-31": "0.28650", "2010-12-31": ""}, "ROI - Return On Investment": {"2019-12-31": "17.36300", "2018-12-31": "15.46230", "2017-12-31": "12.46780", "2016-12-31": "9.97560", "2015-12-31": "9.31290", "2014-12-31": "5.99200", "2013-12-31": "3.38990", "2012-12-31": "3.07690", "2011-12-31": "0.44330", "2010-12-31": ""}, "Book Value Per Share": {"2019-12-31": "6.71540", "2018-12-31": "6.60260", "2017-12-31": "6.44180", "2016-12-31": "6.52210", "2015-12-31": "6.51550", "2014-12-31": "5.43840", "2013-12-31": "4.13780", "2012-12-31": "0.94070", "2011-12-31": "-0.05040", "2010-12-31": ""}, "Operating Cash Flow Per Share": {"2019-12-31": 1.0521, "2018-12-31": 0.9819, "2017-12-31": 1.2773, "2016-12-31": 2.0233, "2015-12-31": -0.9021, "2014-12-31": 0.2093, "2013-12-31": 0.1311, "2012-12-31": 0.6953, "2011-12-31": -1.4525, "2010-12-31": 2.9342}, "Free Cash Flow Per Share": {"2019-12-31": 0.014, "2018-12-31": 0.9339, "2017-12-31": 1.1473, "2016-12-31": 2.1652, "2015-12-31": -1.1083, "2014-12-31": 0.1878, "2013-12-31": 0.1183, "2012-12-31": 0.7267, "2011-12-31": -1.4805, "2010-12-31": 2.6468}}, "financial ratios, quarterly": {"Current Ratio": {"2020-09-30": "1.50120", "2020-06-30": "1.47010", "2020-03-31": "1.27930", "2019-12-31": "1.24140", "2019-09-30": "1.32530", "2019-06-30": "1.27890", "2019-03-31": "1.28540", "2018-12-31": "1.35450", "2018-09-30": "1.40860", "2018-06-30": "1.36340", "2018-03-31": "1.34750", "2017-12-31": "1.34660", "2017-09-30": "1.36500", "2017-06-30": "1.32930", "2017-03-31": "1.39360", "2016-12-31": "1.41980", "2016-09-30": "1.40950", "2016-06-30": "1.41220", "2016-03-31": "1.44920", "2015-12-31": "1.47870", "2015-09-30": "1.46100", "2015-06-30": "1.66980", "2015-03-31": "1.74380", "2014-12-31": "1.67130", "2014-09-30": "1.64720", "2014-06-30": "1.57920", "2014-03-31": "1.58470", "2013-12-31": "1.57810", "2013-09-30": "1.52740", "2013-06-30": "1.54560", "2013-03-31": "", "2012-12-31": "", "2012-09-30": "", "2012-06-30": "", "2011-12-31": "", "2010-12-31": ""}, "Long-term Debt / Capital": {"2020-09-30": "0.75700", "2020-06-30": "0.78530", "2020-03-31": "0.79440", "2019-12-31": "0.77370", "2019-09-30": "0.77700", "2019-06-30": "0.77660", "2019-03-31": "0.77840", "2018-12-31": "0.76550", "2018-09-30": "0.73310", "2018-06-30": "0.74970", "2018-03-31": "0.76300", "2017-12-31": "0.76510", "2017-09-30": "0.80770", "2017-06-30": "0.79430", "2017-03-31": "0.78240", "2016-12-31": "0.75470", "2016-09-30": "0.76490", "2016-06-30": "0.76030", "2016-03-31": "0.75620", "2015-12-31": "0.74680", "2015-09-30": "0.75080", "2015-06-30": "0.76000", "2015-03-31": "0.76590", "2014-12-31": "0.77090", "2014-09-30": "0.77870", "2014-06-30": "0.78640", "2014-03-31": "0.80700", "2013-12-31": "0.81830", "2013-09-30": "0.83080", "2013-06-30": "0.94670", "2013-03-31": "", "2012-12-31": "", "2012-09-30": "", "2012-06-30": "", "2011-12-31": "", "2010-12-31": ""}, "Debt/Equity Ratio": {"2020-09-30": "3.17390", "2020-06-30": "3.69410", "2020-03-31": "3.90270", "2019-12-31": "3.45440", "2019-09-30": "3.51240", "2019-06-30": "3.50260", "2019-03-31": "3.54080", "2018-12-31": "3.29020", "2018-09-30": "2.77370", "2018-06-30": "3.03140", "2018-03-31": "3.24560", "2017-12-31": "3.28280", "2017-09-30": "4.25280", "2017-06-30": "3.88210", "2017-03-31": "3.61570", "2016-12-31": "3.09360", "2016-09-30": "3.27250", "2016-06-30": "3.19770", "2016-03-31": "3.12710", "2015-12-31": "2.97450", "2015-09-30": "3.03780", "2015-06-30": "3.18300", "2015-03-31": "3.28670", "2014-12-31": "3.38070", "2014-09-30": "3.53660", "2014-06-30": "3.70030", "2014-03-31": "4.20300", "2013-12-31": "4.56820", "2013-09-30": "5.16840", "2013-06-30": "17.82010", "2013-03-31": "", "2012-12-31": "", "2012-09-30": "", "2012-06-30": "", "2011-12-31": "", "2010-12-31": ""}, "Gross Margin": {"2020-09-30": "17.35560", "2020-06-30": "17.11520", "2020-03-31": "17.23550", "2019-12-31": "17.13730", "2019-09-30": "16.63710", "2019-06-30": "16.71310", "2019-03-31": "16.98120", "2018-12-31": "17.02660", "2018-09-30": "16.31760", "2018-06-30": "16.61690", "2018-03-31": "16.74520", "2017-12-31": "16.35660", "2017-09-30": "16.32770", "2017-06-30": "16.46580", "2017-03-31": "16.99940", "2016-12-31": "18.18920", "2016-09-30": "16.56600", "2016-06-30": "16.65940", "2016-03-31": "16.82870", "2015-12-31": "16.31170", "2015-09-30": "16.20060", "2015-06-30": "16.12860", "2015-03-31": "16.56870", "2014-12-31": "16.12730", "2014-09-30": "15.53230", "2014-06-30": "15.99810", "2014-03-31": "16.03140", "2013-12-31": "16.52230", "2013-09-30": "16.00390", "2013-06-30": "16.24870", "2013-03-31": "16.66870", "2012-12-31": "", "2012-09-30": "16.49450", "2012-06-30": "16.51640", "2011-12-31": "", "2010-12-31": ""}, "Operating Margin": {"2020-09-30": "6.68150", "2020-06-30": "6.49150", "2020-03-31": "5.60010", "2019-12-31": "6.25540", "2019-09-30": "6.53260", "2019-06-30": "6.48610", "2019-03-31": "5.78340", "2018-12-31": "5.96110", "2018-09-30": "6.28370", "2018-06-30": "6.34240", "2018-03-31": "5.65940", "2017-12-31": "5.89020", "2017-09-30": "6.20360", "2017-06-30": "5.93060", "2017-03-31": "5.24260", "2016-12-31": "6.22020", "2016-09-30": "6.40470", "2016-06-30": "6.09890", "2016-03-31": "5.16570", "2015-12-31": "5.26270", "2015-09-30": "5.84390", "2015-06-30": "6.21300", "2015-03-31": "5.50230", "2014-12-31": "5.38670", "2014-09-30": "5.65510", "2014-06-30": "6.05920", "2014-03-31": "5.12010", "2013-12-31": "5.23350", "2013-09-30": "3.24340", "2013-06-30": "5.52660", "2013-03-31": "4.97990", "2012-12-31": "", "2012-09-30": "5.32540", "2012-06-30": "5.27720", "2011-12-31": "", "2010-12-31": ""}, "EBIT Margin": {"2020-09-30": "6.68150", "2020-06-30": "6.49150", "2020-03-31": "5.60010", "2019-12-31": "6.25540", "2019-09-30": "6.53260", "2019-06-30": "6.48610", "2019-03-31": "5.78340", "2018-12-31": "5.96100", "2018-09-30": "6.28370", "2018-06-30": "6.34240", "2018-03-31": "5.65940", "2017-12-31": "5.89020", "2017-09-30": "6.20360", "2017-06-30": "5.93060", "2017-03-31": "5.24260", "2016-12-31": "6.22020", "2016-09-30": "6.40470", "2016-06-30": "6.09890", "2016-03-31": "5.16570", "2015-12-31": "5.26270", "2015-09-30": "5.84390", "2015-06-30": "6.21300", "2015-03-31": "5.50230", "2014-12-31": "5.38670", "2014-09-30": "5.65510", "2014-06-30": "6.05920", "2014-03-31": "5.12010", "2013-12-31": "5.23350", "2013-09-30": "3.24340", "2013-06-30": "5.52660", "2013-03-31": "4.97990", "2012-12-31": "", "2012-09-30": "5.32540", "2012-06-30": "5.27720", "2011-12-31": "", "2010-12-31": ""}, "EBITDA Margin": {"2020-09-30": "", "2020-06-30": "", "2020-03-31": "", "2019-12-31": "", "2019-09-30": "", "2019-06-30": "", "2019-03-31": "", "2018-12-31": "", "2018-09-30": "", "2018-06-30": "", "2018-03-31": "", "2017-12-31": "", "2017-09-30": "", "2017-06-30": "", "2017-03-31": "", "2016-12-31": "", "2016-09-30": "", "2016-06-30": "", "2016-03-31": "", "2015-12-31": "", "2015-09-30": "", "2015-06-30": "", "2015-03-31": "", "2014-12-31": "", "2014-09-30": "", "2014-06-30": "", "2014-03-31": "", "2013-12-31": "", "2013-09-30": "", "2013-06-30": "", "2013-03-31": "", "2012-12-31": "", "2012-09-30": "", "2012-06-30": "", "2011-12-31": "", "2010-12-31": ""}, "Pre-Tax Profit Margin": {"2020-09-30": "5.25820", "2020-06-30": "5.62110", "2020-03-31": "4.82550", "2019-12-31": "5.20180", "2019-09-30": "5.31610", "2019-06-30": "5.64160", "2019-03-31": "4.84100", "2018-12-31": "5.07020", "2018-09-30": "5.45140", "2018-06-30": "5.48960", "2018-03-31": "4.59460", "2017-12-31": "4.90410", "2017-09-30": "5.26030", "2017-06-30": "5.01840", "2017-03-31": "2.28810", "2016-12-31": "5.13950", "2016-09-30": "5.34490", "2016-06-30": "5.11650", "2016-03-31": "3.97540", "2015-12-31": "4.14520", "2015-09-30": "7.03210", "2015-06-30": "5.19310", "2015-03-31": "3.15770", "2014-12-31": "2.62940", "2014-09-30": "2.74030", "2014-06-30": "4.41730", "2014-03-31": "3.04640", "2013-12-31": "3.04430", "2013-09-30": "-0.16760", "2013-06-30": "2.63380", "2013-03-31": "1.84520", "2012-12-31": "", "2012-09-30": "2.40920", "2012-06-30": "2.30970", "2011-12-31": "", "2010-12-31": ""}, "Net Profit Margin": {"2020-09-30": "4.06190", "2020-06-30": "4.33150", "2020-03-31": "3.82530", "2019-12-31": "4.09090", "2019-09-30": "4.10990", "2019-06-30": "4.24630", "2019-03-31": "3.86320", "2018-12-31": "3.90940", "2018-09-30": "4.20060", "2018-06-30": "4.13270", "2018-03-31": "3.52150", "2017-12-31": "5.18920", "2017-09-30": "3.28740", "2017-06-30": "3.62050", "2017-03-31": "1.78750", "2016-12-31": "3.26400", "2016-09-30": "3.39520", "2016-06-30": "3.20640", "2016-03-31": "2.49620", "2015-12-31": "2.61230", "2015-09-30": "4.31010", "2015-06-30": "3.26490", "2015-03-31": "1.98530", "2014-12-31": "1.69830", "2014-09-30": "1.70230", "2014-06-30": "2.78820", "2014-03-31": "1.91910", "2013-12-31": "2.21130", "2013-09-30": "-0.07680", "2013-06-30": "1.68030", "2013-03-31": "1.17340", "2012-12-31": "", "2012-09-30": "1.44860", "2012-06-30": "1.42380", "2011-12-31": "", "2010-12-31": ""}, "Asset Turnover": {"2020-09-30": "0.51570", "2020-06-30": "0.49900", "2020-03-31": "0.53380", "2019-12-31": "0.56720", "2019-09-30": "0.63710", "2019-06-30": "0.58440", "2019-03-31": "0.51540", "2018-12-31": "0.56850", "2018-09-30": "0.59290", "2018-06-30": "0.57110", "2018-03-31": "0.51320", "2017-12-31": "0.53860", "2017-09-30": "0.55380", "2017-06-30": "0.55270", "2017-03-31": "0.48060", "2016-12-31": "0.45810", "2016-09-30": "0.54750", "2016-06-30": "0.53200", "2016-03-31": "0.46390", "2015-12-31": "0.50600", "2015-09-30": "0.51930", "2015-06-30": "0.53010", "2015-03-31": "0.45250", "2014-12-31": "0.50200", "2014-09-30": "0.53480", "2014-06-30": "0.51380", "2014-03-31": "0.44860", "2013-12-31": "0.45800", "2013-09-30": "0.47430", "2013-06-30": "0.46160", "2013-03-31": "", "2012-12-31": "", "2012-09-30": "", "2012-06-30": "", "2011-12-31": "", "2010-12-31": ""}, "Inventory Turnover Ratio": {"2020-09-30": "6.06530", "2020-06-30": "5.20800", "2020-03-31": "5.40500", "2019-12-31": "6.15090", "2019-09-30": "6.77800", "2019-06-30": "5.91250", "2019-03-31": "5.56260", "2018-12-31": "7.44220", "2018-09-30": "7.60670", "2018-06-30": "6.05040", "2018-03-31": "6.18050", "2017-12-31": "7.62650", "2017-09-30": "5.99450", "2017-06-30": "6.32960", "2017-03-31": "5.47730", "2016-12-31": "5.76150", "2016-09-30": "6.85100", "2016-06-30": "6.26740", "2016-03-31": "5.63030", "2015-12-31": "7.27750", "2015-09-30": "7.13150", "2015-06-30": "6.37210", "2015-03-31": "6.43890", "2014-12-31": "7.57990", "2014-09-30": "6.51430", "2014-06-30": "5.80320", "2014-03-31": "13.53860", "2013-12-31": "5.92930", "2013-09-30": "6.80020", "2013-06-30": "6.14980", "2013-03-31": "", "2012-12-31": "", "2012-09-30": "", "2012-06-30": "", "2011-12-31": "", "2010-12-31": ""}, "Receiveable Turnover": {"2020-09-30": "1.29540", "2020-06-30": "1.29050", "2020-03-31": "1.22200", "2019-12-31": "1.33540", "2019-09-30": "1.47300", "2019-06-30": "1.37250", "2019-03-31": "1.28570", "2018-12-31": "1.36390", "2018-09-30": "1.44760", "2018-06-30": "1.40190", "2018-03-31": "1.39560", "2017-12-31": "1.40400", "2017-09-30": "1.46100", "2017-06-30": "1.45590", "2017-03-31": "1.46320", "2016-12-31": "1.32440", "2016-09-30": "1.61990", "2016-06-30": "1.56420", "2016-03-31": "1.56390", "2015-12-31": "1.54270", "2015-09-30": "1.67470", "2015-06-30": "1.74310", "2015-03-31": "1.69760", "2014-12-31": "1.77670", "2014-09-30": "1.98110", "2014-06-30": "1.84260", "2014-03-31": "1.53900", "2013-12-31": "1.69870", "2013-09-30": "1.89980", "2013-06-30": "1.78660", "2013-03-31": "", "2012-12-31": "", "2012-09-30": "", "2012-06-30": "", "2011-12-31": "", "2010-12-31": ""}, "Days Sales In Receivables": {"2020-09-30": "69.47730", "2020-06-30": "69.73930", "2020-03-31": "73.65150", "2019-12-31": "67.39340", "2019-09-30": "61.09850", "2019-06-30": "65.57310", "2019-03-31": "70.00300", "2018-12-31": "65.98710", "2018-09-30": "62.16980", "2018-06-30": "64.19820", "2018-03-31": "64.49040", "2017-12-31": "64.10100", "2017-09-30": "61.60100", "2017-06-30": "61.81850", "2017-03-31": "61.50740", "2016-12-31": "67.95520", "2016-09-30": "55.56010", "2016-06-30": "57.53750", "2016-03-31": "57.54840", "2015-12-31": "58.33780", "2015-09-30": "53.74140", "2015-06-30": "51.63190", "2015-03-31": "53.01610", "2014-12-31": "50.65510", "2014-09-30": "45.42850", "2014-06-30": "48.84510", "2014-03-31": "58.47980", "2013-12-31": "52.98240", "2013-09-30": "47.37390", "2013-06-30": "50.37380", "2013-03-31": "", "2012-12-31": "", "2012-09-30": "", "2012-06-30": "", "2011-12-31": "", "2010-12-31": ""}, "ROE - Return On Equity": {"2020-09-30": "15.59950", "2020-06-30": "17.91400", "2020-03-31": "18.87150", "2019-12-31": "19.32730", "2019-09-30": "21.56990", "2019-06-30": "21.00200", "2019-03-31": "16.48870", "2018-12-31": "16.33510", "2018-09-30": "15.82670", "2018-06-30": "16.18490", "2018-03-31": "12.73950", "2017-12-31": "19.75450", "2017-09-30": "16.03220", "2017-06-30": "16.59400", "2017-03-31": "6.41460", "2016-12-31": "9.93780", "2016-09-30": "12.71080", "2016-06-30": "11.59460", "2016-03-31": "7.48150", "2015-12-31": "8.14860", "2015-09-30": "14.02810", "2015-06-30": "10.86560", "2015-03-31": "5.60740", "2014-12-31": "5.53120", "2014-09-30": "6.21920", "2014-06-30": "10.25100", "2014-03-31": "6.74350", "2013-12-31": "8.43050", "2013-09-30": "-0.33340", "2013-06-30": "22.34450", "2013-03-31": "", "2012-12-31": "", "2012-09-30": "", "2012-06-30": "", "2011-12-31": "", "2010-12-31": ""}, "Return On Tangible Equity": {"2020-09-30": "-10.75310", "2020-06-30": "-9.60190", "2020-03-31": "-7.70180", "2019-12-31": "-8.48730", "2019-09-30": "-9.18110", "2019-06-30": "-8.74130", "2019-03-31": "-6.65680", "2018-12-31": "-7.24160", "2018-09-30": "-8.88730", "2018-06-30": "-7.84260", "2018-03-31": "-5.40220", "2017-12-31": "-8.14300", "2017-09-30": "-4.95740", "2017-06-30": "-5.42590", "2017-03-31": "-2.26730", "2016-12-31": "-4.21480", "2016-09-30": "-4.86480", "2016-06-30": "-4.47860", "2016-03-31": "-2.90220", "2015-12-31": "-3.33100", "2015-09-30": "-5.45340", "2015-06-30": "-4.68560", "2015-03-31": "-2.30950", "2014-12-31": "-2.11440", "2014-09-30": "-2.19620", "2014-06-30": "-3.30240", "2014-03-31": "-1.85030", "2013-12-31": "-2.11520", "2013-09-30": "0.07510", "2013-06-30": "-1.37270", "2013-03-31": "", "2012-12-31": "", "2012-09-30": "", "2012-06-30": "", "2011-12-31": "", "2010-12-31": ""}, "ROA - Return On Assets": {"2020-09-30": "2.09460", "2020-06-30": "2.16130", "2020-03-31": "2.04200", "2019-12-31": "2.32020", "2019-09-30": "2.61840", "2019-06-30": "2.48170", "2019-03-31": "1.99100", "2018-12-31": "2.22250", "2018-09-30": "2.49070", "2018-06-30": "2.36010", "2018-03-31": "1.80710", "2017-12-31": "2.79470", "2017-09-30": "1.82070", "2017-06-30": "2.00100", "2017-03-31": "0.85910", "2016-12-31": "1.49530", "2016-09-30": "1.85890", "2016-06-30": "1.70590", "2016-03-31": "1.15810", "2015-12-31": "1.32190", "2015-09-30": "2.23840", "2015-06-30": "1.73090", "2015-03-31": "0.89840", "2014-12-31": "0.85250", "2014-09-30": "0.91040", "2014-06-30": "1.43250", "2014-03-31": "0.86090", "2013-12-31": "1.01270", "2013-09-30": "-0.03640", "2013-06-30": "0.77570", "2013-03-31": "", "2012-12-31": "", "2012-09-30": "", "2012-06-30": "", "2011-12-31": "", "2010-12-31": ""}, "ROI - Return On Investment": {"2020-09-30": "3.79040", "2020-06-30": "3.84570", "2020-03-31": "3.87920", "2019-12-31": "4.37370", "2019-09-30": "4.80910", "2019-06-30": "4.69280", "2019-03-31": "3.65350", "2018-12-31": "3.83070", "2018-09-30": "4.22480", "2018-06-30": "4.05100", "2018-03-31": "3.01910", "2017-12-31": "4.64060", "2017-09-30": "3.08230", "2017-06-30": "3.41420", "2017-03-31": "1.39590", "2016-12-31": "2.43820", "2016-09-30": "2.98810", "2016-06-30": "2.77920", "2016-03-31": "1.82420", "2015-12-31": "2.06310", "2015-09-30": "3.49630", "2015-06-30": "2.60720", "2015-03-31": "1.31290", "2014-12-31": "1.26740", "2014-09-30": "1.37610", "2014-06-30": "2.18940", "2014-03-31": "1.30120", "2013-12-31": "1.53160", "2013-09-30": "-0.05640", "2013-06-30": "1.19140", "2013-03-31": "", "2012-12-31": "", "2012-09-30": "", "2012-06-30": "", "2011-12-31": "", "2010-12-31": ""}, "Book Value Per Share": {"2020-09-30": "8.67300", "2020-06-30": "7.40250", "2020-03-31": "6.25230", "2019-12-31": "6.71540", "2019-09-30": "6.49830", "2019-06-30": "6.45590", "2019-03-31": "6.33830", "2018-12-31": "6.60260", "2018-09-30": "7.69180", "2018-06-30": "7.05540", "2018-03-31": "6.56290", "2017-12-31": "6.44180", "2017-09-30": "5.27470", "2017-06-30": "5.45690", "2017-03-31": "5.74240", "2016-12-31": "6.52210", "2016-09-30": "6.17130", "2016-06-30": "6.20960", "2016-03-31": "6.28340", "2015-12-31": "6.51550", "2015-09-30": "6.35760", "2015-06-30": "5.85420", "2015-03-31": "5.65510", "2014-12-31": "5.43840", "2014-09-30": "5.19470", "2014-06-30": "4.90880", "2014-03-31": "4.38840", "2013-12-31": "4.13780", "2013-09-30": "3.83600", "2013-06-30": "1.43940", "2013-03-31": "", "2012-12-31": "", "2012-09-30": "", "2012-06-30": "", "2011-12-31": "", "2010-12-31": ""}, "Operating Cash Flow Per Share": {"2020-09-30": 1.5249, "2020-06-30": 2.0355, "2020-03-31": "1.53900", "2019-12-31": 2.3147, "2019-09-30": 1.8402, "2019-06-30": 1.1033, "2019-03-31": "1.69170", "2018-12-31": 1.9791, "2018-09-30": 1.7595, "2018-06-30": 0.7238, "2018-03-31": "1.43540", "2017-12-31": 2.1048, "2017-09-30": 0.4451, "2017-06-30": 0.0939, "2017-03-31": "2.27210", "2016-12-31": 0.6107, "2016-09-30": 1.1497, "2016-06-30": -0.6547, "2016-03-31": "2.53290", "2015-12-31": -0.1093, "2015-09-30": 1.1501, "2015-06-30": -0.4503, "2015-03-31": "1.02480", "2014-12-31": 0.4914, "2014-09-30": 1.0075, "2014-06-30": -0.411, "2014-03-31": "1.42950", "2013-12-31": 0.0851, "2013-09-30": 0.8113, "2013-06-30": -0.012, "2013-03-31": "1.42370", "2012-12-31": -2.5161, "2012-09-30": 0.4263, "2012-06-30": 2.0898, "2011-12-31": 0, "2010-12-31": 0}, "Free Cash Flow Per Share": {"2020-09-30": 1.2953, "2020-06-30": 1.5178, "2020-03-31": "1.36370", "2019-12-31": 1.2255, "2019-09-30": 1.6267, "2019-06-30": 0.9373, "2019-03-31": "1.56170", "2018-12-31": 1.766, "2018-09-30": 1.6303, "2018-06-30": 0.6082, "2018-03-31": "1.33270", "2017-12-31": 1.9673, "2017-09-30": 0.3014, "2017-06-30": -0.0171, "2017-03-31": "2.15170", "2016-12-31": 0.4792, "2016-09-30": 1.0527, "2016-06-30": -0.7436, "2016-03-31": "2.46770", "2015-12-31": -0.377, "2015-09-30": 1.0261, "2015-06-30": -0.5254, "2015-03-31": "0.96710", "2014-12-31": 0.3719, "2014-09-30": 0.9303, "2014-06-30": -0.4786, "2014-03-31": "1.37550", "2013-12-31": -0.0289, "2013-09-30": 0.7648, "2013-06-30": -0.0881, "2013-03-31": "1.36350", "2012-12-31": -2.342, "2012-09-30": 0.3598, "2012-06-30": 1.9822, "2011-12-31": 0, "2010-12-31": 0}}, "revenue": {"CDW Annual Revenue (Millions of US $)": {"2019": "$18,032", "2018": "$16,241", "2017": "$14,833", "2016": "$13,673", "2015": "$12,989", "2014": "$12,075", "2013": "$10,769", "2012": "$10,128", "2011": "$9,602", "2010": "$8,801"}, "CDW Quarterly Revenue (Millions of US $)": {"2020-09-30": "$4,756", "2020-06-30": "$4,366", "2020-03-31": "$4,389", "2019-12-31": "$4,537", "2019-09-30": "$4,908", "2019-06-30": "$4,630", "2019-03-31": "$3,958", "2018-12-31": "$4,075", "2018-09-30": "$4,373", "2018-06-30": "$4,186", "2018-03-31": "$3,606", "2017-12-31": "$3,752", "2017-09-30": "$3,933", "2017-06-30": "$3,892", "2017-03-31": "$3,256", "2016-12-31": "$3,183", "2016-09-30": "$3,708", "2016-06-30": "$3,665", "2016-03-31": "$3,117", "2015-12-31": "$3,418", "2015-09-30": "$3,501", "2015-06-30": "$3,314", "2015-03-31": "$2,755", "2014-12-31": "$3,050", "2014-09-30": "$3,266", "2014-06-30": "$3,106", "2014-03-31": "$2,652", "2013-12-31": "$2,713", "2013-09-30": "$2,864", "2013-06-30": "$2,779", "2013-03-31": "$2,412", "2012-12-31": "", "2012-09-30": "$2,623", "2012-06-30": "$2,585", "2011-12-31": "", "2010-12-31": ""}}, "gross-profit": {"CDW Annual Gross Profit (Millions of US $)": {"2019": "$3,040", "2018": "$2,707", "2017": "$2,450", "2016": "$2,328", "2015": "$2,116", "2014": "$1,921", "2013": "$1,760", "2012": "$1,670", "2011": "$1,584", "2010": "$1,391"}, "CDW Quarterly Gross Profit (Millions of US $)": {"2020-09-30": "$826", "2020-06-30": "$747", "2020-03-31": "$757", "2019-12-31": "$778", "2019-09-30": "$817", "2019-06-30": "$774", "2019-03-31": "$672", "2018-12-31": "$694", "2018-09-30": "$714", "2018-06-30": "$696", "2018-03-31": "$604", "2017-12-31": "$614", "2017-09-30": "$642", "2017-06-30": "$641", "2017-03-31": "$554", "2016-12-31": "$579", "2016-09-30": "$614", "2016-06-30": "$611", "2016-03-31": "$525", "2015-12-31": "$558", "2015-09-30": "$567", "2015-06-30": "$535", "2015-03-31": "$457", "2014-12-31": "$492", "2014-09-30": "$507", "2014-06-30": "$497", "2014-03-31": "$425", "2013-12-31": "$448", "2013-09-30": "$458", "2013-06-30": "$452", "2013-03-31": "$402", "2012-12-31": "", "2012-09-30": "$433", "2012-06-30": "$427", "2011-12-31": "", "2010-12-31": ""}}, "operating-income": {"CDW Annual Operating Income (Millions of US $)": {"2019": "$1,134", "2018": "$987", "2017": "$867", "2016": "$820", "2015": "$742", "2014": "$673", "2013": "$509", "2012": "$511", "2011": "$471", "2010": "$353"}, "CDW Quarterly Operating Income (Millions of US $)": {"2020-09-30": "$318", "2020-06-30": "$283", "2020-03-31": "$246", "2019-12-31": "$284", "2019-09-30": "$321", "2019-06-30": "$300", "2019-03-31": "$229", "2018-12-31": "$243", "2018-09-30": "$275", "2018-06-30": "$266", "2018-03-31": "$204", "2017-12-31": "$221", "2017-09-30": "$244", "2017-06-30": "$231", "2017-03-31": "$171", "2016-12-31": "$198", "2016-09-30": "$238", "2016-06-30": "$224", "2016-03-31": "$161", "2015-12-31": "$180", "2015-09-30": "$205", "2015-06-30": "$206", "2015-03-31": "$152", "2014-12-31": "$164", "2014-09-30": "$185", "2014-06-30": "$188", "2014-03-31": "$136", "2013-12-31": "$142", "2013-09-30": "$93", "2013-06-30": "$154", "2013-03-31": "$120", "2012-12-31": "", "2012-09-30": "$140", "2012-06-30": "$136", "2011-12-31": "", "2010-12-31": ""}}, "ebitda": {"CDW Annual EBITDA (Millions of US $)": {"2019": "$1,401", "2018": "$1,253", "2017": "$1,127", "2016": "$1,075", "2015": "$976", "2014": "$887", "2013": "$726", "2012": "$734", "2011": "$691", "2010": "$580"}, "CDW Quarterly EBITDA (Millions of US $)": {"2020-09-30": "$450", "2020-06-30": "$409", "2020-03-31": "$337", "2019-12-31": "$353", "2019-09-30": "$389", "2019-06-30": "$365", "2019-03-31": "$293", "2018-12-31": "$310", "2018-09-30": "$341", "2018-06-30": "$332", "2018-03-31": "$271", "2017-12-31": "$287", "2017-09-30": "$310", "2017-06-30": "$293", "2017-03-31": "$238", "2016-12-31": "$257", "2016-09-30": "$302", "2016-06-30": "$289", "2016-03-31": "$227", "2015-12-31": "$244", "2015-09-30": "$266", "2015-06-30": "$260", "2015-03-31": "$206", "2014-12-31": "$218", "2014-09-30": "$238", "2014-06-30": "$242", "2014-03-31": "$189", "2013-12-31": "$196", "2013-09-30": "$147", "2013-06-30": "$208", "2013-03-31": "$175", "2012-12-31": "", "2012-09-30": "$196", "2012-06-30": "$136", "2011-12-31": "", "2010-12-31": ""}}, "net-income": {"CDW Annual Net Income (Millions of US $)": {"2019": "$737", "2018": "$643", "2017": "$523", "2016": "$425", "2015": "$403", "2014": "$245", "2013": "$133", "2012": "$119", "2011": "$17", "2010": "$-29"}, "CDW Quarterly Net Income (Millions of US $)": {"2020-09-30": "$193", "2020-06-30": "$189", "2020-03-31": "$168", "2019-12-31": "$186", "2019-09-30": "$202", "2019-06-30": "$197", "2019-03-31": "$153", "2018-12-31": "$159", "2018-09-30": "$184", "2018-06-30": "$173", "2018-03-31": "$127", "2017-12-31": "$195", "2017-09-30": "$129", "2017-06-30": "$141", "2017-03-31": "$58", "2016-12-31": "$104", "2016-09-30": "$126", "2016-06-30": "$118", "2016-03-31": "$78", "2015-12-31": "$89", "2015-09-30": "$151", "2015-06-30": "$108", "2015-03-31": "$55", "2014-12-31": "$52", "2014-09-30": "$56", "2014-06-30": "$87", "2014-03-31": "$51", "2013-12-31": "$60", "2013-09-30": "$-2", "2013-06-30": "$47", "2013-03-31": "$28", "2012-12-31": "", "2012-09-30": "$38", "2012-06-30": "$37", "2011-12-31": "", "2010-12-31": ""}}, "eps-earnings-per-share-diluted": {"CDW Annual EPS": {"2019": "$4.99", "2018": "$4.19", "2017": "$3.31", "2016": "$2.56", "2015": "$2.35", "2014": "$1.42", "2013": "$0.84", "2012": "$0.82", "2011": "$0.12", "2010": "$-0.20"}, "CDW Quarterly EPS": {"2020-09-30": "$1.33", "2020-06-30": "$1.31", "2020-03-31": "$1.16", "2019-12-31": "$1.27", "2019-09-30": "$1.37", "2019-06-30": "$1.33", "2019-03-31": "$1.02", "2018-12-31": "$1.05", "2018-09-30": "$1.20", "2018-06-30": "$1.12", "2018-03-31": "$0.82", "2017-12-31": "$1.23", "2017-09-30": "$0.83", "2017-06-30": "$0.89", "2017-03-31": "$0.36", "2016-12-31": "$0.64", "2016-09-30": "$0.76", "2016-06-30": "$0.70", "2016-03-31": "$0.46", "2015-12-31": "$0.52", "2015-09-30": "$0.88", "2015-06-30": "$0.63", "2015-03-31": "$0.32", "2014-12-31": "$0.30", "2014-09-30": "$0.32", "2014-06-30": "$0.50", "2014-03-31": "$0.30", "2013-12-31": "$0.34", "2013-09-30": "$-0.01", "2013-06-30": "$0.32", "2013-03-31": "$0.19", "2012-12-31": "$0.00", "2012-09-30": "$0.26", "2012-06-30": "$0.25", "2011-12-31": "$0.00", "2010-12-31": "$0.00"}}, "shares-outstanding": {"CDW Annual Shares Outstanding (Millions of Shares)": {"2019": "148", "2018": "154", "2017": "158", "2016": "166", "2015": "172", "2014": "173", "2013": "159", "2012": "146", "2011": "145", "2010": "144"}, "CDW Quarterly Shares Outstanding (Millions of Shares)": {"2020-09-30": "145", "2020-06-30": "144", "2020-03-31": "145", "2019-12-31": "148", "2019-09-30": "147", "2019-06-30": "148", "2019-03-31": "149", "2018-12-31": "154", "2018-09-30": "154", "2018-06-30": "154", "2018-03-31": "155", "2017-12-31": "158", "2017-09-30": "156", "2017-06-30": "159", "2017-03-31": "163", "2016-12-31": "166", "2016-09-30": "165", "2016-06-30": "167", "2016-03-31": "169", "2015-12-31": "172", "2015-09-30": "171", "2015-06-30": "173", "2015-03-31": "174", "2014-12-31": "173", "2014-09-30": "173", "2014-06-30": "173", "2014-03-31": "172", "2013-12-31": "159", "2013-09-30": "167", "2013-06-30": "147", "2013-03-31": "146", "2012-12-31": "", "2012-09-30": "146", "2012-06-30": "146", "2011-12-31": "", "2010-12-31": ""}}, "total-assets": {"CDW Annual Total Assets (Millions of US $)": {"2019": "$7,999", "2018": "$7,168", "2017": "$6,967", "2016": "$6,948", "2015": "$6,755", "2014": "$6,076", "2013": "$5,925", "2012": "$5,720", "2011": "$5,968", "2010": "$0"}, "CDW Quarterly Total Assets (Millions of US $)": {"2020-09-30": "$9,224", "2020-06-30": "$8,750", "2020-03-31": "$8,222", "2019-12-31": "$7,999", "2019-09-30": "$7,703", "2019-06-30": "$7,922", "2019-03-31": "$7,680", "2018-12-31": "$7,168", "2018-09-30": "$7,375", "2018-06-30": "$7,330", "2018-03-31": "$7,028", "2017-12-31": "$6,967", "2017-09-30": "$7,102", "2017-06-30": "$7,042", "2017-03-31": "$6,775", "2016-12-31": "$6,948", "2016-09-30": "$6,773", "2016-06-30": "$6,888", "2016-03-31": "$6,718", "2015-12-31": "$6,755", "2015-09-30": "$6,742", "2015-06-30": "$6,251", "2015-03-31": "$6,089", "2014-12-31": "$6,076", "2014-09-30": "$6,107", "2014-06-30": "$6,045", "2014-03-31": "$5,913", "2013-12-31": "$5,925", "2013-09-30": "$6,039", "2013-06-30": "$6,021", "2013-03-31": "$0", "2012-12-31": "$0", "2012-09-30": "$0", "2012-06-30": "$0", "2011-12-31": "$5,968", "2010-12-31": "$0"}}, "cash-on-hand": {"CDW Annual Cash on Hand (Millions of US $)": {"2019": "$154", "2018": "$206", "2017": "$144", "2016": "$264", "2015": "$38", "2014": "$345", "2013": "$188", "2012": "$38", "2011": "$100", "2010": "$"}, "CDW Quarterly Cash on Hand (Millions of US $)": {"2020-09-30": "$1,250", "2020-06-30": "$958", "2020-03-31": "$214", "2019-12-31": "$154", "2019-09-30": "$167", "2019-06-30": "$195", "2019-03-31": "$285", "2018-12-31": "$206", "2018-09-30": "$255", "2018-06-30": "$101", "2018-03-31": "$221", "2017-12-31": "$144", "2017-09-30": "$98", "2017-06-30": "$79", "2017-03-31": "$252", "2016-12-31": "$264", "2016-09-30": "$118", "2016-06-30": "$129", "2016-03-31": "$248", "2015-12-31": "$38", "2015-09-30": "$98", "2015-06-30": "$336", "2015-03-31": "$447", "2014-12-31": "$345", "2014-09-30": "$358", "2014-06-30": "$228", "2014-03-31": "$307", "2013-12-31": "$188", "2013-09-30": "$350", "2013-06-30": "$179", "2013-03-31": "", "2012-12-31": "", "2012-09-30": "", "2012-06-30": "", "2011-12-31": "$100", "2010-12-31": ""}}, "long-term-debt": {"CDW Annual Long Term Debt (Millions of US $)": {"2019": "$3,283", "2018": "$3,183", "2017": "$3,210", "2016": "$3,216", "2015": "$3,233", "2014": "$3,151", "2013": "$3,206", "2012": "$3,731", "2011": "$3,865", "2010": "$"}, "CDW Quarterly Long Term Debt (Millions of US $)": {"2020-09-30": "$3,859", "2020-06-30": "$3,862", "2020-03-31": "$3,439", "2019-12-31": "$3,283", "2019-09-30": "$3,259", "2019-06-30": "$3,253", "2019-03-31": "$3,258", "2018-12-31": "$3,183", "2018-09-30": "$3,187", "2018-06-30": "$3,202", "2018-03-31": "$3,210", "2017-12-31": "$3,210", "2017-09-30": "$3,388", "2017-06-30": "$3,278", "2017-03-31": "$3,262", "2016-12-31": "$3,216", "2016-09-30": "$3,223", "2016-06-30": "$3,214", "2016-03-31": "$3,225", "2015-12-31": "$3,233", "2015-09-30": "$3,240", "2015-06-30": "$3,154", "2015-03-31": "$3,191", "2014-12-31": "$3,151", "2014-09-30": "$3,146", "2014-06-30": "$3,111", "2014-03-31": "$3,157", "2013-12-31": "$3,206", "2013-09-30": "$3,240", "2013-06-30": "$3,711", "2013-03-31": "", "2012-12-31": "", "2012-09-30": "", "2012-06-30": "", "2011-12-31": "$3,865", "2010-12-31": ""}}, "total-liabilities": {"CDW Annual Total Liabilities (Millions of US $)": {"2019": "$7,039", "2018": "$6,193", "2017": "$5,981", "2016": "$5,903", "2015": "$5,659", "2014": "$5,139", "2013": "$5,213", "2012": "$5,584", "2011": "$5,975", "2010": "$0"}, "CDW Quarterly Total Liabilities (Millions of US $)": {"2020-09-30": "$7,985", "2020-06-30": "$7,694", "2020-03-31": "$7,333", "2019-12-31": "$7,039", "2019-09-30": "$6,768", "2019-06-30": "$6,986", "2019-03-31": "$6,752", "2018-12-31": "$6,193", "2018-09-30": "$6,215", "2018-06-30": "$6,261", "2018-03-31": "$6,031", "2017-12-31": "$5,981", "2017-09-30": "$6,295", "2017-06-30": "$6,193", "2017-03-31": "$5,867", "2016-12-31": "$5,903", "2016-09-30": "$5,782", "2016-06-30": "$5,875", "2016-03-31": "$5,678", "2015-12-31": "$5,659", "2015-09-30": "$5,666", "2015-06-30": "$5,255", "2015-03-31": "$5,113", "2014-12-31": "$5,139", "2014-09-30": "$5,213", "2014-06-30": "$5,201", "2014-03-31": "$5,158", "2013-12-31": "$5,213", "2013-09-30": "$5,379", "2013-06-30": "$5,812", "2013-03-31": "$0", "2012-12-31": "", "2012-09-30": "$0", "2012-06-30": "$0", "2011-12-31": "$5,975", "2010-12-31": "$0"}}, "total-share-holder-equity": {"CDW Annual Share Holder Equity (Millions of US $)": {"2019": "$960", "2018": "$975", "2017": "$986", "2016": "$1,046", "2015": "$1,096", "2014": "$937", "2013": "$712", "2012": "$137", "2011": "$-7", "2010": "$0"}, "CDW Quarterly Share Holder Equity (Millions of US $)": {"2020-09-30": "$1,239", "2020-06-30": "$1,056", "2020-03-31": "$890", "2019-12-31": "$960", "2019-09-30": "$935", "2019-06-30": "$936", "2019-03-31": "$927", "2018-12-31": "$975", "2018-09-30": "$1,161", "2018-06-30": "$1,069", "2018-03-31": "$997", "2017-12-31": "$986", "2017-09-30": "$807", "2017-06-30": "$849", "2017-03-31": "$907", "2016-12-31": "$1,046", "2016-09-30": "$991", "2016-06-30": "$1,013", "2016-03-31": "$1,040", "2015-12-31": "$1,096", "2015-09-30": "$1,076", "2015-06-30": "$996", "2015-03-31": "$976", "2014-12-31": "$937", "2014-09-30": "$894", "2014-06-30": "$845", "2014-03-31": "$755", "2013-12-31": "$712", "2013-09-30": "$660", "2013-06-30": "$209", "2013-03-31": "$0", "2012-12-31": "", "2012-09-30": "$0", "2012-06-30": "$0", "2011-12-31": "$-7", "2010-12-31": "$0"}}, "profit-margins": {"current": "4.08%"}, "gross margin": {"2020-09-30": "17.22%", "2020-06-30": "17.03%", "2020-03-31": "16.93%", "2019-12-31": "16.86%", "2019-09-30": "16.83%", "2019-06-30": "16.75%", "2019-03-31": "16.73%", "2018-12-31": "16.67%", "2018-09-30": "16.51%", "2018-06-30": "16.51%", "2018-03-31": "16.47%", "2017-12-31": "16.52%", "2017-09-30": "16.94%", "2017-06-30": "17.01%", "2017-03-31": "17.07%", "2016-12-31": "17.03%", "2016-09-30": "16.59%", "2016-06-30": "16.50%", "2016-03-31": "16.37%", "2015-12-31": "16.30%", "2015-09-30": "16.25%", "2015-06-30": "16.08%", "2015-03-31": "16.04%", "2014-12-31": "15.91%", "2014-09-30": "15.99%", "2014-06-30": "16.13%", "2014-03-31": "16.20%", "2013-12-31": "16.34%", "2013-06-30": "16.47%", "2013-03-31": "16.56%"}, "operating margin": {"2020-09-30": "6.27%", "2020-06-30": "6.23%", "2020-03-31": "6.23%", "2019-12-31": "6.29%", "2019-09-30": "6.22%", "2019-06-30": "6.15%", "2019-03-31": "6.11%", "2018-12-31": "6.08%", "2018-09-30": "6.07%", "2018-06-30": "6.04%", "2018-03-31": "5.93%", "2017-12-31": "5.85%", "2017-09-30": "5.92%", "2017-06-30": "5.97%", "2017-03-31": "6.02%", "2016-12-31": "6.00%", "2016-09-30": "5.77%", "2016-06-30": "5.62%", "2016-03-31": "5.63%", "2015-12-31": "5.72%", "2015-09-30": "5.76%", "2015-06-30": "5.71%", "2015-03-31": "5.66%", "2014-12-31": "5.57%", "2014-09-30": "5.55%", "2014-06-30": "4.93%", "2014-03-31": "4.77%", "2013-12-31": "4.73%", "2013-06-30": "5.30%", "2013-03-31": "5.20%"}, "ebitda margin": {"2020-09-30": "8.58%", "2020-06-30": "8.18%", "2020-03-31": "7.82%", "2019-12-31": "7.76%", "2019-09-30": "7.72%", "2019-06-30": "7.68%", "2019-03-31": "7.69%", "2018-12-31": "7.72%", "2018-09-30": "7.73%", "2018-06-30": "7.75%", "2018-03-31": "7.65%", "2017-12-31": "7.60%", "2017-09-30": "7.70%", "2017-06-30": "7.76%", "2017-03-31": "7.86%", "2016-12-31": "7.86%", "2016-09-30": "7.64%", "2016-06-30": "7.49%", "2016-03-31": "7.47%", "2015-12-31": "7.51%", "2015-09-30": "7.53%", "2015-06-30": "7.44%", "2015-03-31": "7.42%", "2014-12-31": "7.35%", "2014-09-30": "7.37%", "2014-06-30": "6.83%", "2014-03-31": "6.72%", "2013-12-31": "6.74%", "2013-06-30": "7.41%", "2013-03-31": "6.65%"}, "pre tax profit margin": {"2020-09-30": "5.22%", "2020-06-30": "5.24%", "2020-03-31": "5.25%", "2019-12-31": "5.27%", "2019-09-30": "5.24%", "2019-06-30": "5.27%", "2019-03-31": "5.23%", "2018-12-31": "5.18%", "2018-09-30": "5.14%", "2018-06-30": "5.08%", "2018-03-31": "4.95%", "2017-12-31": "4.46%", "2017-09-30": "4.49%", "2017-06-30": "4.50%", "2017-03-31": "4.53%", "2016-12-31": "4.93%", "2016-09-30": "4.69%", "2016-06-30": "5.11%", "2016-03-31": "5.12%", "2015-12-31": "4.98%", "2015-09-30": "4.64%", "2015-06-30": "3.46%", "2015-03-31": "3.24%", "2014-12-31": "3.21%", "2014-09-30": "3.33%", "2014-06-30": "2.61%", "2014-03-31": "2.11%", "2013-12-31": "1.82%", "2013-06-30": "2.32%", "2013-03-31": "2.20%"}, "net profit margin": {"2020-09-30": "4.08%", "2020-06-30": "4.09%", "2020-03-31": "4.08%", "2019-12-31": "4.09%", "2019-09-30": "4.05%", "2019-06-30": "4.07%", "2019-03-31": "4.03%", "2018-12-31": "3.96%", "2018-09-30": "4.27%", "2018-06-30": "4.03%", "2018-03-31": "3.90%", "2017-12-31": "3.53%", "2017-09-30": "3.03%", "2017-06-30": "3.06%", "2017-03-31": "2.94%", "2016-12-31": "3.12%", "2016-09-30": "2.96%", "2016-06-30": "3.18%", "2016-03-31": "3.19%", "2015-12-31": "3.10%", "2015-09-30": "2.90%", "2015-06-30": "2.19%", "2015-03-31": "2.05%", "2014-12-31": "2.04%", "2014-09-30": "2.16%", "2014-06-30": "1.73%", "2014-03-31": "1.42%", "2013-12-31": "1.24%", "2013-06-30": "1.45%", "2013-03-31": "1.35%"}, "pe ratio": {"current": "23.89", "2021-02-05": "29.78", "2020-09-30": "23.51", "2020-06-30": "22.59", "2020-03-31": "18.00", "2019-12-31": "28.26", "2019-09-30": "25.44", "2019-06-30": "23.70", "2019-03-31": "21.49", "2018-12-31": "18.88", "2018-09-30": "19.66", "2018-06-30": "19.46", "2018-03-31": "17.91", "2017-12-31": "20.14", "2017-09-30": "23.52", "2017-06-30": "22.82", "2017-03-31": "22.63", "2016-12-31": "19.50", "2016-09-30": "17.83", "2016-06-30": "14.86", "2016-03-31": "15.78", "2015-12-31": "16.89", "2015-09-30": "18.07", "2015-06-30": "20.53", "2015-03-31": "24.27", "2014-12-31": "23.20", "2014-09-30": "19.75", "2014-06-30": "26.11", "2014-03-31": "26.65"}, "price sales": {"2021-02-05": "1.22", "2020-09-30": "0.96", "2020-06-30": "0.93", "2020-03-31": "0.74", "2019-12-31": "1.16", "2019-09-30": "1.03", "2019-06-30": "0.97", "2019-03-31": "0.87", "2018-12-31": "0.75", "2018-09-30": "0.84", "2018-06-30": "0.79", "2018-03-31": "0.70", "2017-12-31": "0.72", "2017-09-30": "0.71", "2017-06-30": "0.70", "2017-03-31": "0.66", "2016-12-31": "0.61", "2016-09-30": "0.53", "2016-06-30": "0.47", "2016-03-31": "0.50", "2015-12-31": "0.53", "2015-09-30": "0.53", "2015-06-30": "0.45", "2015-03-31": "0.50", "2014-12-31": "0.47", "2014-09-30": "0.42", "2014-06-30": "0.44", "2014-03-31": "0.37"}, "price book": {"current": "17.43", "2021-02-05": "17.41", "2020-09-30": "13.74", "2020-06-30": "15.60", "2020-03-31": "14.77", "2019-12-31": "21.00", "2019-09-30": "18.67", "2019-06-30": "16.88", "2019-03-31": "14.89", "2018-12-31": "11.98", "2018-09-30": "11.25", "2018-06-30": "11.11", "2018-03-31": "10.37", "2017-12-31": "10.41", "2017-09-30": "12.04", "2017-06-30": "11.00", "2017-03-31": "9.62", "2016-12-31": "7.62", "2016-09-30": "7.05", "2016-06-30": "6.13", "2016-03-31": "6.25", "2015-12-31": "6.09", "2015-09-30": "6.05", "2015-06-30": "5.51", "2015-03-31": "6.18", "2014-12-31": "6.06", "2014-09-30": "5.59", "2014-06-30": "6.06", "2014-03-31": "5.83", "2013-12-31": "5.25", "2013-09-30": "5.53", "2013-06-30": "12.02"}, "price fcf": {"2021-02-05": "", "2020-09-30": "$5.40", "2020-06-30": "$5.73", "2020-03-31": "$5.15", "2019-12-31": "$5.35", "2019-09-30": "$5.89", "2019-06-30": "$5.90", "2019-03-31": "$5.57", "2018-12-31": "$5.34", "2018-09-30": "$5.54", "2018-06-30": "$4.21", "2018-03-31": "$3.58", "2017-12-31": "$4.40", "2017-09-30": "$2.92", "2017-06-30": "$3.67", "2017-03-31": "$2.94", "2016-12-31": "$3.26", "2016-09-30": "$2.40", "2016-06-30": "$2.37", "2016-03-31": "$2.59", "2015-12-31": "$1.09", "2015-09-30": "$1.84", "2015-06-30": "$1.74", "2015-03-31": "$1.79", "2014-12-31": "$2.20", "2014-09-30": "$1.80", "2014-06-30": "$1.63", "2014-03-31": "$3.39"}, "net worth": {"value": "$21.59B"}, "current ratio": {"current": "1.50", "2020-09-30": "1.50", "2020-06-30": "1.47", "2020-03-31": "1.28", "2019-12-31": "1.24", "2019-09-30": "1.33", "2019-06-30": "1.28", "2019-03-31": "1.29", "2018-12-31": "1.36", "2018-09-30": "1.41", "2018-06-30": "1.36", "2018-03-31": "1.35", "2017-12-31": "1.35", "2017-09-30": "1.37", "2017-06-30": "1.33", "2017-03-31": "1.39", "2016-12-31": "1.42", "2016-09-30": "1.41", "2016-06-30": "1.41", "2016-03-31": "1.45", "2015-12-31": "1.48", "2015-09-30": "1.46", "2015-06-30": "1.67", "2015-03-31": "1.74", "2014-12-31": "1.67", "2014-09-30": "1.65", "2014-06-30": "1.58", "2014-03-31": "1.59", "2013-12-31": "1.58", "2013-09-30": "1.53", "2013-06-30": "1.55", "2013-03-31": "0.00", "2012-12-31": "0.00", "2012-09-30": "0.00", "2012-06-30": "0.00", "2011-12-31": "1.40", "2010-12-31": "0.00"}, "quick ratio": {"2020-09-30": "1.33", "2020-06-30": "1.28", "2020-03-31": "1.10", "2019-12-31": "1.07", "2019-09-30": "1.14", "2019-06-30": "1.09", "2019-03-31": "1.10", "2018-12-31": "1.19", "2018-09-30": "1.24", "2018-06-30": "1.16", "2018-03-31": "1.16", "2017-12-31": "1.18", "2017-09-30": "1.15", "2017-06-30": "1.13", "2017-03-31": "1.17", "2016-12-31": "1.22", "2016-09-30": "1.20", "2016-06-30": "1.19", "2016-03-31": "1.21", "2015-12-31": "1.27", "2015-09-30": "1.24", "2015-06-30": "1.40", "2015-03-31": "1.49", "2014-12-31": "1.44", "2014-09-30": "1.37", "2014-06-30": "1.29", "2014-03-31": "1.47", "2013-12-31": "1.31", "2013-09-30": "1.29", "2013-06-30": "1.28", "2013-03-31": "0.00", "2012-12-31": "0.00", "2012-09-30": "0.00", "2012-06-30": "0.00", "2011-12-31": "1.16", "2010-12-31": "0.00"}, "debt equity ratio": {"current": "3.12", "2020-09-30": "6.45", "2020-06-30": "7.29", "2020-03-31": "8.24", "2019-12-31": "7.33", "2019-09-30": "7.24", "2019-06-30": "7.46", "2019-03-31": "7.28", "2018-12-31": "6.35", "2018-09-30": "5.35", "2018-06-30": "5.86", "2018-03-31": "6.05", "2017-12-31": "6.07", "2017-09-30": "7.81", "2017-06-30": "7.29", "2017-03-31": "6.47", "2016-12-31": "5.65", "2016-09-30": "5.84", "2016-06-30": "5.80", "2016-03-31": "5.46", "2015-12-31": "5.16", "2015-09-30": "5.27", "2015-06-30": "5.28", "2015-03-31": "5.24", "2014-12-31": "5.49", "2014-09-30": "5.83", "2014-06-30": "6.16", "2014-03-31": "6.83", "2013-12-31": "7.33", "2013-09-30": "8.15", "2013-06-30": "27.81", "2013-03-31": "0.00", "2012-12-31": "0.00", "2012-09-30": "0.00", "2012-06-30": "0.00", "2011-12-31": "-818.49", "2010-12-31": "0.00"}, "return on equity": {"2020-09-30": "71.03%", "2020-06-30": "77.58%", "2020-03-31": "80.95%", "2019-12-31": "78.55%", "2019-09-30": "75.38%", "2019-06-30": "69.32%", "2019-03-31": "64.76%", "2018-12-31": "61.21%", "2018-09-30": "64.47%", "2018-06-30": "64.68%", "2018-03-31": "65.07%", "2017-12-31": "58.95%", "2017-09-30": "47.88%", "2017-06-30": "45.24%", "2017-03-31": "41.04%", "2016-12-31": "41.66%", "2016-09-30": "39.71%", "2016-06-30": "41.28%", "2016-03-31": "40.49%", "2015-12-31": "38.90%", "2015-09-30": "36.74%", "2015-06-30": "28.50%", "2015-03-31": "27.38%", "2014-12-31": "28.68%", "2014-09-30": "31.69%", "2014-06-30": "26.38%", "2014-03-31": "26.71%", "2013-12-31": "33.65%", "2013-06-30": "216.27%", "2013-03-31": "inf%"}, "return on assets": {"2020-09-30": "8.61%", "2020-06-30": "9.12%", "2020-03-31": "9.46%", "2019-12-31": "9.43%", "2019-09-30": "9.33%", "2019-06-30": "9.20%", "2019-03-31": "9.05%", "2018-12-31": "8.90%", "2018-09-30": "9.46%", "2018-06-30": "8.78%", "2018-03-31": "8.42%", "2017-12-31": "7.50%", "2017-09-30": "6.20%", "2017-06-30": "6.23%", "2017-03-31": "5.93%", "2016-12-31": "6.24%", "2016-09-30": "6.06%", "2016-06-30": "6.43%", "2016-03-31": "6.44%", "2015-12-31": "6.24%", "2015-09-30": "5.82%", "2015-06-30": "4.42%", "2015-03-31": "4.11%", "2014-12-31": "4.08%", "2014-09-30": "4.24%", "2014-06-30": "3.28%", "2014-03-31": "2.61%", "2013-12-31": "2.96%", "2013-06-30": "7.51%", "2013-03-31": "inf%"}, "return on investments": {"2020-09-30": "24.34%", "2020-06-30": "25.65%", "2020-03-31": "27.15%", "2019-12-31": "26.98%", "2019-09-30": "26.14%", "2019-06-30": "24.81%", "2019-03-31": "23.89%", "2018-12-31": "23.27%", "2018-09-30": "22.70%", "2018-06-30": "22.17%", "2018-03-31": "21.52%", "2017-12-31": "20.78%", "2017-09-30": "20.15%", "2017-06-30": "19.99%", "2017-03-31": "19.70%", "2016-12-31": "19.36%", "2016-09-30": "18.86%", "2016-06-30": "17.97%", "2016-03-31": "17.63%", "2015-12-31": "17.52%", "2015-09-30": "17.39%", "2015-06-30": "17.20%", "2015-03-31": "16.96%", "2014-12-31": "16.83%", "2014-09-30": "16.45%", "2014-06-30": "14.26%", "2014-03-31": "13.42%", "2013-12-31": "17.35%", "2013-06-30": "42.24%", "2013-03-31": "inf%"}, "return on tangible equity": {"2020-09-30": "-36.20%", "2020-06-30": "-34.92%", "2020-03-31": "-34.18%", "2019-12-31": "-33.06%", "2019-09-30": "-31.80%", "2019-06-30": "-31.45%", "2019-03-31": "-30.51%", "2018-12-31": "-29.15%", "2018-09-30": "-30.13%", "2018-06-30": "-26.12%", "2018-03-31": "-23.81%", "2017-12-31": "-20.58%", "2017-09-30": "-16.88%", "2017-06-30": "-16.80%", "2017-03-31": "-15.85%", "2016-12-31": "-16.45%", "2016-09-30": "-15.55%", "2016-06-30": "-16.22%", "2016-03-31": "-16.32%", "2015-12-31": "-15.92%", "2015-09-30": "-14.80%", "2015-06-30": "-11.22%", "2015-03-31": "-10.03%", "2014-12-31": "-9.50%", "2014-09-30": "-9.46%", "2014-06-30": "-7.04%", "2014-03-31": "-5.24%", "2013-12-31": "-5.80%", "2013-06-30": "-13.29%", "2013-03-31": "inf%"}, "dividend yield history": {"last payout": "$1.60", "last yield": "1.06%"}}