{"ticker": "CE", "price": {"title": "Celanese Historical Annual Stock Price Data", "value": 127.32, "historical": {"2020": {"Average Stock Price": "101.6579", "Year Open": "121.4300", "Year High": "137.4400", "Year Low": "59.1200", "Year Close": "129.9400", "Annual % Change": "5.54%"}, "2019": {"Average Stock Price": "109.5753", "Year Open": "91.2100", "Year High": "127.3900", "Year Low": "87.8800", "Year Close": "123.1200", "Annual % Change": "36.85%"}, "2018": {"Average Stock Price": "107.1547", "Year Open": "106.7600", "Year High": "118.1100", "Year Low": "84.4100", "Year Close": "89.9700", "Annual % Change": "-15.98%"}, "2017": {"Average Stock Price": "95.2683", "Year Open": "79.5100", "Year High": "108.5000", "Year Low": "79.5100", "Year Close": "107.0800", "Annual % Change": "35.99%"}, "2016": {"Average Stock Price": "68.0602", "Year Open": "66.1300", "Year High": "83.3000", "Year Low": "55.8100", "Year Close": "78.7400", "Annual % Change": "16.95%"}, "2015": {"Average Stock Price": "63.7105", "Year Open": "59.9900", "Year High": "73.7200", "Year Low": "53.4100", "Year Close": "67.3300", "Annual % Change": "12.29%"}, "2014": {"Average Stock Price": "58.5491", "Year Open": "54.9900", "Year High": "66.0500", "Year Low": "48.8300", "Year Close": "59.9600", "Annual % Change": "8.41%"}, "2013": {"Average Stock Price": "49.6102", "Year Open": "46.5000", "Year High": "58.2500", "Year Low": "41.9700", "Year Close": "55.3100", "Annual % Change": "24.21%"}, "2012": {"Average Stock Price": "42.0537", "Year Open": "45.9700", "Year High": "52.2200", "Year Low": "33.2800", "Year Close": "44.5300", "Annual % Change": "0.59%"}, "2011": {"Average Stock Price": "44.6542", "Year Open": "42.2800", "Year High": "57.6600", "Year Low": "31.4900", "Year Close": "44.2700", "Annual % Change": "7.53%"}, "2010": {"Average Stock Price": "31.7448", "Year Open": "33.2600", "Year High": "41.1700", "Year Low": "23.8400", "Year Close": "41.1700", "Annual % Change": "28.26%"}, "2009": {"Average Stock Price": "21.5229", "Year Open": "13.0900", "Year High": "33.0800", "Year Low": "7.5200", "Year Close": "32.1000", "Annual % Change": "158.25%"}, "2008": {"Average Stock Price": "34.0058", "Year Open": "43.0200", "Year High": "50.0000", "Year Low": "7.6000", "Year Close": "12.4300", "Annual % Change": "-70.63%"}, "2007": {"Average Stock Price": "35.2041", "Year Open": "25.3100", "Year High": "44.3300", "Year Low": "24.7600", "Year Close": "42.3200", "Annual % Change": "63.52%"}, "2006": {"Average Stock Price": "20.2324", "Year Open": "19.7700", "Year High": "25.8800", "Year Low": "17.2500", "Year Close": "25.8800", "Annual % Change": "35.36%"}, "2005": {"Average Stock Price": "17.0695", "Year Open": "16.0000", "Year High": "20.0600", "Year Low": "14.0600", "Year Close": "19.1200", "Annual % Change": "0.00%"}}}, "market cap": {"value": "$14.88B"}, "income statement": {"Revenue": {"2020-12-31": "5655.00000", "2019-12-31": "6297.00000", "2018-12-31": "7155.00000", "2017-12-31": "6140.00000", "2016-12-31": "5389.00000", "2015-12-31": "5674.00000", "2014-12-31": "6802.00000", "2013-12-31": "6510.00000", "2012-12-31": "6418.00000", "2011-12-31": "6763.00000", "2010-12-31": "5918.00000", "2009-12-31": "5082.00000", "2008-12-31": "6823.00000", "2007-12-31": "6444.00000", "2006-12-31": "5778.00000", "2005-12-31": "5270.00000"}, "Cost Of Goods Sold": {"2020-12-31": "4362.00000", "2019-12-31": "4691.00000", "2018-12-31": "5183.00000", "2017-12-31": "4629.00000", "2016-12-31": "3984.00000", "2015-12-31": "4356.00000", "2014-12-31": "5186.00000", "2013-12-31": "5145.00000", "2012-12-31": "5237.00000", "2011-12-31": "5346.00000", "2010-12-31": "4738.00000", "2009-12-31": "4079.00000", "2008-12-31": "5567.00000", "2007-12-31": "4999.00000", "2006-12-31": "4469.00000", "2005-12-31": "4064.00000"}, "Gross Profit": {"2020-12-31": "1293.00000", "2019-12-31": "1606.00000", "2018-12-31": "1972.00000", "2017-12-31": "1511.00000", "2016-12-31": "1405.00000", "2015-12-31": "1318.00000", "2014-12-31": "1616.00000", "2013-12-31": "1365.00000", "2012-12-31": "1181.00000", "2011-12-31": "1417.00000", "2010-12-31": "1180.00000", "2009-12-31": "1003.00000", "2008-12-31": "1256.00000", "2007-12-31": "1445.00000", "2006-12-31": "1309.00000", "2005-12-31": "1206.00000"}, "Research And Development Expenses": {"2020-12-31": "74.00000", "2019-12-31": "67.00000", "2018-12-31": "72.00000", "2017-12-31": "73.00000", "2016-12-31": "78.00000", "2015-12-31": "119.00000", "2014-12-31": "86.00000", "2013-12-31": "85.00000", "2012-12-31": "104.00000", "2011-12-31": "98.00000", "2010-12-31": "70.00000", "2009-12-31": "70.00000", "2008-12-31": "75.00000", "2007-12-31": "73.00000", "2006-12-31": "65.00000", "2005-12-31": "86.00000"}, "SG&A Expenses": {"2020-12-31": "482.00000", "2019-12-31": "483.00000", "2018-12-31": "546.00000", "2017-12-31": "496.00000", "2016-12-31": "378.00000", "2015-12-31": "506.00000", "2014-12-31": "758.00000", "2013-12-31": "311.00000", "2012-12-31": "830.00000", "2011-12-31": "805.00000", "2010-12-31": "505.00000", "2009-12-31": "474.00000", "2008-12-31": "545.00000", "2007-12-31": "516.00000", "2006-12-31": "536.00000", "2005-12-31": "512.00000"}, "Other Operating Income Or Expenses": {"2020-12-31": "-51.00000", "2019-12-31": "-198.00000", "2018-12-31": "4.00000", "2017-12-31": "-65.00000", "2016-12-31": "-6.00000", "2015-12-31": "-356.00000", "2014-12-31": "6.00000", "2013-12-31": "571.00000", "2012-12-31": "-21.00000", "2011-12-31": "-50.00000", "2010-12-31": "-41.00000", "2009-12-31": "-92.00000", "2008-12-31": "-120.00000", "2007-12-31": "-36.00000", "2006-12-31": "-22.00000", "2005-12-31": "-71.00000"}, "Operating Expenses": {"2020-12-31": "4991.00000", "2019-12-31": "5463.00000", "2018-12-31": "5821.00000", "2017-12-31": "5283.00000", "2016-12-31": "4455.00000", "2015-12-31": "5348.00000", "2014-12-31": "6044.00000", "2013-12-31": "5002.00000", "2012-12-31": "6243.00000", "2011-12-31": "6361.00000", "2010-12-31": "5415.00000", "2009-12-31": "4792.00000", "2008-12-31": "6383.00000", "2007-12-31": "5696.00000", "2006-12-31": "5158.00000", "2005-12-31": "4784.00000"}, "Operating Income": {"2020-12-31": "664.00000", "2019-12-31": "834.00000", "2018-12-31": "1334.00000", "2017-12-31": "857.00000", "2016-12-31": "934.00000", "2015-12-31": "326.00000", "2014-12-31": "758.00000", "2013-12-31": "1508.00000", "2012-12-31": "175.00000", "2011-12-31": "402.00000", "2010-12-31": "503.00000", "2009-12-31": "290.00000", "2008-12-31": "440.00000", "2007-12-31": "748.00000", "2006-12-31": "620.00000", "2005-12-31": "486.00000"}, "Total Non-Operating Income/Expense": {"2020-12-31": "1587.00000", "2019-12-31": "154.00000", "2018-12-31": "176.00000", "2017-12-31": "218.00000", "2016-12-31": "96.00000", "2015-12-31": "162.00000", "2014-12-31": "183.00000", "2013-12-31": "101.00000", "2012-12-31": "146.00000", "2011-12-31": "65.00000", "2010-12-31": "35.00000", "2009-12-31": "-39.00000", "2008-12-31": "-7.00000", "2007-12-31": "-301.00000", "2006-12-31": "-94.00000", "2005-12-31": "-210.00000"}, "Pre-Tax Income": {"2020-12-31": "2251.00000", "2019-12-31": "988.00000", "2018-12-31": "1510.00000", "2017-12-31": "1075.00000", "2016-12-31": "1030.00000", "2015-12-31": "488.00000", "2014-12-31": "941.00000", "2013-12-31": "1609.00000", "2012-12-31": "321.00000", "2011-12-31": "467.00000", "2010-12-31": "538.00000", "2009-12-31": "251.00000", "2008-12-31": "433.00000", "2007-12-31": "447.00000", "2006-12-31": "526.00000", "2005-12-31": "276.00000"}, "Income Taxes": {"2020-12-31": "247.00000", "2019-12-31": "124.00000", "2018-12-31": "292.00000", "2017-12-31": "213.00000", "2016-12-31": "122.00000", "2015-12-31": "201.00000", "2014-12-31": "314.00000", "2013-12-31": "508.00000", "2012-12-31": "-55.00000", "2011-12-31": "41.00000", "2010-12-31": "112.00000", "2009-12-31": "-243.00000", "2008-12-31": "63.00000", "2007-12-31": "110.00000", "2006-12-31": "203.00000", "2005-12-31": "24.00000"}, "Income After Taxes": {"2020-12-31": "2004.00000", "2019-12-31": "864.00000", "2018-12-31": "1218.00000", "2017-12-31": "862.00000", "2016-12-31": "908.00000", "2015-12-31": "287.00000", "2014-12-31": "627.00000", "2013-12-31": "1101.00000", "2012-12-31": "376.00000", "2011-12-31": "426.00000", "2010-12-31": "426.00000", "2009-12-31": "494.00000", "2008-12-31": "370.00000", "2007-12-31": "337.00000", "2006-12-31": "323.00000", "2005-12-31": "252.00000"}, "Other Income": {"2020-12-31": "", "2019-12-31": "", "2018-12-31": "", "2017-12-31": "", "2016-12-31": "", "2015-12-31": "", "2014-12-31": "", "2013-12-31": "", "2012-12-31": "", "2011-12-31": "", "2010-12-31": "", "2009-12-31": "", "2008-12-31": "", "2007-12-31": "", "2006-12-31": "", "2005-12-31": ""}, "Income From Continuous Operations": {"2020-12-31": "2004.00000", "2019-12-31": "864.00000", "2018-12-31": "1218.00000", "2017-12-31": "862.00000", "2016-12-31": "908.00000", "2015-12-31": "287.00000", "2014-12-31": "627.00000", "2013-12-31": "1101.00000", "2012-12-31": "376.00000", "2011-12-31": "426.00000", "2010-12-31": "426.00000", "2009-12-31": "494.00000", "2008-12-31": "370.00000", "2007-12-31": "337.00000", "2006-12-31": "319.00000", "2005-12-31": "214.00000"}, "Income From Discontinued Operations": {"2020-12-31": "-12.00000", "2019-12-31": "-6.00000", "2018-12-31": "-5.00000", "2017-12-31": "-13.00000", "2016-12-31": "-2.00000", "2015-12-31": "-2.00000", "2014-12-31": "-7.00000", "2013-12-31": "", "2012-12-31": "-4.00000", "2011-12-31": "1.00000", "2010-12-31": "-49.00000", "2009-12-31": "4.00000", "2008-12-31": "-90.00000", "2007-12-31": "90.00000", "2006-12-31": "87.00000", "2005-12-31": "63.00000"}, "Net Income": {"2020-12-31": "1985.00000", "2019-12-31": "852.00000", "2018-12-31": "1207.00000", "2017-12-31": "843.00000", "2016-12-31": "900.00000", "2015-12-31": "304.00000", "2014-12-31": "624.00000", "2013-12-31": "1101.00000", "2012-12-31": "372.00000", "2011-12-31": "427.00000", "2010-12-31": "374.00000", "2009-12-31": "488.00000", "2008-12-31": "271.00000", "2007-12-31": "416.00000", "2006-12-31": "396.00000", "2005-12-31": "267.00000"}, "EBITDA": {"2020-12-31": "664.00000", "2019-12-31": "1190.00000", "2018-12-31": "1683.00000", "2017-12-31": "1167.00000", "2016-12-31": "1229.00000", "2015-12-31": "689.00000", "2014-12-31": "1056.00000", "2013-12-31": "1827.00000", "2012-12-31": "495.00000", "2011-12-31": "713.00000", "2010-12-31": "803.00000", "2009-12-31": "609.00000", "2008-12-31": "800.00000", "2007-12-31": "1059.00000", "2006-12-31": "943.00000", "2005-12-31": "811.00000"}, "EBIT": {"2020-12-31": "664.00000", "2019-12-31": "834.00000", "2018-12-31": "1334.00000", "2017-12-31": "857.00000", "2016-12-31": "934.00000", "2015-12-31": "326.00000", "2014-12-31": "758.00000", "2013-12-31": "1508.00000", "2012-12-31": "175.00000", "2011-12-31": "402.00000", "2010-12-31": "503.00000", "2009-12-31": "290.00000", "2008-12-31": "440.00000", "2007-12-31": "748.00000", "2006-12-31": "620.00000", "2005-12-31": "486.00000"}, "Basic Shares Outstanding": {"2020-12-31": "117.80000", "2019-12-31": "123.92600", "2018-12-31": "134.30500", "2017-12-31": "137.90300", "2016-12-31": "144.93900", "2015-12-31": "150.83800", "2014-12-31": "155.01200", "2013-12-31": "158.80100", "2012-12-31": "158.36000", "2011-12-31": "156.22600", "2010-12-31": "154.56400", "2009-12-31": "143.68900", "2008-12-31": "148.35030", "2007-12-31": "154.47500", "2006-12-31": "158.59700", "2005-12-31": "154.40300"}, "Shares Outstanding": {"2020-12-31": "118.50000", "2019-12-31": "124.65200", "2018-12-31": "135.41700", "2017-12-31": "138.31700", "2016-12-31": "145.66800", "2015-12-31": "152.28800", "2014-12-31": "156.16700", "2013-12-31": "159.33400", "2012-12-31": "159.83100", "2011-12-31": "158.97000", "2010-12-31": "158.37200", "2009-12-31": "157.11600", "2008-12-31": "163.47190", "2007-12-31": "171.22800", "2006-12-31": "171.80700", "2005-12-31": "166.20000"}, "Basic EPS": {"2020-12-31": "16.85000", "2019-12-31": "6.88000", "2018-12-31": "8.99000", "2017-12-31": "6.11000", "2016-12-31": "6.21000", "2015-12-31": "2.02000", "2014-12-31": "4.03000", "2013-12-31": "6.93000", "2012-12-31": "2.35000", "2011-12-31": "2.73000", "2010-12-31": "2.42000", "2009-12-31": "3.40000", "2008-12-31": "1.83000", "2007-12-31": "2.69000", "2006-12-31": "2.50000", "2005-12-31": "1.73000"}, "EPS - Earnings Per Share": {"2020-12-31": "16.75000", "2019-12-31": "6.84000", "2018-12-31": "8.91000", "2017-12-31": "6.09000", "2016-12-31": "6.18000", "2015-12-31": "2.00000", "2014-12-31": "4.00000", "2013-12-31": "6.91000", "2012-12-31": "2.33000", "2011-12-31": "2.69000", "2010-12-31": "2.38000", "2009-12-31": "3.17000", "2008-12-31": "1.72000", "2007-12-31": "2.49000", "2006-12-31": "2.36000", "2005-12-31": "1.67000"}}, "income statement, quarterly": {"Revenue": {"2020-12-31": "1591.00000", "2020-09-30": "1411.00000", "2020-06-30": "1193.00000", "2020-03-31": "1460.00000", "2019-12-31": "1432.00000", "2019-09-30": "1586.00000", "2019-06-30": "1592.00000", "2019-03-31": "1687.00000", "2018-12-31": "1689.00000", "2018-09-30": "1771.00000", "2018-06-30": "1844.00000", "2018-03-31": "1851.00000", "2017-12-31": "1593.00000", "2017-09-30": "1566.00000", "2017-06-30": "1510.00000", "2017-03-31": "1471.00000", "2016-12-31": "1311.00000", "2016-09-30": "1323.00000", "2016-06-30": "1351.00000", "2016-03-31": "1404.00000", "2015-12-31": "1334.00000", "2015-09-30": "1413.00000", "2015-06-30": "1477.00000", "2015-03-31": "1450.00000", "2014-12-31": "1559.00000", "2014-09-30": "1769.00000", "2014-06-30": "1769.00000", "2014-03-31": "1705.00000", "2013-12-31": "1616.00000", "2013-09-30": "1636.00000", "2013-06-30": "1653.00000", "2013-03-31": "1605.00000", "2012-12-31": "1501.00000", "2012-09-30": "1609.00000", "2012-06-30": "1675.00000", "2012-03-31": "1633.00000", "2011-12-31": "1614.00000", "2011-09-30": "1807.00000", "2011-06-30": "1753.00000", "2011-03-31": "1589.00000", "2010-12-31": "1507.00000", "2010-09-30": "1506.00000", "2010-06-30": "1517.00000", "2010-03-31": "1388.00000", "2009-12-31": "1388.00000", "2009-09-30": "1304.00000", "2009-06-30": "1244.00000", "2009-03-31": "1146.00000", "2008-12-31": "1286.00000", "2008-09-30": "1823.00000", "2008-06-30": "1868.00000", "2008-03-31": "1846.00000", "2007-12-31": "1760.00000", "2007-09-30": "1573.00000", "2007-06-30": "1556.00000", "2007-03-31": "1555.00000", "2006-12-31": "1352.00000", "2006-09-30": "1471.00000", "2006-06-30": "1457.00000", "2006-03-31": "1498.00000", "2005-12-31": "760.00000", "2005-09-30": "1526.00000", "2005-06-30": "1506.00000", "2005-03-31": "1478.00000"}, "Cost Of Goods Sold": {"2020-12-31": "1215.00000", "2020-09-30": "1084.00000", "2020-06-30": "951.00000", "2020-03-31": "1112.00000", "2019-12-31": "1116.00000", "2019-09-30": "1172.00000", "2019-06-30": "1169.00000", "2019-03-31": "1234.00000", "2018-12-31": "1269.00000", "2018-09-30": "1255.00000", "2018-06-30": "1323.00000", "2018-03-31": "1336.00000", "2017-12-31": "1180.00000", "2017-09-30": "1183.00000", "2017-06-30": "1145.00000", "2017-03-31": "1121.00000", "2016-12-31": "989.00000", "2016-09-30": "968.00000", "2016-06-30": "1013.00000", "2016-03-31": "1014.00000", "2015-12-31": "1075.00000", "2015-09-30": "1110.00000", "2015-06-30": "1102.00000", "2015-03-31": "1069.00000", "2014-12-31": "1165.00000", "2014-09-30": "1333.00000", "2014-06-30": "1361.00000", "2014-03-31": "1327.00000", "2013-12-31": "1249.00000", "2013-09-30": "1290.00000", "2013-06-30": "1334.00000", "2013-03-31": "1272.00000", "2012-12-31": "1257.00000", "2012-09-30": "1281.00000", "2012-06-30": "1340.00000", "2012-03-31": "1359.00000", "2011-12-31": "1359.00000", "2011-09-30": "1406.00000", "2011-06-30": "1343.00000", "2011-03-31": "1238.00000", "2010-12-31": "1194.00000", "2010-09-30": "1160.00000", "2010-06-30": "1214.00000", "2010-03-31": "1170.00000", "2009-12-31": "1099.00000", "2009-09-30": "1038.00000", "2009-06-30": "996.00000", "2009-03-31": "946.00000", "2008-12-31": "1177.00000", "2008-09-30": "1490.00000", "2008-06-30": "1472.00000", "2008-03-31": "1428.00000", "2007-12-31": "1348.00000", "2007-09-30": "1236.00000", "2007-06-30": "1219.00000", "2007-03-31": "1196.00000", "2006-12-31": "1055.00000", "2006-09-30": "1133.00000", "2006-06-30": "1121.00000", "2006-03-31": "1160.00000", "2005-12-31": "553.00000", "2005-09-30": "1240.00000", "2005-06-30": "1165.00000", "2005-03-31": "1106.00000"}, "Gross Profit": {"2020-12-31": "376.00000", "2020-09-30": "327.00000", "2020-06-30": "242.00000", "2020-03-31": "348.00000", "2019-12-31": "316.00000", "2019-09-30": "414.00000", "2019-06-30": "423.00000", "2019-03-31": "453.00000", "2018-12-31": "420.00000", "2018-09-30": "516.00000", "2018-06-30": "521.00000", "2018-03-31": "515.00000", "2017-12-31": "413.00000", "2017-09-30": "383.00000", "2017-06-30": "365.00000", "2017-03-31": "350.00000", "2016-12-31": "322.00000", "2016-09-30": "355.00000", "2016-06-30": "338.00000", "2016-03-31": "390.00000", "2015-12-31": "259.00000", "2015-09-30": "303.00000", "2015-06-30": "375.00000", "2015-03-31": "381.00000", "2014-12-31": "394.00000", "2014-09-30": "436.00000", "2014-06-30": "408.00000", "2014-03-31": "378.00000", "2013-12-31": "367.00000", "2013-09-30": "346.00000", "2013-06-30": "319.00000", "2013-03-31": "333.00000", "2012-12-31": "244.00000", "2012-09-30": "328.00000", "2012-06-30": "335.00000", "2012-03-31": "274.00000", "2011-12-31": "255.00000", "2011-09-30": "401.00000", "2011-06-30": "410.00000", "2011-03-31": "351.00000", "2010-12-31": "313.00000", "2010-09-30": "346.00000", "2010-06-30": "303.00000", "2010-03-31": "218.00000", "2009-12-31": "289.00000", "2009-09-30": "266.00000", "2009-06-30": "248.00000", "2009-03-31": "200.00000", "2008-12-31": "109.00000", "2008-09-30": "333.00000", "2008-06-30": "396.00000", "2008-03-31": "418.00000", "2007-12-31": "412.00000", "2007-09-30": "337.00000", "2007-06-30": "337.00000", "2007-03-31": "359.00000", "2006-12-31": "297.00000", "2006-09-30": "338.00000", "2006-06-30": "336.00000", "2006-03-31": "338.00000", "2005-12-31": "207.00000", "2005-09-30": "286.00000", "2005-06-30": "341.00000", "2005-03-31": "372.00000"}, "Research And Development Expenses": {"2020-12-31": "20.00000", "2020-09-30": "19.00000", "2020-06-30": "18.00000", "2020-03-31": "17.00000", "2019-12-31": "17.00000", "2019-09-30": "17.00000", "2019-06-30": "17.00000", "2019-03-31": "16.00000", "2018-12-31": "18.00000", "2018-09-30": "18.00000", "2018-06-30": "18.00000", "2018-03-31": "18.00000", "2017-12-31": "20.00000", "2017-09-30": "19.00000", "2017-06-30": "17.00000", "2017-03-31": "17.00000", "2016-12-31": "20.00000", "2016-09-30": "20.00000", "2016-06-30": "19.00000", "2016-03-31": "19.00000", "2015-12-31": "21.00000", "2015-09-30": "19.00000", "2015-06-30": "59.00000", "2015-03-31": "20.00000", "2014-12-31": "18.00000", "2014-09-30": "22.00000", "2014-06-30": "24.00000", "2014-03-31": "22.00000", "2013-12-31": "12.00000", "2013-09-30": "24.00000", "2013-06-30": "23.00000", "2013-03-31": "26.00000", "2012-12-31": "31.00000", "2012-09-30": "23.00000", "2012-06-30": "25.00000", "2012-03-31": "25.00000", "2011-12-31": "26.00000", "2011-09-30": "24.00000", "2011-06-30": "25.00000", "2011-03-31": "23.00000", "2010-12-31": "18.00000", "2010-09-30": "17.00000", "2010-06-30": "17.00000", "2010-03-31": "18.00000", "2009-12-31": "14.00000", "2009-09-30": "18.00000", "2009-06-30": "18.00000", "2009-03-31": "20.00000", "2008-12-31": "16.00000", "2008-09-30": "18.00000", "2008-06-30": "18.00000", "2008-03-31": "23.00000", "2007-12-31": "19.00000", "2007-09-30": "18.00000", "2007-06-30": "19.00000", "2007-03-31": "17.00000", "2006-12-31": "17.00000", "2006-09-30": "15.00000", "2006-06-30": "16.00000", "2006-03-31": "17.00000", "2005-12-31": "18.00000", "2005-09-30": "22.00000", "2005-06-30": "23.00000", "2005-03-31": "23.00000"}, "SG&A Expenses": {"2020-12-31": "137.00000", "2020-09-30": "106.00000", "2020-06-30": "114.00000", "2020-03-31": "125.00000", "2019-12-31": "125.00000", "2019-09-30": "120.00000", "2019-06-30": "118.00000", "2019-03-31": "120.00000", "2018-12-31": "134.00000", "2018-09-30": "129.00000", "2018-06-30": "136.00000", "2018-03-31": "147.00000", "2017-12-31": "143.00000", "2017-09-30": "133.00000", "2017-06-30": "117.00000", "2017-03-31": "103.00000", "2016-12-31": "146.00000", "2016-09-30": "81.00000", "2016-06-30": "71.00000", "2016-03-31": "80.00000", "2015-12-31": "209.00000", "2015-09-30": "93.00000", "2015-06-30": "106.00000", "2015-03-31": "98.00000", "2014-12-31": "417.00000", "2014-09-30": "118.00000", "2014-06-30": "119.00000", "2014-03-31": "104.00000", "2013-12-31": "-5.00000", "2013-09-30": "97.00000", "2013-06-30": "113.00000", "2013-03-31": "106.00000", "2012-12-31": "476.00000", "2012-09-30": "113.00000", "2012-06-30": "115.00000", "2012-03-31": "126.00000", "2011-12-31": "397.00000", "2011-09-30": "140.00000", "2011-06-30": "140.00000", "2011-03-31": "128.00000", "2010-12-31": "132.00000", "2010-09-30": "125.00000", "2010-06-30": "124.00000", "2010-03-31": "124.00000", "2009-12-31": "136.00000", "2009-09-30": "110.00000", "2009-06-30": "114.00000", "2009-03-31": "114.00000", "2008-12-31": "129.00000", "2008-09-30": "142.00000", "2008-06-30": "138.00000", "2008-03-31": "136.00000", "2007-12-31": "145.00000", "2007-09-30": "133.00000", "2007-06-30": "122.00000", "2007-03-31": "116.00000", "2006-12-31": "133.00000", "2006-09-30": "129.00000", "2006-06-30": "136.00000", "2006-03-31": "138.00000", "2005-12-31": "74.00000", "2005-09-30": "144.00000", "2005-06-30": "135.00000", "2005-03-31": "159.00000"}, "Other Operating Income Or Expenses": {"2020-12-31": "-11.00000", "2020-09-30": "-12.00000", "2020-06-30": "-21.00000", "2020-03-31": "-7.00000", "2019-12-31": "-100.00000", "2019-09-30": "-11.00000", "2019-06-30": "-96.00000", "2019-03-31": "9.00000", "2018-12-31": "-3.00000", "2018-09-30": "10.00000", "2018-06-30": "-2.00000", "2018-03-31": "-1.00000", "2017-12-31": "-4.00000", "2017-09-30": "3.00000", "2017-06-30": "-8.00000", "2017-03-31": "-56.00000", "2016-12-31": "4.00000", "2016-09-30": "-5.00000", "2016-06-30": "-3.00000", "2016-03-31": "-2.00000", "2015-12-31": "-332.00000", "2015-09-30": "-2.00000", "2015-06-30": "-19.00000", "2015-03-31": "-3.00000", "2014-12-31": "-9.00000", "2014-09-30": "19.00000", "2014-06-30": "-1.00000", "2014-03-31": "-3.00000", "2013-12-31": "590.00000", "2013-09-30": "-8.00000", "2013-06-30": "-5.00000", "2013-03-31": "-6.00000", "2012-12-31": "-14.00000", "2012-09-30": "-4.00000", "2012-06-30": "-4.00000", "2012-03-31": "1.00000", "2011-12-31": "-11.00000", "2011-09-30": "-24.00000", "2011-06-30": "-19.00000", "2011-03-31": "4.00000", "2010-12-31": "-7.00000", "2010-09-30": "32.00000", "2010-06-30": "9.00000", "2010-03-31": "-75.00000", "2009-12-31": "-11.00000", "2009-09-30": "-53.00000", "2009-06-30": "-6.00000", "2009-03-31": "-22.00000", "2008-12-31": "-98.00000", "2008-09-30": "-3.00000", "2008-06-30": "-13.00000", "2008-03-31": "-6.00000", "2007-12-31": "95.00000", "2007-09-30": "-21.00000", "2007-06-30": "-108.00000", "2007-03-31": "-2.00000", "2006-12-31": "-3.00000", "2006-09-30": "-5.00000", "2006-06-30": "-14.00000", "2006-03-31": "", "2005-12-31": "-74.00000", "2005-09-30": "-1.00000", "2005-06-30": "0.00000", "2005-03-31": "4.00000"}, "Operating Expenses": {"2020-12-31": "1388.00000", "2020-09-30": "1227.00000", "2020-06-30": "1110.00000", "2020-03-31": "1266.00000", "2019-12-31": "1364.00000", "2019-09-30": "1326.00000", "2019-06-30": "1406.00000", "2019-03-31": "1367.00000", "2018-12-31": "1430.00000", "2018-09-30": "1397.00000", "2018-06-30": "1486.00000", "2018-03-31": "1508.00000", "2017-12-31": "1353.00000", "2017-09-30": "1337.00000", "2017-06-30": "1292.00000", "2017-03-31": "1301.00000", "2016-12-31": "1153.00000", "2016-09-30": "1077.00000", "2016-06-30": "1108.00000", "2016-03-31": "1117.00000", "2015-12-31": "1639.00000", "2015-09-30": "1227.00000", "2015-06-30": "1289.00000", "2015-03-31": "1193.00000", "2014-12-31": "1613.00000", "2014-09-30": "1459.00000", "2014-06-30": "1510.00000", "2014-03-31": "1462.00000", "2013-12-31": "672.00000", "2013-09-30": "1425.00000", "2013-06-30": "1484.00000", "2013-03-31": "1421.00000", "2012-12-31": "1791.00000", "2012-09-30": "1433.00000", "2012-06-30": "1497.00000", "2012-03-31": "1522.00000", "2011-12-31": "1805.00000", "2011-09-30": "1611.00000", "2011-06-30": "1544.00000", "2011-03-31": "1401.00000", "2010-12-31": "1367.00000", "2010-09-30": "1285.00000", "2010-06-30": "1361.00000", "2010-03-31": "1402.00000", "2009-12-31": "1279.00000", "2009-09-30": "1239.00000", "2009-06-30": "1155.00000", "2009-03-31": "1119.00000", "2008-12-31": "1438.00000", "2008-09-30": "1672.00000", "2008-06-30": "1661.00000", "2008-03-31": "1612.00000", "2007-12-31": "1436.00000", "2007-09-30": "1426.00000", "2007-06-30": "1485.00000", "2007-03-31": "1349.00000", "2006-12-31": "1225.00000", "2006-09-30": "1299.00000", "2006-06-30": "1305.00000", "2006-03-31": "1329.00000", "2005-12-31": "677.00000", "2005-09-30": "1431.00000", "2005-06-30": "1354.00000", "2005-03-31": "1322.00000"}, "Operating Income": {"2020-12-31": "203.00000", "2020-09-30": "184.00000", "2020-06-30": "83.00000", "2020-03-31": "194.00000", "2019-12-31": "68.00000", "2019-09-30": "260.00000", "2019-06-30": "186.00000", "2019-03-31": "320.00000", "2018-12-31": "259.00000", "2018-09-30": "374.00000", "2018-06-30": "358.00000", "2018-03-31": "343.00000", "2017-12-31": "240.00000", "2017-09-30": "229.00000", "2017-06-30": "218.00000", "2017-03-31": "170.00000", "2016-12-31": "158.00000", "2016-09-30": "246.00000", "2016-06-30": "243.00000", "2016-03-31": "287.00000", "2015-12-31": "-305.00000", "2015-09-30": "186.00000", "2015-06-30": "188.00000", "2015-03-31": "257.00000", "2014-12-31": "-54.00000", "2014-09-30": "310.00000", "2014-06-30": "259.00000", "2014-03-31": "243.00000", "2013-12-31": "944.00000", "2013-09-30": "211.00000", "2013-06-30": "169.00000", "2013-03-31": "184.00000", "2012-12-31": "-290.00000", "2012-09-30": "176.00000", "2012-06-30": "178.00000", "2012-03-31": "111.00000", "2011-12-31": "-191.00000", "2011-09-30": "196.00000", "2011-06-30": "209.00000", "2011-03-31": "188.00000", "2010-12-31": "140.00000", "2010-09-30": "221.00000", "2010-06-30": "156.00000", "2010-03-31": "-14.00000", "2009-12-31": "109.00000", "2009-09-30": "65.00000", "2009-06-30": "89.00000", "2009-03-31": "27.00000", "2008-12-31": "-152.00000", "2008-09-30": "151.00000", "2008-06-30": "207.00000", "2008-03-31": "234.00000", "2007-12-31": "324.00000", "2007-09-30": "147.00000", "2007-06-30": "71.00000", "2007-03-31": "206.00000", "2006-12-31": "127.00000", "2006-09-30": "172.00000", "2006-06-30": "152.00000", "2006-03-31": "169.00000", "2005-12-31": "83.00000", "2005-09-30": "95.00000", "2005-06-30": "152.00000", "2005-03-31": "156.00000"}, "Total Non-Operating Income/Expense": {"2020-12-31": "1368.00000", "2020-09-30": "57.00000", "2020-06-30": "64.00000", "2020-03-31": "98.00000", "2019-12-31": "-27.00000", "2019-09-30": "63.00000", "2019-06-30": "53.00000", "2019-03-31": "65.00000", "2018-12-31": "-85.00000", "2018-09-30": "88.00000", "2018-06-30": "84.00000", "2018-03-31": "89.00000", "2017-12-31": "25.00000", "2017-09-30": "60.00000", "2017-06-30": "63.00000", "2017-03-31": "70.00000", "2016-12-31": "-2.00000", "2016-09-30": "35.00000", "2016-06-30": "32.00000", "2016-03-31": "31.00000", "2015-12-31": "35.00000", "2015-09-30": "39.00000", "2015-06-30": "39.00000", "2015-03-31": "49.00000", "2014-12-31": "23.00000", "2014-09-30": "37.00000", "2014-06-30": "93.00000", "2014-03-31": "30.00000", "2013-12-31": "11.00000", "2013-09-30": "17.00000", "2013-06-30": "39.00000", "2013-03-31": "34.00000", "2012-12-31": "27.00000", "2012-09-30": "10.00000", "2012-06-30": "100.00000", "2012-03-31": "9.00000", "2011-12-31": "-3.00000", "2011-09-30": "5.00000", "2011-06-30": "71.00000", "2011-03-31": "-8.00000", "2010-12-31": "-10.00000", "2010-09-30": "-30.00000", "2010-06-30": "68.00000", "2010-03-31": "7.00000", "2009-12-31": "-17.00000", "2009-09-30": "-17.00000", "2009-06-30": "38.00000", "2009-03-31": "-43.00000", "2008-12-31": "-32.00000", "2008-09-30": "1.00000", "2008-06-30": "40.00000", "2008-03-31": "-16.00000", "2007-12-31": "-11.00000", "2007-09-30": "-16.00000", "2007-06-30": "-239.00000", "2007-03-31": "-35.00000", "2006-12-31": "-15.00000", "2006-09-30": "-22.00000", "2006-06-30": "-18.00000", "2006-03-31": "-39.00000", "2005-12-31": "-20.00000", "2005-09-30": "-18.00000", "2005-06-30": "-29.00000", "2005-03-31": "-143.00000"}, "Pre-Tax Income": {"2020-12-31": "1571.00000", "2020-09-30": "241.00000", "2020-06-30": "147.00000", "2020-03-31": "292.00000", "2019-12-31": "41.00000", "2019-09-30": "323.00000", "2019-06-30": "239.00000", "2019-03-31": "385.00000", "2018-12-31": "174.00000", "2018-09-30": "462.00000", "2018-06-30": "442.00000", "2018-03-31": "432.00000", "2017-12-31": "265.00000", "2017-09-30": "289.00000", "2017-06-30": "281.00000", "2017-03-31": "240.00000", "2016-12-31": "156.00000", "2016-09-30": "281.00000", "2016-06-30": "275.00000", "2016-03-31": "318.00000", "2015-12-31": "-270.00000", "2015-09-30": "225.00000", "2015-06-30": "227.00000", "2015-03-31": "306.00000", "2014-12-31": "-31.00000", "2014-09-30": "347.00000", "2014-06-30": "352.00000", "2014-03-31": "273.00000", "2013-12-31": "955.00000", "2013-09-30": "228.00000", "2013-06-30": "208.00000", "2013-03-31": "218.00000", "2012-12-31": "-263.00000", "2012-09-30": "186.00000", "2012-06-30": "278.00000", "2012-03-31": "120.00000", "2011-12-31": "-194.00000", "2011-09-30": "201.00000", "2011-06-30": "280.00000", "2011-03-31": "180.00000", "2010-12-31": "130.00000", "2010-09-30": "191.00000", "2010-06-30": "224.00000", "2010-03-31": "-7.00000", "2009-12-31": "92.00000", "2009-09-30": "48.00000", "2009-06-30": "127.00000", "2009-03-31": "-16.00000", "2008-12-31": "-184.00000", "2008-09-30": "152.00000", "2008-06-30": "247.00000", "2008-03-31": "218.00000", "2007-12-31": "313.00000", "2007-09-30": "131.00000", "2007-06-30": "-168.00000", "2007-03-31": "171.00000", "2006-12-31": "112.00000", "2006-09-30": "150.00000", "2006-06-30": "134.00000", "2006-03-31": "130.00000", "2005-12-31": "63.00000", "2005-09-30": "77.00000", "2005-06-30": "123.00000", "2005-03-31": "13.00000"}, "Income Taxes": {"2020-12-31": "117.00000", "2020-09-30": "30.00000", "2020-06-30": "35.00000", "2020-03-31": "65.00000", "2019-12-31": "-3.00000", "2019-09-30": "53.00000", "2019-06-30": "28.00000", "2019-03-31": "46.00000", "2018-12-31": "76.00000", "2018-09-30": "54.00000", "2018-06-30": "97.00000", "2018-03-31": "65.00000", "2017-12-31": "60.00000", "2017-09-30": "57.00000", "2017-06-30": "40.00000", "2017-03-31": "56.00000", "2016-12-31": "-5.00000", "2016-09-30": "15.00000", "2016-06-30": "52.00000", "2016-03-31": "60.00000", "2015-12-31": "31.00000", "2015-09-30": "74.00000", "2015-06-30": "24.00000", "2015-03-31": "72.00000", "2014-12-31": "52.00000", "2014-09-30": "90.00000", "2014-06-30": "94.00000", "2014-03-31": "78.00000", "2013-12-31": "299.00000", "2013-09-30": "57.00000", "2013-06-30": "75.00000", "2013-03-31": "77.00000", "2012-12-31": "-96.00000", "2012-09-30": "57.00000", "2012-06-30": "57.00000", "2012-03-31": "-73.00000", "2011-12-31": "-110.00000", "2011-09-30": "34.00000", "2011-06-30": "75.00000", "2011-03-31": "42.00000", "2010-12-31": "27.00000", "2010-09-30": "44.00000", "2010-06-30": "61.00000", "2010-03-31": "-20.00000", "2009-12-31": "85.00000", "2009-09-30": "-350.00000", "2009-06-30": "17.00000", "2009-03-31": "5.00000", "2008-12-31": "-43.00000", "2008-09-30": "-12.00000", "2008-06-30": "45.00000", "2008-03-31": "73.00000", "2007-12-31": "104.00000", "2007-09-30": "1.00000", "2007-06-30": "-44.00000", "2007-03-31": "49.00000", "2006-12-31": "71.00000", "2006-09-30": "60.00000", "2006-06-30": "38.00000", "2006-03-31": "34.00000", "2005-12-31": "-54.00000", "2005-09-30": "27.00000", "2005-06-30": "43.00000", "2005-03-31": "8.00000"}, "Income After Taxes": {"2020-12-31": "1454.00000", "2020-09-30": "211.00000", "2020-06-30": "112.00000", "2020-03-31": "227.00000", "2019-12-31": "44.00000", "2019-09-30": "270.00000", "2019-06-30": "211.00000", "2019-03-31": "339.00000", "2018-12-31": "98.00000", "2018-09-30": "408.00000", "2018-06-30": "345.00000", "2018-03-31": "367.00000", "2017-12-31": "205.00000", "2017-09-30": "232.00000", "2017-06-30": "241.00000", "2017-03-31": "184.00000", "2016-12-31": "161.00000", "2016-09-30": "266.00000", "2016-06-30": "223.00000", "2016-03-31": "258.00000", "2015-12-31": "-301.00000", "2015-09-30": "151.00000", "2015-06-30": "203.00000", "2015-03-31": "234.00000", "2014-12-31": "-83.00000", "2014-09-30": "257.00000", "2014-06-30": "258.00000", "2014-03-31": "195.00000", "2013-12-31": "656.00000", "2013-09-30": "171.00000", "2013-06-30": "133.00000", "2013-03-31": "141.00000", "2012-12-31": "-167.00000", "2012-09-30": "129.00000", "2012-06-30": "221.00000", "2012-03-31": "193.00000", "2011-12-31": "-84.00000", "2011-09-30": "167.00000", "2011-06-30": "205.00000", "2011-03-31": "138.00000", "2010-12-31": "103.00000", "2010-09-30": "147.00000", "2010-06-30": "163.00000", "2010-03-31": "13.00000", "2009-12-31": "7.00000", "2009-09-30": "398.00000", "2009-06-30": "110.00000", "2009-03-31": "-21.00000", "2008-12-31": "-141.00000", "2008-09-30": "164.00000", "2008-06-30": "202.00000", "2008-03-31": "145.00000", "2007-12-31": "209.00000", "2007-09-30": "130.00000", "2007-06-30": "-124.00000", "2007-03-31": "122.00000", "2006-12-31": "41.00000", "2006-09-30": "90.00000", "2006-06-30": "96.00000", "2006-03-31": "96.00000", "2005-12-31": "117.00000", "2005-09-30": "50.00000", "2005-06-30": "80.00000", "2005-03-31": "5.00000"}, "Other Income": {"2020-12-31": "", "2020-09-30": "", "2020-06-30": "", "2020-03-31": "", "2019-12-31": "", "2019-09-30": "", "2019-06-30": "", "2019-03-31": "", "2018-12-31": "", "2018-09-30": "", "2018-06-30": "", "2018-03-31": "", "2017-12-31": "", "2017-09-30": "", "2017-06-30": "", "2017-03-31": "", "2016-12-31": "", "2016-09-30": "", "2016-06-30": "", "2016-03-31": "", "2015-12-31": "", "2015-09-30": "", "2015-06-30": "", "2015-03-31": "", "2014-12-31": "", "2014-09-30": "", "2014-06-30": "", "2014-03-31": "", "2013-12-31": "", "2013-09-30": "", "2013-06-30": "", "2013-03-31": "", "2012-12-31": "", "2012-09-30": "", "2012-06-30": "", "2012-03-31": "", "2011-12-31": "", "2011-09-30": "", "2011-06-30": "", "2011-03-31": "", "2010-12-31": "", "2010-09-30": "", "2010-06-30": "", "2010-03-31": "", "2009-12-31": "", "2009-09-30": "", "2009-06-30": "", "2009-03-31": "", "2008-12-31": "", "2008-09-30": "", "2008-06-30": "", "2008-03-31": "", "2007-12-31": "", "2007-09-30": "", "2007-06-30": "", "2007-03-31": "", "2006-12-31": "", "2006-09-30": "", "2006-06-30": "", "2006-03-31": "", "2005-12-31": "", "2005-09-30": "", "2005-06-30": "", "2005-03-31": ""}, "Income From Continuous Operations": {"2020-12-31": "1454.00000", "2020-09-30": "211.00000", "2020-06-30": "112.00000", "2020-03-31": "227.00000", "2019-12-31": "44.00000", "2019-09-30": "270.00000", "2019-06-30": "211.00000", "2019-03-31": "339.00000", "2018-12-31": "98.00000", "2018-09-30": "408.00000", "2018-06-30": "345.00000", "2018-03-31": "367.00000", "2017-12-31": "205.00000", "2017-09-30": "232.00000", "2017-06-30": "241.00000", "2017-03-31": "184.00000", "2016-12-31": "161.00000", "2016-09-30": "266.00000", "2016-06-30": "223.00000", "2016-03-31": "258.00000", "2015-12-31": "-301.00000", "2015-09-30": "151.00000", "2015-06-30": "203.00000", "2015-03-31": "234.00000", "2014-12-31": "-83.00000", "2014-09-30": "257.00000", "2014-06-30": "258.00000", "2014-03-31": "195.00000", "2013-12-31": "656.00000", "2013-09-30": "171.00000", "2013-06-30": "133.00000", "2013-03-31": "141.00000", "2012-12-31": "-167.00000", "2012-09-30": "129.00000", "2012-06-30": "221.00000", "2012-03-31": "193.00000", "2011-12-31": "-84.00000", "2011-09-30": "167.00000", "2011-06-30": "205.00000", "2011-03-31": "138.00000", "2010-12-31": "103.00000", "2010-09-30": "147.00000", "2010-06-30": "163.00000", "2010-03-31": "13.00000", "2009-12-31": "7.00000", "2009-09-30": "398.00000", "2009-06-30": "110.00000", "2009-03-31": "-21.00000", "2008-12-31": "-141.00000", "2008-09-30": "164.00000", "2008-06-30": "202.00000", "2008-03-31": "145.00000", "2007-12-31": "209.00000", "2007-09-30": "130.00000", "2007-06-30": "-124.00000", "2007-03-31": "122.00000", "2006-12-31": "40.00000", "2006-09-30": "88.00000", "2006-06-30": "95.00000", "2006-03-31": "96.00000", "2005-12-31": "120.00000", "2005-09-30": "47.00000", "2005-06-30": "67.00000", "2005-03-31": "-20.00000"}, "Income From Discontinued Operations": {"2020-12-31": "0.00000", "2020-09-30": "-2.00000", "2020-06-30": "-3.00000", "2020-03-31": "-7.00000", "2019-12-31": "1.00000", "2019-09-30": "-5.00000", "2019-06-30": "-1.00000", "2019-03-31": "-1.00000", "2018-12-31": "3.00000", "2018-09-30": "-6.00000", "2018-06-30": "", "2018-03-31": "-2.00000", "2017-12-31": "-1.00000", "2017-09-30": "-4.00000", "2017-06-30": "-8.00000", "2017-03-31": "", "2016-12-31": "", "2016-09-30": "-3.00000", "2016-06-30": "", "2016-03-31": "1.00000", "2015-12-31": "", "2015-09-30": "", "2015-06-30": "-2.00000", "2015-03-31": "", "2014-12-31": "-2.00000", "2014-09-30": "-5.00000", "2014-06-30": "", "2014-03-31": "", "2013-12-31": "", "2013-09-30": "1.00000", "2013-06-30": "", "2013-03-31": "1.00000", "2012-12-31": "-2.00000", "2012-09-30": "-2.00000", "2012-06-30": "", "2012-03-31": "", "2011-12-31": "-1.00000", "2011-09-30": "0.00000", "2011-06-30": "-2.00000", "2011-03-31": "4.00000", "2010-12-31": "-45.00000", "2010-09-30": "-2.00000", "2010-06-30": "-3.00000", "2010-03-31": "1.00000", "2009-12-31": "4.00000", "2009-09-30": "", "2009-06-30": "-1.00000", "2009-03-31": "1.00000", "2008-12-31": "-15.00000", "2008-09-30": "-6.00000", "2008-06-30": "-69.00000", "2008-03-31": "", "2007-12-31": "6.00000", "2007-09-30": "-2.00000", "2007-06-30": "7.00000", "2007-03-31": "79.00000", "2006-12-31": "37.00000", "2006-09-30": "21.00000", "2006-06-30": "8.00000", "2006-03-31": "21.00000", "2005-12-31": "55.00000", "2005-09-30": "-2.00000", "2005-06-30": "", "2005-03-31": "10.00000"}, "Net Income": {"2020-12-31": "1453.00000", "2020-09-30": "207.00000", "2020-06-30": "107.00000", "2020-03-31": "218.00000", "2019-12-31": "43.00000", "2019-09-30": "263.00000", "2019-06-30": "209.00000", "2019-03-31": "337.00000", "2018-12-31": "99.00000", "2018-09-30": "401.00000", "2018-06-30": "344.00000", "2018-03-31": "363.00000", "2017-12-31": "203.00000", "2017-09-30": "226.00000", "2017-06-30": "231.00000", "2017-03-31": "183.00000", "2016-12-31": "160.00000", "2016-09-30": "262.00000", "2016-06-30": "221.00000", "2016-03-31": "257.00000", "2015-12-31": "-298.00000", "2015-09-30": "161.00000", "2015-06-30": "205.00000", "2015-03-31": "236.00000", "2014-12-31": "-84.00000", "2014-09-30": "253.00000", "2014-06-30": "259.00000", "2014-03-31": "196.00000", "2013-12-31": "654.00000", "2013-09-30": "172.00000", "2013-06-30": "133.00000", "2013-03-31": "142.00000", "2012-12-31": "-169.00000", "2012-09-30": "127.00000", "2012-06-30": "221.00000", "2012-03-31": "193.00000", "2011-12-31": "-85.00000", "2011-09-30": "167.00000", "2011-06-30": "203.00000", "2011-03-31": "142.00000", "2010-12-31": "58.00000", "2010-09-30": "145.00000", "2010-06-30": "160.00000", "2010-03-31": "11.00000", "2009-12-31": "9.00000", "2009-09-30": "395.00000", "2009-06-30": "107.00000", "2009-03-31": "-23.00000", "2008-12-31": "-158.00000", "2008-09-30": "155.00000", "2008-06-30": "132.00000", "2008-03-31": "142.00000", "2007-12-31": "211.00000", "2007-09-30": "126.00000", "2007-06-30": "-120.00000", "2007-03-31": "199.00000", "2006-12-31": "75.00000", "2006-09-30": "106.00000", "2006-06-30": "101.00000", "2006-03-31": "114.00000", "2005-12-31": "172.00000", "2005-09-30": "42.00000", "2005-06-30": "65.00000", "2005-03-31": "-12.00000"}, "EBITDA": {"2020-12-31": "", "2020-09-30": "274.00000", "2020-06-30": "172.00000", "2020-03-31": "280.00000", "2019-12-31": "159.00000", "2019-09-30": "355.00000", "2019-06-30": "272.00000", "2019-03-31": "404.00000", "2018-12-31": "350.00000", "2018-09-30": "464.00000", "2018-06-30": "446.00000", "2018-03-31": "423.00000", "2017-12-31": "319.00000", "2017-09-30": "311.00000", "2017-06-30": "295.00000", "2017-03-31": "242.00000", "2016-12-31": "230.00000", "2016-09-30": "320.00000", "2016-06-30": "318.00000", "2016-03-31": "361.00000", "2015-12-31": "-199.00000", "2015-09-30": "268.00000", "2015-06-30": "295.00000", "2015-03-31": "325.00000", "2014-12-31": "18.00000", "2014-09-30": "385.00000", "2014-06-30": "334.00000", "2014-03-31": "319.00000", "2013-12-31": "1025.00000", "2013-09-30": "291.00000", "2013-06-30": "247.00000", "2013-03-31": "264.00000", "2012-12-31": "-206.00000", "2012-09-30": "257.00000", "2012-06-30": "256.00000", "2012-03-31": "188.00000", "2011-12-31": "-111.00000", "2011-09-30": "276.00000", "2011-06-30": "285.00000", "2011-03-31": "263.00000", "2010-12-31": "214.00000", "2010-09-30": "288.00000", "2010-06-30": "222.00000", "2010-03-31": "79.00000", "2009-12-31": "186.00000", "2009-09-30": "151.00000", "2009-06-30": "171.00000", "2009-03-31": "101.00000", "2008-12-31": "-64.00000", "2008-09-30": "245.00000", "2008-06-30": "299.00000", "2008-03-31": "320.00000", "2007-12-31": "397.00000", "2007-09-30": "227.00000", "2007-06-30": "144.00000", "2007-03-31": "291.00000", "2006-12-31": "206.00000", "2006-09-30": "254.00000", "2006-06-30": "236.00000", "2006-03-31": "247.00000", "2005-12-31": "140.00000", "2005-09-30": "179.00000", "2005-06-30": "242.00000", "2005-03-31": "250.00000"}, "EBIT": {"2020-12-31": "203.00000", "2020-09-30": "184.00000", "2020-06-30": "83.00000", "2020-03-31": "194.00000", "2019-12-31": "68.00000", "2019-09-30": "260.00000", "2019-06-30": "186.00000", "2019-03-31": "320.00000", "2018-12-31": "259.00000", "2018-09-30": "374.00000", "2018-06-30": "358.00000", "2018-03-31": "343.00000", "2017-12-31": "240.00000", "2017-09-30": "229.00000", "2017-06-30": "218.00000", "2017-03-31": "170.00000", "2016-12-31": "158.00000", "2016-09-30": "246.00000", "2016-06-30": "243.00000", "2016-03-31": "287.00000", "2015-12-31": "-305.00000", "2015-09-30": "186.00000", "2015-06-30": "188.00000", "2015-03-31": "257.00000", "2014-12-31": "-54.00000", "2014-09-30": "310.00000", "2014-06-30": "259.00000", "2014-03-31": "243.00000", "2013-12-31": "944.00000", "2013-09-30": "211.00000", "2013-06-30": "169.00000", "2013-03-31": "184.00000", "2012-12-31": "-290.00000", "2012-09-30": "176.00000", "2012-06-30": "178.00000", "2012-03-31": "111.00000", "2011-12-31": "-191.00000", "2011-09-30": "196.00000", "2011-06-30": "209.00000", "2011-03-31": "188.00000", "2010-12-31": "140.00000", "2010-09-30": "221.00000", "2010-06-30": "156.00000", "2010-03-31": "-14.00000", "2009-12-31": "109.00000", "2009-09-30": "65.00000", "2009-06-30": "89.00000", "2009-03-31": "27.00000", "2008-12-31": "-152.00000", "2008-09-30": "151.00000", "2008-06-30": "207.00000", "2008-03-31": "234.00000", "2007-12-31": "324.00000", "2007-09-30": "147.00000", "2007-06-30": "71.00000", "2007-03-31": "206.00000", "2006-12-31": "127.00000", "2006-09-30": "172.00000", "2006-06-30": "152.00000", "2006-03-31": "169.00000", "2005-12-31": "83.00000", "2005-09-30": "95.00000", "2005-06-30": "152.00000", "2005-03-31": "156.00000"}, "Basic Shares Outstanding": {"2020-12-31": "115.70000", "2020-09-30": "118.04500", "2020-06-30": "118.34000", "2020-03-31": "119.25200", "2019-12-31": "123.92600", "2019-09-30": "122.70000", "2019-06-30": "125.29000", "2019-03-31": "127.54200", "2018-12-31": "134.30500", "2018-09-30": "134.51900", "2018-06-30": "135.59000", "2018-03-31": "135.91600", "2017-12-31": "137.90300", "2017-09-30": "136.57900", "2017-06-30": "138.62000", "2017-03-31": "140.64400", "2016-12-31": "144.93900", "2016-09-30": "144.00500", "2016-06-30": "146.48300", "2016-03-31": "147.41300", "2015-12-31": "150.83800", "2015-09-30": "149.80000", "2015-06-30": "153.48000", "2015-03-31": "153.21700", "2014-12-31": "155.01200", "2014-09-30": "154.42800", "2014-06-30": "155.75200", "2014-03-31": "156.50200", "2013-12-31": "158.80100", "2013-09-30": "158.50100", "2013-06-30": "159.67600", "2013-03-31": "159.68200", "2012-12-31": "158.36000", "2012-09-30": "159.15800", "2012-06-30": "158.16300", "2012-03-31": "156.57700", "2011-12-31": "156.22600", "2011-09-30": "156.19400", "2011-06-30": "156.28100", "2011-03-31": "155.96630", "2010-12-31": "154.56400", "2010-09-30": "155.85950", "2010-06-30": "156.32600", "2010-03-31": "150.27200", "2009-12-31": "143.68900", "2009-09-30": "143.59100", "2009-06-30": "143.52800", "2009-03-31": "143.50700", "2008-12-31": "148.35030", "2008-09-30": "147.06300", "2008-06-30": "150.90600", "2008-03-31": "151.99400", "2007-12-31": "154.47500", "2007-09-30": "150.15400", "2007-06-30": "156.93290", "2007-03-31": "159.28500", "2006-12-31": "158.59700", "2006-09-30": "158.60900", "2006-06-30": "158.56200", "2006-03-31": "158.56200", "2005-12-31": "154.40300", "2005-09-30": "158.54700", "2005-06-30": "158.53000", "2005-03-31": "141.74200"}, "Shares Outstanding": {"2020-12-31": "116.30000", "2020-09-30": "118.56500", "2020-06-30": "118.76800", "2020-03-31": "119.90000", "2019-12-31": "124.65200", "2019-09-30": "123.30000", "2019-06-30": "125.84800", "2019-03-31": "128.21600", "2018-12-31": "135.41700", "2018-09-30": "135.49900", "2018-06-30": "136.30900", "2018-03-31": "136.38400", "2017-12-31": "138.31700", "2017-09-30": "136.95200", "2017-06-30": "139.02900", "2017-03-31": "140.99700", "2016-12-31": "145.66800", "2016-09-30": "144.60100", "2016-06-30": "147.06600", "2016-03-31": "148.13100", "2015-12-31": "152.28800", "2015-09-30": "151.00400", "2015-06-30": "153.99100", "2015-03-31": "153.90200", "2014-12-31": "156.16700", "2014-09-30": "155.17500", "2014-06-30": "156.05400", "2014-03-31": "156.81300", "2013-12-31": "159.33400", "2013-09-30": "159.09600", "2013-06-30": "160.14200", "2013-03-31": "160.20200", "2012-12-31": "159.83100", "2012-09-30": "160.12900", "2012-06-30": "159.77800", "2012-03-31": "159.11500", "2011-12-31": "158.97000", "2011-09-30": "159.01900", "2011-06-30": "159.20900", "2011-03-31": "158.66670", "2010-12-31": "158.37200", "2010-09-30": "157.88350", "2010-06-30": "158.40500", "2010-03-31": "152.64200", "2009-12-31": "157.11600", "2009-09-30": "157.56300", "2009-06-30": "157.07800", "2009-03-31": "143.50700", "2008-12-31": "163.47190", "2008-09-30": "162.91200", "2008-06-30": "167.81500", "2008-03-31": "167.30600", "2007-12-31": "171.22800", "2007-09-30": "167.41000", "2007-06-30": "156.93290", "2007-03-31": "174.44200", "2006-12-31": "171.80700", "2006-09-30": "171.17600", "2006-06-30": "172.06700", "2006-03-31": "171.48800", "2005-12-31": "166.20000", "2005-09-30": "171.93000", "2005-06-30": "170.53000", "2005-03-31": "141.74200"}, "Basic EPS": {"2020-12-31": "12.56000", "2020-09-30": "1.75000", "2020-06-30": "0.90000", "2020-03-31": "1.83000", "2019-12-31": "0.43000", "2019-09-30": "2.14000", "2019-06-30": "1.67000", "2019-03-31": "2.64000", "2018-12-31": "0.80000", "2018-09-30": "2.98000", "2018-06-30": "2.54000", "2018-03-31": "2.67000", "2017-12-31": "1.49000", "2017-09-30": "1.65000", "2017-06-30": "1.67000", "2017-03-31": "1.30000", "2016-12-31": "1.14000", "2016-09-30": "1.82000", "2016-06-30": "1.51000", "2016-03-31": "1.74000", "2015-12-31": "-1.93000", "2015-09-30": "1.07000", "2015-06-30": "1.34000", "2015-03-31": "1.54000", "2014-12-31": "-0.52000", "2014-09-30": "1.64000", "2014-06-30": "1.66000", "2014-03-31": "1.25000", "2013-12-31": "4.12000", "2013-09-30": "1.09000", "2013-06-30": "0.83000", "2013-03-31": "0.89000", "2012-12-31": "-1.08000", "2012-09-30": "0.80000", "2012-06-30": "1.40000", "2012-03-31": "1.23000", "2011-12-31": "-0.55000", "2011-09-30": "1.07000", "2011-06-30": "1.30000", "2011-03-31": "0.91000", "2010-12-31": "0.40000", "2010-09-30": "0.93000", "2010-06-30": "1.02000", "2010-03-31": "0.07000", "2009-12-31": "0.07000", "2009-09-30": "2.75000", "2009-06-30": "0.74000", "2009-03-31": "-0.16000", "2008-12-31": "-1.02000", "2008-09-30": "1.05000", "2008-06-30": "0.87000", "2008-03-31": "0.93000", "2007-12-31": "1.36000", "2007-09-30": "0.84000", "2007-06-30": "-0.76000", "2007-03-31": "1.25000", "2006-12-31": "0.47000", "2006-09-30": "0.67000", "2006-06-30": "0.64000", "2006-03-31": "0.72000", "2005-12-31": "1.14000", "2005-09-30": "0.26000", "2005-06-30": "0.41000", "2005-03-31": "-0.08000"}, "EPS - Earnings Per Share": {"2020-12-31": "12.50000", "2020-09-30": "1.75000", "2020-06-30": "0.90000", "2020-03-31": "1.82000", "2019-12-31": "0.42000", "2019-09-30": "2.13000", "2019-06-30": "1.66000", "2019-03-31": "2.63000", "2018-12-31": "0.77000", "2018-09-30": "2.96000", "2018-06-30": "2.52000", "2018-03-31": "2.66000", "2017-12-31": "1.48000", "2017-09-30": "1.65000", "2017-06-30": "1.66000", "2017-03-31": "1.30000", "2016-12-31": "1.14000", "2016-09-30": "1.81000", "2016-06-30": "1.50000", "2016-03-31": "1.73000", "2015-12-31": "-1.93000", "2015-09-30": "1.07000", "2015-06-30": "1.33000", "2015-03-31": "1.53000", "2014-12-31": "-0.54000", "2014-09-30": "1.63000", "2014-06-30": "1.66000", "2014-03-31": "1.25000", "2013-12-31": "4.11000", "2013-09-30": "1.08000", "2013-06-30": "0.83000", "2013-03-31": "0.89000", "2012-12-31": "-1.05000", "2012-09-30": "0.79000", "2012-06-30": "1.38000", "2012-03-31": "1.21000", "2011-12-31": "-0.54000", "2011-09-30": "1.05000", "2011-06-30": "1.28000", "2011-03-31": "0.90000", "2010-12-31": "0.38000", "2010-09-30": "0.92000", "2010-06-30": "1.01000", "2010-03-31": "0.07000", "2009-12-31": "0.11000", "2009-09-30": "2.53000", "2009-06-30": "0.69000", "2009-03-31": "-0.16000", "2008-12-31": "-0.92000", "2008-09-30": "0.97000", "2008-06-30": "0.80000", "2008-03-31": "0.87000", "2007-12-31": "1.34000", "2007-09-30": "0.76000", "2007-06-30": "-0.76000", "2007-03-31": "1.15000", "2006-12-31": "0.44000", "2006-09-30": "0.64000", "2006-06-30": "0.60000", "2006-03-31": "0.68000", "2005-12-31": "1.10000", "2005-09-30": "0.26000", "2005-06-30": "0.39000", "2005-03-31": "-0.08000"}}, "balance sheet": {"Cash On Hand": {"2020-12-31": "1488.00000", "2019-12-31": "503.00000", "2018-12-31": "470.00000", "2017-12-31": "608.00000", "2016-12-31": "668.00000", "2015-12-31": "997.00000", "2014-12-31": "812.00000", "2013-12-31": "1025.00000", "2012-12-31": "1012.00000", "2011-12-31": "746.00000", "2010-12-31": "818.00000", "2009-12-31": "1257.00000", "2008-12-31": "682.00000", "2007-12-31": "871.00000", "2006-12-31": "837.00000", "2005-12-31": "390.00000"}, "Receivables": {"2020-12-31": "1242.00000", "2019-12-31": "1181.00000", "2018-12-31": "1318.00000", "2017-12-31": "1230.00000", "2016-12-31": "1024.00000", "2015-12-31": "991.00000", "2014-12-31": "1042.00000", "2013-12-31": "1210.00000", "2012-12-31": "1036.00000", "2011-12-31": "1106.00000", "2010-12-31": "1080.00000", "2009-12-31": "983.00000", "2008-12-31": "905.00000", "2007-12-31": "1446.00000", "2006-12-31": "1476.00000", "2005-12-31": "1400.00000"}, "Inventory": {"2020-12-31": "978.00000", "2019-12-31": "1038.00000", "2018-12-31": "1046.00000", "2017-12-31": "900.00000", "2016-12-31": "720.00000", "2015-12-31": "682.00000", "2014-12-31": "782.00000", "2013-12-31": "804.00000", "2012-12-31": "711.00000", "2011-12-31": "712.00000", "2010-12-31": "610.00000", "2009-12-31": "522.00000", "2008-12-31": "577.00000", "2007-12-31": "636.00000", "2006-12-31": "653.00000", "2005-12-31": "650.00000"}, "Pre-Paid Expenses": {"2020-12-31": "", "2019-12-31": "", "2018-12-31": "", "2017-12-31": "", "2016-12-31": "", "2015-12-31": "", "2014-12-31": "", "2013-12-31": "", "2012-12-31": "", "2011-12-31": "", "2010-12-31": "", "2009-12-31": "", "2008-12-31": "", "2007-12-31": "", "2006-12-31": "", "2005-12-31": ""}, "Other Current Assets": {"2020-12-31": "55.00000", "2019-12-31": "43.00000", "2018-12-31": "40.00000", "2017-12-31": "54.00000", "2016-12-31": "60.00000", "2015-12-31": "49.00000", "2014-12-31": "33.00000", "2013-12-31": "28.00000", "2012-12-31": "31.00000", "2011-12-31": "35.00000", "2010-12-31": "68.00000", "2009-12-31": "52.00000", "2008-12-31": "98.00000", "2007-12-31": "40.00000", "2006-12-31": "69.00000", "2005-12-31": "91.00000"}, "Total Current Assets": {"2020-12-31": "3763.00000", "2019-12-31": "2765.00000", "2018-12-31": "2874.00000", "2017-12-31": "2792.00000", "2016-12-31": "2472.00000", "2015-12-31": "2787.00000", "2014-12-31": "2698.00000", "2013-12-31": "3182.00000", "2012-12-31": "2839.00000", "2011-12-31": "2703.00000", "2010-12-31": "2668.00000", "2009-12-31": "2856.00000", "2008-12-31": "2286.00000", "2007-12-31": "3063.00000", "2006-12-31": "3111.00000", "2005-12-31": "2568.00000"}, "Property, Plant, And Equipment": {"2020-12-31": "3939.00000", "2019-12-31": "3713.00000", "2018-12-31": "3719.00000", "2017-12-31": "3762.00000", "2016-12-31": "3577.00000", "2015-12-31": "3609.00000", "2014-12-31": "3733.00000", "2013-12-31": "3425.00000", "2012-12-31": "3350.00000", "2011-12-31": "3269.00000", "2010-12-31": "3017.00000", "2009-12-31": "2797.00000", "2008-12-31": "2470.00000", "2007-12-31": "2362.00000", "2006-12-31": "2155.00000", "2005-12-31": "2031.00000"}, "Long-Term Investments": {"2020-12-31": "820.00000", "2019-12-31": "975.00000", "2018-12-31": "979.00000", "2017-12-31": "976.00000", "2016-12-31": "852.00000", "2015-12-31": "838.00000", "2014-12-31": "876.00000", "2013-12-31": "841.00000", "2012-12-31": "800.00000", "2011-12-31": "824.00000", "2010-12-31": "838.00000", "2009-12-31": "872.00000", "2008-12-31": "883.00000", "2007-12-31": "1023.00000", "2006-12-31": "763.00000", "2005-12-31": "775.00000"}, "Goodwill And Intangible Assets": {"2020-12-31": "1485.00000", "2019-12-31": "1386.00000", "2018-12-31": "1367.00000", "2017-12-31": "1304.00000", "2016-12-31": "990.00000", "2015-12-31": "830.00000", "2014-12-31": "881.00000", "2013-12-31": "940.00000", "2012-12-31": "942.00000", "2011-12-31": "957.00000", "2010-12-31": "1026.00000", "2009-12-31": "1092.00000", "2008-12-31": "1143.00000", "2007-12-31": "1291.00000", "2006-12-31": "1338.00000", "2005-12-31": "1430.00000"}, "Other Long-Term Assets": {"2020-12-31": "411.00000", "2019-12-31": "338.00000", "2018-12-31": "290.00000", "2017-12-31": "338.00000", "2016-12-31": "307.00000", "2015-12-31": "300.00000", "2014-12-31": "355.00000", "2013-12-31": "341.00000", "2012-12-31": "463.00000", "2011-12-31": "344.00000", "2010-12-31": "289.00000", "2009-12-31": "311.00000", "2008-12-31": "357.00000", "2007-12-31": "309.00000", "2006-12-31": "506.00000", "2005-12-31": "502.00000"}, "Total Long-Term Assets": {"2020-12-31": "7146.00000", "2019-12-31": "6711.00000", "2018-12-31": "6439.00000", "2017-12-31": "6746.00000", "2016-12-31": "5885.00000", "2015-12-31": "5799.00000", "2014-12-31": "6098.00000", "2013-12-31": "5836.00000", "2012-12-31": "6161.00000", "2011-12-31": "5815.00000", "2010-12-31": "5613.00000", "2009-12-31": "5556.00000", "2008-12-31": "4880.00000", "2007-12-31": "4995.00000", "2006-12-31": "4784.00000", "2005-12-31": "4877.00000"}, "Total Assets": {"2020-12-31": "10909.00000", "2019-12-31": "9476.00000", "2018-12-31": "9313.00000", "2017-12-31": "9538.00000", "2016-12-31": "8357.00000", "2015-12-31": "8586.00000", "2014-12-31": "8796.00000", "2013-12-31": "9018.00000", "2012-12-31": "9000.00000", "2011-12-31": "8518.00000", "2010-12-31": "8281.00000", "2009-12-31": "8412.00000", "2008-12-31": "7166.00000", "2007-12-31": "8058.00000", "2006-12-31": "7895.00000", "2005-12-31": "7445.00000"}, "Total Current Liabilities": {"2020-12-31": "1973.00000", "2019-12-31": "1754.00000", "2018-12-31": "1779.00000", "2017-12-31": "1559.00000", "2016-12-31": "1077.00000", "2015-12-31": "1550.00000", "2014-12-31": "1338.00000", "2013-12-31": "1545.00000", "2012-12-31": "1355.00000", "2011-12-31": "1385.00000", "2010-12-31": "1542.00000", "2009-12-31": "1607.00000", "2008-12-31": "1369.00000", "2007-12-31": "2031.00000", "2006-12-31": "2216.00000", "2005-12-31": "2013.00000"}, "Long Term Debt": {"2020-12-31": "3227.00000", "2019-12-31": "3409.00000", "2018-12-31": "2970.00000", "2017-12-31": "3315.00000", "2016-12-31": "2890.00000", "2015-12-31": "2468.00000", "2014-12-31": "2586.00000", "2013-12-31": "2887.00000", "2012-12-31": "2930.00000", "2011-12-31": "2873.00000", "2010-12-31": "2990.00000", "2009-12-31": "3259.00000", "2008-12-31": "3300.00000", "2007-12-31": "3284.00000", "2006-12-31": "3189.00000", "2005-12-31": "3282.00000"}, "Other Non-Current Liabilities": {"2020-12-31": "1097.00000", "2019-12-31": "977.00000", "2018-12-31": "930.00000", "2017-12-31": "1154.00000", "2016-12-31": "1239.00000", "2015-12-31": "1603.00000", "2014-12-31": "1653.00000", "2013-12-31": "1662.00000", "2012-12-31": "2935.00000", "2011-12-31": "2827.00000", "2010-12-31": "2707.00000", "2009-12-31": "2823.00000", "2008-12-31": "2191.00000", "2007-12-31": "1411.00000", "2006-12-31": "1332.00000", "2005-12-31": "1566.00000"}, "Total Long Term Liabilities": {"2020-12-31": "5041.00000", "2019-12-31": "4824.00000", "2018-12-31": "4155.00000", "2017-12-31": "4680.00000", "2016-12-31": "4259.00000", "2015-12-31": "4207.00000", "2014-12-31": "4380.00000", "2013-12-31": "4774.00000", "2012-12-31": "5915.00000", "2011-12-31": "5792.00000", "2010-12-31": "5813.00000", "2009-12-31": "6219.00000", "2008-12-31": "5613.00000", "2007-12-31": "4965.00000", "2006-12-31": "4892.00000", "2005-12-31": "5197.00000"}, "Total Liabilities": {"2020-12-31": "7014.00000", "2019-12-31": "6578.00000", "2018-12-31": "5934.00000", "2017-12-31": "6239.00000", "2016-12-31": "5336.00000", "2015-12-31": "5757.00000", "2014-12-31": "5718.00000", "2013-12-31": "6319.00000", "2012-12-31": "7270.00000", "2011-12-31": "7177.00000", "2010-12-31": "7355.00000", "2009-12-31": "7826.00000", "2008-12-31": "6982.00000", "2007-12-31": "6996.00000", "2006-12-31": "7108.00000", "2005-12-31": "7210.00000"}, "Common Stock Net": {"2020-12-31": "", "2019-12-31": "", "2018-12-31": "", "2017-12-31": "", "2016-12-31": "", "2015-12-31": "", "2014-12-31": "", "2013-12-31": "", "2012-12-31": "", "2011-12-31": "", "2010-12-31": "", "2009-12-31": "", "2008-12-31": "", "2007-12-31": "", "2006-12-31": "", "2005-12-31": "0.00000"}, "Retained Earnings (Accumulated Deficit)": {"2020-12-31": "8091.00000", "2019-12-31": "6399.00000", "2018-12-31": "5847.00000", "2017-12-31": "4920.00000", "2016-12-31": "4320.00000", "2015-12-31": "3621.00000", "2014-12-31": "3491.00000", "2013-12-31": "3011.00000", "2012-12-31": "1993.00000", "2011-12-31": "2424.00000", "2010-12-31": "1851.00000", "2009-12-31": "1505.00000", "2008-12-31": "1047.00000", "2007-12-31": "799.00000", "2006-12-31": "394.00000", "2005-12-31": "24.00000"}, "Comprehensive Income": {"2020-12-31": "-328.00000", "2019-12-31": "-300.00000", "2018-12-31": "-247.00000", "2017-12-31": "-177.00000", "2016-12-31": "-358.00000", "2015-12-31": "-348.00000", "2014-12-31": "-165.00000", "2013-12-31": "-4.00000", "2012-12-31": "-89.00000", "2011-12-31": "-850.00000", "2010-12-31": "-670.00000", "2009-12-31": "-660.00000", "2008-12-31": "-579.00000", "2007-12-31": "197.00000", "2006-12-31": "31.00000", "2005-12-31": "-126.00000"}, "Other Share Holders Equity": {"2020-12-31": "", "2019-12-31": "", "2018-12-31": "", "2017-12-31": "", "2016-12-31": "", "2015-12-31": "", "2014-12-31": "", "2013-12-31": "", "2012-12-31": "", "2011-12-31": "", "2010-12-31": "", "2009-12-31": "", "2008-12-31": "", "2007-12-31": "", "2006-12-31": "", "2005-12-31": ""}, "Share Holder Equity": {"2020-12-31": "3895.00000", "2019-12-31": "2898.00000", "2018-12-31": "3379.00000", "2017-12-31": "3299.00000", "2016-12-31": "3021.00000", "2015-12-31": "2829.00000", "2014-12-31": "3078.00000", "2013-12-31": "2699.00000", "2012-12-31": "1730.00000", "2011-12-31": "1341.00000", "2010-12-31": "926.00000", "2009-12-31": "586.00000", "2008-12-31": "184.00000", "2007-12-31": "1062.00000", "2006-12-31": "787.00000", "2005-12-31": "235.00000"}, "Total Liabilities And Share Holders Equity": {"2020-12-31": "10909.00000", "2019-12-31": "9476.00000", "2018-12-31": "9313.00000", "2017-12-31": "9538.00000", "2016-12-31": "8357.00000", "2015-12-31": "8586.00000", "2014-12-31": "8796.00000", "2013-12-31": "9018.00000", "2012-12-31": "9000.00000", "2011-12-31": "8518.00000", "2010-12-31": "8281.00000", "2009-12-31": "8412.00000", "2008-12-31": "7166.00000", "2007-12-31": "8058.00000", "2006-12-31": "7895.00000", "2005-12-31": "7445.00000"}}, "balance sheet, quarterly": {"Cash On Hand": {"2020-12-31": "1488.00000", "2020-09-30": "650.00000", "2020-06-30": "575.00000", "2020-03-31": "608.00000", "2019-12-31": "503.00000", "2019-09-30": "523.00000", "2019-06-30": "518.00000", "2019-03-31": "470.00000", "2018-12-31": "470.00000", "2018-09-30": "734.00000", "2018-06-30": "740.00000", "2018-03-31": "522.00000", "2017-12-31": "608.00000", "2017-09-30": "492.00000", "2017-06-30": "541.00000", "2017-03-31": "532.00000", "2016-12-31": "668.00000", "2016-09-30": "1286.00000", "2016-06-30": "770.00000", "2016-03-31": "747.00000", "2015-12-31": "997.00000", "2015-09-30": "982.00000", "2015-06-30": "1017.00000", "2015-03-31": "880.00000", "2014-12-31": "812.00000", "2014-09-30": "1546.00000", "2014-06-30": "1103.00000", "2014-03-31": "1041.00000", "2013-12-31": "1025.00000", "2013-09-30": "1144.00000", "2013-06-30": "1152.00000", "2013-03-31": "1027.00000", "2012-12-31": "1012.00000", "2012-09-30": "984.00000", "2012-06-30": "860.00000", "2012-03-31": "790.00000", "2011-12-31": "746.00000", "2011-09-30": "768.00000", "2011-06-30": "811.00000", "2011-03-31": "796.00000", "2010-12-31": "818.00000", "2010-09-30": "886.00000", "2010-06-30": "1083.00000", "2010-03-31": "1143.00000", "2009-12-31": "1257.00000", "2009-09-30": "1297.00000", "2009-06-30": "1151.00000", "2009-03-31": "1155.00000", "2008-12-31": "682.00000", "2008-09-30": "601.00000", "2008-06-30": "1007.00000", "2008-03-31": "787.00000", "2007-12-31": "871.00000", "2007-09-30": "531.00000", "2007-06-30": "470.00000", "2007-03-31": "1115.00000", "2006-12-31": "837.00000", "2006-09-30": "557.00000", "2006-06-30": "398.00000", "2006-03-31": "354.00000", "2005-12-31": "390.00000", "2005-09-30": "401.00000", "2005-06-30": "959.00000", "2005-03-31": "1738.00000"}, "Receivables": {"2020-12-31": "1242.00000", "2020-09-30": "1063.00000", "2020-06-30": "1041.00000", "2020-03-31": "1160.00000", "2019-12-31": "1181.00000", "2019-09-30": "1282.00000", "2019-06-30": "1303.00000", "2019-03-31": "1358.00000", "2018-12-31": "1318.00000", "2018-09-30": "1365.00000", "2018-06-30": "1445.00000", "2018-03-31": "1476.00000", "2017-12-31": "1230.00000", "2017-09-30": "1249.00000", "2017-06-30": "1212.00000", "2017-03-31": "1102.00000", "2016-12-31": "1024.00000", "2016-09-30": "1005.00000", "2016-06-30": "1009.00000", "2016-03-31": "1042.00000", "2015-12-31": "991.00000", "2015-09-30": "1024.00000", "2015-06-30": "1099.00000", "2015-03-31": "1012.00000", "2014-12-31": "1042.00000", "2014-09-30": "1216.00000", "2014-06-30": "1276.00000", "2014-03-31": "1242.00000", "2013-12-31": "1210.00000", "2013-09-30": "1242.00000", "2013-06-30": "1209.00000", "2013-03-31": "1113.00000", "2012-12-31": "1036.00000", "2012-09-30": "1120.00000", "2012-06-30": "1134.00000", "2012-03-31": "1135.00000", "2011-12-31": "1106.00000", "2011-09-30": "1181.00000", "2011-06-30": "1266.00000", "2011-03-31": "1219.00000", "2010-12-31": "1080.00000", "2010-09-30": "1161.00000", "2010-06-30": "1106.00000", "2010-03-31": "1077.00000", "2009-12-31": "983.00000", "2009-09-30": "951.00000", "2009-06-30": "933.00000", "2009-03-31": "846.00000", "2008-12-31": "905.00000", "2008-09-30": "1359.00000", "2008-06-30": "1442.00000", "2008-03-31": "1523.00000", "2007-12-31": "1446.00000", "2007-09-30": "1348.00000", "2007-06-30": "1324.00000", "2007-03-31": "1420.00000", "2006-12-31": "1476.00000", "2006-09-30": "1539.00000", "2006-06-30": "1553.00000", "2006-03-31": "1543.00000", "2005-12-31": "1400.00000", "2005-09-30": "1466.00000", "2005-06-30": "1478.00000", "2005-03-31": "1542.00000"}, "Inventory": {"2020-12-31": "978.00000", "2020-09-30": "1001.00000", "2020-06-30": "1031.00000", "2020-03-31": "1036.00000", "2019-12-31": "1038.00000", "2019-09-30": "994.00000", "2019-06-30": "1011.00000", "2019-03-31": "1009.00000", "2018-12-31": "1046.00000", "2018-09-30": "1033.00000", "2018-06-30": "917.00000", "2018-03-31": "955.00000", "2017-12-31": "900.00000", "2017-09-30": "809.00000", "2017-06-30": "771.00000", "2017-03-31": "717.00000", "2016-12-31": "720.00000", "2016-09-30": "652.00000", "2016-06-30": "636.00000", "2016-03-31": "667.00000", "2015-12-31": "682.00000", "2015-09-30": "738.00000", "2015-06-30": "762.00000", "2015-03-31": "744.00000", "2014-12-31": "782.00000", "2014-09-30": "771.00000", "2014-06-30": "816.00000", "2014-03-31": "816.00000", "2013-12-31": "804.00000", "2013-09-30": "753.00000", "2013-06-30": "738.00000", "2013-03-31": "758.00000", "2012-12-31": "711.00000", "2012-09-30": "711.00000", "2012-06-30": "726.00000", "2012-03-31": "753.00000", "2011-12-31": "712.00000", "2011-09-30": "777.00000", "2011-06-30": "779.00000", "2011-03-31": "688.00000", "2010-12-31": "610.00000", "2010-09-30": "578.00000", "2010-06-30": "522.00000", "2010-03-31": "545.00000", "2009-12-31": "522.00000", "2009-09-30": "467.00000", "2009-06-30": "473.00000", "2009-03-31": "522.00000", "2008-12-31": "577.00000", "2008-09-30": "743.00000", "2008-06-30": "754.00000", "2008-03-31": "709.00000", "2007-12-31": "636.00000", "2007-09-30": "575.00000", "2007-06-30": "575.00000", "2007-03-31": "584.00000", "2006-12-31": "653.00000", "2006-09-30": "639.00000", "2006-06-30": "655.00000", "2006-03-31": "678.00000", "2005-12-31": "650.00000", "2005-09-30": "625.00000", "2005-06-30": "586.00000", "2005-03-31": "641.00000"}, "Pre-Paid Expenses": {"2020-12-31": "", "2020-09-30": "", "2020-06-30": "", "2020-03-31": "", "2019-12-31": "", "2019-09-30": "", "2019-06-30": "", "2019-03-31": "", "2018-12-31": "", "2018-09-30": "", "2018-06-30": "", "2018-03-31": "", "2017-12-31": "", "2017-09-30": "", "2017-06-30": "", "2017-03-31": "", "2016-12-31": "", "2016-09-30": "", "2016-06-30": "", "2016-03-31": "", "2015-12-31": "", "2015-09-30": "", "2015-06-30": "", "2015-03-31": "", "2014-12-31": "", "2014-09-30": "", "2014-06-30": "", "2014-03-31": "", "2013-12-31": "", "2013-09-30": "", "2013-06-30": "", "2013-03-31": "", "2012-12-31": "", "2012-09-30": "", "2012-06-30": "", "2012-03-31": "", "2011-12-31": "", "2011-09-30": "", "2011-06-30": "", "2011-03-31": "", "2010-12-31": "", "2010-09-30": "", "2010-06-30": "", "2010-03-31": "", "2009-12-31": "", "2009-09-30": "", "2009-06-30": "", "2009-03-31": "", "2008-12-31": "", "2008-09-30": "", "2008-06-30": "", "2008-03-31": "", "2007-12-31": "", "2007-09-30": "", "2007-06-30": "", "2007-03-31": "", "2006-12-31": "", "2006-09-30": "", "2006-06-30": "", "2006-03-31": "", "2005-12-31": "", "2005-09-30": "", "2005-06-30": "", "2005-03-31": ""}, "Other Current Assets": {"2020-12-31": "55.00000", "2020-09-30": "57.00000", "2020-06-30": "62.00000", "2020-03-31": "51.00000", "2019-12-31": "43.00000", "2019-09-30": "44.00000", "2019-06-30": "44.00000", "2019-03-31": "47.00000", "2018-12-31": "40.00000", "2018-09-30": "48.00000", "2018-06-30": "51.00000", "2018-03-31": "53.00000", "2017-12-31": "54.00000", "2017-09-30": "63.00000", "2017-06-30": "59.00000", "2017-03-31": "38.00000", "2016-12-31": "60.00000", "2016-09-30": "35.00000", "2016-06-30": "41.00000", "2016-03-31": "47.00000", "2015-12-31": "49.00000", "2015-09-30": "37.00000", "2015-06-30": "30.00000", "2015-03-31": "45.00000", "2014-12-31": "33.00000", "2014-09-30": "43.00000", "2014-06-30": "29.00000", "2014-03-31": "32.00000", "2013-12-31": "28.00000", "2013-09-30": "39.00000", "2013-06-30": "31.00000", "2013-03-31": "38.00000", "2012-12-31": "31.00000", "2012-09-30": "47.00000", "2012-06-30": "40.00000", "2012-03-31": "35.00000", "2011-12-31": "35.00000", "2011-09-30": "71.00000", "2011-06-30": "63.00000", "2011-03-31": "54.00000", "2010-12-31": "68.00000", "2010-09-30": "100.00000", "2010-06-30": "70.00000", "2010-03-31": "45.00000", "2009-12-31": "52.00000", "2009-09-30": "85.00000", "2009-06-30": "63.00000", "2009-03-31": "42.00000", "2008-12-31": "98.00000", "2008-09-30": "49.00000", "2008-06-30": "30.00000", "2008-03-31": "42.00000", "2007-12-31": "40.00000", "2007-09-30": "61.00000", "2007-06-30": "51.00000", "2007-03-31": "43.00000", "2006-12-31": "69.00000", "2006-09-30": "68.00000", "2006-06-30": "73.00000", "2006-03-31": "78.00000", "2005-12-31": "91.00000", "2005-09-30": "47.00000", "2005-06-30": "106.00000", "2005-03-31": "113.00000"}, "Total Current Assets": {"2020-12-31": "3763.00000", "2020-09-30": "2771.00000", "2020-06-30": "2709.00000", "2020-03-31": "2855.00000", "2019-12-31": "2765.00000", "2019-09-30": "2843.00000", "2019-06-30": "2876.00000", "2019-03-31": "2884.00000", "2018-12-31": "2874.00000", "2018-09-30": "3180.00000", "2018-06-30": "3153.00000", "2018-03-31": "3006.00000", "2017-12-31": "2792.00000", "2017-09-30": "2613.00000", "2017-06-30": "2583.00000", "2017-03-31": "2389.00000", "2016-12-31": "2472.00000", "2016-09-30": "2978.00000", "2016-06-30": "2456.00000", "2016-03-31": "2503.00000", "2015-12-31": "2787.00000", "2015-09-30": "2796.00000", "2015-06-30": "2923.00000", "2015-03-31": "2696.00000", "2014-12-31": "2698.00000", "2014-09-30": "3687.00000", "2014-06-30": "3339.00000", "2014-03-31": "3246.00000", "2013-12-31": "3182.00000", "2013-09-30": "3228.00000", "2013-06-30": "3180.00000", "2013-03-31": "2986.00000", "2012-12-31": "2839.00000", "2012-09-30": "2968.00000", "2012-06-30": "2866.00000", "2012-03-31": "2817.00000", "2011-12-31": "2703.00000", "2011-09-30": "2898.00000", "2011-06-30": "3014.00000", "2011-03-31": "2851.00000", "2010-12-31": "2668.00000", "2010-09-30": "2767.00000", "2010-06-30": "2822.00000", "2010-03-31": "2851.00000", "2009-12-31": "2856.00000", "2009-09-30": "2862.00000", "2009-06-30": "2778.00000", "2009-03-31": "2589.00000", "2008-12-31": "2286.00000", "2008-09-30": "2820.00000", "2008-06-30": "3301.00000", "2008-03-31": "3130.00000", "2007-12-31": "3063.00000", "2007-09-30": "2590.00000", "2007-06-30": "2496.00000", "2007-03-31": "3237.00000", "2006-12-31": "3111.00000", "2006-09-30": "2840.00000", "2006-06-30": "2710.00000", "2006-03-31": "2684.00000", "2005-12-31": "2568.00000", "2005-09-30": "2610.00000", "2005-06-30": "3207.00000", "2005-03-31": "4112.00000"}, "Property, Plant, And Equipment": {"2020-12-31": "3939.00000", "2020-09-30": "3851.00000", "2020-06-30": "3725.00000", "2020-03-31": "3678.00000", "2019-12-31": "3713.00000", "2019-09-30": "3585.00000", "2019-06-30": "3642.00000", "2019-03-31": "3721.00000", "2018-12-31": "3719.00000", "2018-09-30": "3699.00000", "2018-06-30": "3724.00000", "2018-03-31": "3801.00000", "2017-12-31": "3762.00000", "2017-09-30": "3706.00000", "2017-06-30": "3663.00000", "2017-03-31": "3571.00000", "2016-12-31": "3577.00000", "2016-09-30": "3578.00000", "2016-06-30": "3588.00000", "2016-03-31": "3640.00000", "2015-12-31": "3609.00000", "2015-09-30": "3778.00000", "2015-06-30": "3771.00000", "2015-03-31": "3685.00000", "2014-12-31": "3733.00000", "2014-09-30": "3618.00000", "2014-06-30": "3577.00000", "2014-03-31": "3519.00000", "2013-12-31": "3425.00000", "2013-09-30": "3391.00000", "2013-06-30": "3325.00000", "2013-03-31": "3286.00000", "2012-12-31": "3350.00000", "2012-09-30": "3295.00000", "2012-06-30": "3265.00000", "2012-03-31": "3329.00000", "2011-12-31": "3269.00000", "2011-09-30": "3233.00000", "2011-06-30": "3273.00000", "2011-03-31": "3153.00000", "2010-12-31": "3017.00000", "2010-09-30": "2884.00000", "2010-06-30": "2676.00000", "2010-03-31": "2723.00000", "2009-12-31": "2797.00000", "2009-09-30": "2687.00000", "2009-06-30": "2533.00000", "2009-03-31": "2482.00000", "2008-12-31": "2470.00000", "2008-09-30": "2527.00000", "2008-06-30": "2542.00000", "2008-03-31": "2477.00000", "2007-12-31": "2362.00000", "2007-09-30": "2270.00000", "2007-06-30": "2176.00000", "2007-03-31": "2047.00000", "2006-12-31": "2155.00000", "2006-09-30": "2085.00000", "2006-06-30": "2082.00000", "2006-03-31": "2035.00000", "2005-12-31": "2031.00000", "2005-09-30": "1982.00000", "2005-06-30": "1756.00000", "2005-03-31": "1839.00000"}, "Long-Term Investments": {"2020-12-31": "820.00000", "2020-09-30": "993.00000", "2020-06-30": "957.00000", "2020-03-31": "981.00000", "2019-12-31": "975.00000", "2019-09-30": "970.00000", "2019-06-30": "959.00000", "2019-03-31": "950.00000", "2018-12-31": "979.00000", "2018-09-30": "981.00000", "2018-06-30": "963.00000", "2018-03-31": "979.00000", "2017-12-31": "976.00000", "2017-09-30": "938.00000", "2017-06-30": "885.00000", "2017-03-31": "874.00000", "2016-12-31": "852.00000", "2016-09-30": "864.00000", "2016-06-30": "842.00000", "2016-03-31": "870.00000", "2015-12-31": "838.00000", "2015-09-30": "868.00000", "2015-06-30": "821.00000", "2015-03-31": "804.00000", "2014-12-31": "876.00000", "2014-09-30": "857.00000", "2014-06-30": "880.00000", "2014-03-31": "828.00000", "2013-12-31": "841.00000", "2013-09-30": "857.00000", "2013-06-30": "808.00000", "2013-03-31": "796.00000", "2012-12-31": "800.00000", "2012-09-30": "775.00000", "2012-06-30": "756.00000", "2012-03-31": "762.00000", "2011-12-31": "824.00000", "2011-09-30": "841.00000", "2011-06-30": "838.00000", "2011-03-31": "822.00000", "2010-12-31": "838.00000", "2010-09-30": "896.00000", "2010-06-30": "844.00000", "2010-03-31": "843.00000", "2009-12-31": "872.00000", "2009-09-30": "894.00000", "2009-06-30": "843.00000", "2009-03-31": "800.00000", "2008-12-31": "883.00000", "2008-09-30": "981.00000", "2008-06-30": "1011.00000", "2008-03-31": "1040.00000", "2007-12-31": "1023.00000", "2007-09-30": "778.00000", "2007-06-30": "745.00000", "2007-03-31": "733.00000", "2006-12-31": "763.00000", "2006-09-30": "787.00000", "2006-06-30": "815.00000", "2006-03-31": "793.00000", "2005-12-31": "775.00000", "2005-09-30": "551.00000", "2005-06-30": "543.00000", "2005-03-31": "567.00000"}, "Goodwill And Intangible Assets": {"2020-12-31": "1485.00000", "2020-09-30": "1445.00000", "2020-06-30": "1415.00000", "2020-03-31": "1358.00000", "2019-12-31": "1386.00000", "2019-09-30": "1368.00000", "2019-06-30": "1410.00000", "2019-03-31": "1407.00000", "2018-12-31": "1367.00000", "2018-09-30": "1381.00000", "2018-06-30": "1394.00000", "2018-03-31": "1443.00000", "2017-12-31": "1304.00000", "2017-09-30": "1298.00000", "2017-06-30": "1277.00000", "2017-03-31": "992.00000", "2016-12-31": "990.00000", "2016-09-30": "831.00000", "2016-06-30": "832.00000", "2016-03-31": "847.00000", "2015-12-31": "830.00000", "2015-09-30": "838.00000", "2015-06-30": "841.00000", "2015-03-31": "823.00000", "2014-12-31": "881.00000", "2014-09-30": "887.00000", "2014-06-30": "934.00000", "2014-03-31": "943.00000", "2013-12-31": "940.00000", "2013-09-30": "934.00000", "2013-06-30": "924.00000", "2013-03-31": "917.00000", "2012-12-31": "942.00000", "2012-09-30": "942.00000", "2012-06-30": "940.00000", "2012-03-31": "985.00000", "2011-12-31": "957.00000", "2011-09-30": "993.00000", "2011-06-30": "1051.00000", "2011-03-31": "1056.00000", "2010-12-31": "1026.00000", "2010-09-30": "1056.00000", "2010-06-30": "1005.00000", "2010-03-31": "1031.00000", "2009-12-31": "1092.00000", "2009-09-30": "1121.00000", "2009-06-30": "1116.00000", "2009-03-31": "1093.00000", "2008-12-31": "1143.00000", "2008-09-30": "1205.00000", "2008-06-30": "1334.00000", "2008-03-31": "1347.00000", "2007-12-31": "1291.00000", "2007-09-30": "1307.00000", "2007-06-30": "1306.00000", "2007-03-31": "1320.00000", "2006-12-31": "1338.00000", "2006-09-30": "1345.00000", "2006-06-30": "1394.00000", "2006-03-31": "1415.00000", "2005-12-31": "1430.00000", "2005-09-30": "1435.00000", "2005-06-30": "1202.00000", "2005-03-31": "1175.00000"}, "Other Long-Term Assets": {"2020-12-31": "411.00000", "2020-09-30": "412.00000", "2020-06-30": "399.00000", "2020-03-31": "381.00000", "2019-12-31": "338.00000", "2019-09-30": "344.00000", "2019-06-30": "320.00000", "2019-03-31": "309.00000", "2018-12-31": "290.00000", "2018-09-30": "413.00000", "2018-06-30": "392.00000", "2018-03-31": "369.00000", "2017-12-31": "338.00000", "2017-09-30": "306.00000", "2017-06-30": "311.00000", "2017-03-31": "308.00000", "2016-12-31": "307.00000", "2016-09-30": "290.00000", "2016-06-30": "293.00000", "2016-03-31": "296.00000", "2015-12-31": "300.00000", "2015-09-30": "350.00000", "2015-06-30": "372.00000", "2015-03-31": "343.00000", "2014-12-31": "355.00000", "2014-09-30": "365.00000", "2014-06-30": "332.00000", "2014-03-31": "332.00000", "2013-12-31": "341.00000", "2013-09-30": "498.00000", "2013-06-30": "483.00000", "2013-03-31": "480.00000", "2012-12-31": "463.00000", "2012-09-30": "446.00000", "2012-06-30": "390.00000", "2012-03-31": "368.00000", "2011-12-31": "344.00000", "2011-09-30": "334.00000", "2011-06-30": "309.00000", "2011-03-31": "302.00000", "2010-12-31": "289.00000", "2010-09-30": "292.00000", "2010-06-30": "273.00000", "2010-03-31": "266.00000", "2009-12-31": "311.00000", "2009-09-30": "328.00000", "2009-06-30": "327.00000", "2009-03-31": "344.00000", "2008-12-31": "357.00000", "2008-09-30": "370.00000", "2008-06-30": "376.00000", "2008-03-31": "309.00000", "2007-12-31": "309.00000", "2007-09-30": "545.00000", "2007-06-30": "565.00000", "2007-03-31": "487.00000", "2006-12-31": "506.00000", "2006-09-30": "484.00000", "2006-06-30": "442.00000", "2006-03-31": "469.00000", "2005-12-31": "502.00000", "2005-09-30": "727.00000", "2005-06-30": "652.00000", "2005-03-31": "654.00000"}, "Total Long-Term Assets": {"2020-12-31": "7146.00000", "2020-09-30": "6998.00000", "2020-06-30": "6797.00000", "2020-03-31": "6690.00000", "2019-12-31": "6711.00000", "2019-09-30": "6571.00000", "2019-06-30": "6630.00000", "2019-03-31": "6690.00000", "2018-12-31": "6439.00000", "2018-09-30": "6644.00000", "2018-06-30": "6636.00000", "2018-03-31": "6774.00000", "2017-12-31": "6746.00000", "2017-09-30": "6449.00000", "2017-06-30": "6300.00000", "2017-03-31": "5899.00000", "2016-12-31": "5885.00000", "2016-09-30": "5779.00000", "2016-06-30": "5792.00000", "2016-03-31": "5889.00000", "2015-12-31": "5799.00000", "2015-09-30": "6112.00000", "2015-06-30": "6065.00000", "2015-03-31": "5930.00000", "2014-12-31": "6098.00000", "2014-09-30": "6023.00000", "2014-06-30": "5994.00000", "2014-03-31": "5883.00000", "2013-12-31": "5836.00000", "2013-09-30": "6284.00000", "2013-06-30": "6142.00000", "2013-03-31": "6082.00000", "2012-12-31": "6161.00000", "2012-09-30": "5997.00000", "2012-06-30": "5913.00000", "2012-03-31": "6006.00000", "2011-12-31": "5815.00000", "2011-09-30": "5813.00000", "2011-06-30": "5905.00000", "2011-03-31": "5771.00000", "2010-12-31": "5613.00000", "2010-09-30": "5627.00000", "2010-06-30": "5283.00000", "2010-03-31": "5351.00000", "2009-12-31": "5556.00000", "2009-09-30": "5388.00000", "2009-06-30": "4845.00000", "2009-03-31": "4748.00000", "2008-12-31": "4880.00000", "2008-09-30": "5152.00000", "2008-06-30": "5313.00000", "2008-03-31": "5185.00000", "2007-12-31": "4995.00000", "2007-09-30": "4951.00000", "2007-06-30": "4859.00000", "2007-03-31": "4650.00000", "2006-12-31": "4784.00000", "2006-09-30": "4786.00000", "2006-06-30": "4858.00000", "2006-03-31": "4837.00000", "2005-12-31": "4877.00000", "2005-09-30": "4730.00000", "2005-06-30": "4189.00000", "2005-03-31": "4291.00000"}, "Total Assets": {"2020-12-31": "10909.00000", "2020-09-30": "9769.00000", "2020-06-30": "9506.00000", "2020-03-31": "9545.00000", "2019-12-31": "9476.00000", "2019-09-30": "9414.00000", "2019-06-30": "9506.00000", "2019-03-31": "9574.00000", "2018-12-31": "9313.00000", "2018-09-30": "9824.00000", "2018-06-30": "9789.00000", "2018-03-31": "9780.00000", "2017-12-31": "9538.00000", "2017-09-30": "9062.00000", "2017-06-30": "8883.00000", "2017-03-31": "8288.00000", "2016-12-31": "8357.00000", "2016-09-30": "8757.00000", "2016-06-30": "8248.00000", "2016-03-31": "8392.00000", "2015-12-31": "8586.00000", "2015-09-30": "8908.00000", "2015-06-30": "8988.00000", "2015-03-31": "8626.00000", "2014-12-31": "8796.00000", "2014-09-30": "9710.00000", "2014-06-30": "9333.00000", "2014-03-31": "9129.00000", "2013-12-31": "9018.00000", "2013-09-30": "9512.00000", "2013-06-30": "9322.00000", "2013-03-31": "9068.00000", "2012-12-31": "9000.00000", "2012-09-30": "8965.00000", "2012-06-30": "8779.00000", "2012-03-31": "8823.00000", "2011-12-31": "8518.00000", "2011-09-30": "8711.00000", "2011-06-30": "8919.00000", "2011-03-31": "8622.00000", "2010-12-31": "8281.00000", "2010-09-30": "8394.00000", "2010-06-30": "8105.00000", "2010-03-31": "8202.00000", "2009-12-31": "8412.00000", "2009-09-30": "8250.00000", "2009-06-30": "7623.00000", "2009-03-31": "7337.00000", "2008-12-31": "7166.00000", "2008-09-30": "7972.00000", "2008-06-30": "8614.00000", "2008-03-31": "8315.00000", "2007-12-31": "8058.00000", "2007-09-30": "7541.00000", "2007-06-30": "7355.00000", "2007-03-31": "7887.00000", "2006-12-31": "7895.00000", "2006-09-30": "7626.00000", "2006-06-30": "7568.00000", "2006-03-31": "7521.00000", "2005-12-31": "7445.00000", "2005-09-30": "7340.00000", "2005-06-30": "7396.00000", "2005-03-31": "8403.00000"}, "Total Current Liabilities": {"2020-12-31": "1973.00000", "2020-09-30": "2409.00000", "2020-06-30": "2262.00000", "2020-03-31": "1928.00000", "2019-12-31": "1754.00000", "2019-09-30": "1533.00000", "2019-06-30": "1408.00000", "2019-03-31": "1822.00000", "2018-12-31": "1779.00000", "2018-09-30": "1532.00000", "2018-06-30": "1610.00000", "2018-03-31": "1602.00000", "2017-12-31": "1559.00000", "2017-09-30": "1550.00000", "2017-06-30": "1424.00000", "2017-03-31": "1015.00000", "2016-12-31": "1077.00000", "2016-09-30": "1098.00000", "2016-06-30": "1087.00000", "2016-03-31": "1095.00000", "2015-12-31": "1550.00000", "2015-09-30": "1516.00000", "2015-06-30": "1268.00000", "2015-03-31": "1195.00000", "2014-12-31": "1338.00000", "2014-09-30": "2189.00000", "2014-06-30": "1543.00000", "2014-03-31": "1510.00000", "2013-12-31": "1545.00000", "2013-09-30": "1597.00000", "2013-06-30": "1544.00000", "2013-03-31": "1351.00000", "2012-12-31": "1355.00000", "2012-09-30": "1395.00000", "2012-06-30": "1340.00000", "2012-03-31": "1471.00000", "2011-12-31": "1385.00000", "2011-09-30": "1613.00000", "2011-06-30": "1641.00000", "2011-03-31": "1610.00000", "2010-12-31": "1542.00000", "2010-09-30": "1637.00000", "2010-06-30": "1510.00000", "2010-03-31": "1540.00000", "2009-12-31": "1607.00000", "2009-09-30": "1473.00000", "2009-06-30": "1342.00000", "2009-03-31": "1299.00000", "2008-12-31": "1369.00000", "2008-09-30": "1698.00000", "2008-06-30": "1973.00000", "2008-03-31": "2084.00000", "2007-12-31": "2031.00000", "2007-09-30": "1791.00000", "2007-06-30": "1604.00000", "2007-03-31": "1741.00000", "2006-12-31": "2216.00000", "2006-09-30": "1947.00000", "2006-06-30": "1898.00000", "2006-03-31": "1985.00000", "2005-12-31": "2013.00000", "2005-09-30": "1932.00000", "2005-06-30": "1812.00000", "2005-03-31": "2799.00000"}, "Long Term Debt": {"2020-12-31": "3227.00000", "2020-09-30": "3140.00000", "2020-06-30": "2989.00000", "2020-03-31": "3356.00000", "2019-12-31": "3409.00000", "2019-09-30": "3359.00000", "2019-06-30": "3444.00000", "2019-03-31": "2933.00000", "2018-12-31": "2970.00000", "2018-09-30": "3196.00000", "2018-06-30": "3228.00000", "2018-03-31": "3343.00000", "2017-12-31": "3315.00000", "2017-09-30": "2954.00000", "2017-06-30": "2931.00000", "2017-03-31": "2851.00000", "2016-12-31": "2890.00000", "2016-09-30": "2923.00000", "2016-06-30": "2464.00000", "2016-03-31": "2487.00000", "2015-12-31": "2468.00000", "2015-09-30": "2541.00000", "2015-06-30": "2552.00000", "2015-03-31": "2536.00000", "2014-12-31": "2586.00000", "2014-09-30": "2639.00000", "2014-06-30": "2880.00000", "2014-03-31": "2881.00000", "2013-12-31": "2887.00000", "2013-09-30": "2870.00000", "2013-06-30": "2860.00000", "2013-03-31": "2959.00000", "2012-12-31": "2930.00000", "2012-09-30": "2839.00000", "2012-06-30": "2845.00000", "2012-03-31": "2875.00000", "2011-12-31": "2873.00000", "2011-09-30": "2893.00000", "2011-06-30": "2893.00000", "2011-03-31": "3003.00000", "2010-12-31": "2990.00000", "2010-09-30": "3010.00000", "2010-06-30": "3162.00000", "2010-03-31": "3233.00000", "2009-12-31": "3259.00000", "2009-09-30": "3312.00000", "2009-06-30": "3268.00000", "2009-03-31": "3274.00000", "2008-12-31": "3300.00000", "2008-09-30": "3318.00000", "2008-06-30": "3371.00000", "2008-03-31": "3351.00000", "2007-12-31": "3284.00000", "2007-09-30": "3252.00000", "2007-06-30": "3198.00000", "2007-03-31": "3305.00000", "2006-12-31": "3189.00000", "2006-09-30": "3244.00000", "2006-06-30": "3320.00000", "2006-03-31": "3306.00000", "2005-12-31": "3282.00000", "2005-09-30": "3315.00000", "2005-06-30": "3253.00000", "2005-03-31": "3300.00000"}, "Other Non-Current Liabilities": {"2020-12-31": "1097.00000", "2020-09-30": "981.00000", "2020-06-30": "947.00000", "2020-03-31": "992.00000", "2019-12-31": "977.00000", "2019-09-30": "932.00000", "2019-06-30": "943.00000", "2019-03-31": "914.00000", "2018-12-31": "930.00000", "2018-09-30": "907.00000", "2018-06-30": "916.00000", "2018-03-31": "951.00000", "2017-12-31": "1154.00000", "2017-09-30": "1228.00000", "2017-06-30": "1241.00000", "2017-03-31": "1241.00000", "2016-12-31": "1239.00000", "2016-09-30": "1446.00000", "2016-06-30": "1530.00000", "2016-03-31": "1596.00000", "2015-12-31": "1603.00000", "2015-09-30": "1532.00000", "2015-06-30": "1556.00000", "2015-03-31": "1566.00000", "2014-12-31": "1653.00000", "2014-09-30": "1522.00000", "2014-06-30": "1581.00000", "2014-03-31": "1598.00000", "2013-12-31": "1662.00000", "2013-09-30": "2900.00000", "2013-06-30": "2886.00000", "2013-03-31": "2879.00000", "2012-12-31": "2935.00000", "2012-09-30": "2685.00000", "2012-06-30": "2687.00000", "2012-03-31": "2798.00000", "2011-12-31": "2827.00000", "2011-09-30": "2633.00000", "2011-06-30": "2888.00000", "2011-03-31": "2751.00000", "2010-12-31": "2707.00000", "2010-09-30": "2698.00000", "2010-06-30": "2623.00000", "2010-03-31": "2726.00000", "2009-12-31": "2823.00000", "2009-09-30": "2652.00000", "2009-06-30": "2642.00000", "2009-03-31": "2599.00000", "2008-12-31": "2191.00000", "2008-09-30": "1682.00000", "2008-06-30": "1757.00000", "2008-03-31": "1469.00000", "2007-12-31": "1411.00000", "2007-09-30": "1572.00000", "2007-06-30": "1591.00000", "2007-03-31": "1592.00000", "2006-12-31": "1332.00000", "2006-09-30": "1519.00000", "2006-06-30": "1564.00000", "2006-03-31": "1536.00000", "2005-12-31": "1566.00000", "2005-09-30": "1660.00000", "2005-06-30": "1455.00000", "2005-03-31": "1480.00000"}, "Total Long Term Liabilities": {"2020-12-31": "5041.00000", "2020-09-30": "4476.00000", "2020-06-30": "4375.00000", "2020-03-31": "4781.00000", "2019-12-31": "4824.00000", "2019-09-30": "4742.00000", "2019-06-30": "4844.00000", "2019-03-31": "4313.00000", "2018-12-31": "4155.00000", "2018-09-30": "4349.00000", "2018-06-30": "4392.00000", "2018-03-31": "4513.00000", "2017-12-31": "4680.00000", "2017-09-30": "4377.00000", "2017-06-30": "4337.00000", "2017-03-31": "4232.00000", "2016-12-31": "4259.00000", "2016-09-30": "4508.00000", "2016-06-30": "4110.00000", "2016-03-31": "4199.00000", "2015-12-31": "4207.00000", "2015-09-30": "4195.00000", "2015-06-30": "4235.00000", "2015-03-31": "4232.00000", "2014-12-31": "4380.00000", "2014-09-30": "4386.00000", "2014-06-30": "4689.00000", "2014-03-31": "4699.00000", "2013-12-31": "4774.00000", "2013-09-30": "5831.00000", "2013-06-30": "5793.00000", "2013-03-31": "5882.00000", "2012-12-31": "5915.00000", "2012-09-30": "5655.00000", "2012-06-30": "5662.00000", "2012-03-31": "5811.00000", "2011-12-31": "5792.00000", "2011-09-30": "5642.00000", "2011-06-30": "5905.00000", "2011-03-31": "5876.00000", "2010-12-31": "5813.00000", "2010-09-30": "5840.00000", "2010-06-30": "5906.00000", "2010-03-31": "6088.00000", "2009-12-31": "6219.00000", "2009-09-30": "6091.00000", "2009-06-30": "6033.00000", "2009-03-31": "5991.00000", "2008-12-31": "5613.00000", "2008-09-30": "5245.00000", "2008-06-30": "5409.00000", "2008-03-31": "5112.00000", "2007-12-31": "4965.00000", "2007-09-30": "5076.00000", "2007-06-30": "5095.00000", "2007-03-31": "5167.00000", "2006-12-31": "4892.00000", "2006-09-30": "5133.00000", "2006-06-30": "5252.00000", "2006-03-31": "5194.00000", "2005-12-31": "5197.00000", "2005-09-30": "5349.00000", "2005-06-30": "5458.00000", "2005-03-31": "5543.00000"}, "Total Liabilities": {"2020-12-31": "7014.00000", "2020-09-30": "6885.00000", "2020-06-30": "6637.00000", "2020-03-31": "6709.00000", "2019-12-31": "6578.00000", "2019-09-30": "6275.00000", "2019-06-30": "6252.00000", "2019-03-31": "6135.00000", "2018-12-31": "5934.00000", "2018-09-30": "5881.00000", "2018-06-30": "6002.00000", "2018-03-31": "6115.00000", "2017-12-31": "6239.00000", "2017-09-30": "5927.00000", "2017-06-30": "5761.00000", "2017-03-31": "5247.00000", "2016-12-31": "5336.00000", "2016-09-30": "5606.00000", "2016-06-30": "5197.00000", "2016-03-31": "5294.00000", "2015-12-31": "5757.00000", "2015-09-30": "5711.00000", "2015-06-30": "5503.00000", "2015-03-31": "5427.00000", "2014-12-31": "5718.00000", "2014-09-30": "6575.00000", "2014-06-30": "6232.00000", "2014-03-31": "6209.00000", "2013-12-31": "6319.00000", "2013-09-30": "7428.00000", "2013-06-30": "7337.00000", "2013-03-31": "7233.00000", "2012-12-31": "7270.00000", "2012-09-30": "7050.00000", "2012-06-30": "7002.00000", "2012-03-31": "7282.00000", "2011-12-31": "7177.00000", "2011-09-30": "7255.00000", "2011-06-30": "7546.00000", "2011-03-31": "7486.00000", "2010-12-31": "7355.00000", "2010-09-30": "7477.00000", "2010-06-30": "7416.00000", "2010-03-31": "7628.00000", "2009-12-31": "7826.00000", "2009-09-30": "7564.00000", "2009-06-30": "7375.00000", "2009-03-31": "7290.00000", "2008-12-31": "6982.00000", "2008-09-30": "6943.00000", "2008-06-30": "7382.00000", "2008-03-31": "7196.00000", "2007-12-31": "6996.00000", "2007-09-30": "6867.00000", "2007-06-30": "6699.00000", "2007-03-31": "6908.00000", "2006-12-31": "7108.00000", "2006-09-30": "7080.00000", "2006-06-30": "7150.00000", "2006-03-31": "7179.00000", "2005-12-31": "7210.00000", "2005-09-30": "7281.00000", "2005-06-30": "7270.00000", "2005-03-31": "8342.00000"}, "Common Stock Net": {"2020-12-31": "", "2020-09-30": "", "2020-06-30": "", "2020-03-31": "", "2019-12-31": "", "2019-09-30": "", "2019-06-30": "", "2019-03-31": "", "2018-12-31": "", "2018-09-30": "", "2018-06-30": "", "2018-03-31": "", "2017-12-31": "", "2017-09-30": "", "2017-06-30": "", "2017-03-31": "", "2016-12-31": "", "2016-09-30": "", "2016-06-30": "", "2016-03-31": "", "2015-12-31": "", "2015-09-30": "", "2015-06-30": "", "2015-03-31": "", "2014-12-31": "", "2014-09-30": "", "2014-06-30": "", "2014-03-31": "", "2013-12-31": "", "2013-09-30": "", "2013-06-30": "", "2013-03-31": "", "2012-12-31": "", "2012-09-30": "", "2012-06-30": "", "2012-03-31": "", "2011-12-31": "", "2011-09-30": "", "2011-06-30": "", "2011-03-31": "", "2010-12-31": "", "2010-09-30": "", "2010-06-30": "", "2010-03-31": "", "2009-12-31": "", "2009-09-30": "", "2009-06-30": "", "2009-03-31": "", "2008-12-31": "", "2008-09-30": "", "2008-06-30": "-529.00000", "2008-03-31": "", "2007-12-31": "", "2007-09-30": "", "2007-06-30": "", "2007-03-31": "", "2006-12-31": "", "2006-09-30": "", "2006-06-30": "", "2006-03-31": "", "2005-12-31": "", "2005-09-30": "", "2005-06-30": "", "2005-03-31": ""}, "Retained Earnings (Accumulated Deficit)": {"2020-12-31": "8091.00000", "2020-09-30": "6710.00000", "2020-06-30": "6576.00000", "2020-03-31": "6543.00000", "2019-12-31": "6399.00000", "2019-09-30": "6431.00000", "2019-06-30": "6245.00000", "2019-03-31": "6114.00000", "2018-12-31": "5847.00000", "2018-09-30": "5819.00000", "2018-06-30": "5491.00000", "2018-03-31": "5220.00000", "2017-12-31": "4920.00000", "2017-09-30": "4781.00000", "2017-06-30": "4617.00000", "2017-03-31": "4451.00000", "2016-12-31": "4320.00000", "2016-09-30": "4211.00000", "2016-06-30": "4001.00000", "2016-03-31": "3834.00000", "2015-12-31": "3621.00000", "2015-09-30": "3962.00000", "2015-06-30": "3848.00000", "2015-03-31": "3689.00000", "2014-12-31": "3491.00000", "2014-09-30": "3613.00000", "2014-06-30": "3399.00000", "2014-03-31": "3179.00000", "2013-12-31": "3011.00000", "2013-09-30": "2385.00000", "2013-06-30": "2242.00000", "2013-03-31": "2123.00000", "2012-12-31": "1993.00000", "2012-09-30": "2903.00000", "2012-06-30": "2798.00000", "2012-03-31": "2597.00000", "2011-12-31": "2424.00000", "2011-09-30": "2338.00000", "2011-06-30": "2180.00000", "2011-03-31": "1985.00000", "2010-12-31": "1851.00000", "2010-09-30": "1801.00000", "2010-06-30": "1664.00000", "2010-03-31": "1511.00000", "2009-12-31": "1505.00000", "2009-09-30": "1505.00000", "2009-06-30": "1114.00000", "2009-03-31": "1018.00000", "2008-12-31": "1047.00000", "2008-09-30": "1210.00000", "2008-06-30": "1061.00000", "2008-03-31": "935.00000", "2007-12-31": "799.00000", "2007-09-30": "594.00000", "2007-06-30": "474.00000", "2007-03-31": "600.00000", "2006-12-31": "394.00000", "2006-09-30": "326.00000", "2006-06-30": "226.00000", "2006-03-31": "132.00000", "2005-12-31": "24.00000", "2005-09-30": "-151.00000", "2005-06-30": "-196.00000", "2005-03-31": "-263.00000"}, "Comprehensive Income": {"2020-12-31": "-328.00000", "2020-09-30": "-344.00000", "2020-06-30": "-346.00000", "2020-03-31": "-341.00000", "2019-12-31": "-300.00000", "2019-09-30": "-306.00000", "2019-06-30": "-267.00000", "2019-03-31": "-243.00000", "2018-12-31": "-247.00000", "2018-09-30": "-219.00000", "2018-06-30": "-188.00000", "2018-03-31": "-128.00000", "2017-12-31": "-177.00000", "2017-09-30": "-206.00000", "2017-06-30": "-247.00000", "2017-03-31": "-327.00000", "2016-12-31": "-358.00000", "2016-09-30": "-310.00000", "2016-06-30": "-301.00000", "2016-03-31": "-283.00000", "2015-12-31": "-348.00000", "2015-09-30": "-292.00000", "2015-06-30": "-281.00000", "2015-03-31": "-322.00000", "2014-12-31": "-165.00000", "2014-09-30": "-190.00000", "2014-06-30": "-53.00000", "2014-03-31": "-14.00000", "2013-12-31": "-4.00000", "2013-09-30": "-47.00000", "2013-06-30": "-91.00000", "2013-03-31": "-119.00000", "2012-12-31": "-89.00000", "2012-09-30": "-822.00000", "2012-06-30": "-858.00000", "2012-03-31": "-817.00000", "2011-12-31": "-850.00000", "2011-09-30": "-626.00000", "2011-06-30": "-566.00000", "2011-03-31": "-600.00000", "2010-12-31": "-670.00000", "2010-09-30": "-606.00000", "2010-06-30": "-709.00000", "2010-03-31": "-686.00000", "2009-12-31": "-660.00000", "2009-09-30": "-543.00000", "2009-06-30": "-588.00000", "2009-03-31": "-690.00000", "2008-12-31": "-579.00000", "2008-09-30": "108.00000", "2008-06-30": "206.00000", "2008-03-31": "164.00000", "2007-12-31": "197.00000", "2007-09-30": "55.00000", "2007-06-30": "48.00000", "2007-03-31": "-9.00000", "2006-12-31": "31.00000", "2006-09-30": "-136.00000", "2006-06-30": "-156.00000", "2006-03-31": "-133.00000", "2005-12-31": "-126.00000", "2005-09-30": "-134.00000", "2005-06-30": "-28.00000", "2005-03-31": "-28.00000"}, "Other Share Holders Equity": {"2020-12-31": "", "2020-09-30": "", "2020-06-30": "", "2020-03-31": "", "2019-12-31": "", "2019-09-30": "", "2019-06-30": "", "2019-03-31": "", "2018-12-31": "", "2018-09-30": "", "2018-06-30": "", "2018-03-31": "", "2017-12-31": "", "2017-09-30": "", "2017-06-30": "", "2017-03-31": "", "2016-12-31": "", "2016-09-30": "", "2016-06-30": "", "2016-03-31": "", "2015-12-31": "", "2015-09-30": "", "2015-06-30": "", "2015-03-31": "", "2014-12-31": "", "2014-09-30": "", "2014-06-30": "", "2014-03-31": "", "2013-12-31": "", "2013-09-30": "", "2013-06-30": "", "2013-03-31": "", "2012-12-31": "", "2012-09-30": "", "2012-06-30": "", "2012-03-31": "", "2011-12-31": "", "2011-09-30": "", "2011-06-30": "", "2011-03-31": "", "2010-12-31": "", "2010-09-30": "", "2010-06-30": "", "2010-03-31": "", "2009-12-31": "", "2009-09-30": "", "2009-06-30": "", "2009-03-31": "", "2008-12-31": "", "2008-09-30": "", "2008-06-30": "", "2008-03-31": "", "2007-12-31": "", "2007-09-30": "", "2007-06-30": "", "2007-03-31": "", "2006-12-31": "", "2006-09-30": "", "2006-06-30": "", "2006-03-31": "", "2005-12-31": "", "2005-09-30": "", "2005-06-30": "", "2005-03-31": ""}, "Share Holder Equity": {"2020-12-31": "3895.00000", "2020-09-30": "2884.00000", "2020-06-30": "2869.00000", "2020-03-31": "2836.00000", "2019-12-31": "2898.00000", "2019-09-30": "3139.00000", "2019-06-30": "3254.00000", "2019-03-31": "3439.00000", "2018-12-31": "3379.00000", "2018-09-30": "3943.00000", "2018-06-30": "3787.00000", "2018-03-31": "3665.00000", "2017-12-31": "3299.00000", "2017-09-30": "3135.00000", "2017-06-30": "3122.00000", "2017-03-31": "3041.00000", "2016-12-31": "3021.00000", "2016-09-30": "3151.00000", "2016-06-30": "3051.00000", "2016-03-31": "3098.00000", "2015-12-31": "2829.00000", "2015-09-30": "3197.00000", "2015-06-30": "3485.00000", "2015-03-31": "3199.00000", "2014-12-31": "3078.00000", "2014-09-30": "3135.00000", "2014-06-30": "3101.00000", "2014-03-31": "2920.00000", "2013-12-31": "2699.00000", "2013-09-30": "2084.00000", "2013-06-30": "1985.00000", "2013-03-31": "1835.00000", "2012-12-31": "1730.00000", "2012-09-30": "1915.00000", "2012-06-30": "1777.00000", "2012-03-31": "1541.00000", "2011-12-31": "1341.00000", "2011-09-30": "1456.00000", "2011-06-30": "1373.00000", "2011-03-31": "1136.00000", "2010-12-31": "926.00000", "2010-09-30": "917.00000", "2010-06-30": "689.00000", "2010-03-31": "574.00000", "2009-12-31": "586.00000", "2009-09-30": "686.00000", "2009-06-30": "248.00000", "2009-03-31": "47.00000", "2008-12-31": "184.00000", "2008-09-30": "1029.00000", "2008-06-30": "1232.00000", "2008-03-31": "1119.00000", "2007-12-31": "1062.00000", "2007-09-30": "674.00000", "2007-06-30": "656.00000", "2007-03-31": "979.00000", "2006-12-31": "787.00000", "2006-09-30": "546.00000", "2006-06-30": "418.00000", "2006-03-31": "342.00000", "2005-12-31": "235.00000", "2005-09-30": "59.00000", "2005-06-30": "126.00000", "2005-03-31": "61.00000"}, "Total Liabilities And Share Holders Equity": {"2020-12-31": "10909.00000", "2020-09-30": "9769.00000", "2020-06-30": "9506.00000", "2020-03-31": "9545.00000", "2019-12-31": "9476.00000", "2019-09-30": "9414.00000", "2019-06-30": "9506.00000", "2019-03-31": "9574.00000", "2018-12-31": "9313.00000", "2018-09-30": "9824.00000", "2018-06-30": "9789.00000", "2018-03-31": "9780.00000", "2017-12-31": "9538.00000", "2017-09-30": "9062.00000", "2017-06-30": "8883.00000", "2017-03-31": "8288.00000", "2016-12-31": "8357.00000", "2016-09-30": "8757.00000", "2016-06-30": "8248.00000", "2016-03-31": "8392.00000", "2015-12-31": "8586.00000", "2015-09-30": "8908.00000", "2015-06-30": "8988.00000", "2015-03-31": "8626.00000", "2014-12-31": "8796.00000", "2014-09-30": "9710.00000", "2014-06-30": "9333.00000", "2014-03-31": "9129.00000", "2013-12-31": "9018.00000", "2013-09-30": "9512.00000", "2013-06-30": "9322.00000", "2013-03-31": "9068.00000", "2012-12-31": "9000.00000", "2012-09-30": "8965.00000", "2012-06-30": "8779.00000", "2012-03-31": "8823.00000", "2011-12-31": "8518.00000", "2011-09-30": "8711.00000", "2011-06-30": "8919.00000", "2011-03-31": "8622.00000", "2010-12-31": "8281.00000", "2010-09-30": "8394.00000", "2010-06-30": "8105.00000", "2010-03-31": "8202.00000", "2009-12-31": "8412.00000", "2009-09-30": "8250.00000", "2009-06-30": "7623.00000", "2009-03-31": "7337.00000", "2008-12-31": "7166.00000", "2008-09-30": "7972.00000", "2008-06-30": "8614.00000", "2008-03-31": "8315.00000", "2007-12-31": "8058.00000", "2007-09-30": "7541.00000", "2007-06-30": "7355.00000", "2007-03-31": "7887.00000", "2006-12-31": "7895.00000", "2006-09-30": "7626.00000", "2006-06-30": "7568.00000", "2006-03-31": "7521.00000", "2005-12-31": "7445.00000", "2005-09-30": "7340.00000", "2005-06-30": "7396.00000", "2005-03-31": "8403.00000"}}, "cash flow statement": {"Net Income/Loss": {"2020-12-31": "0.00000", "2019-12-31": "858.00000", "2018-12-31": "1213.00000", "2017-12-31": "849.00000", "2016-12-31": "906.00000", "2015-12-31": "285.00000", "2014-12-31": "620.00000", "2013-12-31": "1101.00000", "2012-12-31": "372.00000", "2011-12-31": "427.00000", "2010-12-31": "377.00000", "2009-12-31": "498.00000", "2008-12-31": "280.00000", "2007-12-31": "427.00000", "2006-12-31": "406.00000", "2005-12-31": "277.00000"}, "Total Depreciation And Amortization - Cash Flow": {"2020-12-31": "", "2019-12-31": "356.00000", "2018-12-31": "349.00000", "2017-12-31": "310.00000", "2016-12-31": "295.00000", "2015-12-31": "363.00000", "2014-12-31": "298.00000", "2013-12-31": "319.00000", "2012-12-31": "320.00000", "2011-12-31": "311.00000", "2010-12-31": "300.00000", "2009-12-31": "319.00000", "2008-12-31": "360.00000", "2007-12-31": "311.00000", "2006-12-31": "323.00000", "2005-12-31": "325.00000"}, "Other Non-Cash Items": {"2020-12-31": "", "2019-12-31": "89.00000", "2018-12-31": "244.00000", "2017-12-31": "-529.00000", "2016-12-31": "-205.00000", "2015-12-31": "225.00000", "2014-12-31": "35.00000", "2013-12-31": "-605.00000", "2012-12-31": "3.00000", "2011-12-31": "157.00000", "2010-12-31": "37.00000", "2009-12-31": "-359.00000", "2008-12-31": "83.00000", "2007-12-31": "149.00000", "2006-12-31": "154.00000", "2005-12-31": "112.00000"}, "Total Non-Cash Items": {"2020-12-31": "", "2019-12-31": "445.00000", "2018-12-31": "593.00000", "2017-12-31": "-219.00000", "2016-12-31": "90.00000", "2015-12-31": "588.00000", "2014-12-31": "333.00000", "2013-12-31": "-286.00000", "2012-12-31": "323.00000", "2011-12-31": "468.00000", "2010-12-31": "337.00000", "2009-12-31": "-40.00000", "2008-12-31": "443.00000", "2007-12-31": "460.00000", "2006-12-31": "477.00000", "2005-12-31": "437.00000"}, "Change In Accounts Receivable": {"2020-12-31": "", "2019-12-31": "165.00000", "2018-12-31": "-48.00000", "2017-12-31": "-110.00000", "2016-12-31": "-59.00000", "2015-12-31": "61.00000", "2014-12-31": "23.00000", "2013-12-31": "-23.00000", "2012-12-31": "50.00000", "2011-12-31": "-83.00000", "2010-12-31": "-90.00000", "2009-12-31": "-79.00000", "2008-12-31": "339.00000", "2007-12-31": "-69.00000", "2006-12-31": "-9.00000", "2005-12-31": "35.00000"}, "Change In Inventories": {"2020-12-31": "", "2019-12-31": "6.00000", "2018-12-31": "-158.00000", "2017-12-31": "-97.00000", "2016-12-31": "8.00000", "2015-12-31": "62.00000", "2014-12-31": "-15.00000", "2013-12-31": "-81.00000", "2012-12-31": "6.00000", "2011-12-31": "-112.00000", "2010-12-31": "-98.00000", "2009-12-31": "30.00000", "2008-12-31": "21.00000", "2007-12-31": "-27.00000", "2006-12-31": "19.00000", "2005-12-31": "25.00000"}, "Change In Accounts Payable": {"2020-12-31": "", "2019-12-31": "-59.00000", "2018-12-31": "15.00000", "2017-12-31": "126.00000", "2016-12-31": "7.00000", "2015-12-31": "-111.00000", "2014-12-31": "-13.00000", "2013-12-31": "109.00000", "2012-12-31": "5.00000", "2011-12-31": "22.00000", "2010-12-31": "19.00000", "2009-12-31": "104.00000", "2008-12-31": "-265.00000", "2007-12-31": "-11.00000", "2006-12-31": "-22.00000", "2005-12-31": "9.00000"}, "Change In Assets/Liabilities": {"2020-12-31": "", "2019-12-31": "39.00000", "2018-12-31": "-57.00000", "2017-12-31": "254.00000", "2016-12-31": "-59.00000", "2015-12-31": "-23.00000", "2014-12-31": "14.00000", "2013-12-31": "-58.00000", "2012-12-31": "-34.00000", "2011-12-31": "-84.00000", "2010-12-31": "-93.00000", "2009-12-31": "83.00000", "2008-12-31": "-232.00000", "2007-12-31": "-214.00000", "2006-12-31": "-120.00000", "2005-12-31": "-82.00000"}, "Total Change In Assets/Liabilities": {"2020-12-31": "", "2019-12-31": "151.00000", "2018-12-31": "-248.00000", "2017-12-31": "173.00000", "2016-12-31": "-103.00000", "2015-12-31": "-11.00000", "2014-12-31": "9.00000", "2013-12-31": "-53.00000", "2012-12-31": "27.00000", "2011-12-31": "-257.00000", "2010-12-31": "-262.00000", "2009-12-31": "138.00000", "2008-12-31": "-137.00000", "2007-12-31": "-321.00000", "2006-12-31": "-132.00000", "2005-12-31": "-13.00000"}, "Cash Flow From Operating Activities": {"2020-12-31": "", "2019-12-31": "1454.00000", "2018-12-31": "1558.00000", "2017-12-31": "803.00000", "2016-12-31": "893.00000", "2015-12-31": "862.00000", "2014-12-31": "962.00000", "2013-12-31": "762.00000", "2012-12-31": "722.00000", "2011-12-31": "638.00000", "2010-12-31": "452.00000", "2009-12-31": "596.00000", "2008-12-31": "586.00000", "2007-12-31": "566.00000", "2006-12-31": "751.00000", "2005-12-31": "701.00000"}, "Net Change In Property, Plant, And Equipment": {"2020-12-31": "", "2019-12-31": "-370.00000", "2018-12-31": "-337.00000", "2017-12-31": "-267.00000", "2016-12-31": "-246.00000", "2015-12-31": "-520.00000", "2014-12-31": "-678.00000", "2013-12-31": "-377.00000", "2012-12-31": "-410.00000", "2011-12-31": "-553.00000", "2010-12-31": "-513.00000", "2009-12-31": "-176.00000", "2008-12-31": "-274.00000", "2007-12-31": "-288.00000", "2006-12-31": "-244.00000", "2005-12-31": "-203.00000"}, "Net Change In Intangible Assets": {"2020-12-31": "", "2019-12-31": "", "2018-12-31": "", "2017-12-31": "", "2016-12-31": "", "2015-12-31": "", "2014-12-31": "", "2013-12-31": "", "2012-12-31": "", "2011-12-31": "", "2010-12-31": "", "2009-12-31": "", "2008-12-31": "", "2007-12-31": "", "2006-12-31": "", "2005-12-31": ""}, "Net Acquisitions/Divestitures": {"2020-12-31": "", "2019-12-31": "-90.00000", "2018-12-31": "-131.00000", "2017-12-31": "-268.00000", "2016-12-31": "-166.00000", "2015-12-31": "-2.00000", "2014-12-31": "-10.00000", "2013-12-31": "13.00000", "2012-12-31": "-22.00000", "2011-12-31": "-2.00000", "2010-12-31": "-20.00000", "2009-12-31": "162.00000", "2008-12-31": "9.00000", "2007-12-31": "446.00000", "2006-12-31": "5.00000", "2005-12-31": "-783.00000"}, "Net Change In Short-term Investments": {"2020-12-31": "", "2019-12-31": "-16.00000", "2018-12-31": "", "2017-12-31": "", "2016-12-31": "", "2015-12-31": "", "2014-12-31": "", "2013-12-31": "", "2012-12-31": "", "2011-12-31": "", "2010-12-31": "", "2009-12-31": "15.00000", "2008-12-31": "111.00000", "2007-12-31": "10.00000", "2006-12-31": "30.00000", "2005-12-31": "72.00000"}, "Net Change In Long-Term Investments": {"2020-12-31": "", "2019-12-31": "", "2018-12-31": "", "2017-12-31": "", "2016-12-31": "", "2015-12-31": "", "2014-12-31": "", "2013-12-31": "", "2012-12-31": "", "2011-12-31": "", "2010-12-31": "", "2009-12-31": "", "2008-12-31": "", "2007-12-31": "", "2006-12-31": "", "2005-12-31": ""}, "Net Change In Investments - Total": {"2020-12-31": "", "2019-12-31": "-16.00000", "2018-12-31": "", "2017-12-31": "", "2016-12-31": "", "2015-12-31": "", "2014-12-31": "", "2013-12-31": "", "2012-12-31": "", "2011-12-31": "", "2010-12-31": "", "2009-12-31": "15.00000", "2008-12-31": "111.00000", "2007-12-31": "10.00000", "2006-12-31": "30.00000", "2005-12-31": "72.00000"}, "Investing Activities - Other": {"2020-12-31": "", "2019-12-31": "-17.00000", "2018-12-31": "-39.00000", "2017-12-31": "-14.00000", "2016-12-31": "-27.00000", "2015-12-31": "-36.00000", "2014-12-31": "-17.00000", "2013-12-31": "-58.00000", "2012-12-31": "-68.00000", "2011-12-31": "114.00000", "2010-12-31": "-27.00000", "2009-12-31": "30.00000", "2008-12-31": "-47.00000", "2007-12-31": "-25.00000", "2006-12-31": "-59.00000", "2005-12-31": "7.00000"}, "Cash Flow From Investing Activities": {"2020-12-31": "", "2019-12-31": "-493.00000", "2018-12-31": "-507.00000", "2017-12-31": "-549.00000", "2016-12-31": "-439.00000", "2015-12-31": "-558.00000", "2014-12-31": "-705.00000", "2013-12-31": "-422.00000", "2012-12-31": "-500.00000", "2011-12-31": "-441.00000", "2010-12-31": "-560.00000", "2009-12-31": "31.00000", "2008-12-31": "-201.00000", "2007-12-31": "143.00000", "2006-12-31": "-268.00000", "2005-12-31": "-907.00000"}, "Net Long-Term Debt": {"2020-12-31": "", "2019-12-31": "139.00000", "2018-12-31": "25.00000", "2017-12-31": "274.00000", "2016-12-31": "382.00000", "2015-12-31": "-24.00000", "2014-12-31": "-239.00000", "2013-12-31": "-124.00000", "2012-12-31": "61.00000", "2011-12-31": "-180.00000", "2010-12-31": "-297.00000", "2009-12-31": "-80.00000", "2008-12-31": "-34.00000", "2007-12-31": "-149.00000", "2006-12-31": "-87.00000", "2005-12-31": "-224.00000"}, "Net Current Debt": {"2020-12-31": "", "2019-12-31": "273.00000", "2018-12-31": "-65.00000", "2017-12-31": "169.00000", "2016-12-31": "-389.00000", "2015-12-31": "347.00000", "2014-12-31": "-38.00000", "2013-12-31": "43.00000", "2012-12-31": "2.00000", "2011-12-31": "-16.00000", "2010-12-31": "-16.00000", "2009-12-31": "-9.00000", "2008-12-31": "-64.00000", "2007-12-31": "30.00000", "2006-12-31": "13.00000", "2005-12-31": "22.00000"}, "Debt Issuance/Retirement Net - Total": {"2020-12-31": "", "2019-12-31": "412.00000", "2018-12-31": "-40.00000", "2017-12-31": "443.00000", "2016-12-31": "-7.00000", "2015-12-31": "323.00000", "2014-12-31": "-277.00000", "2013-12-31": "-81.00000", "2012-12-31": "63.00000", "2011-12-31": "-196.00000", "2010-12-31": "-313.00000", "2009-12-31": "-89.00000", "2008-12-31": "-98.00000", "2007-12-31": "-119.00000", "2006-12-31": "-74.00000", "2005-12-31": "-202.00000"}, "Net Common Equity Issued/Repurchased": {"2020-12-31": "", "2019-12-31": "-997.00000", "2018-12-31": "-805.00000", "2017-12-31": "-499.00000", "2016-12-31": "-494.00000", "2015-12-31": "-417.00000", "2014-12-31": "-245.00000", "2013-12-31": "-155.00000", "2012-12-31": "17.00000", "2011-12-31": "-11.00000", "2010-12-31": "-34.00000", "2009-12-31": "14.00000", "2008-12-31": "-360.00000", "2007-12-31": "-334.00000", "2006-12-31": "2.00000", "2005-12-31": "764.00000"}, "Net Total Equity Issued/Repurchased": {"2020-12-31": "", "2019-12-31": "-997.00000", "2018-12-31": "-805.00000", "2017-12-31": "-499.00000", "2016-12-31": "-494.00000", "2015-12-31": "-417.00000", "2014-12-31": "-245.00000", "2013-12-31": "-155.00000", "2012-12-31": "17.00000", "2011-12-31": "-11.00000", "2010-12-31": "-34.00000", "2009-12-31": "14.00000", "2008-12-31": "-360.00000", "2007-12-31": "-334.00000", "2006-12-31": "2.00000", "2005-12-31": "997.00000"}, "Total Common And Preferred Stock Dividends Paid": {"2020-12-31": "", "2019-12-31": "-300.00000", "2018-12-31": "-280.00000", "2017-12-31": "-241.00000", "2016-12-31": "-201.00000", "2015-12-31": "-174.00000", "2014-12-31": "-144.00000", "2013-12-31": "-83.00000", "2012-12-31": "-43.00000", "2011-12-31": "-34.00000", "2010-12-31": "-31.00000", "2009-12-31": "-33.00000", "2008-12-31": "-34.00000", "2007-12-31": "-35.00000", "2006-12-31": "-36.00000", "2005-12-31": "-825.00000"}, "Financial Activities - Other": {"2020-12-31": "", "2019-12-31": "-50.00000", "2018-12-31": "-40.00000", "2017-12-31": "-54.00000", "2016-12-31": "-57.00000", "2015-12-31": "202.00000", "2014-12-31": "251.00000", "2013-12-31": "-7.00000", "2012-12-31": "12.00000", "2011-12-31": "-12.00000", "2010-12-31": "-10.00000", "2009-12-31": "-4.00000", "2008-12-31": "-7.00000", "2007-12-31": "-226.00000", "2006-12-31": "", "2005-12-31": "-114.00000"}, "Cash Flow From Financial Activities": {"2020-12-31": "", "2019-12-31": "-935.00000", "2018-12-31": "-1165.00000", "2017-12-31": "-351.00000", "2016-12-31": "-759.00000", "2015-12-31": "-66.00000", "2014-12-31": "-415.00000", "2013-12-31": "-326.00000", "2012-12-31": "49.00000", "2011-12-31": "-253.00000", "2010-12-31": "-388.00000", "2009-12-31": "-112.00000", "2008-12-31": "-499.00000", "2007-12-31": "-714.00000", "2006-12-31": "-108.00000", "2005-12-31": "-144.00000"}, "Net Cash Flow": {"2020-12-31": "", "2019-12-31": "24.00000", "2018-12-31": "-137.00000", "2017-12-31": "-62.00000", "2016-12-31": "-329.00000", "2015-12-31": "187.00000", "2014-12-31": "-204.00000", "2013-12-31": "25.00000", "2012-12-31": "277.00000", "2011-12-31": "-58.00000", "2010-12-31": "-514.00000", "2009-12-31": "578.00000", "2008-12-31": "-149.00000", "2007-12-31": "34.00000", "2006-12-31": "401.00000", "2005-12-31": "-448.00000"}, "Stock-Based Compensation": {"2020-12-31": "", "2019-12-31": "48.00000", "2018-12-31": "71.00000", "2017-12-31": "47.00000", "2016-12-31": "31.00000", "2015-12-31": "40.00000", "2014-12-31": "46.00000", "2013-12-31": "24.00000", "2012-12-31": "20.00000", "2011-12-31": "", "2010-12-31": "", "2009-12-31": "", "2008-12-31": "", "2007-12-31": "", "2006-12-31": "", "2005-12-31": ""}, "Common Stock Dividends Paid": {"2020-12-31": "", "2019-12-31": "-300.00000", "2018-12-31": "-280.00000", "2017-12-31": "-241.00000", "2016-12-31": "-201.00000", "2015-12-31": "-174.00000", "2014-12-31": "-144.00000", "2013-12-31": "-83.00000", "2012-12-31": "-43.00000", "2011-12-31": "-34.00000", "2010-12-31": "-28.00000", "2009-12-31": "-23.00000", "2008-12-31": "-24.00000", "2007-12-31": "-25.00000", "2006-12-31": "-26.00000", "2005-12-31": "-825.00000"}}, "cash flow statement, quarterly": {"Net Income/Loss": {"2020-12-31": -538, "2020-09-30": 209, "2020-06-30": 109, "2020-03-31": "220.00000", "2019-12-31": 45, "2019-09-30": 265, "2019-06-30": 210, "2019-03-31": "338.00000", "2018-12-31": 101, "2018-09-30": 402, "2018-06-30": 345, "2018-03-31": "365.00000", "2017-12-31": 204, "2017-09-30": 228, "2017-06-30": 233, "2017-03-31": "184.00000", "2016-12-31": 161, "2016-09-30": 263, "2016-06-30": 223, "2016-03-31": "259.00000", "2015-12-31": -301, "2015-09-30": 151, "2015-06-30": 201, "2015-03-31": "234.00000", "2014-12-31": -85, "2014-09-30": 252, "2014-06-30": 258, "2014-03-31": "195.00000", "2013-12-31": 654, "2013-09-30": 172, "2013-06-30": 133, "2013-03-31": "142.00000", "2012-12-31": -169, "2012-09-30": 127, "2012-06-30": 221, "2012-03-31": "193.00000", "2011-12-31": -85, "2011-09-30": 167, "2011-06-30": 203, "2011-03-31": "142.00000", "2010-12-31": 58, "2010-09-30": 145, "2010-06-30": 160, "2010-03-31": "14.00000", "2009-12-31": 6, "2009-09-30": 398, "2009-06-30": 114, "2009-03-31": "-20.00000", "2008-12-31": -156, "2008-09-30": 158, "2008-06-30": 133, "2008-03-31": "145.00000", "2007-12-31": 215, "2007-09-30": 128, "2007-06-30": -117, "2007-03-31": "201.00000", "2006-12-31": 77, "2006-09-30": 109, "2006-06-30": 103, "2006-03-31": "117.00000", "2005-12-31": 175, "2005-09-30": 45, "2005-06-30": 67, "2005-03-31": "-10.00000"}, "Total Depreciation And Amortization - Cash Flow": {"2020-12-31": -265, "2020-09-30": 90, "2020-06-30": 89, "2020-03-31": "86.00000", "2019-12-31": 91, "2019-09-30": 95, "2019-06-30": 86, "2019-03-31": "84.00000", "2018-12-31": 91, "2018-09-30": 90, "2018-06-30": 88, "2018-03-31": "80.00000", "2017-12-31": 79, "2017-09-30": 82, "2017-06-30": 77, "2017-03-31": "72.00000", "2016-12-31": 72, "2016-09-30": 74, "2016-06-30": 75, "2016-03-31": "74.00000", "2015-12-31": 106, "2015-09-30": 82, "2015-06-30": 107, "2015-03-31": "68.00000", "2014-12-31": 72, "2014-09-30": 75, "2014-06-30": 75, "2014-03-31": "76.00000", "2013-12-31": 81, "2013-09-30": 80, "2013-06-30": 78, "2013-03-31": "80.00000", "2012-12-31": 84, "2012-09-30": 81, "2012-06-30": 78, "2012-03-31": "77.00000", "2011-12-31": 80, "2011-09-30": 80, "2011-06-30": 76, "2011-03-31": "75.00000", "2010-12-31": 74, "2010-09-30": 67, "2010-06-30": 66, "2010-03-31": "93.00000", "2009-12-31": 77, "2009-09-30": 86, "2009-06-30": 82, "2009-03-31": "74.00000", "2008-12-31": 88, "2008-09-30": 94, "2008-06-30": 92, "2008-03-31": "86.00000", "2007-12-31": 73, "2007-09-30": 80, "2007-06-30": 73, "2007-03-31": "85.00000", "2006-12-31": 79, "2006-09-30": 82, "2006-06-30": 84, "2006-03-31": "78.00000", "2005-12-31": 57, "2005-09-30": 84, "2005-06-30": 90, "2005-03-31": "94.00000"}, "Other Non-Cash Items": {"2020-12-31": 130, "2020-09-30": -126, "2020-06-30": 28, "2020-03-31": "-32.00000", "2019-12-31": 54, "2019-09-30": -40, "2019-06-30": 66, "2019-03-31": "9.00000", "2018-12-31": 244, "2018-09-30": -39, "2018-06-30": 32, "2018-03-31": "7.00000", "2017-12-31": -460, "2017-09-30": -68, "2017-06-30": 1, "2017-03-31": "-2.00000", "2016-12-31": -204, "2016-09-30": -6, "2016-06-30": 22, "2016-03-31": "-17.00000", "2015-12-31": 278, "2015-09-30": -68, "2015-06-30": -3, "2015-03-31": "18.00000", "2014-12-31": 211, "2014-09-30": -48, "2014-06-30": -83, "2014-03-31": "-45.00000", "2013-12-31": -524, "2013-09-30": -19, "2013-06-30": -30, "2013-03-31": "-32.00000", "2012-12-31": 160, "2012-09-30": -34, "2012-06-30": -37, "2012-03-31": "-86.00000", "2011-12-31": 115, "2011-09-30": -10, "2011-06-30": 27, "2011-03-31": "25.00000", "2010-12-31": 13, "2010-09-30": -18, "2010-06-30": -29, "2010-03-31": "71.00000", "2009-12-31": -26, "2009-09-30": -336, "2009-06-30": -101, "2009-03-31": "104.00000", "2008-12-31": 31, "2008-09-30": -39, "2008-06-30": 27, "2008-03-31": "64.00000", "2007-12-31": 60, "2007-09-30": -13, "2007-06-30": 211, "2007-03-31": "-109.00000", "2006-12-31": 72, "2006-09-30": 100, "2006-06-30": -14, "2006-03-31": "-4.00000", "2005-12-31": -43, "2005-09-30": 9, "2005-06-30": 43, "2005-03-31": "103.00000"}, "Total Non-Cash Items": {"2020-12-31": -135, "2020-09-30": -36, "2020-06-30": 117, "2020-03-31": "54.00000", "2019-12-31": 145, "2019-09-30": 55, "2019-06-30": 152, "2019-03-31": "93.00000", "2018-12-31": 335, "2018-09-30": 51, "2018-06-30": 120, "2018-03-31": "87.00000", "2017-12-31": -381, "2017-09-30": 14, "2017-06-30": 78, "2017-03-31": "70.00000", "2016-12-31": -132, "2016-09-30": 68, "2016-06-30": 97, "2016-03-31": "57.00000", "2015-12-31": 384, "2015-09-30": 14, "2015-06-30": 104, "2015-03-31": "86.00000", "2014-12-31": 283, "2014-09-30": 27, "2014-06-30": -8, "2014-03-31": "31.00000", "2013-12-31": -443, "2013-09-30": 61, "2013-06-30": 48, "2013-03-31": "48.00000", "2012-12-31": 244, "2012-09-30": 47, "2012-06-30": 41, "2012-03-31": "-9.00000", "2011-12-31": 195, "2011-09-30": 70, "2011-06-30": 103, "2011-03-31": "100.00000", "2010-12-31": 87, "2010-09-30": 49, "2010-06-30": 37, "2010-03-31": "164.00000", "2009-12-31": 51, "2009-09-30": -250, "2009-06-30": -19, "2009-03-31": "178.00000", "2008-12-31": 119, "2008-09-30": 55, "2008-06-30": 119, "2008-03-31": "150.00000", "2007-12-31": 133, "2007-09-30": 67, "2007-06-30": 284, "2007-03-31": "-24.00000", "2006-12-31": 151, "2006-09-30": 182, "2006-06-30": 70, "2006-03-31": "74.00000", "2005-12-31": 14, "2005-09-30": 93, "2005-06-30": 133, "2005-03-31": "197.00000"}, "Change In Accounts Receivable": {"2020-12-31": -196, "2020-09-30": 29, "2020-06-30": 178, "2020-03-31": "-11.00000", "2019-12-31": 110, "2019-09-30": 3, "2019-06-30": 46, "2019-03-31": "6.00000", "2018-12-31": 66, "2018-09-30": 61, "2018-06-30": 15, "2018-03-31": "-190.00000", "2017-12-31": 12, "2017-09-30": 11, "2017-06-30": -54, "2017-03-31": "-79.00000", "2016-12-31": 23, "2016-09-30": 2, "2016-06-30": 27, "2016-03-31": "-111.00000", "2015-12-31": 77, "2015-09-30": 76, "2015-06-30": -58, "2015-03-31": "-34.00000", "2014-12-31": 198, "2014-09-30": 10, "2014-06-30": -62, "2014-03-31": "-123.00000", "2013-12-31": 90, "2013-09-30": -9, "2013-06-30": -4, "2013-03-31": "-100.00000", "2012-12-31": 112, "2012-09-30": 34, "2012-06-30": -49, "2012-03-31": "-47.00000", "2011-12-31": 92, "2011-09-30": 20, "2011-06-30": -87, "2011-03-31": "-108.00000", "2010-12-31": 72, "2010-09-30": -12, "2010-06-30": -68, "2010-03-31": "-82.00000", "2009-12-31": 0, "2009-09-30": -9, "2009-06-30": -59, "2009-03-31": "-11.00000", "2008-12-31": 353, "2008-09-30": 0, "2008-06-30": 20, "2008-03-31": "-34.00000", "2007-12-31": -35, "2007-09-30": -89, "2007-06-30": 49, "2007-03-31": "6.00000", "2006-12-31": 0, "2006-09-30": 37, "2006-06-30": 8, "2006-03-31": "-54.00000", "2005-12-31": 21, "2005-09-30": 94, "2005-06-30": 22, "2005-03-31": "-102.00000"}, "Change In Inventories": {"2020-12-31": -78, "2020-09-30": 51, "2020-06-30": 38, "2020-03-31": "-11.00000", "2019-12-31": -28, "2019-09-30": -5, "2019-06-30": -1, "2019-03-31": "40.00000", "2018-12-31": -16, "2018-09-30": -125, "2018-06-30": 10, "2018-03-31": "-27.00000", "2017-12-31": -83, "2017-09-30": -25, "2017-06-30": 2, "2017-03-31": "9.00000", "2016-12-31": -28, "2016-09-30": -15, "2016-06-30": 22, "2016-03-31": "29.00000", "2015-12-31": 42, "2015-09-30": 21, "2015-06-30": -7, "2015-03-31": "6.00000", "2014-12-31": -22, "2014-09-30": 22, "2014-06-30": 0, "2014-03-31": "-15.00000", "2013-12-31": -47, "2013-09-30": -5, "2013-06-30": 26, "2013-03-31": "-55.00000", "2012-12-31": 5, "2012-09-30": 25, "2012-06-30": 8, "2012-03-31": "-32.00000", "2011-12-31": 55, "2011-09-30": -22, "2011-06-30": -85, "2011-03-31": "-60.00000", "2010-12-31": -35, "2010-09-30": -31, "2010-06-30": 6, "2010-03-31": "-38.00000", "2009-12-31": -56, "2009-09-30": 11, "2009-06-30": 33, "2009-03-31": "42.00000", "2008-12-31": 141, "2008-09-30": -26, "2008-06-30": -43, "2008-03-31": "-51.00000", "2007-12-31": -52, "2007-09-30": 1, "2007-06-30": 8, "2007-03-31": "16.00000", "2006-12-31": 11, "2006-09-30": -1, "2006-06-30": 12, "2006-03-31": "-3.00000", "2005-12-31": -15, "2005-09-30": 27, "2005-06-30": 25, "2005-03-31": "-12.00000"}, "Change In Accounts Payable": {"2020-12-31": 57, "2020-09-30": 93, "2020-06-30": -151, "2020-03-31": "1.00000", "2019-12-31": -15, "2019-09-30": 7, "2019-06-30": 30, "2019-03-31": "-81.00000", "2018-12-31": -29, "2018-09-30": 8, "2018-06-30": 36, "2018-03-31": "", "2017-12-31": 85, "2017-09-30": 8, "2017-06-30": 27, "2017-03-31": "6.00000", "2016-12-31": -9, "2016-09-30": 39, "2016-06-30": -15, "2016-03-31": "-8.00000", "2015-12-31": -13, "2015-09-30": -119, "2015-06-30": 79, "2015-03-31": "-58.00000", "2014-12-31": -58, "2014-09-30": -28, "2014-06-30": 46, "2014-03-31": "27.00000", "2013-12-31": 9, "2013-09-30": 28, "2013-06-30": 36, "2013-03-31": "36.00000", "2012-12-31": -53, "2012-09-30": -3, "2012-06-30": -62, "2012-03-31": "123.00000", "2011-12-31": -55, "2011-09-30": -25, "2011-06-30": 27, "2011-03-31": "75.00000", "2010-12-31": 4, "2010-09-30": -13, "2010-06-30": -4, "2010-03-31": "32.00000", "2009-12-31": 80, "2009-09-30": -11, "2009-06-30": 26, "2009-03-31": "9.00000", "2008-12-31": -222, "2008-09-30": -49, "2008-06-30": -6, "2008-03-31": "12.00000", "2007-12-31": 87, "2007-09-30": 8, "2007-06-30": -17, "2007-03-31": "-89.00000", "2006-12-31": 72, "2006-09-30": -63, "2006-06-30": 56, "2006-03-31": "-87.00000", "2005-12-31": 72, "2005-09-30": -36, "2005-06-30": -71, "2005-03-31": "44.00000"}, "Change In Assets/Liabilities": {"2020-12-31": -179, "2020-09-30": 85, "2020-06-30": 88, "2020-03-31": "6.00000", "2019-12-31": 69, "2019-09-30": 72, "2019-06-30": -13, "2019-03-31": "-89.00000", "2018-12-31": -94, "2018-09-30": 70, "2018-06-30": 59, "2018-03-31": "-92.00000", "2017-12-31": 221, "2017-09-30": 19, "2017-06-30": 12, "2017-03-31": "2.00000", "2016-12-31": -62, "2016-09-30": -53, "2016-06-30": -5, "2016-03-31": "61.00000", "2015-12-31": -53, "2015-09-30": 30, "2015-06-30": -36, "2015-03-31": "36.00000", "2014-12-31": -150, "2014-09-30": 96, "2014-06-30": 19, "2014-03-31": "49.00000", "2013-12-31": -109, "2013-09-30": -15, "2013-06-30": -10, "2013-03-31": "76.00000", "2012-12-31": -78, "2012-09-30": 29, "2012-06-30": 28, "2012-03-31": "-13.00000", "2011-12-31": -45, "2011-09-30": -45, "2011-06-30": 23, "2011-03-31": "-17.00000", "2010-12-31": -97, "2010-09-30": 6, "2010-06-30": 33, "2010-03-31": "-35.00000", "2009-12-31": 107, "2009-09-30": -30, "2009-06-30": 5, "2009-03-31": "1.00000", "2008-12-31": 6, "2008-09-30": -139, "2008-06-30": -43, "2008-03-31": "-56.00000", "2007-12-31": -61, "2007-09-30": 85, "2007-06-30": -140, "2007-03-31": "-98.00000", "2006-12-31": -4, "2006-09-30": 13, "2006-06-30": -81, "2006-03-31": "-48.00000", "2005-12-31": -54, "2005-09-30": 117, "2005-06-30": -34, "2005-03-31": "-111.00000"}, "Total Change In Assets/Liabilities": {"2020-12-31": -396, "2020-09-30": 258, "2020-06-30": 153, "2020-03-31": "-15.00000", "2019-12-31": 136, "2019-09-30": 77, "2019-06-30": 62, "2019-03-31": "-124.00000", "2018-12-31": -73, "2018-09-30": 14, "2018-06-30": 120, "2018-03-31": "-309.00000", "2017-12-31": 235, "2017-09-30": 13, "2017-06-30": -13, "2017-03-31": "-62.00000", "2016-12-31": -76, "2016-09-30": -27, "2016-06-30": 29, "2016-03-31": "-29.00000", "2015-12-31": 53, "2015-09-30": 8, "2015-06-30": -22, "2015-03-31": "-50.00000", "2014-12-31": -32, "2014-09-30": 100, "2014-06-30": 3, "2014-03-31": "-62.00000", "2013-12-31": -57, "2013-09-30": -1, "2013-06-30": 48, "2013-03-31": "-43.00000", "2012-12-31": -14, "2012-09-30": 85, "2012-06-30": -75, "2012-03-31": "31.00000", "2011-12-31": 47, "2011-09-30": -72, "2011-06-30": -122, "2011-03-31": "-110.00000", "2010-12-31": -56, "2010-09-30": -50, "2010-06-30": -33, "2010-03-31": "-123.00000", "2009-12-31": 131, "2009-09-30": -39, "2009-06-30": 5, "2009-03-31": "41.00000", "2008-12-31": 278, "2008-09-30": -214, "2008-06-30": -72, "2008-03-31": "-129.00000", "2007-12-31": -61, "2007-09-30": 5, "2007-06-30": -100, "2007-03-31": "-165.00000", "2006-12-31": 79, "2006-09-30": -14, "2006-06-30": -5, "2006-03-31": "-192.00000", "2005-12-31": -1, "2005-09-30": 185, "2005-06-30": -52, "2005-03-31": "-145.00000"}, "Cash Flow From Operating Activities": {"2020-12-31": -1069, "2020-09-30": 431, "2020-06-30": 379, "2020-03-31": "259.00000", "2019-12-31": 326, "2019-09-30": 397, "2019-06-30": 424, "2019-03-31": "307.00000", "2018-12-31": 363, "2018-09-30": 467, "2018-06-30": 585, "2018-03-31": "143.00000", "2017-12-31": 58, "2017-09-30": 255, "2017-06-30": 298, "2017-03-31": "192.00000", "2016-12-31": -47, "2016-09-30": 304, "2016-06-30": 349, "2016-03-31": "287.00000", "2015-12-31": 136, "2015-09-30": 173, "2015-06-30": 283, "2015-03-31": "270.00000", "2014-12-31": 166, "2014-09-30": 379, "2014-06-30": 253, "2014-03-31": "164.00000", "2013-12-31": 154, "2013-09-30": 232, "2013-06-30": 229, "2013-03-31": "147.00000", "2012-12-31": 61, "2012-09-30": 259, "2012-06-30": 187, "2012-03-31": "215.00000", "2011-12-31": 157, "2011-09-30": 165, "2011-06-30": 184, "2011-03-31": "132.00000", "2010-12-31": 89, "2010-09-30": 144, "2010-06-30": 164, "2010-03-31": "55.00000", "2009-12-31": 188, "2009-09-30": 109, "2009-06-30": 100, "2009-03-31": "199.00000", "2008-12-31": 241, "2008-09-30": -1, "2008-06-30": 180, "2008-03-31": "166.00000", "2007-12-31": 287, "2007-09-30": 200, "2007-06-30": 67, "2007-03-31": "12.00000", "2006-12-31": 307, "2006-09-30": 277, "2006-06-30": 168, "2006-03-31": "-1.00000", "2005-12-31": 188, "2005-09-30": 323, "2005-06-30": 148, "2005-03-31": "42.00000"}, "Net Change In Property, Plant, And Equipment": {"2020-12-31": 279, "2020-09-30": -72, "2020-06-30": -88, "2020-03-31": "-119.00000", "2019-12-31": -144, "2019-09-30": -82, "2019-06-30": -65, "2019-03-31": "-79.00000", "2018-12-31": -93, "2018-09-30": -79, "2018-06-30": -79, "2018-03-31": "-86.00000", "2017-12-31": -87, "2017-09-30": -64, "2017-06-30": -54, "2017-03-31": "-62.00000", "2016-12-31": -60, "2016-09-30": -58, "2016-06-30": -58, "2016-03-31": "-70.00000", "2015-12-31": -89, "2015-09-30": -104, "2015-06-30": -165, "2015-03-31": "-162.00000", "2014-12-31": -214, "2014-09-30": -191, "2014-06-30": -125, "2014-03-31": "-148.00000", "2013-12-31": -112, "2013-09-30": -110, "2013-06-30": -78, "2013-03-31": "-77.00000", "2012-12-31": -97, "2012-09-30": -95, "2012-06-30": -91, "2012-03-31": "-127.00000", "2011-12-31": -138, "2011-09-30": -150, "2011-06-30": -134, "2011-03-31": "-131.00000", "2010-12-31": -172, "2010-09-30": -112, "2010-06-30": -185, "2010-03-31": "-44.00000", "2009-12-31": 202, "2009-09-30": -135, "2009-06-30": -129, "2009-03-31": "-114.00000", "2008-12-31": 60, "2008-09-30": -136, "2008-06-30": -89, "2008-03-31": "-109.00000", "2007-12-31": -58, "2007-09-30": -110, "2007-06-30": -71, "2007-03-31": "-49.00000", "2006-12-31": -73, "2006-09-30": -58, "2006-06-30": -70, "2006-03-31": "-43.00000", "2005-12-31": -71, "2005-09-30": -46, "2005-06-30": -46, "2005-03-31": "-40.00000"}, "Net Change In Intangible Assets": {"2020-12-31": 0, "2020-09-30": 0, "2020-06-30": 0, "2020-03-31": "", "2019-12-31": 0, "2019-09-30": 0, "2019-06-30": 0, "2019-03-31": "", "2018-12-31": 0, "2018-09-30": 0, "2018-06-30": 0, "2018-03-31": "", "2017-12-31": 0, "2017-09-30": 0, "2017-06-30": 0, "2017-03-31": "", "2016-12-31": 0, "2016-09-30": 0, "2016-06-30": 0, "2016-03-31": "", "2015-12-31": 0, "2015-09-30": 0, "2015-06-30": 0, "2015-03-31": "", "2014-12-31": 0, "2014-09-30": 0, "2014-06-30": 0, "2014-03-31": "", "2013-12-31": 0, "2013-09-30": 0, "2013-06-30": 0, "2013-03-31": "", "2012-12-31": 0, "2012-09-30": 0, "2012-06-30": 0, "2012-03-31": "", "2011-12-31": 0, "2011-09-30": 0, "2011-06-30": 0, "2011-03-31": "", "2010-12-31": 0, "2010-09-30": 0, "2010-06-30": 0, "2010-03-31": "", "2009-12-31": 0, "2009-09-30": 0, "2009-06-30": 0, "2009-03-31": "", "2008-12-31": 0, "2008-09-30": 0, "2008-06-30": 0, "2008-03-31": "", "2007-12-31": 0, "2007-09-30": 0, "2007-06-30": 0, "2007-03-31": "", "2006-12-31": 0, "2006-09-30": 0, "2006-06-30": 0, "2006-03-31": "", "2005-12-31": 0, "2005-09-30": 0, "2005-06-30": 0, "2005-03-31": ""}, "Net Acquisitions/Divestitures": {"2020-12-31": 83, "2020-09-30": 2, "2020-06-30": -85, "2020-03-31": "", "2019-12-31": 0, "2019-09-30": 1, "2019-06-30": 0, "2019-03-31": "-91.00000", "2018-12-31": 0, "2018-09-30": 4, "2018-06-30": 0, "2018-03-31": "-135.00000", "2017-12-31": 0, "2017-09-30": -1, "2017-06-30": -268, "2017-03-31": "1.00000", "2016-12-31": -174, "2016-09-30": 6, "2016-06-30": 2, "2016-03-31": "", "2015-12-31": 1, "2015-09-30": 0, "2015-06-30": -3, "2015-03-31": "", "2014-12-31": -10, "2014-09-30": 0, "2014-06-30": 0, "2014-03-31": "", "2013-12-31": 0, "2013-09-30": 1, "2013-06-30": 12, "2013-03-31": "", "2012-12-31": 0, "2012-09-30": 0, "2012-06-30": 1, "2012-03-31": "-23.00000", "2011-12-31": 0, "2011-09-30": 1, "2011-06-30": 1, "2011-03-31": "-4.00000", "2010-12-31": 4, "2010-09-30": 2, "2010-06-30": -31, "2010-03-31": "5.00000", "2009-12-31": -5, "2009-09-30": 168, "2009-06-30": 0, "2009-03-31": "-1.00000", "2008-12-31": 3, "2008-09-30": 4, "2008-06-30": 0, "2008-03-31": "2.00000", "2007-12-31": 33, "2007-09-30": 24, "2007-06-30": 80, "2007-03-31": "309.00000", "2006-12-31": -6, "2006-09-30": 13, "2006-06-30": -2, "2006-03-31": "", "2005-12-31": -50, "2005-09-30": -598, "2005-06-30": 7, "2005-03-31": "-142.00000"}, "Net Change In Short-term Investments": {"2020-12-31": 0, "2020-09-30": 0, "2020-06-30": 0, "2020-03-31": "", "2019-12-31": -16, "2019-09-30": 0, "2019-06-30": 0, "2019-03-31": "", "2018-12-31": 0, "2018-09-30": 0, "2018-06-30": 0, "2018-03-31": "", "2017-12-31": 0, "2017-09-30": 0, "2017-06-30": 0, "2017-03-31": "", "2016-12-31": 0, "2016-09-30": 0, "2016-06-30": 0, "2016-03-31": "", "2015-12-31": 0, "2015-09-30": 0, "2015-06-30": 0, "2015-03-31": "", "2014-12-31": 0, "2014-09-30": 0, "2014-06-30": 0, "2014-03-31": "", "2013-12-31": 0, "2013-09-30": 0, "2013-06-30": 0, "2013-03-31": "", "2012-12-31": 0, "2012-09-30": 0, "2012-06-30": 0, "2012-03-31": "", "2011-12-31": 0, "2011-09-30": 0, "2011-06-30": 0, "2011-03-31": "", "2010-12-31": 0, "2010-09-30": 0, "2010-06-30": 0, "2010-03-31": "", "2009-12-31": 0, "2009-09-30": 0, "2009-06-30": 0, "2009-03-31": "15.00000", "2008-12-31": 92, "2008-09-30": 6, "2008-06-30": 10, "2008-03-31": "3.00000", "2007-12-31": 10, "2007-09-30": -2, "2007-06-30": -29, "2007-03-31": "31.00000", "2006-12-31": 8, "2006-09-30": 16, "2006-06-30": 8, "2006-03-31": "-2.00000", "2005-12-31": -2, "2005-09-30": -8, "2005-06-30": 5, "2005-03-31": "77.00000"}, "Net Change In Long-Term Investments": {"2020-12-31": 0, "2020-09-30": 0, "2020-06-30": 0, "2020-03-31": "", "2019-12-31": 0, "2019-09-30": 0, "2019-06-30": 0, "2019-03-31": "", "2018-12-31": 0, "2018-09-30": 0, "2018-06-30": 0, "2018-03-31": "", "2017-12-31": 0, "2017-09-30": 0, "2017-06-30": 0, "2017-03-31": "", "2016-12-31": 0, "2016-09-30": 0, "2016-06-30": 0, "2016-03-31": "", "2015-12-31": 0, "2015-09-30": 0, "2015-06-30": 0, "2015-03-31": "", "2014-12-31": 0, "2014-09-30": 0, "2014-06-30": 0, "2014-03-31": "", "2013-12-31": 0, "2013-09-30": 0, "2013-06-30": 0, "2013-03-31": "", "2012-12-31": 0, "2012-09-30": 0, "2012-06-30": 0, "2012-03-31": "", "2011-12-31": 0, "2011-09-30": 0, "2011-06-30": 0, "2011-03-31": "", "2010-12-31": 0, "2010-09-30": 0, "2010-06-30": 0, "2010-03-31": "", "2009-12-31": 0, "2009-09-30": 0, "2009-06-30": 0, "2009-03-31": "", "2008-12-31": 0, "2008-09-30": 0, "2008-06-30": 0, "2008-03-31": "", "2007-12-31": 0, "2007-09-30": 0, "2007-06-30": 0, "2007-03-31": "", "2006-12-31": 0, "2006-09-30": 0, "2006-06-30": 0, "2006-03-31": "", "2005-12-31": 0, "2005-09-30": 0, "2005-06-30": 0, "2005-03-31": ""}, "Net Change In Investments - Total": {"2020-12-31": 0, "2020-09-30": 0, "2020-06-30": 0, "2020-03-31": "", "2019-12-31": -16, "2019-09-30": 0, "2019-06-30": 0, "2019-03-31": "", "2018-12-31": 0, "2018-09-30": 0, "2018-06-30": 0, "2018-03-31": "", "2017-12-31": 0, "2017-09-30": 0, "2017-06-30": 0, "2017-03-31": "", "2016-12-31": 0, "2016-09-30": 0, "2016-06-30": 0, "2016-03-31": "", "2015-12-31": 0, "2015-09-30": 0, "2015-06-30": 0, "2015-03-31": "", "2014-12-31": 0, "2014-09-30": 0, "2014-06-30": 0, "2014-03-31": "", "2013-12-31": 0, "2013-09-30": 0, "2013-06-30": 0, "2013-03-31": "", "2012-12-31": 0, "2012-09-30": 0, "2012-06-30": 0, "2012-03-31": "", "2011-12-31": 0, "2011-09-30": 0, "2011-06-30": 0, "2011-03-31": "", "2010-12-31": 0, "2010-09-30": 0, "2010-06-30": 0, "2010-03-31": "", "2009-12-31": 0, "2009-09-30": 0, "2009-06-30": 0, "2009-03-31": "15.00000", "2008-12-31": 92, "2008-09-30": 6, "2008-06-30": 10, "2008-03-31": "3.00000", "2007-12-31": 10, "2007-09-30": -2, "2007-06-30": -29, "2007-03-31": "31.00000", "2006-12-31": 8, "2006-09-30": 16, "2006-06-30": 8, "2006-03-31": "-2.00000", "2005-12-31": -2, "2005-09-30": -8, "2005-06-30": 5, "2005-03-31": "77.00000"}, "Investing Activities - Other": {"2020-12-31": 25, "2020-09-30": -8, "2020-06-30": -8, "2020-03-31": "-9.00000", "2019-12-31": -8, "2019-09-30": -1, "2019-06-30": -1, "2019-03-31": "-7.00000", "2018-12-31": -5, "2018-09-30": -3, "2018-06-30": -17, "2018-03-31": "-14.00000", "2017-12-31": -5, "2017-09-30": -3, "2017-06-30": -3, "2017-03-31": "-3.00000", "2016-12-31": -13, "2016-09-30": -2, "2016-06-30": -7, "2016-03-31": "-5.00000", "2015-12-31": -9, "2015-09-30": -3, "2015-06-30": -13, "2015-03-31": "-11.00000", "2014-12-31": -4, "2014-09-30": -3, "2014-06-30": -7, "2014-03-31": "-3.00000", "2013-12-31": -20, "2013-09-30": -4, "2013-06-30": -24, "2013-03-31": "-10.00000", "2012-12-31": -6, "2012-09-30": -19, "2012-06-30": -38, "2012-03-31": "-5.00000", "2011-12-31": -7, "2011-09-30": -14, "2011-06-30": 151, "2011-03-31": "-16.00000", "2010-12-31": -11, "2010-09-30": 4, "2010-06-30": 73, "2010-03-31": "-93.00000", "2009-12-31": -357, "2009-09-30": -25, "2009-06-30": 1, "2009-03-31": "411.00000", "2008-12-31": -187, "2008-09-30": -10, "2008-06-30": 184, "2008-03-31": "-34.00000", "2007-12-31": -38, "2007-09-30": -11, "2007-06-30": -10, "2007-03-31": "34.00000", "2006-12-31": 25, "2006-09-30": -29, "2006-06-30": 6, "2006-03-31": "-61.00000", "2005-12-31": -6, "2005-09-30": 12, "2005-06-30": 1, "2005-03-31": ""}, "Cash Flow From Investing Activities": {"2020-12-31": 387, "2020-09-30": -78, "2020-06-30": -181, "2020-03-31": "-128.00000", "2019-12-31": -168, "2019-09-30": -82, "2019-06-30": -66, "2019-03-31": "-177.00000", "2018-12-31": -98, "2018-09-30": -78, "2018-06-30": -96, "2018-03-31": "-235.00000", "2017-12-31": -92, "2017-09-30": -68, "2017-06-30": -325, "2017-03-31": "-64.00000", "2016-12-31": -247, "2016-09-30": -54, "2016-06-30": -63, "2016-03-31": "-75.00000", "2015-12-31": -97, "2015-09-30": -107, "2015-06-30": -181, "2015-03-31": "-173.00000", "2014-12-31": -228, "2014-09-30": -194, "2014-06-30": -132, "2014-03-31": "-151.00000", "2013-12-31": -132, "2013-09-30": -113, "2013-06-30": -90, "2013-03-31": "-87.00000", "2012-12-31": -103, "2012-09-30": -114, "2012-06-30": -128, "2012-03-31": "-155.00000", "2011-12-31": -145, "2011-09-30": -163, "2011-06-30": 18, "2011-03-31": "-151.00000", "2010-12-31": -179, "2010-09-30": -106, "2010-06-30": -143, "2010-03-31": "-132.00000", "2009-12-31": -160, "2009-09-30": 8, "2009-06-30": -128, "2009-03-31": "311.00000", "2008-12-31": -32, "2008-09-30": -136, "2008-06-30": 105, "2008-03-31": "-138.00000", "2007-12-31": -53, "2007-09-30": -99, "2007-06-30": -30, "2007-03-31": "325.00000", "2006-12-31": -46, "2006-09-30": -58, "2006-06-30": -58, "2006-03-31": "-106.00000", "2005-12-31": -129, "2005-09-30": -640, "2005-06-30": -33, "2005-03-31": "-105.00000"}, "Net Long-Term Debt": {"2020-12-31": 23, "2020-09-30": -7, "2020-06-30": -7, "2020-03-31": "-9.00000", "2019-12-31": -6, "2019-09-30": -6, "2019-06-30": 158, "2019-03-31": "-7.00000", "2018-12-31": 81, "2018-09-30": -13, "2018-06-30": -12, "2018-03-31": "-31.00000", "2017-12-31": 339, "2017-09-30": -7, "2017-06-30": -5, "2017-03-31": "-53.00000", "2016-12-31": -32, "2016-09-30": 427, "2016-06-30": -6, "2016-03-31": "-7.00000", "2015-12-31": -6, "2015-09-30": -6, "2015-06-30": -6, "2015-03-31": "-6.00000", "2014-12-31": -607, "2014-09-30": 381, "2014-06-30": -7, "2014-03-31": "-6.00000", "2013-12-31": -6, "2013-09-30": -106, "2013-06-30": -7, "2013-03-31": "-5.00000", "2012-12-31": 93, "2012-09-30": -13, "2012-06-30": -11, "2012-03-31": "-8.00000", "2011-12-31": -29, "2011-09-30": -9, "2011-06-30": -144, "2011-03-31": "2.00000", "2010-12-31": -49, "2010-09-30": -210, "2010-06-30": -28, "2010-03-31": "-10.00000", "2009-12-31": -24, "2009-09-30": -10, "2009-06-30": -23, "2009-03-31": "-23.00000", "2008-12-31": -16, "2008-09-30": -8, "2008-06-30": -8, "2008-03-31": "-2.00000", "2007-12-31": 11, "2007-09-30": 21, "2007-06-30": -191, "2007-03-31": "10.00000", "2006-12-31": 8, "2006-09-30": -86, "2006-06-30": -11, "2006-03-31": "2.00000", "2005-12-31": 46, "2005-09-30": -281, "2005-06-30": 6, "2005-03-31": "5.00000"}, "Net Current Debt": {"2020-12-31": -24, "2020-09-30": -96, "2020-06-30": -141, "2020-03-31": "261.00000", "2019-12-31": 121, "2019-09-30": 59, "2019-06-30": -92, "2019-03-31": "185.00000", "2018-12-31": 39, "2018-09-30": -141, "2018-06-30": -62, "2018-03-31": "99.00000", "2017-12-31": -114, "2017-09-30": 32, "2017-06-30": 267, "2017-03-31": "-16.00000", "2016-12-31": -5, "2016-09-30": 10, "2016-06-30": 5, "2016-03-31": "-399.00000", "2015-12-31": 21, "2015-09-30": 341, "2015-06-30": -6, "2015-03-31": "-9.00000", "2014-12-31": -27, "2014-09-30": 6, "2014-06-30": 1, "2014-03-31": "-18.00000", "2013-12-31": -48, "2013-09-30": 99, "2013-06-30": 11, "2013-03-31": "-19.00000", "2012-12-31": 9, "2012-09-30": 7, "2012-06-30": -24, "2012-03-31": "10.00000", "2011-12-31": 4, "2011-09-30": 14, "2011-06-30": -29, "2011-03-31": "-5.00000", "2010-12-31": -12, "2010-09-30": 5, "2010-06-30": -10, "2010-03-31": "1.00000", "2009-12-31": -40, "2009-09-30": 25, "2009-06-30": 22, "2009-03-31": "-16.00000", "2008-12-31": -72, "2008-09-30": 55, "2008-06-30": 3, "2008-03-31": "-50.00000", "2007-12-31": 12, "2007-09-30": 48, "2007-06-30": 10, "2007-03-31": "-40.00000", "2006-12-31": 1, "2006-09-30": 36, "2006-06-30": -56, "2006-03-31": "32.00000", "2005-12-31": 4, "2005-09-30": 44, "2005-06-30": -16, "2005-03-31": "-10.00000"}, "Debt Issuance/Retirement Net - Total": {"2020-12-31": -1, "2020-09-30": -103, "2020-06-30": -148, "2020-03-31": "252.00000", "2019-12-31": 115, "2019-09-30": 53, "2019-06-30": 66, "2019-03-31": "178.00000", "2018-12-31": 120, "2018-09-30": -154, "2018-06-30": -74, "2018-03-31": "68.00000", "2017-12-31": 225, "2017-09-30": 25, "2017-06-30": 262, "2017-03-31": "-69.00000", "2016-12-31": -37, "2016-09-30": 437, "2016-06-30": -1, "2016-03-31": "-406.00000", "2015-12-31": 15, "2015-09-30": 335, "2015-06-30": -12, "2015-03-31": "-15.00000", "2014-12-31": -634, "2014-09-30": 387, "2014-06-30": -6, "2014-03-31": "-24.00000", "2013-12-31": -54, "2013-09-30": -7, "2013-06-30": 4, "2013-03-31": "-24.00000", "2012-12-31": 102, "2012-09-30": -6, "2012-06-30": -35, "2012-03-31": "2.00000", "2011-12-31": -25, "2011-09-30": 5, "2011-06-30": -173, "2011-03-31": "-3.00000", "2010-12-31": -61, "2010-09-30": -205, "2010-06-30": -38, "2010-03-31": "-9.00000", "2009-12-31": -64, "2009-09-30": 15, "2009-06-30": -1, "2009-03-31": "-39.00000", "2008-12-31": -88, "2008-09-30": 47, "2008-06-30": -5, "2008-03-31": "-52.00000", "2007-12-31": 23, "2007-09-30": 69, "2007-06-30": -181, "2007-03-31": "-30.00000", "2006-12-31": 9, "2006-09-30": -50, "2006-06-30": -67, "2006-03-31": "34.00000", "2005-12-31": 50, "2005-09-30": -237, "2005-06-30": -10, "2005-03-31": "-5.00000"}, "Net Common Equity Issued/Repurchased": {"2020-12-31": 272, "2020-09-30": -105, "2020-06-30": 0, "2020-03-31": "-167.00000", "2019-12-31": -234, "2019-09-30": -275, "2019-06-30": -276, "2019-03-31": "-212.00000", "2018-12-31": -555, "2018-09-30": -150, "2018-06-30": -100, "2018-03-31": "", "2017-12-31": 1, "2017-09-30": -201, "2017-06-30": -171, "2017-03-31": "-128.00000", "2016-12-31": -197, "2016-09-30": -100, "2016-06-30": -198, "2016-03-31": "1.00000", "2015-12-31": 1, "2015-09-30": -420, "2015-06-30": 2, "2015-03-31": "", "2014-12-31": -48, "2014-09-30": -97, "2014-06-30": -47, "2014-03-31": "-53.00000", "2013-12-31": -56, "2013-09-30": -96, "2013-06-30": -4, "2013-03-31": "1.00000", "2012-12-31": -4, "2012-09-30": -6, "2012-06-30": 40, "2012-03-31": "-13.00000", "2011-12-31": -2, "2011-09-30": -13, "2011-06-30": 2, "2011-03-31": "2.00000", "2010-12-31": -1, "2010-09-30": -17, "2010-06-30": -19, "2010-03-31": "3.00000", "2009-12-31": 13, "2009-09-30": 0, "2009-06-30": 1, "2009-03-31": "", "2008-12-31": 0, "2008-09-30": -251, "2008-06-30": -56, "2008-03-31": "-53.00000", "2007-12-31": 18, "2007-09-30": -115, "2007-06-30": -256, "2007-03-31": "19.00000", "2006-12-31": 1, "2006-09-30": 1, "2006-06-30": 0, "2006-03-31": "", "2005-12-31": 0, "2005-09-30": 0, "2005-06-30": 0, "2005-03-31": "764.00000"}, "Net Total Equity Issued/Repurchased": {"2020-12-31": 272, "2020-09-30": -105, "2020-06-30": 0, "2020-03-31": "-167.00000", "2019-12-31": -234, "2019-09-30": -275, "2019-06-30": -276, "2019-03-31": "-212.00000", "2018-12-31": -555, "2018-09-30": -150, "2018-06-30": -100, "2018-03-31": "", "2017-12-31": 1, "2017-09-30": -201, "2017-06-30": -171, "2017-03-31": "-128.00000", "2016-12-31": -197, "2016-09-30": -100, "2016-06-30": -198, "2016-03-31": "1.00000", "2015-12-31": 1, "2015-09-30": -420, "2015-06-30": 2, "2015-03-31": "", "2014-12-31": -48, "2014-09-30": -97, "2014-06-30": -47, "2014-03-31": "-53.00000", "2013-12-31": -56, "2013-09-30": -96, "2013-06-30": -4, "2013-03-31": "1.00000", "2012-12-31": -4, "2012-09-30": -6, "2012-06-30": 40, "2012-03-31": "-13.00000", "2011-12-31": -2, "2011-09-30": -13, "2011-06-30": 2, "2011-03-31": "2.00000", "2010-12-31": -1, "2010-09-30": -17, "2010-06-30": -19, "2010-03-31": "3.00000", "2009-12-31": 13, "2009-09-30": 0, "2009-06-30": 1, "2009-03-31": "", "2008-12-31": 0, "2008-09-30": -251, "2008-06-30": -56, "2008-03-31": "-53.00000", "2007-12-31": 18, "2007-09-30": -115, "2007-06-30": -256, "2007-03-31": "19.00000", "2006-12-31": 1, "2006-09-30": 1, "2006-06-30": 0, "2006-03-31": "", "2005-12-31": 0, "2005-09-30": 0, "2005-06-30": 0, "2005-03-31": "997.00000"}, "Total Common And Preferred Stock Dividends Paid": {"2020-12-31": 242, "2020-09-30": -94, "2020-06-30": -74, "2020-03-31": "-74.00000", "2019-12-31": -68, "2019-09-30": -84, "2019-06-30": -78, "2019-03-31": "-70.00000", "2018-12-31": -71, "2018-09-30": -73, "2018-06-30": -73, "2018-03-31": "-63.00000", "2017-12-31": -63, "2017-09-30": -62, "2017-06-30": -65, "2017-03-31": "-51.00000", "2016-12-31": -51, "2016-09-30": -52, "2016-06-30": -54, "2016-03-31": "-44.00000", "2015-12-31": -43, "2015-09-30": -47, "2015-06-30": -46, "2015-03-31": "-38.00000", "2014-12-31": -38, "2014-09-30": -39, "2014-06-30": -39, "2014-03-31": "-28.00000", "2013-12-31": -28, "2013-09-30": -29, "2013-06-30": -14, "2013-03-31": "-12.00000", "2012-12-31": -12, "2012-09-30": -12, "2012-06-30": -9, "2012-03-31": "-10.00000", "2011-12-31": -9, "2011-09-30": -9, "2011-06-30": -8, "2011-03-31": "-8.00000", "2010-12-31": -8, "2010-09-30": -8, "2010-06-30": -6, "2010-03-31": "-9.00000", "2009-12-31": -8, "2009-09-30": -8, "2009-06-30": -8, "2009-03-31": "-9.00000", "2008-12-31": -8, "2008-09-30": -9, "2008-06-30": -8, "2008-03-31": "-9.00000", "2007-12-31": -9, "2007-09-30": -8, "2007-06-30": -10, "2007-03-31": "-8.00000", "2006-12-31": -9, "2006-09-30": -9, "2006-06-30": -9, "2006-03-31": "-9.00000", "2005-12-31": -814, "2005-09-30": -8, "2005-06-30": -3, "2005-03-31": ""}, "Financial Activities - Other": {"2020-12-31": 25, "2020-09-30": 12, "2020-06-30": -10, "2020-03-31": "-27.00000", "2019-12-31": -12, "2019-09-30": 7, "2019-06-30": -19, "2019-03-31": "-26.00000", "2018-12-31": -20, "2018-09-30": -6, "2018-06-30": -7, "2018-03-31": "-7.00000", "2017-12-31": -17, "2017-09-30": -10, "2017-06-30": -5, "2017-03-31": "-22.00000", "2016-12-31": -7, "2016-09-30": -20, "2016-06-30": -6, "2016-03-31": "-24.00000", "2015-12-31": 25, "2015-09-30": 33, "2015-06-30": 74, "2015-03-31": "70.00000", "2014-12-31": 68, "2014-09-30": 36, "2014-06-30": 38, "2014-03-31": "109.00000", "2013-12-31": -5, "2013-09-30": -2, "2013-06-30": 0, "2013-03-31": "", "2012-12-31": -16, "2012-09-30": -1, "2012-06-30": 29, "2012-03-31": "", "2011-12-31": 7, "2011-09-30": -9, "2011-06-30": -8, "2011-03-31": "-2.00000", "2010-12-31": 14, "2010-09-30": -24, "2010-06-30": 0, "2010-03-31": "", "2009-12-31": -1, "2009-09-30": 0, "2009-06-30": -3, "2009-03-31": "", "2008-12-31": -1, "2008-09-30": -6, "2008-06-30": -2, "2008-03-31": "2.00000", "2007-12-31": 14, "2007-09-30": 0, "2007-06-30": -242, "2007-03-31": "2.00000", "2006-12-31": 0, "2006-09-30": 0, "2006-06-30": 0, "2006-03-31": "", "2005-12-31": 698, "2005-09-30": -1, "2005-06-30": -804, "2005-03-31": "-7.00000"}, "Cash Flow From Financial Activities": {"2020-12-31": 538, "2020-09-30": -290, "2020-06-30": -232, "2020-03-31": "-16.00000", "2019-12-31": -199, "2019-09-30": -299, "2019-06-30": -307, "2019-03-31": "-130.00000", "2018-12-31": -526, "2018-09-30": -383, "2018-06-30": -254, "2018-03-31": "-2.00000", "2017-12-31": 145, "2017-09-30": -247, "2017-06-30": 21, "2017-03-31": "-270.00000", "2016-12-31": -292, "2016-09-30": 265, "2016-06-30": -259, "2016-03-31": "-473.00000", "2015-12-31": -2, "2015-09-30": -99, "2015-06-30": 18, "2015-03-31": "17.00000", "2014-12-31": -652, "2014-09-30": 287, "2014-06-30": -54, "2014-03-31": "4.00000", "2013-12-31": -143, "2013-09-30": -134, "2013-06-30": -14, "2013-03-31": "-35.00000", "2012-12-31": 70, "2012-09-30": -25, "2012-06-30": 25, "2012-03-31": "-21.00000", "2011-12-31": -29, "2011-09-30": -26, "2011-06-30": -187, "2011-03-31": "-11.00000", "2010-12-31": -56, "2010-09-30": -254, "2010-06-30": -63, "2010-03-31": "-15.00000", "2009-12-31": -60, "2009-09-30": 7, "2009-06-30": -11, "2009-03-31": "-48.00000", "2008-12-31": -97, "2008-09-30": -219, "2008-06-30": -71, "2008-03-31": "-112.00000", "2007-12-31": 46, "2007-09-30": -54, "2007-06-30": -689, "2007-03-31": "-17.00000", "2006-12-31": 1, "2006-09-30": -58, "2006-06-30": -76, "2006-03-31": "25.00000", "2005-12-31": -66, "2005-09-30": -246, "2005-06-30": -817, "2005-03-31": "985.00000"}, "Net Cash Flow": {"2020-12-31": -152, "2020-09-30": 76, "2020-06-30": -31, "2020-03-31": "107.00000", "2019-12-31": -34, "2019-09-30": 6, "2019-06-30": 50, "2019-03-31": "2.00000", "2018-12-31": -264, "2018-09-30": -5, "2018-06-30": 218, "2018-03-31": "-86.00000", "2017-12-31": 115, "2017-09-30": -50, "2017-06-30": 10, "2017-03-31": "-137.00000", "2016-12-31": -614, "2016-09-30": 517, "2016-06-30": 19, "2016-03-31": "-251.00000", "2015-12-31": 15, "2015-09-30": -36, "2015-06-30": 137, "2015-03-31": "71.00000", "2014-12-31": -730, "2014-09-30": 446, "2014-06-30": 66, "2014-03-31": "14.00000", "2013-12-31": -116, "2013-09-30": -7, "2013-06-30": 129, "2013-03-31": "19.00000", "2012-12-31": 31, "2012-09-30": 128, "2012-06-30": 73, "2012-03-31": "45.00000", "2011-12-31": -22, "2011-09-30": -37, "2011-06-30": 19, "2011-03-31": "-18.00000", "2010-12-31": -144, "2010-09-30": -197, "2010-06-30": -58, "2010-03-31": "-115.00000", "2009-12-31": -39, "2009-09-30": 148, "2009-06-30": -5, "2009-03-31": "474.00000", "2008-12-31": 92, "2008-09-30": -399, "2008-06-30": 220, "2008-03-31": "-62.00000", "2007-12-31": 294, "2007-09-30": 61, "2007-06-30": -645, "2007-03-31": "324.00000", "2006-12-31": 278, "2006-09-30": 159, "2006-06-30": 42, "2006-03-31": "-78.00000", "2005-12-31": -11, "2005-09-30": -558, "2005-06-30": -779, "2005-03-31": "900.00000"}, "Stock-Based Compensation": {"2020-12-31": -17, "2020-09-30": -3, "2020-06-30": 10, "2020-03-31": "10.00000", "2019-12-31": 10, "2019-09-30": 11, "2019-06-30": 13, "2019-03-31": "14.00000", "2018-12-31": 18, "2018-09-30": 14, "2018-06-30": 17, "2018-03-31": "22.00000", "2017-12-31": 15, "2017-09-30": 13, "2017-06-30": 9, "2017-03-31": "10.00000", "2016-12-31": 8, "2016-09-30": 7, "2016-06-30": 6, "2016-03-31": "10.00000", "2015-12-31": 8, "2015-09-30": 7, "2015-06-30": 13, "2015-03-31": "12.00000", "2014-12-31": 20, "2014-09-30": 9, "2014-06-30": 9, "2014-03-31": "8.00000", "2013-12-31": 6, "2013-09-30": 18, "2013-06-30": 0, "2013-03-31": "", "2012-12-31": 20, "2012-09-30": 0, "2012-06-30": 0, "2012-03-31": "", "2011-12-31": 0, "2011-09-30": 0, "2011-06-30": 0, "2011-03-31": "", "2010-12-31": 0, "2010-09-30": 0, "2010-06-30": 0, "2010-03-31": "", "2009-12-31": 0, "2009-09-30": 0, "2009-06-30": 0, "2009-03-31": "", "2008-12-31": 0, "2008-09-30": 0, "2008-06-30": 0, "2008-03-31": "", "2007-12-31": 0, "2007-09-30": 0, "2007-06-30": 0, "2007-03-31": "", "2006-12-31": 0, "2006-09-30": 0, "2006-06-30": 0, "2006-03-31": "", "2005-12-31": 0, "2005-09-30": 0, "2005-06-30": 0, "2005-03-31": ""}, "Common Stock Dividends Paid": {"2020-12-31": 242, "2020-09-30": -94, "2020-06-30": -74, "2020-03-31": "-74.00000", "2019-12-31": -68, "2019-09-30": -84, "2019-06-30": -78, "2019-03-31": "-70.00000", "2018-12-31": -71, "2018-09-30": -73, "2018-06-30": -73, "2018-03-31": "-63.00000", "2017-12-31": -63, "2017-09-30": -62, "2017-06-30": -65, "2017-03-31": "-51.00000", "2016-12-31": -51, "2016-09-30": -52, "2016-06-30": -54, "2016-03-31": "-44.00000", "2015-12-31": -43, "2015-09-30": -47, "2015-06-30": -46, "2015-03-31": "-38.00000", "2014-12-31": -38, "2014-09-30": -39, "2014-06-30": -39, "2014-03-31": "-28.00000", "2013-12-31": -28, "2013-09-30": -29, "2013-06-30": -14, "2013-03-31": "-12.00000", "2012-12-31": -12, "2012-09-30": -12, "2012-06-30": -9, "2012-03-31": "-10.00000", "2011-12-31": -9, "2011-09-30": -9, "2011-06-30": -8, "2011-03-31": "-8.00000", "2010-12-31": -8, "2010-09-30": -8, "2010-06-30": -6, "2010-03-31": "-6.00000", "2009-12-31": -6, "2009-09-30": -5, "2009-06-30": -6, "2009-03-31": "-6.00000", "2008-12-31": -6, "2008-09-30": -6, "2008-06-30": -6, "2008-03-31": "-6.00000", "2007-12-31": 1, "2007-09-30": -8, "2007-06-30": -10, "2007-03-31": "-8.00000", "2006-12-31": 1, "2006-09-30": -9, "2006-06-30": -9, "2006-03-31": "-9.00000", "2005-12-31": -819, "2005-09-30": -6, "2005-06-30": 0, "2005-03-31": ""}}, "financial ratios": {"Current Ratio": {"2019-12-31": "1.57640", "2018-12-31": "1.61550", "2017-12-31": "1.79090", "2016-12-31": "2.29530", "2015-12-31": "1.79810", "2014-12-31": "2.01640", "2013-12-31": "2.05950", "2012-12-31": "2.09520", "2011-12-31": "1.95160", "2010-12-31": "1.73020", "2009-12-31": "1.77720", "2008-12-31": "1.66980", "2007-12-31": "1.50810", "2006-12-31": "1.40390", "2005-12-31": "1.27570"}, "Long-term Debt / Capital": {"2019-12-31": "0.54050", "2018-12-31": "0.46780", "2017-12-31": "0.50120", "2016-12-31": "0.48890", "2015-12-31": "0.46590", "2014-12-31": "0.45660", "2013-12-31": "0.51680", "2012-12-31": "0.62880", "2011-12-31": "0.68180", "2010-12-31": "0.76350", "2009-12-31": "0.84760", "2008-12-31": "0.94720", "2007-12-31": "0.75560", "2006-12-31": "0.80210", "2005-12-31": "0.93320"}, "Debt/Equity Ratio": {"2019-12-31": "1.34750", "2018-12-31": "1.04500", "2017-12-31": "1.10370", "2016-12-31": "0.99570", "2015-12-31": "1.05370", "2014-12-31": "0.88470", "2013-12-31": "1.13520", "2012-12-31": "1.79080", "2011-12-31": "2.24980", "2010-12-31": "3.47520", "2009-12-31": "5.97440", "2008-12-31": "19.20110", "2007-12-31": "3.34840", "2006-12-31": "4.44470", "2005-12-31": "14.62550"}, "Gross Margin": {"2019-12-31": "25.50420", "2018-12-31": "27.56120", "2017-12-31": "24.60910", "2016-12-31": "26.07160", "2015-12-31": "23.22880", "2014-12-31": "23.75770", "2013-12-31": "20.96770", "2012-12-31": "18.40140", "2011-12-31": "20.95220", "2010-12-31": "19.93920", "2009-12-31": "19.73630", "2008-12-31": "18.40830", "2007-12-31": "22.42400", "2006-12-31": "22.65490", "2005-12-31": "22.88430"}, "Operating Margin": {"2019-12-31": "13.24440", "2018-12-31": "18.64430", "2017-12-31": "13.95770", "2016-12-31": "17.33160", "2015-12-31": "5.74550", "2014-12-31": "11.14380", "2013-12-31": "23.16440", "2012-12-31": "2.72670", "2011-12-31": "5.94410", "2010-12-31": "8.49950", "2009-12-31": "5.70640", "2008-12-31": "6.44880", "2007-12-31": "11.60770", "2006-12-31": "10.73040", "2005-12-31": "9.22200"}, "EBIT Margin": {"2019-12-31": "13.24440", "2018-12-31": "18.64430", "2017-12-31": "13.95770", "2016-12-31": "17.33160", "2015-12-31": "5.74550", "2014-12-31": "11.14380", "2013-12-31": "23.16440", "2012-12-31": "2.72670", "2011-12-31": "5.94410", "2010-12-31": "8.49950", "2009-12-31": "5.70640", "2008-12-31": "6.44880", "2007-12-31": "11.60770", "2006-12-31": "10.73040", "2005-12-31": "9.22200"}, "EBITDA Margin": {"2019-12-31": "18.89790", "2018-12-31": "23.52200", "2017-12-31": "19.00650", "2016-12-31": "22.80570", "2015-12-31": "12.14310", "2014-12-31": "15.52490", "2013-12-31": "28.06450", "2012-12-31": "7.71270", "2011-12-31": "10.54270", "2010-12-31": "13.56880", "2009-12-31": "11.98350", "2008-12-31": "11.72510", "2007-12-31": "16.43390", "2006-12-31": "16.32050", "2005-12-31": "15.38900"}, "Pre-Tax Profit Margin": {"2019-12-31": "15.69000", "2018-12-31": "21.10410", "2017-12-31": "17.50810", "2016-12-31": "19.11300", "2015-12-31": "8.60060", "2014-12-31": "13.83420", "2013-12-31": "24.71580", "2012-12-31": "5.00160", "2011-12-31": "6.90520", "2010-12-31": "9.09090", "2009-12-31": "4.93900", "2008-12-31": "6.34620", "2007-12-31": "6.93670", "2006-12-31": "9.10350", "2005-12-31": "5.23720"}, "Net Profit Margin": {"2019-12-31": "13.53030", "2018-12-31": "16.86930", "2017-12-31": "13.72960", "2016-12-31": "16.70070", "2015-12-31": "5.35780", "2014-12-31": "9.17380", "2013-12-31": "16.91240", "2012-12-31": "5.79620", "2011-12-31": "6.31380", "2010-12-31": "6.31970", "2009-12-31": "9.60250", "2008-12-31": "3.97190", "2007-12-31": "6.45560", "2006-12-31": "6.85360", "2005-12-31": "5.06640"}, "Asset Turnover": {"2019-12-31": "0.66450", "2018-12-31": "0.76830", "2017-12-31": "0.64370", "2016-12-31": "0.64480", "2015-12-31": "0.66080", "2014-12-31": "0.77330", "2013-12-31": "0.72190", "2012-12-31": "0.71310", "2011-12-31": "0.79400", "2010-12-31": "0.71460", "2009-12-31": "0.60410", "2008-12-31": "0.95210", "2007-12-31": "0.79970", "2006-12-31": "0.73190", "2005-12-31": "0.70790"}, "Inventory Turnover Ratio": {"2019-12-31": "4.51930", "2018-12-31": "4.95510", "2017-12-31": "5.14330", "2016-12-31": "5.53330", "2015-12-31": "6.38710", "2014-12-31": "6.63170", "2013-12-31": "6.39930", "2012-12-31": "7.36570", "2011-12-31": "7.50840", "2010-12-31": "7.76720", "2009-12-31": "7.81420", "2008-12-31": "9.64820", "2007-12-31": "7.86010", "2006-12-31": "6.84380", "2005-12-31": "6.25230"}, "Receiveable Turnover": {"2019-12-31": "5.33190", "2018-12-31": "5.42870", "2017-12-31": "4.99190", "2016-12-31": "5.26270", "2015-12-31": "5.72550", "2014-12-31": "6.52780", "2013-12-31": "5.38020", "2012-12-31": "6.19500", "2011-12-31": "6.11480", "2010-12-31": "5.47960", "2009-12-31": "5.16990", "2008-12-31": "7.53920", "2007-12-31": "4.45640", "2006-12-31": "3.91460", "2005-12-31": "3.76430"}, "Days Sales In Receivables": {"2019-12-31": "68.45560", "2018-12-31": "67.23550", "2017-12-31": "73.11890", "2016-12-31": "69.35610", "2015-12-31": "63.74960", "2014-12-31": "55.91440", "2013-12-31": "67.84180", "2012-12-31": "58.91870", "2011-12-31": "59.69100", "2010-12-31": "66.61030", "2009-12-31": "70.60110", "2008-12-31": "48.41350", "2007-12-31": "81.90410", "2006-12-31": "93.23990", "2005-12-31": "96.96390"}, "ROE - Return On Equity": {"2019-12-31": "29.81370", "2018-12-31": "36.04620", "2017-12-31": "26.12910", "2016-12-31": "30.05630", "2015-12-31": "10.14490", "2014-12-31": "20.37040", "2013-12-31": "40.79290", "2012-12-31": "21.73410", "2011-12-31": "31.76730", "2010-12-31": "46.00430", "2009-12-31": "84.30030", "2008-12-31": "201.08690", "2007-12-31": "31.73260", "2006-12-31": "40.53370", "2005-12-31": "91.06380"}, "Return On Tangible Equity": {"2019-12-31": "57.14290", "2018-12-31": "60.53680", "2017-12-31": "43.20800", "2016-12-31": "44.70700", "2015-12-31": "14.35720", "2014-12-31": "28.53890", "2013-12-31": "62.59240", "2012-12-31": "47.71570", "2011-12-31": "110.93750", "2010-12-31": "-426.00000", "2009-12-31": "-97.62850", "2008-12-31": "-38.58190", "2007-12-31": "-147.16160", "2006-12-31": "-57.89470", "2005-12-31": "-17.90800"}, "ROA - Return On Assets": {"2019-12-31": "9.11780", "2018-12-31": "13.07850", "2017-12-31": "9.03750", "2016-12-31": "10.86510", "2015-12-31": "3.34270", "2014-12-31": "7.12820", "2013-12-31": "12.20890", "2012-12-31": "4.17780", "2011-12-31": "5.00120", "2010-12-31": "5.14430", "2009-12-31": "5.87260", "2008-12-31": "5.16330", "2007-12-31": "4.18220", "2006-12-31": "4.04050", "2005-12-31": "2.87440"}, "ROI - Return On Investment": {"2019-12-31": "13.69910", "2018-12-31": "19.18410", "2017-12-31": "13.03300", "2016-12-31": "15.36120", "2015-12-31": "5.41820", "2014-12-31": "11.06990", "2013-12-31": "19.71000", "2012-12-31": "8.06870", "2011-12-31": "10.10920", "2010-12-31": "10.87850", "2009-12-31": "12.84790", "2008-12-31": "10.62000", "2007-12-31": "7.75430", "2006-12-31": "8.02310", "2005-12-31": "6.08470"}, "Book Value Per Share": {"2019-12-31": "24.23990", "2018-12-31": "26.37870", "2017-12-31": "24.29860", "2016-12-31": "21.47730", "2015-12-31": "19.27350", "2014-12-31": "20.13040", "2013-12-31": "17.19770", "2012-12-31": "10.83680", "2011-12-31": "8.57070", "2010-12-31": "5.94510", "2009-12-31": "4.05830", "2008-12-31": "1.28220", "2007-12-31": "6.98210", "2006-12-31": "4.96000", "2005-12-31": "1.48210"}, "Operating Cash Flow Per Share": {"2019-12-31": 0.1593, "2018-12-31": 5.6997, "2017-12-31": -0.3249, "2016-12-31": 0.4701, "2015-12-31": -0.4998, "2014-12-31": 1.3777, "2013-12-31": 0.2651, "2012-12-31": 0.504, "2011-12-31": 1.1593, "2010-12-31": -0.9394, "2009-12-31": 0.2087, "2008-12-31": 0.2792, "2007-12-31": -1.0657, "2006-12-31": 0.1534, "2005-12-31": 4.2178}, "Free Cash Flow Per Share": {"2019-12-31": -0.3204, "2018-12-31": 5.1414, "2017-12-31": -0.5664, "2016-12-31": 2.1959, "2015-12-31": 0.4271, "2014-12-31": -0.5977, "2013-12-31": 0.4642, "2012-12-31": 1.4174, "2011-12-31": 0.9199, "2010-12-31": -3.0584, "2009-12-31": 0.7646, "2008-12-31": 0.285, "2007-12-31": -1.3274, "2006-12-31": -0.0454, "2005-12-31": 2.9964}}, "financial ratios, quarterly": {"Current Ratio": {"2020-09-30": "1.15030", "2020-06-30": "1.19760", "2020-03-31": "1.48080", "2019-12-31": "1.57640", "2019-09-30": "1.85450", "2019-06-30": "2.04260", "2019-03-31": "1.58290", "2018-12-31": "1.61550", "2018-09-30": "2.07570", "2018-06-30": "1.95840", "2018-03-31": "1.87640", "2017-12-31": "1.79090", "2017-09-30": "1.68580", "2017-06-30": "1.81390", "2017-03-31": "2.35370", "2016-12-31": "2.29530", "2016-09-30": "2.71220", "2016-06-30": "2.25940", "2016-03-31": "2.28580", "2015-12-31": "1.79810", "2015-09-30": "1.84430", "2015-06-30": "2.30520", "2015-03-31": "2.25610", "2014-12-31": "2.01640", "2014-09-30": "1.68430", "2014-06-30": "2.16400", "2014-03-31": "2.14970", "2013-12-31": "2.05950", "2013-09-30": "2.02130", "2013-06-30": "2.05960", "2013-03-31": "2.21020", "2012-12-31": "2.09520", "2012-09-30": "2.12760", "2012-06-30": "2.13880", "2012-03-31": "1.91500", "2011-12-31": "1.95160", "2011-09-30": "1.79670", "2011-06-30": "1.83670", "2011-03-31": "1.77080", "2010-12-31": "1.73020", "2010-09-30": "1.69030", "2010-06-30": "1.86890", "2010-03-31": "1.85130", "2009-12-31": "1.77720", "2009-09-30": "1.94300", "2009-06-30": "2.07000", "2009-03-31": "1.99310", "2008-12-31": "1.66980", "2008-09-30": "1.66080", "2008-06-30": "1.67310", "2008-03-31": "1.50190", "2007-12-31": "1.50810", "2007-09-30": "1.44610", "2007-06-30": "1.55610", "2007-03-31": "1.85930", "2006-12-31": "1.40390", "2006-09-30": "1.45870", "2006-06-30": "1.42780", "2006-03-31": "1.35210", "2005-12-31": "1.27570", "2005-09-30": "1.35090", "2005-06-30": "1.76990", "2005-03-31": "1.46910"}, "Long-term Debt / Capital": {"2020-09-30": "0.52120", "2020-06-30": "0.51020", "2020-03-31": "0.54200", "2019-12-31": "0.54050", "2019-09-30": "0.51690", "2019-06-30": "0.51420", "2019-03-31": "0.46030", "2018-12-31": "0.46780", "2018-09-30": "0.44770", "2018-06-30": "0.46020", "2018-03-31": "0.47700", "2017-12-31": "0.50120", "2017-09-30": "0.48510", "2017-06-30": "0.48420", "2017-03-31": "0.48390", "2016-12-31": "0.48890", "2016-09-30": "0.48120", "2016-06-30": "0.44680", "2016-03-31": "0.44530", "2015-12-31": "0.46590", "2015-09-30": "0.44280", "2015-06-30": "0.42270", "2015-03-31": "0.44220", "2014-12-31": "0.45660", "2014-09-30": "0.45700", "2014-06-30": "0.48150", "2014-03-31": "0.49660", "2013-12-31": "0.51680", "2013-09-30": "0.57930", "2013-06-30": "0.59030", "2013-03-31": "0.61720", "2012-12-31": "0.62880", "2012-09-30": "0.59720", "2012-06-30": "0.61550", "2012-03-31": "0.65100", "2011-12-31": "0.68180", "2011-09-30": "0.66520", "2011-06-30": "0.67820", "2011-03-31": "0.72550", "2010-12-31": "0.76350", "2010-09-30": "0.76650", "2010-06-30": "0.82110", "2010-03-31": "0.84920", "2009-12-31": "0.84760", "2009-09-30": "0.82840", "2009-06-30": "0.92950", "2009-03-31": "0.98580", "2008-12-31": "0.94720", "2008-09-30": "0.76330", "2008-06-30": "0.73230", "2008-03-31": "0.74970", "2007-12-31": "0.75560", "2007-09-30": "0.82830", "2007-06-30": "0.82980", "2007-03-31": "0.77150", "2006-12-31": "0.80210", "2006-09-30": "0.85590", "2006-06-30": "0.88820", "2006-03-31": "0.90630", "2005-12-31": "0.93320", "2005-09-30": "0.98250", "2005-06-30": "0.96270", "2005-03-31": "0.98190"}, "Debt/Equity Ratio": {"2020-09-30": "1.42090", "2020-06-30": "1.40610", "2020-03-31": "1.44750", "2019-12-31": "1.34750", "2019-09-30": "1.18730", "2019-06-30": "1.15640", "2019-03-31": "1.06890", "2018-12-31": "1.04500", "2018-09-30": "0.86860", "2018-06-30": "0.94900", "2018-03-31": "1.02810", "2017-12-31": "1.10370", "2017-09-30": "1.08100", "2017-06-30": "1.06180", "2017-03-31": "0.97270", "2016-12-31": "0.99570", "2016-09-30": "0.95680", "2016-06-30": "0.84660", "2016-03-31": "0.84020", "2015-12-31": "1.05370", "2015-09-30": "0.93960", "2015-06-30": "0.76760", "2015-03-31": "0.83280", "2014-12-31": "0.88470", "2014-09-30": "1.08580", "2014-06-30": "0.97970", "2014-03-31": "1.04040", "2013-12-31": "1.13520", "2013-09-30": "1.48460", "2013-06-30": "1.55370", "2013-03-31": "1.67360", "2012-12-31": "1.79080", "2012-09-30": "1.55610", "2012-06-30": "1.67470", "2012-03-31": "1.96630", "2011-12-31": "2.24980", "2011-09-30": "2.09750", "2011-06-30": "2.22000", "2011-03-31": "2.83630", "2010-12-31": "3.47520", "2010-09-30": "3.56710", "2010-06-30": "4.97390", "2010-03-31": "6.08190", "2009-12-31": "5.97440", "2009-09-30": "5.21430", "2009-06-30": "14.08070", "2009-03-31": "73.80850", "2008-12-31": "19.20110", "2008-09-30": "3.51800", "2008-06-30": "2.94070", "2008-03-31": "3.22070", "2007-12-31": "3.34840", "2007-09-30": "5.18550", "2007-06-30": "5.16010", "2007-03-31": "3.56380", "2006-12-31": "4.44470", "2006-09-30": "6.31690", "2006-06-30": "8.35890", "2006-03-31": "10.28660", "2005-12-31": "14.62550", "2005-09-30": "59.25420", "2005-06-30": "26.92860", "2005-03-31": "56.37710"}, "Gross Margin": {"2020-09-30": "23.17510", "2020-06-30": "20.28500", "2020-03-31": "23.83560", "2019-12-31": "22.06700", "2019-09-30": "26.10340", "2019-06-30": "26.57040", "2019-03-31": "26.85240", "2018-12-31": "24.86680", "2018-09-30": "29.13610", "2018-06-30": "28.25380", "2018-03-31": "27.82280", "2017-12-31": "25.92590", "2017-09-30": "24.45720", "2017-06-30": "24.17220", "2017-03-31": "23.79330", "2016-12-31": "24.56140", "2016-09-30": "26.83300", "2016-06-30": "25.01850", "2016-03-31": "27.77780", "2015-12-31": "19.41530", "2015-09-30": "21.44370", "2015-06-30": "25.38930", "2015-03-31": "26.27590", "2014-12-31": "25.27260", "2014-09-30": "24.64670", "2014-06-30": "23.06390", "2014-03-31": "22.17010", "2013-12-31": "22.71040", "2013-09-30": "21.14910", "2013-06-30": "19.29820", "2013-03-31": "20.74770", "2012-12-31": "16.25580", "2012-09-30": "20.38530", "2012-06-30": "20.00000", "2012-03-31": "16.77890", "2011-12-31": "15.79930", "2011-09-30": "22.19150", "2011-06-30": "23.38850", "2011-03-31": "22.08940", "2010-12-31": "20.76970", "2010-09-30": "22.97480", "2010-06-30": "19.97360", "2010-03-31": "15.70610", "2009-12-31": "20.82130", "2009-09-30": "20.39880", "2009-06-30": "19.93570", "2009-03-31": "17.45200", "2008-12-31": "8.47590", "2008-09-30": "18.26660", "2008-06-30": "21.19910", "2008-03-31": "22.64360", "2007-12-31": "23.40910", "2007-09-30": "21.42400", "2007-06-30": "21.65810", "2007-03-31": "23.08680", "2006-12-31": "21.96750", "2006-09-30": "22.97760", "2006-06-30": "23.06110", "2006-03-31": "22.56340", "2005-12-31": "27.23680", "2005-09-30": "18.74180", "2005-06-30": "22.64280", "2005-03-31": "25.16920"}, "Operating Margin": {"2020-09-30": "13.04040", "2020-06-30": "6.95730", "2020-03-31": "13.28770", "2019-12-31": "4.74860", "2019-09-30": "16.39340", "2019-06-30": "11.68340", "2019-03-31": "18.96860", "2018-12-31": "15.33450", "2018-09-30": "21.11800", "2018-06-30": "19.41430", "2018-03-31": "18.53050", "2017-12-31": "15.06590", "2017-09-30": "14.62320", "2017-06-30": "14.43710", "2017-03-31": "11.55680", "2016-12-31": "12.05190", "2016-09-30": "18.59410", "2016-06-30": "17.98670", "2016-03-31": "20.44160", "2015-12-31": "-22.86360", "2015-09-30": "13.16350", "2015-06-30": "12.72850", "2015-03-31": "17.72410", "2014-12-31": "-3.46380", "2014-09-30": "17.52400", "2014-06-30": "14.64100", "2014-03-31": "14.25220", "2013-12-31": "58.41580", "2013-09-30": "12.89730", "2013-06-30": "10.22380", "2013-03-31": "11.46420", "2012-12-31": "-19.32050", "2012-09-30": "10.93850", "2012-06-30": "10.62690", "2012-03-31": "6.79730", "2011-12-31": "-11.83400", "2011-09-30": "10.84670", "2011-06-30": "11.92240", "2011-03-31": "11.83130", "2010-12-31": "9.29000", "2010-09-30": "14.67460", "2010-06-30": "10.28350", "2010-03-31": "-1.00860", "2009-12-31": "7.85300", "2009-09-30": "4.98470", "2009-06-30": "7.15430", "2009-03-31": "2.35600", "2008-12-31": "-11.81960", "2008-09-30": "8.28310", "2008-06-30": "11.08140", "2008-03-31": "12.67610", "2007-12-31": "18.40910", "2007-09-30": "9.34520", "2007-06-30": "4.56300", "2007-03-31": "13.24760", "2006-12-31": "9.39350", "2006-09-30": "11.69270", "2006-06-30": "10.43240", "2006-03-31": "11.28170", "2005-12-31": "10.92110", "2005-09-30": "6.22540", "2005-06-30": "10.09300", "2005-03-31": "10.55480"}, "EBIT Margin": {"2020-09-30": "13.04040", "2020-06-30": "6.95730", "2020-03-31": "13.28770", "2019-12-31": "4.74860", "2019-09-30": "16.39340", "2019-06-30": "11.68340", "2019-03-31": "18.96860", "2018-12-31": "15.33450", "2018-09-30": "21.11800", "2018-06-30": "19.41430", "2018-03-31": "18.53050", "2017-12-31": "15.06590", "2017-09-30": "14.62320", "2017-06-30": "14.43710", "2017-03-31": "11.55680", "2016-12-31": "12.05190", "2016-09-30": "18.59410", "2016-06-30": "17.98670", "2016-03-31": "20.44160", "2015-12-31": "-22.86360", "2015-09-30": "13.16350", "2015-06-30": "12.72850", "2015-03-31": "17.72410", "2014-12-31": "-3.46380", "2014-09-30": "17.52400", "2014-06-30": "14.64100", "2014-03-31": "14.25220", "2013-12-31": "58.41580", "2013-09-30": "12.89730", "2013-06-30": "10.22380", "2013-03-31": "11.46420", "2012-12-31": "-19.32050", "2012-09-30": "10.93850", "2012-06-30": "10.62690", "2012-03-31": "6.79730", "2011-12-31": "-11.83400", "2011-09-30": "10.84670", "2011-06-30": "11.92240", "2011-03-31": "11.83130", "2010-12-31": "9.29000", "2010-09-30": "14.67460", "2010-06-30": "10.28350", "2010-03-31": "-1.00860", "2009-12-31": "7.85300", "2009-09-30": "4.98470", "2009-06-30": "7.15430", "2009-03-31": "2.35600", "2008-12-31": "-11.81960", "2008-09-30": "8.28310", "2008-06-30": "11.08140", "2008-03-31": "12.67610", "2007-12-31": "18.40910", "2007-09-30": "9.34520", "2007-06-30": "4.56300", "2007-03-31": "13.24760", "2006-12-31": "9.39350", "2006-09-30": "11.69270", "2006-06-30": "10.43240", "2006-03-31": "11.28170", "2005-12-31": "10.92110", "2005-09-30": "6.22540", "2005-06-30": "10.09300", "2005-03-31": "10.55480"}, "EBITDA Margin": {"2020-09-30": "", "2020-06-30": "", "2020-03-31": "", "2019-12-31": "", "2019-09-30": "", "2019-06-30": "", "2019-03-31": "", "2018-12-31": "", "2018-09-30": "", "2018-06-30": "", "2018-03-31": "", "2017-12-31": "", "2017-09-30": "", "2017-06-30": "", "2017-03-31": "", "2016-12-31": "", "2016-09-30": "", "2016-06-30": "", "2016-03-31": "", "2015-12-31": "", "2015-09-30": "", "2015-06-30": "", "2015-03-31": "", "2014-12-31": "", "2014-09-30": "", "2014-06-30": "", "2014-03-31": "", "2013-12-31": "", "2013-09-30": "", "2013-06-30": "", "2013-03-31": "", "2012-12-31": "", "2012-09-30": "", "2012-06-30": "", "2012-03-31": "", "2011-12-31": "", "2011-09-30": "", "2011-06-30": "", "2011-03-31": "", "2010-12-31": "", "2010-09-30": "", "2010-06-30": "", "2010-03-31": "", "2009-12-31": "", "2009-09-30": "", "2009-06-30": "", "2009-03-31": "", "2008-12-31": "", "2008-09-30": "", "2008-06-30": "", "2008-03-31": "", "2007-12-31": "", "2007-09-30": "", "2007-06-30": "", "2007-03-31": "", "2006-12-31": "", "2006-09-30": "", "2006-06-30": "", "2006-03-31": "", "2005-12-31": "", "2005-09-30": "", "2005-06-30": "", "2005-03-31": ""}, "Pre-Tax Profit Margin": {"2020-09-30": "17.08010", "2020-06-30": "12.32190", "2020-03-31": "20.00000", "2019-12-31": "2.86310", "2019-09-30": "20.36570", "2019-06-30": "15.01260", "2019-03-31": "22.82160", "2018-12-31": "10.30200", "2018-09-30": "26.08700", "2018-06-30": "23.96960", "2018-03-31": "23.33870", "2017-12-31": "16.63530", "2017-09-30": "18.45470", "2017-06-30": "18.60930", "2017-03-31": "16.31540", "2016-12-31": "11.89930", "2016-09-30": "21.23960", "2016-06-30": "20.35530", "2016-03-31": "22.64960", "2015-12-31": "-20.23990", "2015-09-30": "15.92360", "2015-06-30": "15.36900", "2015-03-31": "21.10350", "2014-12-31": "-1.98850", "2014-09-30": "19.61560", "2014-06-30": "19.89830", "2014-03-31": "16.01170", "2013-12-31": "59.09650", "2013-09-30": "13.93640", "2013-06-30": "12.58320", "2013-03-31": "13.58260", "2012-12-31": "-17.52170", "2012-09-30": "11.56000", "2012-06-30": "16.59700", "2012-03-31": "7.34840", "2011-12-31": "-12.01980", "2011-09-30": "11.12340", "2011-06-30": "15.97260", "2011-03-31": "11.32790", "2010-12-31": "8.62640", "2010-09-30": "12.68260", "2010-06-30": "14.76600", "2010-03-31": "-0.50430", "2009-12-31": "6.62820", "2009-09-30": "3.68100", "2009-06-30": "10.20900", "2009-03-31": "-1.39620", "2008-12-31": "-14.30790", "2008-09-30": "8.33790", "2008-06-30": "13.22270", "2008-03-31": "11.80930", "2007-12-31": "17.78410", "2007-09-30": "8.32800", "2007-06-30": "-10.79690", "2007-03-31": "10.99680", "2006-12-31": "8.28400", "2006-09-30": "10.19710", "2006-06-30": "9.19700", "2006-03-31": "8.67820", "2005-12-31": "8.28950", "2005-09-30": "5.04590", "2005-06-30": "8.16730", "2005-03-31": "0.87960"}, "Net Profit Margin": {"2020-09-30": "14.67050", "2020-06-30": "8.96900", "2020-03-31": "14.93150", "2019-12-31": "3.00280", "2019-09-30": "16.58260", "2019-06-30": "13.12810", "2019-03-31": "19.97630", "2018-12-31": "5.86150", "2018-09-30": "22.64260", "2018-06-30": "18.65510", "2018-03-31": "19.61100", "2017-12-31": "12.74330", "2017-09-30": "14.43170", "2017-06-30": "15.29800", "2017-03-31": "12.44050", "2016-12-31": "12.20440", "2016-09-30": "19.80350", "2016-06-30": "16.35830", "2016-03-31": "18.30480", "2015-12-31": "-22.33880", "2015-09-30": "11.39420", "2015-06-30": "13.87950", "2015-03-31": "16.27590", "2014-12-31": "-5.38810", "2014-09-30": "14.30190", "2014-06-30": "14.64100", "2014-03-31": "11.49560", "2013-12-31": "40.47030", "2013-09-30": "10.51350", "2013-06-30": "8.04600", "2013-03-31": "8.84740", "2012-12-31": "-11.25920", "2012-09-30": "7.89310", "2012-06-30": "13.19400", "2012-03-31": "11.81870", "2011-12-31": "-5.26640", "2011-09-30": "9.24180", "2011-06-30": "11.58020", "2011-03-31": "8.93640", "2010-12-31": "3.84870", "2010-09-30": "9.62820", "2010-06-30": "10.54710", "2010-03-31": "0.79250", "2009-12-31": "0.64840", "2009-09-30": "30.29140", "2009-06-30": "8.60130", "2009-03-31": "-2.00700", "2008-12-31": "-12.28620", "2008-09-30": "8.50250", "2008-06-30": "7.06640", "2008-03-31": "7.69230", "2007-12-31": "11.98860", "2007-09-30": "8.01020", "2007-06-30": "-7.71210", "2007-03-31": "12.79740", "2006-12-31": "5.54730", "2006-09-30": "7.20600", "2006-06-30": "6.93210", "2006-03-31": "7.61010", "2005-12-31": "22.63160", "2005-09-30": "2.75230", "2005-06-30": "4.31610", "2005-03-31": "-0.81190"}, "Asset Turnover": {"2020-09-30": "0.14440", "2020-06-30": "0.12550", "2020-03-31": "0.15300", "2019-12-31": "0.15110", "2019-09-30": "0.16850", "2019-06-30": "0.16750", "2019-03-31": "0.17620", "2018-12-31": "0.18140", "2018-09-30": "0.18030", "2018-06-30": "0.18840", "2018-03-31": "0.18930", "2017-12-31": "0.16700", "2017-09-30": "0.17280", "2017-06-30": "0.17000", "2017-03-31": "0.17750", "2016-12-31": "0.15690", "2016-09-30": "0.15110", "2016-06-30": "0.16380", "2016-03-31": "0.16730", "2015-12-31": "0.15540", "2015-09-30": "0.15860", "2015-06-30": "0.16430", "2015-03-31": "0.16810", "2014-12-31": "0.17720", "2014-09-30": "0.18220", "2014-06-30": "0.18950", "2014-03-31": "0.18680", "2013-12-31": "0.17920", "2013-09-30": "0.17200", "2013-06-30": "0.17730", "2013-03-31": "0.17700", "2012-12-31": "0.16680", "2012-09-30": "0.17950", "2012-06-30": "0.19080", "2012-03-31": "0.18510", "2011-12-31": "0.18950", "2011-09-30": "0.20740", "2011-06-30": "0.19650", "2011-03-31": "0.18430", "2010-12-31": "0.18200", "2010-09-30": "0.17940", "2010-06-30": "0.18720", "2010-03-31": "0.16920", "2009-12-31": "0.16500", "2009-09-30": "0.15810", "2009-06-30": "0.16320", "2009-03-31": "0.15620", "2008-12-31": "0.17950", "2008-09-30": "0.22870", "2008-06-30": "0.21690", "2008-03-31": "0.22200", "2007-12-31": "0.21840", "2007-09-30": "0.20860", "2007-06-30": "0.21160", "2007-03-31": "0.19720", "2006-12-31": "0.17120", "2006-09-30": "0.19290", "2006-06-30": "0.19250", "2006-03-31": "0.19920", "2005-12-31": "0.10210", "2005-09-30": "0.20790", "2005-06-30": "0.20360", "2005-03-31": "0.17590"}, "Inventory Turnover Ratio": {"2020-09-30": "1.08290", "2020-06-30": "0.92240", "2020-03-31": "1.07340", "2019-12-31": "1.07510", "2019-09-30": "1.17910", "2019-06-30": "1.15630", "2019-03-31": "1.22300", "2018-12-31": "1.21320", "2018-09-30": "1.21490", "2018-06-30": "1.44270", "2018-03-31": "1.39900", "2017-12-31": "1.31110", "2017-09-30": "1.46230", "2017-06-30": "1.48510", "2017-03-31": "1.56350", "2016-12-31": "1.37360", "2016-09-30": "1.48470", "2016-06-30": "1.59280", "2016-03-31": "1.52020", "2015-12-31": "1.57620", "2015-09-30": "1.50410", "2015-06-30": "1.44620", "2015-03-31": "1.43680", "2014-12-31": "1.48980", "2014-09-30": "1.72890", "2014-06-30": "1.66790", "2014-03-31": "1.62620", "2013-12-31": "1.55350", "2013-09-30": "1.71310", "2013-06-30": "1.80760", "2013-03-31": "1.67810", "2012-12-31": "1.76790", "2012-09-30": "1.80170", "2012-06-30": "1.84570", "2012-03-31": "1.80480", "2011-12-31": "1.90870", "2011-09-30": "1.80950", "2011-06-30": "1.72400", "2011-03-31": "1.79940", "2010-12-31": "1.95740", "2010-09-30": "2.00690", "2010-06-30": "2.32570", "2010-03-31": "2.14680", "2009-12-31": "2.10540", "2009-09-30": "2.22270", "2009-06-30": "2.10570", "2009-03-31": "1.81230", "2008-12-31": "2.03990", "2008-09-30": "2.00540", "2008-06-30": "1.95230", "2008-03-31": "2.01410", "2007-12-31": "2.11950", "2007-09-30": "2.14960", "2007-06-30": "2.12000", "2007-03-31": "2.04790", "2006-12-31": "1.61560", "2006-09-30": "1.77310", "2006-06-30": "1.71150", "2006-03-31": "1.71090", "2005-12-31": "0.85080", "2005-09-30": "1.98400", "2005-06-30": "1.98810", "2005-03-31": "1.72540"}, "Receiveable Turnover": {"2020-09-30": "1.32740", "2020-06-30": "1.14600", "2020-03-31": "1.25860", "2019-12-31": "1.21250", "2019-09-30": "1.23710", "2019-06-30": "1.22180", "2019-03-31": "1.24230", "2018-12-31": "1.28150", "2018-09-30": "1.29740", "2018-06-30": "1.27610", "2018-03-31": "1.25410", "2017-12-31": "1.29510", "2017-09-30": "1.25380", "2017-06-30": "1.24590", "2017-03-31": "1.33480", "2016-12-31": "1.28030", "2016-09-30": "1.31640", "2016-06-30": "1.33890", "2016-03-31": "1.34740", "2015-12-31": "1.34610", "2015-09-30": "1.37990", "2015-06-30": "1.34390", "2015-03-31": "1.43280", "2014-12-31": "1.49620", "2014-09-30": "1.45480", "2014-06-30": "1.38640", "2014-03-31": "1.37280", "2013-12-31": "1.33550", "2013-09-30": "1.31720", "2013-06-30": "1.36720", "2013-03-31": "1.44200", "2012-12-31": "1.44880", "2012-09-30": "1.43660", "2012-06-30": "1.47710", "2012-03-31": "1.43880", "2011-12-31": "1.45930", "2011-09-30": "1.53010", "2011-06-30": "1.38470", "2011-03-31": "1.30350", "2010-12-31": "1.39540", "2010-09-30": "1.29720", "2010-06-30": "1.37160", "2010-03-31": "1.28880", "2009-12-31": "1.41200", "2009-09-30": "1.37120", "2009-06-30": "1.33330", "2009-03-31": "1.35460", "2008-12-31": "1.42100", "2008-09-30": "1.34140", "2008-06-30": "1.29540", "2008-03-31": "1.21210", "2007-12-31": "1.21720", "2007-09-30": "1.16690", "2007-06-30": "1.17520", "2007-03-31": "1.09510", "2006-12-31": "0.91600", "2006-09-30": "0.95580", "2006-06-30": "0.93820", "2006-03-31": "0.97080", "2005-12-31": "0.54290", "2005-09-30": "1.04090", "2005-06-30": "1.01890", "2005-03-31": "0.95850"}, "Days Sales In Receivables": {"2020-09-30": "67.80300", "2020-06-30": "78.53310", "2020-03-31": "71.50680", "2019-12-31": "74.22490", "2019-09-30": "72.74910", "2019-06-30": "73.66210", "2019-03-31": "72.44810", "2018-12-31": "70.23090", "2018-09-30": "69.36760", "2018-06-30": "70.52600", "2018-03-31": "71.76660", "2017-12-31": "69.49150", "2017-09-30": "71.78160", "2017-06-30": "72.23840", "2017-03-31": "67.42350", "2016-12-31": "70.29750", "2016-09-30": "68.36740", "2016-06-30": "67.21690", "2016-03-31": "66.79490", "2015-12-31": "66.85910", "2015-09-30": "65.22290", "2015-06-30": "66.96680", "2015-03-31": "62.81380", "2014-12-31": "60.15400", "2014-09-30": "61.86550", "2014-06-30": "64.91800", "2014-03-31": "65.56010", "2013-12-31": "67.38860", "2013-09-30": "68.32520", "2013-06-30": "65.82580", "2013-03-31": "62.41120", "2012-12-31": "62.11860", "2012-09-30": "62.64760", "2012-06-30": "60.93130", "2012-03-31": "62.55360", "2011-12-31": "61.67290", "2011-09-30": "58.82130", "2011-06-30": "64.99720", "2011-03-31": "69.04340", "2010-12-31": "64.49900", "2010-09-30": "69.38250", "2010-06-30": "65.61640", "2010-03-31": "69.83430", "2009-12-31": "63.73920", "2009-09-30": "65.63650", "2009-06-30": "67.50000", "2009-03-31": "66.43980", "2008-12-31": "63.33590", "2008-09-30": "67.09270", "2008-06-30": "69.47540", "2008-03-31": "74.25240", "2007-12-31": "73.94320", "2007-09-30": "77.12650", "2007-06-30": "76.58100", "2007-03-31": "82.18650", "2006-12-31": "98.25440", "2006-09-30": "94.16040", "2006-06-30": "95.93000", "2006-03-31": "92.70360", "2005-12-31": "165.78950", "2005-09-30": "86.46130", "2005-06-30": "88.32670", "2005-03-31": "93.89720"}, "ROE - Return On Equity": {"2020-09-30": "7.31620", "2020-06-30": "3.90380", "2020-03-31": "8.00420", "2019-12-31": "1.51830", "2019-09-30": "8.60150", "2019-06-30": "6.48430", "2019-03-31": "9.85750", "2018-12-31": "2.90030", "2018-09-30": "10.34750", "2018-06-30": "9.11010", "2018-03-31": "10.01360", "2017-12-31": "6.21400", "2017-09-30": "7.40030", "2017-06-30": "7.71940", "2017-03-31": "6.05060", "2016-12-31": "5.32940", "2016-09-30": "8.44180", "2016-06-30": "7.30910", "2016-03-31": "8.32800", "2015-12-31": "-10.63980", "2015-09-30": "4.72320", "2015-06-30": "5.82500", "2015-03-31": "7.31480", "2014-12-31": "-2.69660", "2014-09-30": "8.19780", "2014-06-30": "8.31990", "2014-03-31": "6.67810", "2013-12-31": "24.30530", "2013-09-30": "8.20540", "2013-06-30": "6.70030", "2013-03-31": "7.68390", "2012-12-31": "-9.65320", "2012-09-30": "6.73630", "2012-06-30": "12.43670", "2012-03-31": "12.52430", "2011-12-31": "-6.26400", "2011-09-30": "11.46980", "2011-06-30": "14.93080", "2011-03-31": "12.14790", "2010-12-31": "11.12310", "2010-09-30": "16.03050", "2010-06-30": "23.65750", "2010-03-31": "2.26480", "2009-12-31": "1.19450", "2009-09-30": "58.01750", "2009-06-30": "44.35480", "2009-03-31": "-44.68090", "2008-12-31": "-76.63040", "2008-09-30": "15.93780", "2008-06-30": "16.39610", "2008-03-31": "12.95800", "2007-12-31": "19.67990", "2007-09-30": "19.28780", "2007-06-30": "-18.90240", "2007-03-31": "12.46170", "2006-12-31": "5.08260", "2006-09-30": "16.11720", "2006-06-30": "22.72730", "2006-03-31": "28.07020", "2005-12-31": "51.06380", "2005-09-30": "79.66100", "2005-06-30": "53.17460", "2005-03-31": "-32.78690"}, "Return On Tangible Equity": {"2020-09-30": "14.66300", "2020-06-30": "7.70290", "2020-03-31": "15.35860", "2019-12-31": "2.91010", "2019-09-30": "15.24560", "2019-06-30": "11.44250", "2019-03-31": "16.68310", "2018-12-31": "4.87080", "2018-09-30": "15.92510", "2018-06-30": "14.41710", "2018-03-31": "16.51670", "2017-12-31": "10.27570", "2017-09-30": "12.62930", "2017-06-30": "13.06230", "2017-03-31": "8.98000", "2016-12-31": "7.92710", "2016-09-30": "11.46550", "2016-06-30": "10.04960", "2016-03-31": "11.46160", "2015-12-31": "-15.05750", "2015-09-30": "6.40100", "2015-06-30": "7.67780", "2015-03-31": "9.84850", "2014-12-31": "-3.77790", "2014-09-30": "11.43240", "2014-06-30": "11.90590", "2014-03-31": "9.86340", "2013-12-31": "37.29390", "2013-09-30": "14.86960", "2013-06-30": "12.53530", "2013-03-31": "15.35950", "2012-12-31": "-21.19290", "2012-09-30": "13.25800", "2012-06-30": "26.40380", "2012-03-31": "34.71220", "2011-12-31": "-21.87500", "2011-09-30": "36.06910", "2011-06-30": "63.66460", "2011-03-31": "172.50000", "2010-12-31": "-103.00000", "2010-09-30": "-105.75540", "2010-06-30": "-51.58230", "2010-03-31": "-2.84460", "2009-12-31": "-1.38340", "2009-09-30": "-91.49430", "2009-06-30": "-12.67280", "2009-03-31": "2.00760", "2008-12-31": "14.70280", "2008-09-30": "-93.18180", "2008-06-30": "-198.03920", "2008-03-31": "-63.59650", "2007-12-31": "-91.26640", "2007-09-30": "-20.53710", "2007-06-30": "19.07690", "2007-03-31": "-35.77710", "2006-12-31": "-7.25950", "2006-09-30": "-11.01380", "2006-06-30": "-9.73360", "2006-03-31": "-8.94690", "2005-12-31": "-10.04180", "2005-09-30": "-3.41570", "2005-06-30": "-6.22680", "2005-03-31": "1.79530"}, "ROA - Return On Assets": {"2020-09-30": "2.15990", "2020-06-30": "1.17820", "2020-03-31": "2.37820", "2019-12-31": "0.46430", "2019-09-30": "2.86810", "2019-06-30": "2.21970", "2019-03-31": "3.54080", "2018-12-31": "1.05230", "2018-09-30": "4.15310", "2018-06-30": "3.52440", "2018-03-31": "3.75260", "2017-12-31": "2.14930", "2017-09-30": "2.56010", "2017-06-30": "2.71300", "2017-03-31": "2.22010", "2016-12-31": "1.92650", "2016-09-30": "3.03760", "2016-06-30": "2.70370", "2016-03-31": "3.07440", "2015-12-31": "-3.50570", "2015-09-30": "1.69510", "2015-06-30": "2.25860", "2015-03-31": "2.71270", "2014-12-31": "-0.94360", "2014-09-30": "2.64680", "2014-06-30": "2.76440", "2014-03-31": "2.13610", "2013-12-31": "7.27430", "2013-09-30": "1.79770", "2013-06-30": "1.42670", "2013-03-31": "1.55490", "2012-12-31": "-1.85560", "2012-09-30": "1.43890", "2012-06-30": "2.51740", "2012-03-31": "2.18750", "2011-12-31": "-0.98610", "2011-09-30": "1.91710", "2011-06-30": "2.29850", "2011-03-31": "1.60060", "2010-12-31": "1.24380", "2010-09-30": "1.75130", "2010-06-30": "2.01110", "2010-03-31": "0.15850", "2009-12-31": "0.08320", "2009-09-30": "4.82420", "2009-06-30": "1.44300", "2009-03-31": "-0.28620", "2008-12-31": "-1.96760", "2008-09-30": "2.05720", "2008-06-30": "2.34500", "2008-03-31": "1.74380", "2007-12-31": "2.59370", "2007-09-30": "1.72390", "2007-06-30": "-1.68590", "2007-03-31": "1.54680", "2006-12-31": "0.50660", "2006-09-30": "1.15390", "2006-06-30": "1.25530", "2006-03-31": "1.27640", "2005-12-31": "1.61180", "2005-09-30": "0.64030", "2005-06-30": "0.90590", "2005-03-31": "-0.23800"}, "ROI - Return On Investment": {"2020-09-30": "3.50270", "2020-06-30": "1.91190", "2020-03-31": "3.66600", "2019-12-31": "0.69760", "2019-09-30": "4.15510", "2019-06-30": "3.15020", "2019-03-31": "5.32020", "2018-12-31": "1.54360", "2018-09-30": "5.71510", "2018-06-30": "4.91800", "2018-03-31": "5.23690", "2017-12-31": "3.09950", "2017-09-30": "3.81010", "2017-06-30": "3.98150", "2017-03-31": "3.12290", "2016-12-31": "2.72370", "2016-09-30": "4.37930", "2016-06-30": "4.04350", "2016-03-31": "4.61950", "2015-12-31": "-5.68250", "2015-09-30": "2.63160", "2015-06-30": "3.36260", "2015-03-31": "4.08020", "2014-12-31": "-1.46540", "2014-09-30": "4.45100", "2014-06-30": "4.31370", "2014-03-31": "3.36150", "2013-12-31": "11.74360", "2013-09-30": "3.45180", "2013-06-30": "2.74510", "2013-03-31": "2.94120", "2012-12-31": "-3.58370", "2012-09-30": "2.71350", "2012-06-30": "4.78150", "2012-03-31": "4.37050", "2011-12-31": "-1.99340", "2011-09-30": "3.84000", "2011-06-30": "4.80540", "2011-03-31": "3.33410", "2010-12-31": "2.63020", "2010-09-30": "3.74330", "2010-06-30": "4.23270", "2010-03-31": "0.34150", "2009-12-31": "0.18210", "2009-09-30": "9.95500", "2009-06-30": "3.12860", "2009-03-31": "-0.63230", "2008-12-31": "-4.04710", "2008-09-30": "3.77270", "2008-06-30": "4.38840", "2008-03-31": "3.24380", "2007-12-31": "4.80900", "2007-09-30": "3.31130", "2007-06-30": "-3.21740", "2007-03-31": "2.84780", "2006-12-31": "1.00600", "2006-09-30": "2.32190", "2006-06-30": "2.54150", "2006-03-31": "2.63160", "2005-12-31": "3.41200", "2005-09-30": "1.39300", "2005-06-30": "1.98280", "2005-03-31": "-0.59510"}, "Book Value Per Share": {"2020-09-30": "24.60120", "2020-06-30": "24.25440", "2020-03-31": "23.98740", "2019-12-31": "24.23990", "2019-09-30": "25.87100", "2019-06-30": "26.29710", "2019-03-31": "27.16170", "2018-12-31": "26.37870", "2018-09-30": "29.48430", "2018-06-30": "28.04810", "2018-03-31": "26.97710", "2017-12-31": "24.29860", "2017-09-30": "23.11330", "2017-06-30": "22.67990", "2017-03-31": "21.79100", "2016-12-31": "21.47730", "2016-09-30": "22.00430", "2016-06-30": "21.07960", "2016-03-31": "21.01210", "2015-12-31": "19.27350", "2015-09-30": "21.79220", "2015-06-30": "22.72680", "2015-03-31": "20.87440", "2014-12-31": "20.13040", "2014-09-30": "20.40590", "2014-06-30": "19.97550", "2014-03-31": "18.72610", "2013-12-31": "17.19770", "2013-09-30": "13.21560", "2013-06-30": "12.43800", "2013-03-31": "11.49170", "2012-12-31": "10.83680", "2012-09-30": "12.02680", "2012-06-30": "11.15650", "2012-03-31": "9.85450", "2011-12-31": "8.57070", "2011-09-30": "9.32720", "2011-06-30": "8.78200", "2011-03-31": "7.27990", "2010-12-31": "5.94510", "2010-09-30": "5.89540", "2010-06-30": "4.41460", "2010-03-31": "3.66440", "2009-12-31": "4.05830", "2009-09-30": "4.77710", "2009-06-30": "1.72740", "2009-03-31": "0.32750", "2008-12-31": "1.28220", "2008-09-30": "7.17540", "2008-06-30": "8.20520", "2008-03-31": "6.86750", "2007-12-31": "6.98210", "2007-09-30": "4.15900", "2007-06-30": "4.29520", "2007-03-31": "6.12430", "2006-12-31": "4.96000", "2006-09-30": "3.44200", "2006-06-30": "2.63590", "2006-03-31": "2.15690", "2005-12-31": "1.48210", "2005-09-30": "0.37210", "2005-06-30": "0.79470", "2005-03-31": "0.38490"}, "Operating Cash Flow Per Share": {"2020-09-30": 3.6444, "2020-06-30": 3.2117, "2020-03-31": "2.16010", "2019-12-31": 2.5161, "2019-09-30": 3.3398, "2019-06-30": 3.4142, "2019-03-31": "2.39440", "2018-12-31": 2.6859, "2018-09-30": 3.4785, "2018-06-30": 4.2923, "2018-03-31": "1.04850", "2017-12-31": 0.3656, "2017-09-30": 1.9155, "2017-06-30": 2.1627, "2017-03-31": "1.36170", "2016-12-31": -0.3702, "2016-09-30": 2.176, "2016-06-30": 2.3871, "2016-03-31": "1.93750", "2015-12-31": 0.8525, "2015-09-30": 1.2167, "2015-06-30": 1.8367, "2015-03-31": "1.75440", "2014-12-31": 1.0304, "2014-09-30": 2.4575, "2014-06-30": 1.6264, "2014-03-31": "1.04580", "2013-12-31": 0.9608, "2013-09-30": 1.4737, "2013-06-30": 1.4303, "2013-03-31": "0.91760", "2012-12-31": 0.3894, "2012-09-30": 1.6119, "2012-06-30": 1.1648, "2012-03-31": "1.35120", "2011-12-31": 0.9885, "2011-09-30": 1.04, "2011-06-30": 1.1529, "2011-03-31": "0.83190", "2010-12-31": 0.5548, "2010-09-30": 0.9167, "2010-06-30": 1.0222, "2010-03-31": "0.36030", "2009-12-31": 1.204, "2009-09-30": 0.6859, "2009-06-30": 0.5168, "2009-03-31": "1.38670", "2008-12-31": 1.467, "2008-09-30": 0.0559, "2008-06-30": 1.0696, "2008-03-31": "0.99220", "2007-12-31": 1.6389, "2007-09-30": 1.1632, "2007-06-30": 0.4346, "2007-03-31": "0.06880", "2006-12-31": 1.7774, "2006-09-30": 1.6232, "2006-06-30": 0.9764, "2006-03-31": "-0.00580", "2005-12-31": 1.234, "2005-09-30": 1.8696, "2005-06-30": 0.8179, "2005-03-31": "0.29630"}, "Free Cash Flow Per Share": {"2020-09-30": 3.0341, "2020-06-30": 2.4613, "2020-03-31": "1.16760", "2019-12-31": 1.3807, "2019-09-30": 2.6511, "2019-06-30": 2.8862, "2019-03-31": "1.77820", "2018-12-31": 1.9981, "2018-09-30": 2.8882, "2018-06-30": 3.7124, "2018-03-31": "0.41790", "2017-12-31": -0.2503, "2017-09-30": 1.4354, "2017-06-30": 1.7681, "2017-03-31": "0.92200", "2016-12-31": -0.7727, "2016-09-30": 1.7601, "2016-06-30": 1.9893, "2016-03-31": "1.46490", "2015-12-31": 0.2921, "2015-09-30": 0.486, "2015-06-30": 0.7659, "2015-03-31": "0.70170", "2014-12-31": -0.3209, "2014-09-30": 1.2167, "2014-06-30": 0.8208, "2014-03-31": "0.10200", "2013-12-31": 0.2604, "2013-09-30": 0.7759, "2013-06-30": 0.9431, "2013-03-31": "0.43690", "2012-12-31": -0.2211, "2012-09-30": 1.0216, "2012-06-30": 0.5985, "2012-03-31": "0.55310", "2011-12-31": 0.1197, "2011-09-30": 0.0947, "2011-06-30": 0.314, "2011-03-31": "0.00630", "2010-12-31": -0.5245, "2010-09-30": 0.2024, "2010-06-30": -0.1352, "2010-03-31": "0.07210", "2009-12-31": 2.4828, "2009-09-30": -0.1661, "2009-06-30": -0.2358, "2009-03-31": "0.59230", "2008-12-31": 1.8411, "2008-09-30": -0.8144, "2008-06-30": 0.5412, "2008-03-31": "0.34070", "2007-12-31": 1.3309, "2007-09-30": 0.554, "2007-06-30": -0.0492, "2007-03-31": "-0.21210", "2006-12-31": 1.3561, "2006-09-30": 1.2811, "2006-06-30": 0.5704, "2006-03-31": "-0.25660", "2005-12-31": 0.7804, "2005-09-30": 1.6061, "2005-06-30": 0.5958, "2005-03-31": "0.01410"}}, "revenue": {"Celanese Annual Revenue (Millions of US $)": {"2020": "$5,655", "2019": "$6,297", "2018": "$7,155", "2017": "$6,140", "2016": "$5,389", "2015": "$5,674", "2014": "$6,802", "2013": "$6,510", "2012": "$6,418", "2011": "$6,763", "2010": "$5,918", "2009": "$5,082", "2008": "$6,823", "2007": "$6,444", "2006": "$5,778", "2005": "$5,270"}, "Celanese Quarterly Revenue (Millions of US $)": {"2020-12-31": "$1,591", "2020-09-30": "$1,411", "2020-06-30": "$1,193", "2020-03-31": "$1,460", "2019-12-31": "$1,432", "2019-09-30": "$1,586", "2019-06-30": "$1,592", "2019-03-31": "$1,687", "2018-12-31": "$1,689", "2018-09-30": "$1,771", "2018-06-30": "$1,844", "2018-03-31": "$1,851", "2017-12-31": "$1,593", "2017-09-30": "$1,566", "2017-06-30": "$1,510", "2017-03-31": "$1,471", "2016-12-31": "$1,311", "2016-09-30": "$1,323", "2016-06-30": "$1,351", "2016-03-31": "$1,404", "2015-12-31": "$1,334", "2015-09-30": "$1,413", "2015-06-30": "$1,477", "2015-03-31": "$1,450", "2014-12-31": "$1,559", "2014-09-30": "$1,769", "2014-06-30": "$1,769", "2014-03-31": "$1,705", "2013-12-31": "$1,616", "2013-09-30": "$1,636", "2013-06-30": "$1,653", "2013-03-31": "$1,605", "2012-12-31": "$1,501", "2012-09-30": "$1,609", "2012-06-30": "$1,675", "2012-03-31": "$1,633", "2011-12-31": "$1,614", "2011-09-30": "$1,807", "2011-06-30": "$1,753", "2011-03-31": "$1,589", "2010-12-31": "$1,507", "2010-09-30": "$1,506", "2010-06-30": "$1,517", "2010-03-31": "$1,388", "2009-12-31": "$1,388", "2009-09-30": "$1,304", "2009-06-30": "$1,244", "2009-03-31": "$1,146", "2008-12-31": "$1,286", "2008-09-30": "$1,823", "2008-06-30": "$1,868", "2008-03-31": "$1,846", "2007-12-31": "$1,760", "2007-09-30": "$1,573", "2007-06-30": "$1,556", "2007-03-31": "$1,555", "2006-12-31": "$1,352", "2006-09-30": "$1,471", "2006-06-30": "$1,457", "2006-03-31": "$1,498", "2005-12-31": "$760", "2005-09-30": "$1,526", "2005-06-30": "$1,506", "2005-03-31": "$1,478"}}, "gross-profit": {"Celanese Annual Gross Profit (Millions of US $)": {"2020": "$1,293", "2019": "$1,606", "2018": "$1,972", "2017": "$1,511", "2016": "$1,405", "2015": "$1,318", "2014": "$1,616", "2013": "$1,365", "2012": "$1,181", "2011": "$1,417", "2010": "$1,180", "2009": "$1,003", "2008": "$1,256", "2007": "$1,445", "2006": "$1,309", "2005": "$1,206"}, "Celanese Quarterly Gross Profit (Millions of US $)": {"2020-12-31": "$376", "2020-09-30": "$327", "2020-06-30": "$242", "2020-03-31": "$348", "2019-12-31": "$316", "2019-09-30": "$414", "2019-06-30": "$423", "2019-03-31": "$453", "2018-12-31": "$420", "2018-09-30": "$516", "2018-06-30": "$521", "2018-03-31": "$515", "2017-12-31": "$413", "2017-09-30": "$383", "2017-06-30": "$365", "2017-03-31": "$350", "2016-12-31": "$322", "2016-09-30": "$355", "2016-06-30": "$338", "2016-03-31": "$390", "2015-12-31": "$259", "2015-09-30": "$303", "2015-06-30": "$375", "2015-03-31": "$381", "2014-12-31": "$394", "2014-09-30": "$436", "2014-06-30": "$408", "2014-03-31": "$378", "2013-12-31": "$367", "2013-09-30": "$346", "2013-06-30": "$319", "2013-03-31": "$333", "2012-12-31": "$244", "2012-09-30": "$328", "2012-06-30": "$335", "2012-03-31": "$274", "2011-12-31": "$255", "2011-09-30": "$401", "2011-06-30": "$410", "2011-03-31": "$351", "2010-12-31": "$313", "2010-09-30": "$346", "2010-06-30": "$303", "2010-03-31": "$218", "2009-12-31": "$289", "2009-09-30": "$266", "2009-06-30": "$248", "2009-03-31": "$200", "2008-12-31": "$109", "2008-09-30": "$333", "2008-06-30": "$396", "2008-03-31": "$418", "2007-12-31": "$412", "2007-09-30": "$337", "2007-06-30": "$337", "2007-03-31": "$359", "2006-12-31": "$297", "2006-09-30": "$338", "2006-06-30": "$336", "2006-03-31": "$338", "2005-12-31": "$207", "2005-09-30": "$286", "2005-06-30": "$341", "2005-03-31": "$372"}}, "operating-income": {"Celanese Annual Operating Income (Millions of US $)": {"2020": "$664", "2019": "$834", "2018": "$1,334", "2017": "$857", "2016": "$934", "2015": "$326", "2014": "$758", "2013": "$1,508", "2012": "$175", "2011": "$402", "2010": "$503", "2009": "$290", "2008": "$440", "2007": "$748", "2006": "$620", "2005": "$486"}, "Celanese Quarterly Operating Income (Millions of US $)": {"2020-12-31": "$203", "2020-09-30": "$184", "2020-06-30": "$83", "2020-03-31": "$194", "2019-12-31": "$68", "2019-09-30": "$260", "2019-06-30": "$186", "2019-03-31": "$320", "2018-12-31": "$259", "2018-09-30": "$374", "2018-06-30": "$358", "2018-03-31": "$343", "2017-12-31": "$240", "2017-09-30": "$229", "2017-06-30": "$218", "2017-03-31": "$170", "2016-12-31": "$158", "2016-09-30": "$246", "2016-06-30": "$243", "2016-03-31": "$287", "2015-12-31": "$-305", "2015-09-30": "$186", "2015-06-30": "$188", "2015-03-31": "$257", "2014-12-31": "$-54", "2014-09-30": "$310", "2014-06-30": "$259", "2014-03-31": "$243", "2013-12-31": "$944", "2013-09-30": "$211", "2013-06-30": "$169", "2013-03-31": "$184", "2012-12-31": "$-290", "2012-09-30": "$176", "2012-06-30": "$178", "2012-03-31": "$111", "2011-12-31": "$-191", "2011-09-30": "$196", "2011-06-30": "$209", "2011-03-31": "$188", "2010-12-31": "$140", "2010-09-30": "$221", "2010-06-30": "$156", "2010-03-31": "$-14", "2009-12-31": "$109", "2009-09-30": "$65", "2009-06-30": "$89", "2009-03-31": "$27", "2008-12-31": "$-152", "2008-09-30": "$151", "2008-06-30": "$207", "2008-03-31": "$234", "2007-12-31": "$324", "2007-09-30": "$147", "2007-06-30": "$71", "2007-03-31": "$206", "2006-12-31": "$127", "2006-09-30": "$172", "2006-06-30": "$152", "2006-03-31": "$169", "2005-12-31": "$83", "2005-09-30": "$95", "2005-06-30": "$152", "2005-03-31": "$156"}}, "ebitda": {"Celanese Annual EBITDA (Millions of US $)": {"2019": "$1,190", "2018": "$1,683", "2017": "$1,167", "2016": "$1,229", "2015": "$689", "2014": "$1,056", "2013": "$1,827", "2012": "$495", "2011": "$713", "2010": "$803", "2009": "$609", "2008": "$800", "2007": "$1,059", "2006": "$943", "2005": "$811"}, "Celanese Quarterly EBITDA (Millions of US $)": {"2020-09-30": "$274", "2020-06-30": "$172", "2020-03-31": "$280", "2019-12-31": "$159", "2019-09-30": "$355", "2019-06-30": "$272", "2019-03-31": "$404", "2018-12-31": "$350", "2018-09-30": "$464", "2018-06-30": "$446", "2018-03-31": "$423", "2017-12-31": "$319", "2017-09-30": "$311", "2017-06-30": "$295", "2017-03-31": "$242", "2016-12-31": "$230", "2016-09-30": "$320", "2016-06-30": "$318", "2016-03-31": "$361", "2015-12-31": "$-199", "2015-09-30": "$268", "2015-06-30": "$295", "2015-03-31": "$325", "2014-12-31": "$18", "2014-09-30": "$385", "2014-06-30": "$334", "2014-03-31": "$319", "2013-12-31": "$1,025", "2013-09-30": "$291", "2013-06-30": "$247", "2013-03-31": "$264", "2012-12-31": "$-206", "2012-09-30": "$257", "2012-06-30": "$256", "2012-03-31": "$188", "2011-12-31": "$-111", "2011-09-30": "$276", "2011-06-30": "$285", "2011-03-31": "$263", "2010-12-31": "$214", "2010-09-30": "$288", "2010-06-30": "$222", "2010-03-31": "$79", "2009-12-31": "$186", "2009-09-30": "$151", "2009-06-30": "$171", "2009-03-31": "$101", "2008-12-31": "$-64", "2008-09-30": "$245", "2008-06-30": "$299", "2008-03-31": "$320", "2007-12-31": "$397", "2007-09-30": "$227", "2007-06-30": "$144", "2007-03-31": "$291", "2006-12-31": "$206", "2006-09-30": "$254", "2006-06-30": "$236", "2006-03-31": "$247", "2005-12-31": "$140", "2005-09-30": "$179", "2005-06-30": "$242", "2005-03-31": "$250"}}, "net-income": {"Celanese Annual Net Income (Millions of US $)": {"2020": "$1,985", "2019": "$852", "2018": "$1,207", "2017": "$843", "2016": "$900", "2015": "$304", "2014": "$624", "2013": "$1,101", "2012": "$372", "2011": "$427", "2010": "$374", "2009": "$488", "2008": "$271", "2007": "$416", "2006": "$396", "2005": "$267"}, "Celanese Quarterly Net Income (Millions of US $)": {"2020-12-31": "$1,453", "2020-09-30": "$207", "2020-06-30": "$107", "2020-03-31": "$218", "2019-12-31": "$43", "2019-09-30": "$263", "2019-06-30": "$209", "2019-03-31": "$337", "2018-12-31": "$99", "2018-09-30": "$401", "2018-06-30": "$344", "2018-03-31": "$363", "2017-12-31": "$203", "2017-09-30": "$226", "2017-06-30": "$231", "2017-03-31": "$183", "2016-12-31": "$160", "2016-09-30": "$262", "2016-06-30": "$221", "2016-03-31": "$257", "2015-12-31": "$-298", "2015-09-30": "$161", "2015-06-30": "$205", "2015-03-31": "$236", "2014-12-31": "$-84", "2014-09-30": "$253", "2014-06-30": "$259", "2014-03-31": "$196", "2013-12-31": "$654", "2013-09-30": "$172", "2013-06-30": "$133", "2013-03-31": "$142", "2012-12-31": "$-169", "2012-09-30": "$127", "2012-06-30": "$221", "2012-03-31": "$193", "2011-12-31": "$-85", "2011-09-30": "$167", "2011-06-30": "$203", "2011-03-31": "$142", "2010-12-31": "$58", "2010-09-30": "$145", "2010-06-30": "$160", "2010-03-31": "$11", "2009-12-31": "$9", "2009-09-30": "$395", "2009-06-30": "$107", "2009-03-31": "$-23", "2008-12-31": "$-158", "2008-09-30": "$155", "2008-06-30": "$132", "2008-03-31": "$142", "2007-12-31": "$211", "2007-09-30": "$126", "2007-06-30": "$-120", "2007-03-31": "$199", "2006-12-31": "$75", "2006-09-30": "$106", "2006-06-30": "$101", "2006-03-31": "$114", "2005-12-31": "$172", "2005-09-30": "$42", "2005-06-30": "$65", "2005-03-31": "$-12"}}, "eps-earnings-per-share-diluted": {"Celanese Annual EPS": {"2020": "$16.75", "2019": "$6.84", "2018": "$8.91", "2017": "$6.09", "2016": "$6.18", "2015": "$2.00", "2014": "$4.00", "2013": "$6.91", "2012": "$2.33", "2011": "$2.69", "2010": "$2.38", "2009": "$3.17", "2008": "$1.72", "2007": "$2.49", "2006": "$2.36", "2005": "$1.67"}, "Celanese Quarterly EPS": {"2020-12-31": "$12.50", "2020-09-30": "$1.75", "2020-06-30": "$0.90", "2020-03-31": "$1.82", "2019-12-31": "$0.42", "2019-09-30": "$2.13", "2019-06-30": "$1.66", "2019-03-31": "$2.63", "2018-12-31": "$0.77", "2018-09-30": "$2.96", "2018-06-30": "$2.52", "2018-03-31": "$2.66", "2017-12-31": "$1.48", "2017-09-30": "$1.65", "2017-06-30": "$1.66", "2017-03-31": "$1.30", "2016-12-31": "$1.14", "2016-09-30": "$1.81", "2016-06-30": "$1.50", "2016-03-31": "$1.73", "2015-12-31": "$-1.93", "2015-09-30": "$1.07", "2015-06-30": "$1.33", "2015-03-31": "$1.53", "2014-12-31": "$-0.54", "2014-09-30": "$1.63", "2014-06-30": "$1.66", "2014-03-31": "$1.25", "2013-12-31": "$4.11", "2013-09-30": "$1.08", "2013-06-30": "$0.83", "2013-03-31": "$0.89", "2012-12-31": "$-1.05", "2012-09-30": "$0.79", "2012-06-30": "$1.38", "2012-03-31": "$1.21", "2011-12-31": "$-0.54", "2011-09-30": "$1.05", "2011-06-30": "$1.28", "2011-03-31": "$0.90", "2010-12-31": "$0.38", "2010-09-30": "$0.92", "2010-06-30": "$1.01", "2010-03-31": "$0.07", "2009-12-31": "$0.11", "2009-09-30": "$2.53", "2009-06-30": "$0.69", "2009-03-31": "$-0.16", "2008-12-31": "$-0.92", "2008-09-30": "$0.97", "2008-06-30": "$0.80", "2008-03-31": "$0.87", "2007-12-31": "$1.34", "2007-09-30": "$0.76", "2007-06-30": "$-0.76", "2007-03-31": "$1.15", "2006-12-31": "$0.44", "2006-09-30": "$0.64", "2006-06-30": "$0.60", "2006-03-31": "$0.68", "2005-12-31": "$1.10", "2005-09-30": "$0.26", "2005-06-30": "$0.39", "2005-03-31": "$-0.08"}}, "shares-outstanding": {"Celanese Annual Shares Outstanding (Millions of Shares)": {"2020": "119", "2019": "125", "2018": "135", "2017": "138", "2016": "146", "2015": "152", "2014": "156", "2013": "159", "2012": "160", "2011": "159", "2010": "158", "2009": "157", "2008": "163", "2007": "171", "2006": "172", "2005": "166"}, "Celanese Quarterly Shares Outstanding (Millions of Shares)": {"2020-12-31": "116", "2020-09-30": "119", "2020-06-30": "119", "2020-03-31": "120", "2019-12-31": "125", "2019-09-30": "123", "2019-06-30": "126", "2019-03-31": "128", "2018-12-31": "135", "2018-09-30": "135", "2018-06-30": "136", "2018-03-31": "136", "2017-12-31": "138", "2017-09-30": "137", "2017-06-30": "139", "2017-03-31": "141", "2016-12-31": "146", "2016-09-30": "145", "2016-06-30": "147", "2016-03-31": "148", "2015-12-31": "152", "2015-09-30": "151", "2015-06-30": "154", "2015-03-31": "154", "2014-12-31": "156", "2014-09-30": "155", "2014-06-30": "156", "2014-03-31": "157", "2013-12-31": "159", "2013-09-30": "159", "2013-06-30": "160", "2013-03-31": "160", "2012-12-31": "160", "2012-09-30": "160", "2012-06-30": "160", "2012-03-31": "159", "2011-12-31": "159", "2011-09-30": "159", "2011-06-30": "159", "2011-03-31": "159", "2010-12-31": "158", "2010-09-30": "158", "2010-06-30": "158", "2010-03-31": "153", "2009-12-31": "157", "2009-09-30": "158", "2009-06-30": "157", "2009-03-31": "144", "2008-12-31": "163", "2008-09-30": "163", "2008-06-30": "168", "2008-03-31": "167", "2007-12-31": "171", "2007-09-30": "167", "2007-06-30": "157", "2007-03-31": "174", "2006-12-31": "172", "2006-09-30": "171", "2006-06-30": "172", "2006-03-31": "171", "2005-12-31": "166", "2005-09-30": "172", "2005-06-30": "171", "2005-03-31": "142"}}, "total-assets": {"Celanese Annual Total Assets (Millions of US $)": {"2019": "$9,476", "2018": "$9,313", "2017": "$9,538", "2016": "$8,357", "2015": "$8,586", "2014": "$8,796", "2013": "$9,018", "2012": "$9,000", "2011": "$8,518", "2010": "$8,281", "2009": "$8,412", "2008": "$7,166", "2007": "$8,058", "2006": "$7,895", "2005": "$7,445"}, "Celanese Quarterly Total Assets (Millions of US $)": {"2020-09-30": "$9,769", "2020-06-30": "$9,506", "2020-03-31": "$9,545", "2019-12-31": "$9,476", "2019-09-30": "$9,414", "2019-06-30": "$9,506", "2019-03-31": "$9,574", "2018-12-31": "$9,313", "2018-09-30": "$9,824", "2018-06-30": "$9,789", "2018-03-31": "$9,780", "2017-12-31": "$9,538", "2017-09-30": "$9,062", "2017-06-30": "$8,883", "2017-03-31": "$8,288", "2016-12-31": "$8,357", "2016-09-30": "$8,757", "2016-06-30": "$8,248", "2016-03-31": "$8,392", "2015-12-31": "$8,586", "2015-09-30": "$8,908", "2015-06-30": "$8,988", "2015-03-31": "$8,626", "2014-12-31": "$8,796", "2014-09-30": "$9,710", "2014-06-30": "$9,333", "2014-03-31": "$9,129", "2013-12-31": "$9,018", "2013-09-30": "$9,512", "2013-06-30": "$9,322", "2013-03-31": "$9,068", "2012-12-31": "$9,000", "2012-09-30": "$8,965", "2012-06-30": "$8,779", "2012-03-31": "$8,823", "2011-12-31": "$8,518", "2011-09-30": "$8,711", "2011-06-30": "$8,919", "2011-03-31": "$8,622", "2010-12-31": "$8,281", "2010-09-30": "$8,394", "2010-06-30": "$8,105", "2010-03-31": "$8,202", "2009-12-31": "$8,412", "2009-09-30": "$8,250", "2009-06-30": "$7,623", "2009-03-31": "$7,337", "2008-12-31": "$7,166", "2008-09-30": "$7,972", "2008-06-30": "$8,614", "2008-03-31": "$8,315", "2007-12-31": "$8,058", "2007-09-30": "$7,541", "2007-06-30": "$7,355", "2007-03-31": "$7,887", "2006-12-31": "$7,895", "2006-09-30": "$7,626", "2006-06-30": "$7,568", "2006-03-31": "$7,521", "2005-12-31": "$7,445", "2005-09-30": "$7,340", "2005-06-30": "$7,396", "2005-03-31": "$8,403"}}, "cash-on-hand": {"Celanese Annual Cash on Hand (Millions of US $)": {"2019": "$503", "2018": "$470", "2017": "$608", "2016": "$668", "2015": "$997", "2014": "$812", "2013": "$1,025", "2012": "$1,012", "2011": "$746", "2010": "$818", "2009": "$1,257", "2008": "$682", "2007": "$871", "2006": "$837", "2005": "$390"}, "Celanese Quarterly Cash on Hand (Millions of US $)": {"2020-09-30": "$650", "2020-06-30": "$575", "2020-03-31": "$608", "2019-12-31": "$503", "2019-09-30": "$523", "2019-06-30": "$518", "2019-03-31": "$470", "2018-12-31": "$470", "2018-09-30": "$734", "2018-06-30": "$740", "2018-03-31": "$522", "2017-12-31": "$608", "2017-09-30": "$492", "2017-06-30": "$541", "2017-03-31": "$532", "2016-12-31": "$668", "2016-09-30": "$1,286", "2016-06-30": "$770", "2016-03-31": "$747", "2015-12-31": "$997", "2015-09-30": "$982", "2015-06-30": "$1,017", "2015-03-31": "$880", "2014-12-31": "$812", "2014-09-30": "$1,546", "2014-06-30": "$1,103", "2014-03-31": "$1,041", "2013-12-31": "$1,025", "2013-09-30": "$1,144", "2013-06-30": "$1,152", "2013-03-31": "$1,027", "2012-12-31": "$1,012", "2012-09-30": "$984", "2012-06-30": "$860", "2012-03-31": "$790", "2011-12-31": "$746", "2011-09-30": "$768", "2011-06-30": "$811", "2011-03-31": "$796", "2010-12-31": "$818", "2010-09-30": "$886", "2010-06-30": "$1,083", "2010-03-31": "$1,143", "2009-12-31": "$1,257", "2009-09-30": "$1,297", "2009-06-30": "$1,151", "2009-03-31": "$1,155", "2008-12-31": "$682", "2008-09-30": "$601", "2008-06-30": "$1,007", "2008-03-31": "$787", "2007-12-31": "$871", "2007-09-30": "$531", "2007-06-30": "$470", "2007-03-31": "$1,115", "2006-12-31": "$837", "2006-09-30": "$557", "2006-06-30": "$398", "2006-03-31": "$354", "2005-12-31": "$390", "2005-09-30": "$401", "2005-06-30": "$959", "2005-03-31": "$1,738"}}, "long-term-debt": {"Celanese Annual Long Term Debt (Millions of US $)": {"2019": "$3,409", "2018": "$2,970", "2017": "$3,315", "2016": "$2,890", "2015": "$2,468", "2014": "$2,586", "2013": "$2,887", "2012": "$2,930", "2011": "$2,873", "2010": "$2,990", "2009": "$3,259", "2008": "$3,300", "2007": "$3,284", "2006": "$3,189", "2005": "$3,282"}, "Celanese Quarterly Long Term Debt (Millions of US $)": {"2020-09-30": "$3,140", "2020-06-30": "$2,989", "2020-03-31": "$3,356", "2019-12-31": "$3,409", "2019-09-30": "$3,359", "2019-06-30": "$3,444", "2019-03-31": "$2,933", "2018-12-31": "$2,970", "2018-09-30": "$3,196", "2018-06-30": "$3,228", "2018-03-31": "$3,343", "2017-12-31": "$3,315", "2017-09-30": "$2,954", "2017-06-30": "$2,931", "2017-03-31": "$2,851", "2016-12-31": "$2,890", "2016-09-30": "$2,923", "2016-06-30": "$2,464", "2016-03-31": "$2,487", "2015-12-31": "$2,468", "2015-09-30": "$2,541", "2015-06-30": "$2,552", "2015-03-31": "$2,536", "2014-12-31": "$2,586", "2014-09-30": "$2,639", "2014-06-30": "$2,880", "2014-03-31": "$2,881", "2013-12-31": "$2,887", "2013-09-30": "$2,870", "2013-06-30": "$2,860", "2013-03-31": "$2,959", "2012-12-31": "$2,930", "2012-09-30": "$2,839", "2012-06-30": "$2,845", "2012-03-31": "$2,875", "2011-12-31": "$2,873", "2011-09-30": "$2,893", "2011-06-30": "$2,893", "2011-03-31": "$3,003", "2010-12-31": "$2,990", "2010-09-30": "$3,010", "2010-06-30": "$3,162", "2010-03-31": "$3,233", "2009-12-31": "$3,259", "2009-09-30": "$3,312", "2009-06-30": "$3,268", "2009-03-31": "$3,274", "2008-12-31": "$3,300", "2008-09-30": "$3,318", "2008-06-30": "$3,371", "2008-03-31": "$3,351", "2007-12-31": "$3,284", "2007-09-30": "$3,252", "2007-06-30": "$3,198", "2007-03-31": "$3,305", "2006-12-31": "$3,189", "2006-09-30": "$3,244", "2006-06-30": "$3,320", "2006-03-31": "$3,306", "2005-12-31": "$3,282", "2005-09-30": "$3,315", "2005-06-30": "$3,253", "2005-03-31": "$3,300"}}, "total-liabilities": {"Celanese Annual Total Liabilities (Millions of US $)": {"2019": "$6,578", "2018": "$5,934", "2017": "$6,239", "2016": "$5,336", "2015": "$5,757", "2014": "$5,718", "2013": "$6,319", "2012": "$7,270", "2011": "$7,177", "2010": "$7,355", "2009": "$7,826", "2008": "$6,982", "2007": "$6,996", "2006": "$7,108", "2005": "$7,210"}, "Celanese Quarterly Total Liabilities (Millions of US $)": {"2020-09-30": "$6,885", "2020-06-30": "$6,637", "2020-03-31": "$6,709", "2019-12-31": "$6,578", "2019-09-30": "$6,275", "2019-06-30": "$6,252", "2019-03-31": "$6,135", "2018-12-31": "$5,934", "2018-09-30": "$5,881", "2018-06-30": "$6,002", "2018-03-31": "$6,115", "2017-12-31": "$6,239", "2017-09-30": "$5,927", "2017-06-30": "$5,761", "2017-03-31": "$5,247", "2016-12-31": "$5,336", "2016-09-30": "$5,606", "2016-06-30": "$5,197", "2016-03-31": "$5,294", "2015-12-31": "$5,757", "2015-09-30": "$5,711", "2015-06-30": "$5,503", "2015-03-31": "$5,427", "2014-12-31": "$5,718", "2014-09-30": "$6,575", "2014-06-30": "$6,232", "2014-03-31": "$6,209", "2013-12-31": "$6,319", "2013-09-30": "$7,428", "2013-06-30": "$7,337", "2013-03-31": "$7,233", "2012-12-31": "$7,270", "2012-09-30": "$7,050", "2012-06-30": "$7,002", "2012-03-31": "$7,282", "2011-12-31": "$7,177", "2011-09-30": "$7,255", "2011-06-30": "$7,546", "2011-03-31": "$7,486", "2010-12-31": "$7,355", "2010-09-30": "$7,477", "2010-06-30": "$7,416", "2010-03-31": "$7,628", "2009-12-31": "$7,826", "2009-09-30": "$7,564", "2009-06-30": "$7,375", "2009-03-31": "$7,290", "2008-12-31": "$6,982", "2008-09-30": "$6,943", "2008-06-30": "$7,382", "2008-03-31": "$7,196", "2007-12-31": "$6,996", "2007-09-30": "$6,867", "2007-06-30": "$6,699", "2007-03-31": "$6,908", "2006-12-31": "$7,108", "2006-09-30": "$7,080", "2006-06-30": "$7,150", "2006-03-31": "$7,179", "2005-12-31": "$7,210", "2005-09-30": "$7,281", "2005-06-30": "$7,270", "2005-03-31": "$8,342"}}, "total-share-holder-equity": {"Celanese Annual Share Holder Equity (Millions of US $)": {"2019": "$2,898", "2018": "$3,379", "2017": "$3,299", "2016": "$3,021", "2015": "$2,829", "2014": "$3,078", "2013": "$2,699", "2012": "$1,730", "2011": "$1,341", "2010": "$926", "2009": "$586", "2008": "$184", "2007": "$1,062", "2006": "$787", "2005": "$235"}, "Celanese Quarterly Share Holder Equity (Millions of US $)": {"2020-09-30": "$2,884", "2020-06-30": "$2,869", "2020-03-31": "$2,836", "2019-12-31": "$2,898", "2019-09-30": "$3,139", "2019-06-30": "$3,254", "2019-03-31": "$3,439", "2018-12-31": "$3,379", "2018-09-30": "$3,943", "2018-06-30": "$3,787", "2018-03-31": "$3,665", "2017-12-31": "$3,299", "2017-09-30": "$3,135", "2017-06-30": "$3,122", "2017-03-31": "$3,041", "2016-12-31": "$3,021", "2016-09-30": "$3,151", "2016-06-30": "$3,051", "2016-03-31": "$3,098", "2015-12-31": "$2,829", "2015-09-30": "$3,197", "2015-06-30": "$3,485", "2015-03-31": "$3,199", "2014-12-31": "$3,078", "2014-09-30": "$3,135", "2014-06-30": "$3,101", "2014-03-31": "$2,920", "2013-12-31": "$2,699", "2013-09-30": "$2,084", "2013-06-30": "$1,985", "2013-03-31": "$1,835", "2012-12-31": "$1,730", "2012-09-30": "$1,915", "2012-06-30": "$1,777", "2012-03-31": "$1,541", "2011-12-31": "$1,341", "2011-09-30": "$1,456", "2011-06-30": "$1,373", "2011-03-31": "$1,136", "2010-12-31": "$926", "2010-09-30": "$917", "2010-06-30": "$689", "2010-03-31": "$574", "2009-12-31": "$586", "2009-09-30": "$686", "2009-06-30": "$248", "2009-03-31": "$47", "2008-12-31": "$184", "2008-09-30": "$1,029", "2008-06-30": "$1,232", "2008-03-31": "$1,119", "2007-12-31": "$1,062", "2007-09-30": "$674", "2007-06-30": "$656", "2007-03-31": "$979", "2006-12-31": "$787", "2006-09-30": "$546", "2006-06-30": "$418", "2006-03-31": "$342", "2005-12-31": "$235", "2005-09-30": "$59", "2005-06-30": "$126", "2005-03-31": "$61"}}, "profit-margins": {"current": "35.1%"}, "gross margin": {"2020-12-31": "22.86%", "2020-09-30": "22.43%", "2020-06-30": "23.28%", "2020-03-31": "24.73%", "2019-12-31": "25.50%", "2019-09-30": "26.09%", "2019-06-30": "26.89%", "2019-03-31": "27.32%", "2018-12-31": "27.56%", "2018-09-30": "27.84%", "2018-06-30": "26.73%", "2018-03-31": "25.71%", "2017-12-31": "24.61%", "2017-09-30": "24.24%", "2017-06-30": "24.79%", "2017-03-31": "25.02%", "2016-12-31": "26.07%", "2016-09-30": "24.80%", "2016-06-30": "23.45%", "2016-03-31": "23.58%", "2015-12-31": "23.23%", "2015-09-30": "24.63%", "2015-06-30": "25.36%", "2015-03-31": "24.73%", "2014-12-31": "23.76%", "2014-09-30": "23.17%", "2014-06-30": "22.29%", "2014-03-31": "21.33%", "2013-12-31": "20.97%", "2013-09-30": "19.42%", "2013-06-30": "19.22%", "2013-03-31": "19.41%", "2012-12-31": "18.40%", "2012-09-30": "18.25%", "2012-06-30": "18.80%", "2012-03-31": "19.69%", "2011-12-31": "20.95%", "2011-09-30": "22.16%", "2011-06-30": "22.34%", "2011-03-31": "21.46%", "2010-12-31": "19.94%", "2010-09-30": "19.93%", "2010-06-30": "19.22%", "2010-03-31": "19.18%", "2009-12-31": "19.74%", "2009-09-30": "16.53%", "2009-06-30": "16.18%", "2009-03-31": "16.95%", "2008-12-31": "18.41%", "2008-09-30": "21.36%", "2008-06-30": "22.18%", "2008-03-31": "22.33%", "2007-12-31": "22.42%", "2007-09-30": "22.03%", "2007-06-30": "22.43%", "2007-03-31": "22.79%", "2006-12-31": "22.65%", "2006-09-30": "23.51%", "2006-06-30": "22.27%", "2006-03-31": "22.16%", "2005-12-31": "22.88%"}, "operating margin": {"2020-12-31": "11.74%", "2020-09-30": "9.63%", "2020-06-30": "10.67%", "2020-03-31": "11.66%", "2019-12-31": "13.24%", "2019-09-30": "15.64%", "2019-06-30": "16.90%", "2019-03-31": "18.75%", "2018-12-31": "18.64%", "2018-09-30": "18.63%", "2018-06-30": "17.07%", "2018-03-31": "15.80%", "2017-12-31": "13.96%", "2017-09-30": "13.23%", "2017-06-30": "14.11%", "2017-03-31": "14.97%", "2016-12-31": "17.33%", "2016-09-30": "8.70%", "2016-06-30": "7.47%", "2016-03-31": "6.33%", "2015-12-31": "5.75%", "2015-09-30": "9.78%", "2015-06-30": "11.21%", "2015-03-31": "11.79%", "2014-12-31": "11.14%", "2014-09-30": "25.60%", "2014-06-30": "24.64%", "2014-03-31": "23.71%", "2013-12-31": "23.16%", "2013-09-30": "4.28%", "2013-06-30": "3.75%", "2013-03-31": "3.88%", "2012-12-31": "2.73%", "2012-09-30": "4.20%", "2012-06-30": "4.37%", "2012-03-31": "4.77%", "2011-12-31": "5.94%", "2011-09-30": "11.01%", "2011-06-30": "11.93%", "2011-03-31": "11.52%", "2010-12-31": "8.50%", "2010-09-30": "8.14%", "2010-06-30": "5.65%", "2010-03-31": "4.68%", "2009-12-31": "5.71%", "2009-09-30": "0.58%", "2009-06-30": "2.09%", "2009-03-31": "3.81%", "2008-12-31": "6.45%", "2008-09-30": "12.55%", "2008-06-30": "12.94%", "2008-03-31": "11.52%", "2007-12-31": "11.61%", "2007-09-30": "9.13%", "2007-06-30": "9.71%", "2007-03-31": "11.26%", "2006-12-31": "10.73%", "2006-09-30": "11.11%", "2006-06-30": "9.52%", "2006-03-31": "9.43%", "2005-12-31": "9.22%"}, "ebitda margin": {"2020-09-30": "16.10%", "2020-06-30": "17.03%", "2020-03-31": "17.56%", "2019-12-31": "18.90%", "2019-09-30": "21.07%", "2019-06-30": "22.11%", "2019-03-31": "23.80%", "2018-12-31": "23.52%", "2018-09-30": "23.40%", "2018-06-30": "21.87%", "2018-03-31": "20.67%", "2017-12-31": "19.01%", "2017-09-30": "18.40%", "2017-06-30": "19.36%", "2017-03-31": "20.34%", "2016-12-31": "22.81%", "2016-09-30": "14.78%", "2016-06-30": "13.60%", "2016-03-31": "12.88%", "2015-12-31": "12.14%", "2015-09-30": "15.36%", "2015-06-30": "16.35%", "2015-03-31": "16.22%", "2014-12-31": "15.52%", "2014-09-30": "30.08%", "2014-06-30": "29.27%", "2014-03-31": "28.47%", "2013-12-31": "28.06%", "2013-09-30": "9.32%", "2013-06-30": "8.83%", "2013-03-31": "8.94%", "2012-12-31": "7.71%", "2012-09-30": "9.03%", "2012-06-30": "9.05%", "2012-03-31": "9.37%", "2011-12-31": "10.54%", "2011-09-30": "15.59%", "2011-06-30": "16.52%", "2011-03-31": "16.13%", "2010-12-31": "13.57%", "2010-09-30": "13.36%", "2010-06-30": "11.40%", "2010-03-31": "11.03%", "2009-12-31": "11.98%", "2009-09-30": "7.21%", "2009-06-30": "8.24%", "2009-03-31": "9.49%", "2008-12-31": "11.73%", "2008-09-30": "17.28%", "2008-06-30": "17.64%", "2008-03-31": "16.15%", "2007-12-31": "16.43%", "2007-09-30": "14.38%", "2007-06-30": "15.08%", "2007-03-31": "16.92%", "2006-12-31": "16.32%", "2006-09-30": "16.91%", "2006-06-30": "15.30%", "2006-03-31": "15.27%", "2005-12-31": "15.39%"}, "pre tax profit margin": {"2020-12-31": "39.81%", "2020-09-30": "13.12%", "2020-06-30": "14.16%", "2020-03-31": "14.74%", "2019-12-31": "15.69%", "2019-09-30": "17.10%", "2019-06-30": "18.70%", "2019-03-31": "20.93%", "2018-12-31": "21.10%", "2018-09-30": "22.68%", "2018-06-30": "20.83%", "2018-03-31": "19.43%", "2017-12-31": "17.51%", "2017-09-30": "16.49%", "2017-06-30": "17.06%", "2017-03-31": "17.45%", "2016-12-31": "19.11%", "2016-09-30": "11.16%", "2016-06-30": "9.96%", "2016-03-31": "8.88%", "2015-12-31": "8.60%", "2015-09-30": "12.32%", "2015-06-30": "13.57%", "2015-03-31": "14.88%", "2014-12-31": "13.83%", "2014-09-30": "28.09%", "2014-06-30": "26.88%", "2014-03-31": "25.17%", "2013-12-31": "24.72%", "2013-09-30": "6.11%", "2013-06-30": "5.48%", "2013-03-31": "6.56%", "2012-12-31": "5.00%", "2012-09-30": "5.97%", "2012-06-30": "6.02%", "2012-03-31": "5.98%", "2011-12-31": "6.91%", "2011-09-30": "11.88%", "2011-06-30": "12.29%", "2011-03-31": "11.85%", "2010-12-31": "9.09%", "2010-09-30": "8.62%", "2010-06-30": "6.38%", "2010-03-31": "4.88%", "2009-12-31": "4.94%", "2009-09-30": "-0.50%", "2009-06-30": "1.44%", "2009-03-31": "3.25%", "2008-12-31": "6.35%", "2008-09-30": "12.74%", "2008-06-30": "12.90%", "2008-03-31": "7.33%", "2007-12-31": "6.94%", "2007-09-30": "4.08%", "2007-06-30": "4.47%", "2007-03-31": "9.72%", "2006-12-31": "9.10%", "2006-09-30": "9.20%", "2006-06-30": "7.71%", "2006-03-31": "7.43%", "2005-12-31": "5.24%"}, "net profit margin": {"2020-12-31": "35.10%", "2020-09-30": "10.46%", "2020-06-30": "11.13%", "2020-03-31": "12.08%", "2019-12-31": "13.53%", "2019-09-30": "13.85%", "2019-06-30": "15.52%", "2019-03-31": "16.89%", "2018-12-31": "16.87%", "2018-09-30": "18.57%", "2018-06-30": "16.57%", "2018-03-31": "15.69%", "2017-12-31": "13.73%", "2017-09-30": "13.66%", "2017-06-30": "14.89%", "2017-03-31": "15.14%", "2016-12-31": "16.70%", "2016-09-30": "8.17%", "2016-06-30": "6.20%", "2016-03-31": "5.77%", "2015-12-31": "5.36%", "2015-09-30": "8.78%", "2015-06-30": "9.75%", "2015-03-31": "10.14%", "2014-12-31": "9.17%", "2014-09-30": "19.86%", "2014-06-30": "19.05%", "2014-03-31": "17.47%", "2013-12-31": "16.91%", "2013-09-30": "4.35%", "2013-06-30": "3.66%", "2013-03-31": "5.02%", "2012-12-31": "5.80%", "2012-09-30": "6.98%", "2012-06-30": "7.37%", "2012-03-31": "7.02%", "2011-12-31": "6.31%", "2011-09-30": "8.56%", "2011-06-30": "8.62%", "2011-03-31": "8.25%", "2010-12-31": "6.32%", "2010-09-30": "5.60%", "2010-06-30": "10.27%", "2010-03-31": "9.80%", "2009-12-31": "9.60%", "2009-09-30": "6.45%", "2009-06-30": "1.47%", "2009-03-31": "1.73%", "2008-12-31": "3.97%", "2008-09-30": "8.77%", "2008-06-30": "8.67%", "2008-03-31": "5.33%", "2007-12-31": "6.46%", "2007-09-30": "4.64%", "2007-06-30": "4.38%", "2007-03-31": "8.24%", "2006-12-31": "6.85%", "2006-09-30": "9.51%", "2006-06-30": "8.19%", "2006-03-31": "7.43%", "2005-12-31": "5.07%"}, "pe ratio": {"current": "16.69", "2021-02-05": "28.48", "2020-12-31": "29.07", "2020-09-30": "22.13", "2020-06-30": "16.37", "2020-03-31": "12.05", "2019-12-31": "17.70", "2019-09-30": "16.54", "2019-06-30": "13.00", "2019-03-31": "10.67", "2018-12-31": "9.65", "2018-09-30": "11.29", "2018-06-30": "12.68", "2018-03-31": "12.69", "2017-12-31": "16.51", "2017-09-30": "17.04", "2017-06-30": "15.02", "2017-03-31": "14.54", "2016-12-31": "11.80", "2016-09-30": "20.32", "2016-06-30": "26.35", "2016-03-31": "28.36", "2015-12-31": "32.05", "2015-09-30": "15.76", "2015-06-30": "16.35", "2015-03-31": "11.67", "2014-12-31": "13.35", "2014-09-30": "5.96", "2014-06-30": "6.96", "2014-03-31": "6.66", "2013-12-31": "6.96", "2013-09-30": "13.57", "2013-06-30": "12.80", "2013-03-31": "10.85", "2012-12-31": "10.20", "2012-09-30": "8.64", "2012-06-30": "7.26", "2012-03-31": "9.74", "2011-12-31": "9.94", "2011-09-30": "7.80", "2011-06-30": "13.25", "2011-03-31": "11.95", "2010-12-31": "14.80", "2010-09-30": "13.38", "2010-06-30": "5.80", "2010-03-31": "8.20", "2009-12-31": "8.95", "2009-09-30": "11.12", "2009-06-30": "55.92", "2009-03-31": "22.62", "2008-12-31": "6.85", "2008-09-30": "5.99", "2008-06-30": "10.37", "2008-03-31": "15.32", "2007-12-31": "14.67", "2007-09-30": "20.55", "2007-06-30": "22.09", "2007-03-31": "9.11", "2006-12-31": "9.19"}, "price sales": {"2021-02-05": "2.66", "2020-12-31": "2.72", "2020-09-30": "2.34", "2020-06-30": "1.83", "2020-03-31": "1.46", "2019-12-31": "2.39", "2019-09-30": "2.32", "2019-06-30": "2.02", "2019-03-31": "1.81", "2018-12-31": "1.63", "2018-09-30": "2.10", "2018-06-30": "2.11", "2018-03-31": "2.00", "2017-12-31": "2.28", "2017-09-30": "2.34", "2017-06-30": "2.24", "2017-03-31": "2.21", "2016-12-31": "1.98", "2016-09-30": "1.67", "2016-06-30": "1.63", "2016-03-31": "1.60", "2015-12-31": "1.64", "2015-09-30": "1.39", "2015-06-30": "1.60", "2015-03-31": "1.18", "2014-12-31": "1.22", "2014-09-30": "1.18", "2014-06-30": "1.33", "2014-03-31": "1.17", "2013-12-31": "1.19", "2013-09-30": "1.15", "2013-06-30": "0.98", "2013-03-31": "0.96", "2012-12-31": "0.96", "2012-09-30": "0.80", "2012-06-30": "0.71", "2012-03-31": "0.93", "2011-12-31": "0.89", "2011-09-30": "0.67", "2011-06-30": "1.14", "2011-03-31": "0.98", "2010-12-31": "0.93", "2010-09-30": "0.74", "2010-06-30": "0.59", "2010-03-31": "0.79", "2009-12-31": "0.83", "2009-09-30": "0.66", "2009-06-30": "0.58", "2009-03-31": "0.30", "2008-12-31": "0.25", "2008-09-30": "0.54", "2008-06-30": "0.92", "2008-03-31": "0.81", "2007-12-31": "0.92", "2007-09-30": "0.91", "2007-06-30": "0.92", "2007-03-31": "0.76", "2006-12-31": "0.64"}, "price book": {"current": "3.82", "2021-02-05": "5.18", "2020-09-30": "4.34", "2020-06-30": "3.52", "2020-03-31": "3.00", "2019-12-31": "4.95", "2019-09-30": "4.58", "2019-06-30": "3.95", "2019-03-31": "3.48", "2018-12-31": "3.25", "2018-09-30": "3.69", "2018-06-30": "3.76", "2018-03-31": "3.51", "2017-12-31": "4.15", "2017-09-30": "4.23", "2017-06-30": "3.90", "2017-03-31": "3.82", "2016-12-31": "3.39", "2016-09-30": "2.78", "2016-06-30": "2.84", "2016-03-31": "2.83", "2015-12-31": "3.16", "2015-09-30": "2.45", "2015-06-30": "2.84", "2015-03-31": "2.39", "2014-12-31": "2.65", "2014-09-30": "2.54", "2014-06-30": "2.83", "2014-03-31": "2.60", "2013-12-31": "2.81", "2013-09-30": "3.48", "2013-06-30": "3.13", "2013-03-31": "3.32", "2012-12-31": "3.56", "2012-09-30": "2.72", "2012-06-30": "2.67", "2012-03-31": "4.03", "2011-12-31": "4.44", "2011-09-30": "2.99", "2011-06-30": "5.21", "2011-03-31": "5.22", "2010-12-31": "5.92", "2010-09-30": "4.65", "2010-06-30": "4.81", "2010-03-31": "7.40", "2009-12-31": "6.73", "2009-09-30": "4.44", "2009-06-30": "11.66", "2009-03-31": "34.53", "2008-12-31": "8.18", "2008-09-30": "3.27", "2008-06-30": "4.68", "2008-03-31": "4.78", "2007-12-31": "5.08", "2007-09-30": "7.85", "2007-06-30": "7.56", "2007-03-31": "4.21", "2006-12-31": "4.36", "2006-09-30": "4.33", "2006-06-30": "6.44", "2006-03-31": "8.07"}, "price fcf": {"2021-02-05": "", "2020-09-30": "$8.04", "2020-06-30": "$7.66", "2020-03-31": "$8.09", "2019-12-31": "$8.70", "2019-09-30": "$9.31", "2019-06-30": "$9.55", "2019-03-31": "$10.38", "2018-12-31": "$9.02", "2018-09-30": "$6.77", "2018-06-30": "$5.32", "2018-03-31": "$3.37", "2017-12-31": "$3.88", "2017-09-30": "$3.35", "2017-06-30": "$3.68", "2017-03-31": "$3.90", "2016-12-31": "$4.44", "2016-09-30": "$5.51", "2016-06-30": "$4.23", "2016-03-31": "$3.01", "2015-12-31": "$2.25", "2015-09-30": "$1.63", "2015-06-30": "$2.36", "2015-03-31": "$2.42", "2014-12-31": "$1.82", "2014-09-30": "$2.40", "2014-06-30": "$1.96", "2014-03-31": "$2.08", "2013-12-31": "$2.42", "2013-09-30": "$1.93", "2013-06-30": "$2.18", "2013-03-31": "$1.84", "2012-12-31": "$1.95", "2012-09-30": "$2.29", "2012-06-30": "$1.37", "2012-03-31": "$1.08", "2011-12-31": "$0.53", "2011-09-30": "$-0.11", "2011-06-30": "$-0.00", "2011-03-31": "$-0.45", "2010-12-31": "$-0.39", "2010-09-30": "$2.62", "2010-06-30": "$2.25", "2010-03-31": "$2.15", "2009-12-31": "$2.67", "2009-09-30": "$2.03", "2009-06-30": "$1.38", "2009-03-31": "$2.16", "2008-12-31": "$1.91", "2008-09-30": "$1.40", "2008-06-30": "$2.77", "2008-03-31": "$2.18", "2007-12-31": "$1.62", "2007-09-30": "$1.65", "2007-06-30": "$2.38", "2007-03-31": "$3.00", "2006-12-31": "$2.95"}, "net worth": {"value": "$14.88B"}, "current ratio": {"2020-12-31": "1.91", "2020-09-30": "1.15", "2020-06-30": "1.20", "2020-03-31": "1.48", "2019-12-31": "1.58", "2019-09-30": "1.86", "2019-06-30": "2.04", "2019-03-31": "1.58", "2018-12-31": "1.62", "2018-09-30": "2.08", "2018-06-30": "1.96", "2018-03-31": "1.88", "2017-12-31": "1.79", "2017-09-30": "1.69", "2017-06-30": "1.81", "2017-03-31": "2.35", "2016-12-31": "2.30", "2016-09-30": "2.71", "2016-06-30": "2.26", "2016-03-31": "2.29", "2015-12-31": "1.80", "2015-09-30": "1.84", "2015-06-30": "2.31", "2015-03-31": "2.26", "2014-12-31": "2.02", "2014-09-30": "1.68", "2014-06-30": "2.16", "2014-03-31": "2.15", "2013-12-31": "2.06", "2013-09-30": "2.02", "2013-06-30": "2.06", "2013-03-31": "2.21", "2012-12-31": "2.10", "2012-09-30": "2.13", "2012-06-30": "2.14", "2012-03-31": "1.92", "2011-12-31": "1.95", "2011-09-30": "1.80", "2011-06-30": "1.84", "2011-03-31": "1.77", "2010-12-31": "1.73", "2010-09-30": "1.69", "2010-06-30": "1.87", "2010-03-31": "1.85", "2009-12-31": "1.78", "2009-09-30": "1.94", "2009-06-30": "2.07", "2009-03-31": "1.99", "2008-12-31": "1.67", "2008-09-30": "1.66", "2008-06-30": "1.67", "2008-03-31": "1.50", "2007-12-31": "1.51", "2007-09-30": "1.45", "2007-06-30": "1.56", "2007-03-31": "1.86", "2006-12-31": "1.40", "2006-09-30": "1.46", "2006-06-30": "1.43", "2006-03-31": "1.35", "2005-12-31": "1.28", "2005-09-30": "1.35", "2005-06-30": "1.77", "2005-03-31": "1.47"}, "quick ratio": {"2020-12-31": "1.41", "2020-09-30": "0.74", "2020-06-30": "0.74", "2020-03-31": "0.94", "2019-12-31": "0.99", "2019-09-30": "1.21", "2019-06-30": "1.33", "2019-03-31": "1.03", "2018-12-31": "1.03", "2018-09-30": "1.40", "2018-06-30": "1.39", "2018-03-31": "1.28", "2017-12-31": "1.21", "2017-09-30": "1.16", "2017-06-30": "1.27", "2017-03-31": "1.65", "2016-12-31": "1.63", "2016-09-30": "2.12", "2016-06-30": "1.67", "2016-03-31": "1.68", "2015-12-31": "1.36", "2015-09-30": "1.36", "2015-06-30": "1.70", "2015-03-31": "1.63", "2014-12-31": "1.43", "2014-09-30": "1.33", "2014-06-30": "1.64", "2014-03-31": "1.61", "2013-12-31": "1.54", "2013-09-30": "1.55", "2013-06-30": "1.58", "2013-03-31": "1.65", "2012-12-31": "1.57", "2012-09-30": "1.62", "2012-06-30": "1.60", "2012-03-31": "1.40", "2011-12-31": "1.44", "2011-09-30": "1.32", "2011-06-30": "1.36", "2011-03-31": "1.34", "2010-12-31": "1.34", "2010-09-30": "1.34", "2010-06-30": "1.52", "2010-03-31": "1.50", "2009-12-31": "1.45", "2009-09-30": "1.63", "2009-06-30": "1.72", "2009-03-31": "1.59", "2008-12-31": "1.25", "2008-09-30": "1.22", "2008-06-30": "1.29", "2008-03-31": "1.16", "2007-12-31": "1.20", "2007-09-30": "1.13", "2007-06-30": "1.20", "2007-03-31": "1.52", "2006-12-31": "1.11", "2006-09-30": "1.13", "2006-06-30": "1.08", "2006-03-31": "1.01", "2005-12-31": "0.95", "2005-09-30": "1.03", "2005-06-30": "1.45", "2005-03-31": "1.24"}, "debt equity ratio": {"current": "0.83", "2020-12-31": "1.80", "2020-09-30": "2.39", "2020-06-30": "2.31", "2020-03-31": "2.37", "2019-12-31": "2.27", "2019-09-30": "2.00", "2019-06-30": "1.92", "2019-03-31": "1.78", "2018-12-31": "1.76", "2018-09-30": "1.49", "2018-06-30": "1.59", "2018-03-31": "1.67", "2017-12-31": "1.89", "2017-09-30": "1.89", "2017-06-30": "1.85", "2017-03-31": "1.73", "2016-12-31": "1.77", "2016-09-30": "1.78", "2016-06-30": "1.70", "2016-03-31": "1.71", "2015-12-31": "2.04", "2015-09-30": "1.79", "2015-06-30": "1.58", "2015-03-31": "1.70", "2014-12-31": "1.86", "2014-09-30": "2.10", "2014-06-30": "2.01", "2014-03-31": "2.13", "2013-12-31": "2.34", "2013-09-30": "3.56", "2013-06-30": "3.70", "2013-03-31": "3.94", "2012-12-31": "4.20", "2012-09-30": "3.68", "2012-06-30": "3.94", "2012-03-31": "4.73", "2011-12-31": "5.35", "2011-09-30": "4.98", "2011-06-30": "5.50", "2011-03-31": "6.59", "2010-12-31": "7.94", "2010-09-30": "8.15", "2010-06-30": "10.76", "2010-03-31": "13.29", "2009-12-31": "13.36", "2009-09-30": "11.03", "2009-06-30": "29.74", "2009-03-31": "155.11", "2008-12-31": "37.95", "2008-09-30": "6.75", "2008-06-30": "5.99", "2008-03-31": "6.43", "2007-12-31": "6.59", "2007-09-30": "10.19", "2007-06-30": "10.21", "2007-03-31": "7.06", "2006-12-31": "9.03", "2006-09-30": "12.97", "2006-06-30": "17.11", "2006-03-31": "20.99", "2005-12-31": "30.68", "2005-09-30": "123.41", "2005-06-30": "57.70", "2005-03-31": "136.75"}, "return on equity": {"2020-12-31": "63.60%", "2020-09-30": "20.02%", "2020-06-30": "21.50%", "2020-03-31": "24.18%", "2019-12-31": "26.77%", "2019-09-30": "27.49%", "2019-06-30": "29.85%", "2019-03-31": "32.47%", "2018-12-31": "32.68%", "2018-09-30": "35.69%", "2018-06-30": "32.72%", "2018-03-31": "30.95%", "2017-12-31": "26.77%", "2017-09-30": "25.98%", "2017-06-30": "27.11%", "2017-03-31": "26.94%", "2016-12-31": "29.22%", "2016-09-30": "14.58%", "2016-06-30": "11.20%", "2016-03-31": "10.31%", "2015-12-31": "9.57%", "2015-09-30": "15.99%", "2015-06-30": "18.92%", "2015-03-31": "21.23%", "2014-12-31": "20.40%", "2014-09-30": "45.96%", "2014-06-30": "47.43%", "2014-03-31": "47.69%", "2013-12-31": "51.19%", "2013-09-30": "14.57%", "2013-06-30": "12.48%", "2013-03-31": "17.69%", "2012-12-31": "21.37%", "2012-09-30": "27.75%", "2012-06-30": "32.44%", "2012-03-31": "33.48%", "2011-12-31": "32.19%", "2011-09-30": "46.62%", "2011-06-30": "50.37%", "2011-03-31": "55.07%", "2010-12-31": "48.16%", "2010-09-30": "47.00%", "2010-06-30": "90.73%", "2010-03-31": "99.71%", "2009-12-31": "124.57%", "2009-09-30": "110.21%", "2009-06-30": "21.49%", "2009-03-31": "17.01%", "2008-12-31": "30.42%", "2008-09-30": "57.63%", "2008-06-30": "59.80%", "2008-03-31": "40.90%", "2007-12-31": "49.36%", "2007-09-30": "36.18%", "2007-06-30": "35.04%", "2007-03-31": "70.48%", "2006-12-31": "75.68%", "2006-09-30": "127.97%", "2006-06-30": "162.81%", "2006-03-31": "206.30%", "2005-12-31": "222.04%"}, "return on assets": {"2020-12-31": "19.99%", "2020-09-30": "6.01%", "2020-06-30": "6.65%", "2020-03-31": "7.73%", "2019-12-31": "8.98%", "2019-09-30": "9.61%", "2019-06-30": "10.95%", "2019-03-31": "12.27%", "2018-12-31": "12.47%", "2018-09-30": "13.47%", "2018-06-30": "11.90%", "2018-03-31": "10.98%", "2017-12-31": "9.43%", "2017-09-30": "9.25%", "2017-06-30": "9.75%", "2017-03-31": "9.82%", "2016-12-31": "10.67%", "2016-09-30": "5.20%", "2016-06-30": "4.00%", "2016-03-31": "3.73%", "2015-12-31": "3.46%", "2015-09-30": "5.87%", "2015-06-30": "6.76%", "2015-03-31": "7.28%", "2014-12-31": "6.75%", "2014-09-30": "14.65%", "2014-06-30": "13.85%", "2014-03-31": "12.49%", "2013-12-31": "11.93%", "2013-09-30": "3.01%", "2013-06-30": "2.56%", "2013-03-31": "3.59%", "2012-12-31": "4.18%", "2012-09-30": "5.20%", "2012-06-30": "5.70%", "2012-03-31": "5.47%", "2011-12-31": "4.91%", "2011-09-30": "6.60%", "2011-06-30": "6.41%", "2011-03-31": "6.05%", "2010-12-31": "4.54%", "2010-09-30": "3.93%", "2010-06-30": "6.98%", "2010-03-31": "6.43%", "2009-12-31": "6.17%", "2009-09-30": "4.23%", "2009-06-30": "1.08%", "2009-03-31": "1.36%", "2008-12-31": "3.38%", "2008-09-30": "7.77%", "2008-06-30": "7.51%", "2008-03-31": "4.59%", "2007-12-31": "5.40%", "2007-09-30": "3.65%", "2007-06-30": "3.38%", "2007-03-31": "6.21%", "2006-12-31": "5.17%", "2006-09-30": "6.54%", "2006-06-30": "5.74%", "2006-03-31": "5.29%", "2005-12-31": "3.49%"}, "return on investments": {"2020-12-31": "10.54%", "2020-09-30": "8.68%", "2020-06-30": "9.74%", "2020-03-31": "11.02%", "2019-12-31": "12.89%", "2019-09-30": "15.82%", "2019-06-30": "17.15%", "2019-03-31": "19.51%", "2018-12-31": "19.40%", "2018-09-30": "18.94%", "2018-06-30": "17.51%", "2018-03-31": "15.99%", "2017-12-31": "13.91%", "2017-09-30": "12.95%", "2017-06-30": "13.24%", "2017-03-31": "13.97%", "2016-12-31": "16.18%", "2016-09-30": "8.38%", "2016-06-30": "7.43%", "2016-03-31": "6.29%", "2015-12-31": "5.72%", "2015-09-30": "9.96%", "2015-06-30": "12.08%", "2015-03-31": "13.34%", "2014-12-31": "13.06%", "2014-09-30": "30.35%", "2014-06-30": "29.69%", "2014-03-31": "29.59%", "2013-12-31": "29.89%", "2013-09-30": "5.69%", "2013-06-30": "5.02%", "2013-03-31": "5.27%", "2012-12-31": "3.79%", "2012-09-30": "6.09%", "2012-06-30": "6.68%", "2012-03-31": "7.54%", "2011-12-31": "9.48%", "2011-09-30": "17.59%", "2011-06-30": "18.66%", "2011-03-31": "17.81%", "2010-12-31": "12.98%", "2010-09-30": "12.24%", "2010-06-30": "8.15%", "2010-03-31": "6.57%", "2009-12-31": "7.90%", "2009-09-30": "0.81%", "2009-06-30": "3.14%", "2009-03-31": "5.92%", "2008-12-31": "10.41%", "2008-09-30": "20.62%", "2008-06-30": "21.03%", "2008-03-31": "18.70%", "2007-12-31": "18.23%", "2007-09-30": "13.74%", "2007-06-30": "14.49%", "2007-03-31": "16.65%", "2006-12-31": "16.37%", "2006-09-30": "15.68%", "2006-06-30": "13.98%", "2006-03-31": "14.34%", "2005-12-31": "14.26%"}, "return on tangible equity": {"2020-09-30": "39.10%", "2020-06-30": "40.61%", "2020-03-31": "44.39%", "2019-12-31": "47.60%", "2019-09-30": "47.42%", "2019-06-30": "49.51%", "2019-03-31": "52.49%", "2018-12-31": "52.54%", "2018-09-30": "57.17%", "2018-06-30": "53.79%", "2018-03-31": "51.80%", "2017-12-31": "43.64%", "2017-09-30": "41.23%", "2017-06-30": "40.56%", "2017-03-31": "38.33%", "2016-12-31": "40.81%", "2016-09-30": "20.12%", "2016-06-30": "15.45%", "2016-03-31": "14.05%", "2015-12-31": "12.97%", "2015-09-30": "21.64%", "2015-06-30": "25.78%", "2015-03-31": "29.55%", "2014-12-31": "29.06%", "2014-09-30": "66.84%", "2014-06-30": "72.65%", "2014-03-31": "77.69%", "2013-12-31": "90.10%", "2013-09-30": "28.39%", "2013-06-30": "24.92%", "2013-03-31": "36.52%", "2012-12-31": "47.18%", "2012-09-30": "66.33%", "2012-06-30": "88.57%", "2012-03-31": "110.84%", "2011-12-31": "136.75%", "2011-09-30": "298.04%", "2011-06-30": "1344.79%", "2011-03-31": "-425.26%", "2010-12-31": "-147.83%", "2010-09-30": "-91.68%", "2010-06-30": "-134.19%", "2010-03-31": "-92.14%", "2009-12-31": "-68.37%", "2009-09-30": "-38.81%", "2009-06-30": "-10.63%", "2009-03-31": "-18.57%", "2008-12-31": "-73.99%", "2008-09-30": "-348.30%", "2008-06-30": "-205.03%", "2008-03-31": "-82.53%", "2007-12-31": "-89.80%", "2007-09-30": "-51.49%", "2007-06-30": "-44.43%", "2007-03-31": "-72.14%", "2006-12-31": "-46.60%", "2006-09-30": "-48.78%", "2006-06-30": "-37.14%", "2006-03-31": "-33.31%", "2005-12-31": "-22.43%"}, "dividend yield history": {"last payout": "$2.48", "last yield": "1.95%"}}