{"ticker": "CNC", "price": {"title": "Centene Historical Annual Stock Price Data", "value": 58.88, "historical": {"2020": {"Average Stock Price": "62.8668", "Year Open": "61.8800", "Year High": "72.8500", "Year Low": "45.5500", "Year Close": "60.0300", "Annual % Change": "-4.52%"}, "2019": {"Average Stock Price": "54.3405", "Year Open": "56.5000", "Year High": "65.8900", "Year Low": "42.7300", "Year Close": "62.8700", "Annual % Change": "9.05%"}, "2018": {"Average Stock Price": "61.6025", "Year Open": "51.2950", "Year High": "73.4400", "Year Low": "49.6900", "Year Close": "57.6500", "Annual % Change": "14.29%"}, "2017": {"Average Stock Price": "40.7036", "Year Open": "29.1550", "Year High": "51.5100", "Year Low": "29.1550", "Year Close": "50.4400", "Annual % Change": "78.52%"}, "2016": {"Average Stock Price": "31.3998", "Year Open": "33.0150", "Year High": "37.6950", "Year Low": "25.3400", "Year Close": "28.2550", "Annual % Change": "-14.13%"}, "2015": {"Average Stock Price": "32.2791", "Year Open": "26.1100", "Year High": "40.7400", "Year Low": "26.0400", "Year Close": "32.9050", "Annual % Change": "26.74%"}, "2014": {"Average Stock Price": "18.8640", "Year Open": "14.7600", "Year High": "26.7875", "Year Low": "13.9150", "Year Close": "25.9625", "Annual % Change": "76.17%"}, "2013": {"Average Stock Price": "13.1748", "Year Open": "10.3400", "Year High": "16.5950", "Year Low": "10.2275", "Year Close": "14.7375", "Annual % Change": "43.78%"}, "2012": {"Average Stock Price": "10.0996", "Year Open": "10.0025", "Year High": "12.7000", "Year Low": "6.7100", "Year Close": "10.2500", "Annual % Change": "3.56%"}, "2011": {"Average Stock Price": "8.0939", "Year Open": "6.6050", "Year High": "10.1350", "Year Low": "6.3700", "Year Close": "9.8975", "Annual % Change": "56.24%"}, "2010": {"Average Stock Price": "5.5240", "Year Open": "5.4250", "Year High": "6.5775", "Year Low": "4.4675", "Year Close": "6.3350", "Annual % Change": "19.70%"}, "2009": {"Average Stock Price": "4.6891", "Year Open": "4.8925", "Year High": "5.5675", "Year Low": "3.7600", "Year Close": "5.2925", "Annual % Change": "7.41%"}, "2008": {"Average Stock Price": "4.9226", "Year Open": "6.8950", "Year High": "7.1000", "Year Low": "3.3250", "Year Close": "4.9275", "Annual % Change": "-28.17%"}, "2007": {"Average Stock Price": "5.6536", "Year Open": "6.1575", "Year High": "6.8900", "Year Low": "4.5675", "Year Close": "6.8600", "Annual % Change": "11.68%"}, "2006": {"Average Stock Price": "5.8380", "Year Open": "6.6125", "Year High": "7.3275", "Year Low": "3.4000", "Year Close": "6.1425", "Annual % Change": "-6.54%"}, "2005": {"Average Stock Price": "7.2846", "Year Open": "7.1675", "Year High": "9.3450", "Year Low": "4.5000", "Year Close": "6.5725", "Annual % Change": "-7.27%"}, "2004": {"Average Stock Price": "4.8318", "Year Open": "3.5963", "Year High": "7.4775", "Year Low": "3.2863", "Year Close": "7.0875", "Annual % Change": "102.42%"}, "2003": {"Average Stock Price": "3.1174", "Year Open": "2.8750", "Year High": "4.3938", "Year Low": "1.9700", "Year Close": "3.5013", "Annual % Change": "25.08%"}, "2002": {"Average Stock Price": "2.1447", "Year Open": "1.8333", "Year High": "2.8842", "Year Low": "1.5417", "Year Close": "2.7992", "Annual % Change": "53.03%"}, "2001": {"Average Stock Price": "1.6189", "Year Open": "1.4333", "Year High": "1.8292", "Year Low": "1.3917", "Year Close": "1.8292", "Annual % Change": "0.00%"}}}, "market cap": {"value": "$34.14B"}, "income statement": {"Revenue": {"2019-12-31": "74639.00000", "2018-12-31": "60116.00000", "2017-12-31": "48382.00000", "2016-12-31": "40607.00000", "2015-12-31": "22760.00000", "2014-12-31": "16560.00000", "2013-12-31": "10863.00000", "2012-12-31": "8110.00000", "2011-12-31": "5211.47700", "2010-12-31": "4448.32300", "2009-12-31": "4102.86400", "2008-12-31": "3364.51500", "2007-12-31": "2769.02800", "2006-12-31": "1822.44600", "2005-12-31": "1232.20200"}, "Cost Of Goods Sold": {"2019-12-31": "65796.00000", "2018-12-31": "51695.00000", "2017-12-31": "42581.00000", "2016-12-31": "35063.00000", "2015-12-31": "20014.00000", "2014-12-31": "14656.00000", "2013-12-31": "9655.00000", "2012-12-31": "7297.00000", "2011-12-31": "4429.77600", "2010-12-31": "3813.48900", "2009-12-31": "3516.80800", "2008-12-31": "2788.22100", "2007-12-31": "2328.81300", "2006-12-31": "1532.50600", "2005-12-31": "1007.58200"}, "Gross Profit": {"2019-12-31": "8843.00000", "2018-12-31": "8421.00000", "2017-12-31": "5801.00000", "2016-12-31": "5544.00000", "2015-12-31": "2746.00000", "2014-12-31": "1904.00000", "2013-12-31": "1208.00000", "2012-12-31": "813.00000", "2011-12-31": "781.70120", "2010-12-31": "634.83420", "2009-12-31": "586.05590", "2008-12-31": "576.29390", "2007-12-31": "440.21510", "2006-12-31": "289.94010", "2005-12-31": "224.62010"}, "Research And Development Expenses": {"2019-12-31": "", "2018-12-31": "", "2017-12-31": "", "2016-12-31": "", "2015-12-31": "", "2014-12-31": "", "2013-12-31": "", "2012-12-31": "", "2011-12-31": "", "2010-12-31": "", "2009-12-31": "", "2008-12-31": "", "2007-12-31": "", "2006-12-31": "", "2005-12-31": ""}, "SG&A Expenses": {"2019-12-31": "6533.00000", "2018-12-31": "6043.00000", "2017-12-31": "4446.00000", "2016-12-31": "3673.00000", "2015-12-31": "1802.00000", "2014-12-31": "1298.00000", "2013-12-31": "931.00000", "2012-12-31": "677.00000", "2011-12-31": "577.89800", "2010-12-31": "477.76500", "2009-12-31": "447.92100", "2008-12-31": "444.73300", "2007-12-31": "384.97000", "2006-12-31": "267.71200", "2005-12-31": "172.34900"}, "Other Operating Income Or Expenses": {"2019-12-31": "-271.00000", "2018-12-31": "-709.00000", "2017-12-31": "", "2016-12-31": "-461.00000", "2015-12-31": "-215.00000", "2014-12-31": "-126.00000", "2013-12-31": "", "2012-12-31": "-28.00000", "2011-12-31": "0.00000", "2010-12-31": "0.00000", "2009-12-31": "", "2008-12-31": "", "2007-12-31": "", "2006-12-31": "", "2005-12-31": ""}, "Operating Expenses": {"2019-12-31": "72858.00000", "2018-12-31": "58658.00000", "2017-12-31": "47183.00000", "2016-12-31": "39344.00000", "2015-12-31": "22055.00000", "2014-12-31": "16096.00000", "2013-12-31": "10586.00000", "2012-12-31": "8002.00000", "2011-12-31": "5007.67400", "2010-12-31": "4291.25400", "2009-12-31": "3964.72900", "2008-12-31": "3232.95400", "2007-12-31": "2713.78300", "2006-12-31": "1800.21800", "2005-12-31": "1179.93100"}, "Operating Income": {"2019-12-31": "1781.00000", "2018-12-31": "1458.00000", "2017-12-31": "1199.00000", "2016-12-31": "1263.00000", "2015-12-31": "705.00000", "2014-12-31": "464.00000", "2013-12-31": "277.00000", "2012-12-31": "108.00000", "2011-12-31": "203.80320", "2010-12-31": "157.06930", "2009-12-31": "138.13500", "2008-12-31": "131.56100", "2007-12-31": "55.24510", "2006-12-31": "22.22800", "2005-12-31": "52.27110"}, "Total Non-Operating Income/Expense": {"2019-12-31": "1.00000", "2018-12-31": "-90.00000", "2017-12-31": "-65.00000", "2016-12-31": "-103.00000", "2015-12-31": "-8.00000", "2014-12-31": "-7.00000", "2013-12-31": "-8.00000", "2012-12-31": "15.00000", "2011-12-31": "-15.45300", "2010-12-31": "-2.78700", "2009-12-31": "-0.62700", "2008-12-31": "5.05500", "2007-12-31": "8.82600", "2006-12-31": "4.93700", "2005-12-31": "5.11600"}, "Pre-Tax Income": {"2019-12-31": "1782.00000", "2018-12-31": "1368.00000", "2017-12-31": "1134.00000", "2016-12-31": "1160.00000", "2015-12-31": "697.00000", "2014-12-31": "457.00000", "2013-12-31": "269.00000", "2012-12-31": "123.00000", "2011-12-31": "188.35000", "2010-12-31": "154.28200", "2009-12-31": "137.50800", "2008-12-31": "136.61600", "2007-12-31": "64.07100", "2006-12-31": "27.16500", "2005-12-31": "57.38700"}, "Income Taxes": {"2019-12-31": "473.00000", "2018-12-31": "474.00000", "2017-12-31": "326.00000", "2016-12-31": "599.00000", "2015-12-31": "339.00000", "2014-12-31": "196.00000", "2013-12-31": "107.00000", "2012-12-31": "47.00000", "2011-12-31": "70.68700", "2010-12-31": "59.90000", "2009-12-31": "48.84100", "2008-12-31": "52.43500", "2007-12-31": "23.03100", "2006-12-31": "9.56500", "2005-12-31": "19.68600"}, "Income After Taxes": {"2019-12-31": "1309.00000", "2018-12-31": "894.00000", "2017-12-31": "808.00000", "2016-12-31": "561.00000", "2015-12-31": "358.00000", "2014-12-31": "261.00000", "2013-12-31": "162.00000", "2012-12-31": "76.00000", "2011-12-31": "117.66300", "2010-12-31": "94.38200", "2009-12-31": "88.66700", "2008-12-31": "84.18100", "2007-12-31": "41.04000", "2006-12-31": "17.60000", "2005-12-31": "37.70100"}, "Other Income": {"2019-12-31": "", "2018-12-31": "", "2017-12-31": "", "2016-12-31": "", "2015-12-31": "", "2014-12-31": "", "2013-12-31": "", "2012-12-31": "", "2011-12-31": "", "2010-12-31": "", "2009-12-31": "", "2008-12-31": "", "2007-12-31": "", "2006-12-31": "", "2005-12-31": ""}, "Income From Continuous Operations": {"2019-12-31": "1309.00000", "2018-12-31": "894.00000", "2017-12-31": "808.00000", "2016-12-31": "561.00000", "2015-12-31": "358.00000", "2014-12-31": "261.00000", "2013-12-31": "162.00000", "2012-12-31": "76.00000", "2011-12-31": "117.66300", "2010-12-31": "94.38200", "2009-12-31": "88.66700", "2008-12-31": "84.18100", "2007-12-31": "41.04000", "2006-12-31": "17.60000", "2005-12-31": "37.70100"}, "Income From Discontinued Operations": {"2019-12-31": "", "2018-12-31": "", "2017-12-31": "", "2016-12-31": "", "2015-12-31": "-1.00000", "2014-12-31": "3.00000", "2013-12-31": "4.00000", "2012-12-31": "-87.00000", "2011-12-31": "-9.30000", "2010-12-31": "3.88900", "2009-12-31": "-2.42200", "2008-12-31": "-0.68400", "2007-12-31": "32.36200", "2006-12-31": "-61.22900", "2005-12-31": "17.93100"}, "Net Income": {"2019-12-31": "1321.00000", "2018-12-31": "900.00000", "2017-12-31": "828.00000", "2016-12-31": "562.00000", "2015-12-31": "355.00000", "2014-12-31": "271.00000", "2013-12-31": "165.00000", "2012-12-31": "2.00000", "2011-12-31": "111.21800", "2010-12-31": "94.83600", "2009-12-31": "83.67100", "2008-12-31": "83.49700", "2007-12-31": "73.40200", "2006-12-31": "-43.62900", "2005-12-31": "55.63200"}, "EBITDA": {"2019-12-31": "2695.00000", "2018-12-31": "1953.00000", "2017-12-31": "1560.00000", "2016-12-31": "1541.00000", "2015-12-31": "854.00000", "2014-12-31": "553.00000", "2013-12-31": "344.00000", "2012-12-31": "174.00000", "2011-12-31": "262.13020", "2010-12-31": "209.06930", "2009-12-31": "182.13900", "2008-12-31": "166.97500", "2007-12-31": "83.05210", "2006-12-31": "42.82800", "2005-12-31": "65.34010"}, "EBIT": {"2019-12-31": "1781.00000", "2018-12-31": "1458.00000", "2017-12-31": "1199.00000", "2016-12-31": "1263.00000", "2015-12-31": "705.00000", "2014-12-31": "464.00000", "2013-12-31": "277.00000", "2012-12-31": "108.00000", "2011-12-31": "203.80320", "2010-12-31": "157.06930", "2009-12-31": "138.13500", "2008-12-31": "131.56100", "2007-12-31": "55.24510", "2006-12-31": "22.22800", "2005-12-31": "52.27110"}, "Basic Shares Outstanding": {"2019-12-31": "413.48700", "2018-12-31": "390.24800", "2017-12-31": "344.85300", "2016-12-31": "319.13500", "2015-12-31": "238.20200", "2014-12-31": "232.69200", "2013-12-31": "216.50600", "2012-12-31": "206.03800", "2011-12-31": "200.79600", "2010-12-31": "195.02000", "2009-12-31": "172.14000", "2008-12-31": "173.10080", "2007-12-31": "174.16000", "2006-12-31": "172.64400", "2005-12-31": "169.25200"}, "Shares Outstanding": {"2019-12-31": "420.40900", "2018-12-31": "398.50600", "2017-12-31": "353.40400", "2016-12-31": "327.95100", "2015-12-31": "246.13200", "2014-12-31": "240.72000", "2013-12-31": "224.98800", "2012-12-31": "214.85800", "2011-12-31": "209.89600", "2010-12-31": "201.79200", "2009-12-31": "177.26400", "2008-12-31": "177.59580", "2007-12-31": "179.29200", "2006-12-31": "178.45600", "2005-12-31": "180.11200"}, "Basic EPS": {"2019-12-31": "3.19000", "2018-12-31": "2.31000", "2017-12-31": "2.40000", "2016-12-31": "1.76000", "2015-12-31": "1.49000", "2014-12-31": "1.16500", "2013-12-31": "0.76000", "2012-12-31": "0.01000", "2011-12-31": "0.55500", "2010-12-31": "0.48750", "2009-12-31": "0.48500", "2008-12-31": "0.48250", "2007-12-31": "0.42250", "2006-12-31": "-0.25250", "2005-12-31": "0.32750"}, "EPS - Earnings Per Share": {"2019-12-31": "3.14000", "2018-12-31": "2.26000", "2017-12-31": "2.34000", "2016-12-31": "1.71000", "2015-12-31": "1.44000", "2014-12-31": "1.12500", "2013-12-31": "0.73500", "2012-12-31": "0.01000", "2011-12-31": "0.53000", "2010-12-31": "0.47000", "2009-12-31": "0.47250", "2008-12-31": "0.47000", "2007-12-31": "0.41000", "2006-12-31": "-0.25250", "2005-12-31": "0.31000"}}, "income statement, quarterly": {"Revenue": {"2020-09-30": "29090.00000", "2020-06-30": "27712.00000", "2020-03-31": "26025.00000", "2019-12-31": "18863.00000", "2019-09-30": "18976.00000", "2019-06-30": "18356.00000", "2019-03-31": "18444.00000", "2018-12-31": "16559.00000", "2018-09-30": "16182.00000", "2018-06-30": "14181.00000", "2018-03-31": "13194.00000", "2017-12-31": "12806.00000", "2017-09-30": "11898.00000", "2017-06-30": "11954.00000", "2017-03-31": "11724.00000", "2016-12-31": "11911.00000", "2016-09-30": "10846.00000", "2016-06-30": "10897.00000", "2016-03-31": "6953.00000", "2015-12-31": "6302.00000", "2015-09-30": "5821.00000", "2015-06-30": "5506.00000", "2015-03-31": "5131.00000", "2014-12-31": "4724.00000", "2014-09-30": "4352.00000", "2014-06-30": "4024.00000", "2014-03-31": "3460.00000", "2013-12-31": "2931.41100", "2013-09-30": "2795.56800", "2013-06-30": "2610.53900", "2013-03-31": "2525.48200", "2012-12-31": "1838.98500", "2012-09-30": "2448.12100", "2012-06-30": "2110.74600", "2012-03-31": "1712.14800", "2011-12-31": "1378.07100", "2011-09-30": "1302.03500", "2011-06-30": "1315.01400", "2011-03-31": "1216.35700", "2010-12-31": "1180.96900", "2010-09-30": "1121.86100", "2010-06-30": "1076.77200", "2010-03-31": "1068.72100", "2009-12-31": "1092.72600", "2009-09-30": "1038.23400", "2009-06-30": "1039.46900", "2009-03-31": "932.43500", "2008-12-31": "902.75810", "2008-09-30": "858.59900", "2008-06-30": "823.93000", "2008-03-31": "779.22800", "2007-12-31": "627.17520", "2007-09-30": "749.88800", "2007-06-30": "727.73100", "2007-03-31": "664.23400", "2006-12-31": "240.82600", "2006-09-30": "631.24900", "2006-06-30": "495.29300", "2006-03-31": "455.07800", "2005-12-31": "423.21800", "2005-09-30": "400.64200", "2005-06-30": "349.62800", "2005-03-31": "332.37600"}, "Cost Of Goods Sold": {"2020-09-30": "25182.00000", "2020-06-30": "22863.00000", "2020-03-31": "22870.00000", "2019-12-31": "16789.00000", "2019-09-30": "16847.00000", "2019-06-30": "16075.00000", "2019-03-31": "16085.00000", "2018-12-31": "14376.00000", "2018-09-30": "13964.00000", "2018-06-30": "12227.00000", "2018-03-31": "11128.00000", "2017-12-31": "11326.00000", "2017-09-30": "10490.00000", "2017-06-30": "10412.00000", "2017-03-31": "10353.00000", "2016-12-31": "10145.00000", "2016-09-30": "9392.00000", "2016-06-30": "9398.00000", "2016-03-31": "6128.00000", "2015-12-31": "5511.00000", "2015-09-30": "5120.00000", "2015-06-30": "4839.00000", "2015-03-31": "4544.00000", "2014-12-31": "4136.00000", "2014-09-30": "3878.00000", "2014-06-30": "3579.00000", "2014-03-31": "3063.00000", "2013-12-31": "2591.52300", "2013-09-30": "2462.54800", "2013-06-30": "2318.34300", "2013-03-31": "2282.58600", "2012-12-31": "1526.15100", "2012-09-30": "2294.68900", "2012-06-30": "1961.39700", "2012-03-31": "1514.76300", "2011-12-31": "1166.38400", "2011-09-30": "1110.55400", "2011-06-30": "1116.66600", "2011-03-31": "1036.17200", "2010-12-31": "1058.77500", "2010-09-30": "949.51800", "2010-06-30": "901.59300", "2010-03-31": "903.60300", "2009-12-31": "988.55090", "2009-09-30": "870.20000", "2009-06-30": "878.81300", "2009-03-31": "779.24400", "2008-12-31": "745.94620", "2008-09-30": "708.05800", "2008-06-30": "686.78300", "2008-03-31": "647.43400", "2007-12-31": "529.41510", "2007-09-30": "625.74200", "2007-06-30": "611.69000", "2007-03-31": "561.96600", "2006-12-31": "223.97690", "2006-09-30": "516.72300", "2006-06-30": "414.54600", "2006-03-31": "377.26000", "2005-12-31": "348.16600", "2005-09-30": "333.05200", "2005-06-30": "282.94300", "2005-03-31": "268.59900"}, "Gross Profit": {"2020-09-30": "3908.00000", "2020-06-30": "4849.00000", "2020-03-31": "3155.00000", "2019-12-31": "2074.00000", "2019-09-30": "2129.00000", "2019-06-30": "2281.00000", "2019-03-31": "2359.00000", "2018-12-31": "2183.00000", "2018-09-30": "2218.00000", "2018-06-30": "1954.00000", "2018-03-31": "2066.00000", "2017-12-31": "1480.00000", "2017-09-30": "1408.00000", "2017-06-30": "1542.00000", "2017-03-31": "1371.00000", "2016-12-31": "1766.00000", "2016-09-30": "1454.00000", "2016-06-30": "1499.00000", "2016-03-31": "825.00000", "2015-12-31": "791.00000", "2015-09-30": "701.00000", "2015-06-30": "667.00000", "2015-03-31": "587.00000", "2014-12-31": "588.00000", "2014-09-30": "474.00000", "2014-06-30": "445.00000", "2014-03-31": "397.00000", "2013-12-31": "339.88750", "2013-09-30": "333.02030", "2013-06-30": "292.19600", "2013-03-31": "242.89580", "2012-12-31": "312.83370", "2012-09-30": "153.43210", "2012-06-30": "149.34910", "2012-03-31": "197.38500", "2011-12-31": "211.68680", "2011-09-30": "191.48110", "2011-06-30": "198.34800", "2011-03-31": "180.18510", "2010-12-31": "122.19460", "2010-09-30": "172.34300", "2010-06-30": "175.17900", "2010-03-31": "165.11800", "2009-12-31": "104.17490", "2009-09-30": "168.03400", "2009-06-30": "160.65600", "2009-03-31": "153.19100", "2008-12-31": "156.81190", "2008-09-30": "150.54100", "2008-06-30": "137.14700", "2008-03-31": "131.79410", "2007-12-31": "97.76010", "2007-09-30": "124.14600", "2007-06-30": "116.04100", "2007-03-31": "102.26800", "2006-12-31": "16.84910", "2006-09-30": "114.52600", "2006-06-30": "80.74700", "2006-03-31": "77.81800", "2005-12-31": "75.05200", "2005-09-30": "67.59000", "2005-06-30": "66.68500", "2005-03-31": "63.77700"}, "Research And Development Expenses": {"2020-09-30": "", "2020-06-30": "", "2020-03-31": "", "2019-12-31": "", "2019-09-30": "", "2019-06-30": "", "2019-03-31": "", "2018-12-31": "", "2018-09-30": "", "2018-06-30": "", "2018-03-31": "", "2017-12-31": "", "2017-09-30": "", "2017-06-30": "", "2017-03-31": "", "2016-12-31": "", "2016-09-30": "", "2016-06-30": "", "2016-03-31": "", "2015-12-31": "", "2015-09-30": "", "2015-06-30": "", "2015-03-31": "", "2014-12-31": "", "2014-09-30": "", "2014-06-30": "", "2014-03-31": "", "2013-12-31": "", "2013-09-30": "", "2013-06-30": "", "2013-03-31": "", "2012-12-31": "", "2012-09-30": "", "2012-06-30": "", "2012-03-31": "", "2011-12-31": "", "2011-09-30": "", "2011-06-30": "", "2011-03-31": "", "2010-12-31": "", "2010-09-30": "", "2010-06-30": "", "2010-03-31": "", "2009-12-31": "", "2009-09-30": "", "2009-06-30": "", "2009-03-31": "", "2008-12-31": "", "2008-09-30": "", "2008-06-30": "", "2008-03-31": "", "2007-12-31": "", "2007-09-30": "", "2007-06-30": "", "2007-03-31": "", "2006-12-31": "", "2006-09-30": "", "2006-06-30": "", "2006-03-31": "", "2005-12-31": "", "2005-09-30": "", "2005-06-30": "", "2005-03-31": ""}, "SG&A Expenses": {"2020-09-30": "2507.00000", "2020-06-30": "2255.00000", "2020-03-31": "2384.00000", "2019-12-31": "1733.00000", "2019-09-30": "1617.00000", "2019-06-30": "1574.00000", "2019-03-31": "1609.00000", "2018-12-31": "1556.00000", "2018-09-30": "1934.00000", "2018-06-30": "1237.00000", "2018-03-31": "1316.00000", "2017-12-31": "1260.00000", "2017-09-30": "1030.00000", "2017-06-30": "1065.00000", "2017-03-31": "1091.00000", "2016-12-31": "1062.00000", "2016-09-30": "940.00000", "2016-06-30": "949.00000", "2016-03-31": "722.00000", "2015-12-31": "511.00000", "2015-09-30": "458.00000", "2015-06-30": "437.00000", "2015-03-31": "396.00000", "2014-12-31": "347.00000", "2014-09-30": "334.00000", "2014-06-30": "321.00000", "2014-03-31": "296.00000", "2013-12-31": "255.21700", "2013-09-30": "249.02800", "2013-06-30": "223.45900", "2013-03-31": "203.29600", "2012-12-31": "164.67800", "2012-09-30": "181.07300", "2012-06-30": "168.06200", "2012-03-31": "163.18700", "2011-12-31": "150.83100", "2011-09-30": "142.93400", "2011-06-30": "143.04500", "2011-03-31": "141.08800", "2010-12-31": "76.69300", "2010-09-30": "132.09500", "2010-06-30": "133.47000", "2010-03-31": "135.50700", "2009-12-31": "66.39700", "2009-09-30": "130.02400", "2009-06-30": "129.22100", "2009-03-31": "122.27900", "2008-12-31": "121.34200", "2008-09-30": "118.62800", "2008-06-30": "109.27000", "2008-03-31": "95.49300", "2007-12-31": "96.26100", "2007-09-30": "100.23500", "2007-06-30": "102.00700", "2007-03-31": "86.46700", "2006-12-31": "28.06500", "2006-09-30": "99.98400", "2006-06-30": "74.44100", "2006-03-31": "65.22200", "2005-12-31": "54.63900", "2005-09-30": "52.45000", "2005-06-30": "44.36500", "2005-03-31": "42.45900"}, "Other Operating Income Or Expenses": {"2020-09-30": "-376.00000", "2020-06-30": "-379.00000", "2020-03-31": "-417.00000", "2019-12-31": "", "2019-09-30": "-271.00000", "2019-06-30": "", "2019-03-31": "", "2018-12-31": "-177.00000", "2018-09-30": "-178.00000", "2018-06-30": "-183.00000", "2018-03-31": "-171.00000", "2017-12-31": "", "2017-09-30": "", "2017-06-30": "", "2017-03-31": "", "2016-12-31": "-128.00000", "2016-09-30": "-129.00000", "2016-06-30": "-130.00000", "2016-03-31": "-74.00000", "2015-12-31": "-54.00000", "2015-09-30": "-54.00000", "2015-06-30": "-52.00000", "2015-03-31": "-55.00000", "2014-12-31": "-32.00000", "2014-09-30": "-32.00000", "2014-06-30": "-31.00000", "2014-03-31": "-31.00000", "2013-12-31": "", "2013-09-30": "0.00000", "2013-06-30": "0.00000", "2013-03-31": "0.00000", "2012-12-31": "0.03300", "2012-09-30": "", "2012-06-30": "-28.03300", "2012-03-31": "", "2011-12-31": "", "2011-09-30": "", "2011-06-30": "0.00000", "2011-03-31": "", "2010-12-31": "", "2010-09-30": "", "2010-06-30": "", "2010-03-31": "", "2009-12-31": "", "2009-09-30": "", "2009-06-30": "", "2009-03-31": "", "2008-12-31": "", "2008-09-30": "", "2008-06-30": "", "2008-03-31": "", "2007-12-31": "", "2007-09-30": "", "2007-06-30": "", "2007-03-31": "", "2006-12-31": "", "2006-09-30": "-81.09800", "2006-06-30": "", "2006-03-31": "", "2005-12-31": "", "2005-09-30": "", "2005-06-30": "", "2005-03-31": ""}, "Operating Expenses": {"2020-09-30": "28229.00000", "2020-06-30": "25694.00000", "2020-03-31": "25837.00000", "2019-12-31": "18586.00000", "2019-09-30": "18800.00000", "2019-06-30": "17713.00000", "2019-03-31": "17759.00000", "2018-12-31": "16171.00000", "2018-09-30": "16141.00000", "2018-06-30": "13692.00000", "2018-03-31": "12654.00000", "2017-12-31": "12625.00000", "2017-09-30": "11558.00000", "2017-06-30": "11516.00000", "2017-03-31": "11484.00000", "2016-12-31": "11387.00000", "2016-09-30": "10504.00000", "2016-06-30": "10520.00000", "2016-03-31": "6933.00000", "2015-12-31": "6082.00000", "2015-09-30": "5638.00000", "2015-06-30": "5333.00000", "2015-03-31": "5002.00000", "2014-12-31": "4531.00000", "2014-09-30": "4244.00000", "2014-06-30": "3931.00000", "2014-03-31": "3390.00000", "2013-12-31": "2846.74000", "2013-09-30": "2711.57600", "2013-06-30": "2541.80200", "2013-03-31": "2485.88200", "2012-12-31": "1690.79600", "2012-09-30": "2475.76200", "2012-06-30": "2157.49200", "2012-03-31": "1677.95000", "2011-12-31": "1317.21500", "2011-09-30": "1253.48800", "2011-06-30": "1259.71100", "2011-03-31": "1177.26000", "2010-12-31": "1135.46800", "2010-09-30": "1081.61300", "2010-06-30": "1035.06300", "2010-03-31": "1039.11000", "2009-12-31": "1054.94800", "2009-09-30": "1000.22400", "2009-06-30": "1008.03400", "2009-03-31": "901.52300", "2008-12-31": "867.28790", "2008-09-30": "826.68600", "2008-06-30": "796.05300", "2008-03-31": "742.92690", "2007-12-31": "625.67590", "2007-09-30": "725.97700", "2007-06-30": "713.69700", "2007-03-31": "648.43300", "2006-12-31": "170.94400", "2006-09-30": "697.80510", "2006-06-30": "488.98700", "2006-03-31": "442.48200", "2005-12-31": "402.80500", "2005-09-30": "385.50200", "2005-06-30": "327.30800", "2005-03-31": "311.05800"}, "Operating Income": {"2020-09-30": "861.00000", "2020-06-30": "2018.00000", "2020-03-31": "188.00000", "2019-12-31": "277.00000", "2019-09-30": "176.00000", "2019-06-30": "643.00000", "2019-03-31": "685.00000", "2018-12-31": "388.00000", "2018-09-30": "41.00000", "2018-06-30": "489.00000", "2018-03-31": "540.00000", "2017-12-31": "181.00000", "2017-09-30": "340.00000", "2017-06-30": "438.00000", "2017-03-31": "240.00000", "2016-12-31": "524.00000", "2016-09-30": "342.00000", "2016-06-30": "377.00000", "2016-03-31": "20.00000", "2015-12-31": "220.00000", "2015-09-30": "183.00000", "2015-06-30": "173.00000", "2015-03-31": "129.00000", "2014-12-31": "193.00000", "2014-09-30": "108.00000", "2014-06-30": "93.00000", "2014-03-31": "70.00000", "2013-12-31": "84.67070", "2013-09-30": "83.99220", "2013-06-30": "68.73710", "2013-03-31": "39.59990", "2012-12-31": "148.18850", "2012-09-30": "-27.64090", "2012-06-30": "-46.74590", "2012-03-31": "34.19800", "2011-12-31": "60.85560", "2011-09-30": "48.54710", "2011-06-30": "55.30300", "2011-03-31": "39.09710", "2010-12-31": "45.50160", "2010-09-30": "40.24790", "2010-06-30": "41.70900", "2010-03-31": "29.61100", "2009-12-31": "37.77780", "2009-09-30": "38.01000", "2009-06-30": "31.43500", "2009-03-31": "30.91200", "2008-12-31": "35.47020", "2008-09-30": "31.91300", "2008-06-30": "27.87700", "2008-03-31": "36.30110", "2007-12-31": "1.49930", "2007-09-30": "23.91100", "2007-06-30": "14.03400", "2007-03-31": "15.80100", "2006-12-31": "69.88210", "2006-09-30": "-66.55600", "2006-06-30": "6.30600", "2006-03-31": "12.59600", "2005-12-31": "20.41300", "2005-09-30": "15.14000", "2005-06-30": "22.32000", "2005-03-31": "21.31800"}, "Total Non-Operating Income/Expense": {"2020-09-30": "-89.00000", "2020-06-30": "-74.00000", "2020-03-31": "-57.00000", "2019-12-31": "-17.00000", "2019-09-30": "-1.00000", "2019-06-30": "19.00000", "2019-03-31": "", "2018-12-31": "-31.00000", "2018-09-30": "-17.00000", "2018-06-30": "-15.00000", "2018-03-31": "-27.00000", "2017-12-31": "-13.00000", "2017-09-30": "-14.00000", "2017-06-30": "-17.00000", "2017-03-31": "-21.00000", "2016-12-31": "-41.00000", "2016-09-30": "-24.00000", "2016-06-30": "-20.00000", "2016-03-31": "-18.00000", "2015-12-31": "-3.00000", "2015-09-30": "-3.00000", "2015-06-30": "-1.00000", "2015-03-31": "-1.00000", "2014-12-31": "", "2014-09-30": "-3.00000", "2014-06-30": "-2.00000", "2014-03-31": "-2.00000", "2013-12-31": "-0.83700", "2013-09-30": "-1.84600", "2013-06-30": "-2.95500", "2013-03-31": "-2.36200", "2012-12-31": "-3.18700", "2012-09-30": "18.38900", "2012-06-30": "-0.69400", "2012-03-31": "0.49200", "2011-12-31": "-0.82100", "2011-09-30": "-1.87500", "2011-06-30": "-10.81100", "2011-03-31": "-1.94600", "2010-12-31": "-2.15900", "2010-09-30": "-4.14500", "2010-06-30": "0.27300", "2010-03-31": "3.24400", "2009-12-31": "-0.19800", "2009-09-30": "-0.31400", "2009-06-30": "0.25800", "2009-03-31": "-0.37300", "2008-12-31": "1.76700", "2008-09-30": "-1.66900", "2008-06-30": "1.36900", "2008-03-31": "3.58800", "2007-12-31": "1.38500", "2007-09-30": "2.18100", "2007-06-30": "2.37500", "2007-03-31": "2.88500", "2006-12-31": "0.41700", "2006-09-30": "1.54300", "2006-06-30": "1.43500", "2006-03-31": "1.54200", "2005-12-31": "1.59000", "2005-09-30": "1.62800", "2005-06-30": "1.88900", "2005-03-31": "1.55800"}, "Pre-Tax Income": {"2020-09-30": "772.00000", "2020-06-30": "1944.00000", "2020-03-31": "131.00000", "2019-12-31": "260.00000", "2019-09-30": "175.00000", "2019-06-30": "662.00000", "2019-03-31": "685.00000", "2018-12-31": "357.00000", "2018-09-30": "24.00000", "2018-06-30": "474.00000", "2018-03-31": "513.00000", "2017-12-31": "168.00000", "2017-09-30": "326.00000", "2017-06-30": "421.00000", "2017-03-31": "219.00000", "2016-12-31": "483.00000", "2016-09-30": "318.00000", "2016-06-30": "357.00000", "2016-03-31": "2.00000", "2015-12-31": "217.00000", "2015-09-30": "180.00000", "2015-06-30": "172.00000", "2015-03-31": "128.00000", "2014-12-31": "193.00000", "2014-09-30": "105.00000", "2014-06-30": "91.00000", "2014-03-31": "68.00000", "2013-12-31": "83.83400", "2013-09-30": "82.14600", "2013-06-30": "65.78200", "2013-03-31": "37.23800", "2012-12-31": "145.00200", "2012-09-30": "-9.25200", "2012-06-30": "-47.44000", "2012-03-31": "34.69000", "2011-12-31": "60.03500", "2011-09-30": "46.67200", "2011-06-30": "44.49200", "2011-03-31": "37.15100", "2010-12-31": "43.34200", "2010-09-30": "36.10300", "2010-06-30": "41.98200", "2010-03-31": "32.85500", "2009-12-31": "37.58000", "2009-09-30": "37.69600", "2009-06-30": "31.69300", "2009-03-31": "30.53900", "2008-12-31": "37.23700", "2008-09-30": "30.24400", "2008-06-30": "29.24600", "2008-03-31": "39.88900", "2007-12-31": "2.88400", "2007-09-30": "26.09200", "2007-06-30": "16.40900", "2007-03-31": "18.68600", "2006-12-31": "70.29900", "2006-09-30": "-65.01300", "2006-06-30": "7.74100", "2006-03-31": "14.13800", "2005-12-31": "22.00300", "2005-09-30": "16.76800", "2005-06-30": "24.20900", "2005-03-31": "22.87600"}, "Income Taxes": {"2020-09-30": "207.00000", "2020-06-30": "742.00000", "2020-03-31": "85.00000", "2019-12-31": "58.00000", "2019-09-30": "79.00000", "2019-06-30": "170.00000", "2019-03-31": "166.00000", "2018-12-31": "116.00000", "2018-09-30": "8.00000", "2018-06-30": "175.00000", "2018-03-31": "175.00000", "2017-12-31": "-55.00000", "2017-09-30": "125.00000", "2017-06-30": "169.00000", "2017-03-31": "87.00000", "2016-12-31": "227.00000", "2016-09-30": "169.00000", "2016-06-30": "187.00000", "2016-03-31": "16.00000", "2015-12-31": "105.00000", "2015-09-30": "87.00000", "2015-06-30": "84.00000", "2015-03-31": "63.00000", "2014-12-31": "89.00000", "2014-09-30": "27.00000", "2014-06-30": "45.00000", "2014-03-31": "35.00000", "2013-12-31": "34.06400", "2013-09-30": "32.28000", "2013-06-30": "25.96600", "2013-03-31": "14.69000", "2012-12-31": "53.06800", "2012-09-30": "-9.54700", "2012-06-30": "-8.60800", "2012-03-31": "12.08700", "2011-12-31": "21.47100", "2011-09-30": "18.45900", "2011-06-30": "16.42900", "2011-03-31": "14.32800", "2010-12-31": "16.95800", "2010-09-30": "13.16300", "2010-06-30": "17.25400", "2010-03-31": "12.52500", "2009-12-31": "13.78100", "2009-09-30": "12.42600", "2009-06-30": "11.78900", "2009-03-31": "10.84500", "2008-12-31": "13.97100", "2008-09-30": "12.14500", "2008-06-30": "11.36300", "2008-03-31": "14.95600", "2007-12-31": "0.08000", "2007-09-30": "9.62800", "2007-06-30": "6.23400", "2007-03-31": "7.08900", "2006-12-31": "-4.76300", "2006-09-30": "6.18000", "2006-06-30": "2.77600", "2006-03-31": "5.37200", "2005-12-31": "8.13700", "2005-09-30": "4.66200", "2005-06-30": "8.96000", "2005-03-31": "8.46500"}, "Income After Taxes": {"2020-09-30": "565.00000", "2020-06-30": "1202.00000", "2020-03-31": "46.00000", "2019-12-31": "202.00000", "2019-09-30": "96.00000", "2019-06-30": "492.00000", "2019-03-31": "519.00000", "2018-12-31": "241.00000", "2018-09-30": "16.00000", "2018-06-30": "299.00000", "2018-03-31": "338.00000", "2017-12-31": "223.00000", "2017-09-30": "201.00000", "2017-06-30": "252.00000", "2017-03-31": "132.00000", "2016-12-31": "256.00000", "2016-09-30": "149.00000", "2016-06-30": "170.00000", "2016-03-31": "-14.00000", "2015-12-31": "112.00000", "2015-09-30": "93.00000", "2015-06-30": "88.00000", "2015-03-31": "65.00000", "2014-12-31": "104.00000", "2014-09-30": "78.00000", "2014-06-30": "46.00000", "2014-03-31": "33.00000", "2013-12-31": "49.77000", "2013-09-30": "49.86600", "2013-06-30": "39.81600", "2013-03-31": "22.54800", "2012-12-31": "91.93400", "2012-09-30": "0.29500", "2012-06-30": "-38.83200", "2012-03-31": "22.60300", "2011-12-31": "38.56400", "2011-09-30": "28.21300", "2011-06-30": "28.06300", "2011-03-31": "22.82300", "2010-12-31": "26.38400", "2010-09-30": "22.94000", "2010-06-30": "24.72800", "2010-03-31": "20.33000", "2009-12-31": "23.79900", "2009-09-30": "25.27000", "2009-06-30": "19.90400", "2009-03-31": "19.69400", "2008-12-31": "23.26600", "2008-09-30": "18.09900", "2008-06-30": "17.88300", "2008-03-31": "24.93300", "2007-12-31": "2.80400", "2007-09-30": "16.46400", "2007-06-30": "10.17500", "2007-03-31": "11.59700", "2006-12-31": "75.06200", "2006-09-30": "-71.19300", "2006-06-30": "4.96500", "2006-03-31": "8.76600", "2005-12-31": "13.86600", "2005-09-30": "12.10600", "2005-06-30": "15.24900", "2005-03-31": "14.41100"}, "Other Income": {"2020-09-30": "", "2020-06-30": "", "2020-03-31": "", "2019-12-31": "", "2019-09-30": "", "2019-06-30": "", "2019-03-31": "", "2018-12-31": "", "2018-09-30": "", "2018-06-30": "", "2018-03-31": "", "2017-12-31": "", "2017-09-30": "", "2017-06-30": "", "2017-03-31": "", "2016-12-31": "", "2016-09-30": "", "2016-06-30": "", "2016-03-31": "", "2015-12-31": "", "2015-09-30": "", "2015-06-30": "", "2015-03-31": "", "2014-12-31": "", "2014-09-30": "", "2014-06-30": "", "2014-03-31": "", "2013-12-31": "", "2013-09-30": "", "2013-06-30": "", "2013-03-31": "", "2012-12-31": "", "2012-09-30": "", "2012-06-30": "", "2012-03-31": "", "2011-12-31": "", "2011-09-30": "", "2011-06-30": "", "2011-03-31": "", "2010-12-31": "", "2010-09-30": "", "2010-06-30": "", "2010-03-31": "", "2009-12-31": "", "2009-09-30": "", "2009-06-30": "", "2009-03-31": "", "2008-12-31": "", "2008-09-30": "", "2008-06-30": "", "2008-03-31": "", "2007-12-31": "", "2007-09-30": "", "2007-06-30": "", "2007-03-31": "", "2006-12-31": "", "2006-09-30": "", "2006-06-30": "", "2006-03-31": "", "2005-12-31": "", "2005-09-30": "", "2005-06-30": "", "2005-03-31": ""}, "Income From Continuous Operations": {"2020-09-30": "565.00000", "2020-06-30": "1202.00000", "2020-03-31": "46.00000", "2019-12-31": "202.00000", "2019-09-30": "96.00000", "2019-06-30": "492.00000", "2019-03-31": "519.00000", "2018-12-31": "241.00000", "2018-09-30": "16.00000", "2018-06-30": "299.00000", "2018-03-31": "338.00000", "2017-12-31": "223.00000", "2017-09-30": "201.00000", "2017-06-30": "252.00000", "2017-03-31": "132.00000", "2016-12-31": "256.00000", "2016-09-30": "149.00000", "2016-06-30": "170.00000", "2016-03-31": "-14.00000", "2015-12-31": "112.00000", "2015-09-30": "93.00000", "2015-06-30": "88.00000", "2015-03-31": "65.00000", "2014-12-31": "104.00000", "2014-09-30": "78.00000", "2014-06-30": "46.00000", "2014-03-31": "33.00000", "2013-12-31": "49.77000", "2013-09-30": "49.86600", "2013-06-30": "39.81600", "2013-03-31": "22.54800", "2012-12-31": "91.93400", "2012-09-30": "0.29500", "2012-06-30": "-38.83200", "2012-03-31": "22.60300", "2011-12-31": "38.56400", "2011-09-30": "28.21300", "2011-06-30": "28.06300", "2011-03-31": "22.82300", "2010-12-31": "26.38400", "2010-09-30": "22.94000", "2010-06-30": "24.72800", "2010-03-31": "20.33000", "2009-12-31": "23.79900", "2009-09-30": "25.27000", "2009-06-30": "19.90400", "2009-03-31": "19.69400", "2008-12-31": "23.26600", "2008-09-30": "18.09900", "2008-06-30": "17.88300", "2008-03-31": "24.93300", "2007-12-31": "2.80400", "2007-09-30": "16.46400", "2007-06-30": "10.17500", "2007-03-31": "11.59700", "2006-12-31": "75.06200", "2006-09-30": "-71.19300", "2006-06-30": "4.96500", "2006-03-31": "8.76600", "2005-12-31": "13.86600", "2005-09-30": "12.10600", "2005-06-30": "15.24900", "2005-03-31": "14.41100"}, "Income From Discontinued Operations": {"2020-09-30": "", "2020-06-30": "", "2020-03-31": "", "2019-12-31": "", "2019-09-30": "", "2019-06-30": "", "2019-03-31": "", "2018-12-31": "", "2018-09-30": "", "2018-06-30": "", "2018-03-31": "", "2017-12-31": "", "2017-09-30": "", "2017-06-30": "", "2017-03-31": "", "2016-12-31": "", "2016-09-30": "-1.00000", "2016-06-30": "-1.00000", "2016-03-31": "-1.00000", "2015-12-31": "-1.00000", "2015-09-30": "1.00000", "2015-06-30": "", "2015-03-31": "-1.00000", "2014-12-31": "1.00000", "2014-09-30": "1.00000", "2014-06-30": "2.00000", "2014-03-31": "-1.00000", "2013-12-31": "5.39400", "2013-09-30": "-0.95200", "2013-06-30": "-0.80500", "2013-03-31": "0.36300", "2012-12-31": "", "2012-09-30": "", "2012-06-30": "", "2012-03-31": "", "2011-12-31": "", "2011-09-30": "", "2011-06-30": "", "2011-03-31": "", "2010-12-31": "-0.06500", "2010-09-30": "0.26000", "2010-06-30": "-0.22600", "2010-03-31": "3.92000", "2009-12-31": "-0.02800", "2009-09-30": "-1.46000", "2009-06-30": "-0.48500", "2009-03-31": "-0.44900", "2008-12-31": "-1.84300", "2008-09-30": "0.14900", "2008-06-30": "0.32000", "2008-03-31": "0.69000", "2007-12-31": "-1.33100", "2007-09-30": "-0.52800", "2007-06-30": "7.60700", "2007-03-31": "26.61400", "2006-12-31": "", "2006-09-30": "", "2006-06-30": "", "2006-03-31": "", "2005-12-31": "", "2005-09-30": "", "2005-06-30": "", "2005-03-31": ""}, "Net Income": {"2020-09-30": "568.00000", "2020-06-30": "1206.00000", "2020-03-31": "46.00000", "2019-12-31": "209.00000", "2019-09-30": "95.00000", "2019-06-30": "495.00000", "2019-03-31": "522.00000", "2018-12-31": "241.00000", "2018-09-30": "19.00000", "2018-06-30": "300.00000", "2018-03-31": "340.00000", "2017-12-31": "230.00000", "2017-09-30": "205.00000", "2017-06-30": "254.00000", "2017-03-31": "139.00000", "2016-12-31": "261.00000", "2016-09-30": "147.00000", "2016-06-30": "170.00000", "2016-03-31": "-16.00000", "2015-12-31": "111.00000", "2015-09-30": "93.00000", "2015-06-30": "88.00000", "2015-03-31": "63.00000", "2014-12-31": "107.00000", "2014-09-30": "82.00000", "2014-06-30": "49.00000", "2014-03-31": "33.00000", "2013-12-31": "53.14100", "2013-09-30": "49.37300", "2013-06-30": "39.48400", "2013-03-31": "23.00200", "2012-12-31": "9.20200", "2012-09-30": "3.81900", "2012-06-30": "-34.99900", "2012-03-31": "23.97800", "2011-12-31": "30.11200", "2011-09-30": "28.98700", "2011-06-30": "28.37400", "2011-03-31": "23.74500", "2010-12-31": "25.39900", "2010-09-30": "22.66200", "2010-06-30": "22.77300", "2010-03-31": "24.00200", "2009-12-31": "23.71500", "2009-09-30": "21.26800", "2009-06-30": "20.23000", "2009-03-31": "18.45800", "2008-12-31": "21.42300", "2008-09-30": "18.24800", "2008-06-30": "18.20300", "2008-03-31": "25.62300", "2007-12-31": "1.47300", "2007-09-30": "15.93600", "2007-06-30": "17.78200", "2007-03-31": "38.21100", "2006-12-31": "13.83300", "2006-09-30": "-71.19300", "2006-06-30": "4.96500", "2006-03-31": "8.76600", "2005-12-31": "13.86600", "2005-09-30": "12.10600", "2005-06-30": "15.24900", "2005-03-31": "14.41100"}, "EBITDA": {"2020-09-30": "1159.00000", "2020-06-30": "2348.00000", "2020-03-31": "476.00000", "2019-12-31": "716.00000", "2019-09-30": "338.00000", "2019-06-30": "801.00000", "2019-03-31": "840.00000", "2018-12-31": "529.00000", "2018-09-30": "180.00000", "2018-06-30": "600.00000", "2018-03-31": "644.00000", "2017-12-31": "278.00000", "2017-09-30": "431.00000", "2017-06-30": "525.00000", "2017-03-31": "326.00000", "2016-12-31": "613.00000", "2016-09-30": "420.00000", "2016-06-30": "453.00000", "2016-03-31": "55.00000", "2015-12-31": "259.00000", "2015-09-30": "240.00000", "2015-06-30": "199.00000", "2015-03-31": "156.00000", "2014-12-31": "217.00000", "2014-09-30": "131.00000", "2014-06-30": "115.00000", "2014-03-31": "90.00000", "2013-12-31": "101.45070", "2013-09-30": "101.28420", "2013-06-30": "85.97410", "2013-03-31": "55.29090", "2012-12-31": "164.29650", "2012-09-30": "-11.01490", "2012-06-30": "-30.09290", "2012-03-31": "50.81100", "2011-12-31": "76.12760", "2011-09-30": "63.03510", "2011-06-30": "69.54500", "2011-03-31": "53.42210", "2010-12-31": "58.88160", "2010-09-30": "53.94990", "2010-06-30": "54.10000", "2010-03-31": "42.13800", "2009-12-31": "50.98180", "2009-09-30": "47.91800", "2009-06-30": "42.09400", "2009-03-31": "41.14500", "2008-12-31": "44.86620", "2008-09-30": "41.70200", "2008-06-30": "36.30800", "2008-03-31": "44.09910", "2007-12-31": "8.92530", "2007-09-30": "31.30100", "2007-06-30": "20.75100", "2007-03-31": "22.07500", "2006-12-31": "75.19610", "2006-09-30": "-60.81100", "2006-06-30": "11.32700", "2006-03-31": "17.11600", "2005-12-31": "23.82400", "2005-09-30": "18.89700", "2005-06-30": "25.43900", "2005-03-31": "24.10000"}, "EBIT": {"2020-09-30": "861.00000", "2020-06-30": "2018.00000", "2020-03-31": "188.00000", "2019-12-31": "277.00000", "2019-09-30": "176.00000", "2019-06-30": "643.00000", "2019-03-31": "685.00000", "2018-12-31": "388.00000", "2018-09-30": "41.00000", "2018-06-30": "489.00000", "2018-03-31": "540.00000", "2017-12-31": "181.00000", "2017-09-30": "340.00000", "2017-06-30": "438.00000", "2017-03-31": "240.00000", "2016-12-31": "524.00000", "2016-09-30": "342.00000", "2016-06-30": "377.00000", "2016-03-31": "20.00000", "2015-12-31": "220.00000", "2015-09-30": "183.00000", "2015-06-30": "173.00000", "2015-03-31": "129.00000", "2014-12-31": "193.00000", "2014-09-30": "108.00000", "2014-06-30": "93.00000", "2014-03-31": "70.00000", "2013-12-31": "84.67090", "2013-09-30": "83.99220", "2013-06-30": "68.73710", "2013-03-31": "39.59990", "2012-12-31": "148.18870", "2012-09-30": "-27.64090", "2012-06-30": "-46.74590", "2012-03-31": "34.19800", "2011-12-31": "60.85610", "2011-09-30": "48.54710", "2011-06-30": "55.30300", "2011-03-31": "39.09710", "2010-12-31": "45.50150", "2010-09-30": "40.24790", "2010-06-30": "41.70900", "2010-03-31": "29.61100", "2009-12-31": "37.77800", "2009-09-30": "38.01000", "2009-06-30": "31.43500", "2009-03-31": "30.91200", "2008-12-31": "35.47000", "2008-09-30": "31.91300", "2008-06-30": "27.87700", "2008-03-31": "36.30110", "2007-12-31": "1.49910", "2007-09-30": "23.91100", "2007-06-30": "14.03400", "2007-03-31": "15.80100", "2006-12-31": "69.88210", "2006-09-30": "-66.55600", "2006-06-30": "6.30600", "2006-03-31": "12.59600", "2005-12-31": "20.41300", "2005-09-30": "15.14000", "2005-06-30": "22.32000", "2005-03-31": "21.31800"}, "Basic Shares Outstanding": {"2020-09-30": "579.51000", "2020-06-30": "579.18900", "2020-03-31": "544.43600", "2019-12-31": "413.48700", "2019-09-30": "413.61600", "2019-06-30": "413.37000", "2019-03-31": "412.92400", "2018-12-31": "390.24800", "2018-09-30": "410.59100", "2018-06-30": "391.03700", "2018-03-31": "347.84300", "2017-12-31": "344.85300", "2017-09-30": "345.01600", "2017-06-30": "344.71400", "2017-03-31": "344.14800", "2016-12-31": "319.13500", "2016-09-30": "341.55000", "2016-06-30": "341.11800", "2016-03-31": "251.08600", "2015-12-31": "238.20200", "2015-09-30": "238.24400", "2015-06-30": "238.00800", "2015-03-31": "237.56800", "2014-12-31": "232.69200", "2014-09-30": "234.45400", "2014-06-30": "231.03400", "2014-03-31": "229.93600", "2013-12-31": "216.50600", "2013-09-30": "218.72000", "2013-06-30": "218.11600", "2013-03-31": "209.42800", "2012-12-31": "206.03800", "2012-09-30": "206.34000", "2012-06-30": "206.06400", "2012-03-31": "204.50400", "2011-12-31": "200.79600", "2011-09-30": "201.38400", "2011-06-30": "200.66800", "2011-03-31": "199.00000", "2010-12-31": "195.02000", "2010-09-30": "196.95200", "2010-06-30": "196.54400", "2010-03-31": "189.04400", "2009-12-31": "172.14000", "2009-09-30": "172.00800", "2009-06-30": "172.00400", "2009-03-31": "172.27200", "2008-12-31": "173.10080", "2008-09-30": "172.93200", "2008-06-30": "173.50400", "2008-03-31": "174.15200", "2007-12-31": "174.16000", "2007-09-30": "174.13200", "2007-06-30": "174.46800", "2007-03-31": "173.73200", "2006-12-31": "172.64400", "2006-09-30": "172.87600", "2006-06-30": "172.68000", "2006-03-31": "171.95200", "2005-12-31": "171.54400", "2005-09-30": "170.32800", "2005-06-30": "168.81600", "2005-03-31": "166.24400"}, "Shares Outstanding": {"2020-09-30": "587.97100", "2020-06-30": "587.49800", "2020-03-31": "552.06200", "2019-12-31": "420.40900", "2019-09-30": "419.95600", "2019-06-30": "419.67100", "2019-03-31": "419.75200", "2018-12-31": "398.50600", "2018-09-30": "419.04300", "2018-06-30": "398.90200", "2018-03-31": "355.38000", "2017-12-31": "353.40400", "2017-09-30": "353.83000", "2017-06-30": "352.84000", "2017-03-31": "351.67200", "2016-12-31": "327.95100", "2016-09-30": "350.99000", "2016-06-30": "349.69800", "2016-03-31": "251.08600", "2015-12-31": "246.13200", "2015-09-30": "246.26400", "2015-06-30": "245.93000", "2015-03-31": "245.14400", "2014-12-31": "240.72000", "2014-09-30": "242.72800", "2014-06-30": "238.87000", "2014-03-31": "237.44600", "2013-12-31": "224.98800", "2013-09-30": "227.73200", "2013-06-30": "226.40800", "2013-03-31": "217.06800", "2012-12-31": "214.85800", "2012-09-30": "215.22400", "2012-06-30": "206.06400", "2012-03-31": "214.03600", "2011-12-31": "209.89600", "2011-09-30": "210.48000", "2011-06-30": "209.95600", "2011-03-31": "207.24800", "2010-12-31": "201.79200", "2010-09-30": "203.75200", "2010-06-30": "203.46400", "2010-03-31": "195.04800", "2009-12-31": "177.26400", "2009-09-30": "177.16800", "2009-06-30": "176.96800", "2009-03-31": "176.95600", "2008-12-31": "177.59580", "2008-09-30": "178.12000", "2008-06-30": "177.10400", "2008-03-31": "178.97200", "2007-12-31": "179.29200", "2007-09-30": "178.51600", "2007-06-30": "179.26000", "2007-03-31": "179.69200", "2006-12-31": "178.45600", "2006-09-30": "172.87600", "2006-06-30": "179.35600", "2006-03-31": "179.00000", "2005-12-31": "179.24800", "2005-09-30": "181.11200", "2005-06-30": "180.35200", "2005-03-31": "179.44800"}, "Basic EPS": {"2020-09-30": "0.98000", "2020-06-30": "2.08000", "2020-03-31": "0.08000", "2019-12-31": "0.50000", "2019-09-30": "0.23000", "2019-06-30": "1.20000", "2019-03-31": "1.26000", "2018-12-31": "0.51000", "2018-09-30": "0.05000", "2018-06-30": "0.77000", "2018-03-31": "0.98000", "2017-12-31": "0.66500", "2017-09-30": "0.59500", "2017-06-30": "0.73500", "2017-03-31": "0.40500", "2016-12-31": "0.89500", "2016-09-30": "0.43000", "2016-06-30": "0.50000", "2016-03-31": "-0.06500", "2015-12-31": "0.46500", "2015-09-30": "0.39000", "2015-06-30": "0.37000", "2015-03-31": "0.26500", "2014-12-31": "0.46000", "2014-09-30": "0.35000", "2014-06-30": "0.21000", "2014-03-31": "0.14500", "2013-12-31": "0.24500", "2013-09-30": "0.22500", "2013-06-30": "0.18000", "2013-03-31": "0.11000", "2012-12-31": "0.04500", "2012-09-30": "0.01750", "2012-06-30": "-0.17000", "2012-03-31": "0.11750", "2011-12-31": "0.14750", "2011-09-30": "0.14500", "2011-06-30": "0.14250", "2011-03-31": "0.12000", "2010-12-31": "0.13000", "2010-09-30": "0.11500", "2010-06-30": "0.11500", "2010-03-31": "0.12750", "2009-12-31": "0.13750", "2009-09-30": "0.12250", "2009-06-30": "0.11750", "2009-03-31": "0.10750", "2008-12-31": "0.12500", "2008-09-30": "0.10500", "2008-06-30": "0.10500", "2008-03-31": "0.14750", "2007-12-31": "0.00750", "2007-09-30": "0.09250", "2007-06-30": "0.10250", "2007-03-31": "0.22000", "2006-12-31": "0.08000", "2006-09-30": "-0.41250", "2006-06-30": "0.03000", "2006-03-31": "0.05000", "2005-12-31": "0.08000", "2005-09-30": "0.07000", "2005-06-30": "0.09000", "2005-03-31": "0.08750"}, "EPS - Earnings Per Share": {"2020-09-30": "0.97000", "2020-06-30": "2.05000", "2020-03-31": "0.08000", "2019-12-31": "0.49000", "2019-09-30": "0.23000", "2019-06-30": "1.18000", "2019-03-31": "1.24000", "2018-12-31": "0.50000", "2018-09-30": "0.05000", "2018-06-30": "0.75000", "2018-03-31": "0.96000", "2017-12-31": "0.64500", "2017-09-30": "0.58000", "2017-06-30": "0.72000", "2017-03-31": "0.39500", "2016-12-31": "0.87000", "2016-09-30": "0.42000", "2016-06-30": "0.48500", "2016-03-31": "-0.06500", "2015-12-31": "0.44500", "2015-09-30": "0.38000", "2015-06-30": "0.36000", "2015-03-31": "0.25500", "2014-12-31": "0.44000", "2014-09-30": "0.34000", "2014-06-30": "0.20500", "2014-03-31": "0.14000", "2013-12-31": "0.23750", "2013-09-30": "0.21750", "2013-06-30": "0.17500", "2013-03-31": "0.10500", "2012-12-31": "0.05000", "2012-09-30": "0.01750", "2012-06-30": "-0.17000", "2012-03-31": "0.11250", "2011-12-31": "0.14250", "2011-09-30": "0.13750", "2011-06-30": "0.13500", "2011-03-31": "0.11500", "2010-12-31": "0.12500", "2010-09-30": "0.11000", "2010-06-30": "0.11250", "2010-03-31": "0.12250", "2009-12-31": "0.13250", "2009-09-30": "0.12000", "2009-06-30": "0.11500", "2009-03-31": "0.10500", "2008-12-31": "0.12250", "2008-09-30": "0.10250", "2008-06-30": "0.10250", "2008-03-31": "0.14250", "2007-12-31": "0.00750", "2007-09-30": "0.09000", "2007-06-30": "0.10000", "2007-03-31": "0.21250", "2006-12-31": "0.08250", "2006-09-30": "-0.41250", "2006-06-30": "0.02750", "2006-03-31": "0.05000", "2005-12-31": "0.07750", "2005-09-30": "0.06750", "2005-06-30": "0.08500", "2005-03-31": "0.08000"}}, "balance sheet": {"Cash On Hand": {"2019-12-31": "12986.00000", "2018-12-31": "6064.00000", "2017-12-31": "4603.00000", "2016-12-31": "4435.00000", "2015-12-31": "1936.00000", "2014-12-31": "1787.00000", "2013-12-31": "1140.00000", "2012-12-31": "982.05300", "2011-12-31": "704.19700", "2010-12-31": "455.51200", "2009-12-31": "443.30600", "2008-12-31": "488.49200", "2007-12-31": "314.65800", "2006-12-31": "327.83700", "2005-12-31": "204.05800"}, "Receivables": {"2019-12-31": "6247.00000", "2018-12-31": "5150.00000", "2017-12-31": "3413.00000", "2016-12-31": "3215.00000", "2015-12-31": "1279.00000", "2014-12-31": "912.00000", "2013-12-31": "429.00000", "2012-12-31": "251.47300", "2011-12-31": "157.45000", "2010-12-31": "136.24300", "2009-12-31": "103.45600", "2008-12-31": "92.53100", "2007-12-31": "79.49200", "2006-12-31": "74.37900", "2005-12-31": "44.10800"}, "Inventory": {"2019-12-31": "", "2018-12-31": "", "2017-12-31": "", "2016-12-31": "", "2015-12-31": "", "2014-12-31": "", "2013-12-31": "", "2012-12-31": "", "2011-12-31": "", "2010-12-31": "", "2009-12-31": "", "2008-12-31": "", "2007-12-31": "", "2006-12-31": "", "2005-12-31": ""}, "Pre-Paid Expenses": {"2019-12-31": "", "2018-12-31": "", "2017-12-31": "", "2016-12-31": "", "2015-12-31": "", "2014-12-31": "", "2013-12-31": "", "2012-12-31": "", "2011-12-31": "", "2010-12-31": "", "2009-12-31": "", "2008-12-31": "", "2007-12-31": "", "2006-12-31": "", "2005-12-31": ""}, "Other Current Assets": {"2019-12-31": "1090.00000", "2018-12-31": "784.00000", "2017-12-31": "687.00000", "2016-12-31": "715.00000", "2015-12-31": "390.00000", "2014-12-31": "252.00000", "2013-12-31": "217.00000", "2012-12-31": "93.32200", "2011-12-31": "78.36300", "2010-12-31": "65.06600", "2009-12-31": "64.86600", "2008-12-31": "75.33300", "2007-12-31": "39.38200", "2006-12-31": "17.27900", "2005-12-31": "24.43900"}, "Total Current Assets": {"2019-12-31": "20323.00000", "2018-12-31": "11998.00000", "2017-12-31": "8703.00000", "2016-12-31": "8365.00000", "2015-12-31": "3605.00000", "2014-12-31": "2951.00000", "2013-12-31": "1800.00000", "2012-12-31": "1405.82500", "2011-12-31": "940.01000", "2010-12-31": "656.82100", "2009-12-31": "616.13400", "2008-12-31": "666.34300", "2007-12-31": "446.33900", "2006-12-31": "451.82200", "2005-12-31": "272.60500"}, "Property, Plant, And Equipment": {"2019-12-31": "2121.00000", "2018-12-31": "1706.00000", "2017-12-31": "1104.00000", "2016-12-31": "797.00000", "2015-12-31": "518.00000", "2014-12-31": "445.00000", "2013-12-31": "395.00000", "2012-12-31": "375.89300", "2011-12-31": "349.62200", "2010-12-31": "326.34100", "2009-12-31": "230.42100", "2008-12-31": "175.85800", "2007-12-31": "135.88300", "2006-12-31": "110.68800", "2005-12-31": "67.19900"}, "Long-Term Investments": {"2019-12-31": "7717.00000", "2018-12-31": "6861.00000", "2017-12-31": "5312.00000", "2016-12-31": "4545.00000", "2015-12-31": "1927.00000", "2014-12-31": "1280.00000", "2013-12-31": "792.00000", "2012-12-31": "554.77000", "2011-12-31": "506.14000", "2010-12-31": "595.87900", "2009-12-31": "525.49700", "2008-12-31": "332.41100", "2007-12-31": "317.04100", "2006-12-31": "116.05200", "2005-12-31": "123.66100"}, "Goodwill And Intangible Assets": {"2019-12-31": "8926.00000", "2018-12-31": "9254.00000", "2017-12-31": "6147.00000", "2016-12-31": "6257.00000", "2015-12-31": "1174.00000", "2014-12-31": "874.00000", "2013-12-31": "397.00000", "2012-12-31": "276.55600", "2011-12-31": "309.41100", "2010-12-31": "307.16000", "2009-12-31": "247.06600", "2008-12-31": "180.95500", "2007-12-31": "150.19900", "2006-12-31": "145.43600", "2005-12-31": "174.64600"}, "Other Long-Term Assets": {"2019-12-31": "1907.00000", "2018-12-31": "1082.00000", "2017-12-31": "589.00000", "2016-12-31": "233.00000", "2015-12-31": "115.00000", "2014-12-31": "274.00000", "2013-12-31": "107.00000", "2012-12-31": "98.56400", "2011-12-31": "85.15300", "2010-12-31": "57.68100", "2009-12-31": "56.96100", "2008-12-31": "68.33700", "2007-12-31": "42.49700", "2006-12-31": "33.56400", "2005-12-31": "29.91900"}, "Total Long-Term Assets": {"2019-12-31": "20671.00000", "2018-12-31": "18903.00000", "2017-12-31": "13152.00000", "2016-12-31": "11832.00000", "2015-12-31": "3734.00000", "2014-12-31": "2873.00000", "2013-12-31": "1729.00000", "2012-12-31": "1368.08000", "2011-12-31": "1250.32600", "2010-12-31": "1287.06100", "2009-12-31": "1086.23000", "2008-12-31": "784.80900", "2007-12-31": "675.48500", "2006-12-31": "443.15800", "2005-12-31": "395.42500"}, "Total Assets": {"2019-12-31": "40994.00000", "2018-12-31": "30901.00000", "2017-12-31": "21855.00000", "2016-12-31": "20197.00000", "2015-12-31": "7339.00000", "2014-12-31": "5824.00000", "2013-12-31": "3529.00000", "2012-12-31": "2773.90500", "2011-12-31": "2190.33600", "2010-12-31": "1943.88200", "2009-12-31": "1702.36400", "2008-12-31": "1451.15200", "2007-12-31": "1121.82400", "2006-12-31": "894.98000", "2005-12-31": "668.03000"}, "Total Current Liabilities": {"2019-12-31": "12932.00000", "2018-12-31": "11971.00000", "2017-12-31": "9332.00000", "2016-12-31": "8623.00000", "2015-12-31": "3629.00000", "2014-12-31": "2900.00000", "2013-12-31": "1559.00000", "2012-12-31": "1229.31300", "2011-12-31": "837.61300", "2010-12-31": "765.24600", "2009-12-31": "715.90800", "2008-12-31": "640.97800", "2007-12-31": "486.80000", "2006-12-31": "387.95100", "2005-12-31": "214.65100"}, "Long Term Debt": {"2019-12-31": "13638.00000", "2018-12-31": "6648.00000", "2017-12-31": "4695.00000", "2016-12-31": "4651.00000", "2015-12-31": "1216.00000", "2014-12-31": "874.00000", "2013-12-31": "666.00000", "2012-12-31": "535.48100", "2011-12-31": "348.34400", "2010-12-31": "327.82400", "2009-12-31": "307.08500", "2008-12-31": "264.63700", "2007-12-31": "206.40600", "2006-12-31": "174.64600", "2005-12-31": "92.44800"}, "Other Non-Current Liabilities": {"2019-12-31": "1732.00000", "2018-12-31": "1259.00000", "2017-12-31": "952.00000", "2016-12-31": "869.00000", "2015-12-31": "170.00000", "2014-12-31": "159.00000", "2013-12-31": "60.00000", "2012-12-31": "54.98700", "2011-12-31": "67.96000", "2010-12-31": "53.75700", "2009-12-31": "59.56100", "2008-12-31": "43.53900", "2007-12-31": "13.30000", "2006-12-31": "5.85300", "2005-12-31": "8.88300"}, "Total Long Term Liabilities": {"2019-12-31": "15403.00000", "2018-12-31": "7917.00000", "2017-12-31": "5659.00000", "2016-12-31": "5665.00000", "2015-12-31": "1542.00000", "2014-12-31": "1181.00000", "2013-12-31": "727.00000", "2012-12-31": "590.82500", "2011-12-31": "416.30400", "2010-12-31": "381.58100", "2009-12-31": "367.02900", "2008-12-31": "308.90200", "2007-12-31": "219.97700", "2006-12-31": "180.60600", "2005-12-31": "101.33100"}, "Total Liabilities": {"2019-12-31": "28335.00000", "2018-12-31": "19888.00000", "2017-12-31": "14991.00000", "2016-12-31": "14288.00000", "2015-12-31": "5171.00000", "2014-12-31": "4081.00000", "2013-12-31": "2286.00000", "2012-12-31": "1820.13800", "2011-12-31": "1253.91700", "2010-12-31": "1146.82700", "2009-12-31": "1082.93700", "2008-12-31": "949.88000", "2007-12-31": "706.77700", "2006-12-31": "568.55700", "2005-12-31": "315.98200"}, "Common Stock Net": {"2019-12-31": "", "2018-12-31": "", "2017-12-31": "", "2016-12-31": "", "2015-12-31": "", "2014-12-31": "", "2013-12-31": "", "2012-12-31": "0.05500", "2011-12-31": "0.05400", "2010-12-31": "0.05200", "2009-12-31": "0.04600", "2008-12-31": "0.04500", "2007-12-31": "0.04400", "2006-12-31": "0.04400", "2005-12-31": "0.04300"}, "Retained Earnings (Accumulated Deficit)": {"2019-12-31": "4984.00000", "2018-12-31": "3663.00000", "2017-12-31": "2748.00000", "2016-12-31": "1920.00000", "2015-12-31": "1358.00000", "2014-12-31": "1003.00000", "2013-12-31": "732.00000", "2012-12-31": "566.82000", "2011-12-31": "564.96100", "2010-12-31": "453.74300", "2009-12-31": "358.90700", "2008-12-31": "275.23600", "2007-12-31": "191.73900", "2006-12-31": "118.29000", "2005-12-31": "161.91900"}, "Comprehensive Income": {"2019-12-31": "134.00000", "2018-12-31": "-56.00000", "2017-12-31": "-3.00000", "2016-12-31": "-36.00000", "2015-12-31": "-10.00000", "2014-12-31": "-1.00000", "2013-12-31": "-3.00000", "2012-12-31": "5.18900", "2011-12-31": "5.76100", "2010-12-31": "6.42400", "2009-12-31": "7.34800", "2008-12-31": "3.15200", "2007-12-31": "1.57100", "2006-12-31": "-1.25100", "2005-12-31": "-1.75400"}, "Other Share Holders Equity": {"2019-12-31": "", "2018-12-31": "", "2017-12-31": "", "2016-12-31": "", "2015-12-31": "", "2014-12-31": "", "2013-12-31": "", "2012-12-31": "", "2011-12-31": "", "2010-12-31": "", "2009-12-31": "", "2008-12-31": "", "2007-12-31": "", "2006-12-31": "", "2005-12-31": ""}, "Share Holder Equity": {"2019-12-31": "12659.00000", "2018-12-31": "11013.00000", "2017-12-31": "6864.00000", "2016-12-31": "5909.00000", "2015-12-31": "2168.00000", "2014-12-31": "1743.00000", "2013-12-31": "1243.00000", "2012-12-31": "953.76700", "2011-12-31": "936.41900", "2010-12-31": "797.05500", "2009-12-31": "619.42700", "2008-12-31": "501.27200", "2007-12-31": "415.04700", "2006-12-31": "326.42300", "2005-12-31": "352.04800"}, "Total Liabilities And Share Holders Equity": {"2019-12-31": "40994.00000", "2018-12-31": "30901.00000", "2017-12-31": "21855.00000", "2016-12-31": "20197.00000", "2015-12-31": "7339.00000", "2014-12-31": "5824.00000", "2013-12-31": "3529.00000", "2012-12-31": "2773.90500", "2011-12-31": "2190.33600", "2010-12-31": "1943.88200", "2009-12-31": "1702.36400", "2008-12-31": "1451.15200", "2007-12-31": "1121.82400", "2006-12-31": "894.98000", "2005-12-31": "668.03000"}}, "balance sheet, quarterly": {"Cash On Hand": {"2020-09-30": "13695.00000", "2020-06-30": "14356.00000", "2020-03-31": "10694.00000", "2019-12-31": "12986.00000", "2019-09-30": "7019.00000", "2019-06-30": "7640.00000", "2019-03-31": "7042.00000", "2018-12-31": "6064.00000", "2018-09-30": "7441.00000", "2018-06-30": "7309.00000", "2018-03-31": "6175.00000", "2017-12-31": "4603.00000", "2017-09-30": "4876.00000", "2017-06-30": "5011.00000", "2017-03-31": "5564.00000", "2016-12-31": "4435.00000", "2016-09-30": "3388.00000", "2016-06-30": "3153.00000", "2016-03-31": "3705.00000", "2015-12-31": "1936.00000", "2015-09-30": "1827.00000", "2015-06-30": "2107.00000", "2015-03-31": "1817.00000", "2014-12-31": "1787.00000", "2014-09-30": "1749.96500", "2014-06-30": "1386.14500", "2014-03-31": "1370.48800", "2013-12-31": "1140.00000", "2013-09-30": "863.91200", "2013-06-30": "820.04200", "2013-03-31": "876.89800", "2012-12-31": "982.05300", "2012-09-30": "936.54100", "2012-06-30": "574.43900", "2012-03-31": "559.21900", "2011-12-31": "704.19700", "2011-09-30": "558.00100", "2011-06-30": "553.25800", "2011-03-31": "544.74400", "2010-12-31": "455.51200", "2010-09-30": "428.52300", "2010-06-30": "295.26000", "2010-03-31": "390.30900", "2009-12-31": "443.30600", "2009-09-30": "439.67400", "2009-06-30": "445.71600", "2009-03-31": "417.62900", "2008-12-31": "488.49200", "2008-09-30": "435.66000", "2008-06-30": "427.01200", "2008-03-31": "324.76900", "2007-12-31": "314.65800", "2007-09-30": "323.14300", "2007-06-30": "279.80300", "2007-03-31": "354.95900", "2006-12-31": "327.83700", "2006-09-30": "267.87200", "2006-06-30": "208.13600", "2006-03-31": "189.68400", "2005-12-31": "204.05800", "2005-09-30": "180.06600", "2005-06-30": "130.93500", "2005-03-31": "192.56400"}, "Receivables": {"2020-09-30": "11670.00000", "2020-06-30": "10339.00000", "2020-03-31": "11304.00000", "2019-12-31": "6247.00000", "2019-09-30": "5606.00000", "2019-06-30": "5194.00000", "2019-03-31": "5819.00000", "2018-12-31": "5150.00000", "2018-09-30": "4647.00000", "2018-06-30": "4067.00000", "2018-03-31": "3648.00000", "2017-12-31": "3413.00000", "2017-09-30": "3955.00000", "2017-06-30": "3901.00000", "2017-03-31": "3121.00000", "2016-12-31": "3215.00000", "2016-09-30": "3445.00000", "2016-06-30": "3488.00000", "2016-03-31": "2529.00000", "2015-12-31": "1279.00000", "2015-09-30": "1281.00000", "2015-06-30": "1248.00000", "2015-03-31": "1245.00000", "2014-12-31": "912.00000", "2014-09-30": "685.18800", "2014-06-30": "610.96900", "2014-03-31": "570.10500", "2013-12-31": "429.00000", "2013-09-30": "355.94700", "2013-06-30": "357.90800", "2013-03-31": "320.37100", "2012-12-31": "251.47300", "2012-09-30": "316.12300", "2012-06-30": "400.19400", "2012-03-31": "278.23300", "2011-12-31": "157.45000", "2011-09-30": "139.46700", "2011-06-30": "152.13500", "2011-03-31": "132.02300", "2010-12-31": "136.24300", "2010-09-30": "182.37900", "2010-06-30": "164.42000", "2010-03-31": "110.12000", "2009-12-31": "103.45600", "2009-09-30": "104.79800", "2009-06-30": "157.86300", "2009-03-31": "147.89900", "2008-12-31": "92.53100", "2008-09-30": "150.35100", "2008-06-30": "113.23300", "2008-03-31": "81.46800", "2007-12-31": "79.49200", "2007-09-30": "84.81300", "2007-06-30": "113.49100", "2007-03-31": "78.07600", "2006-12-31": "74.37900", "2006-09-30": "86.10800", "2006-06-30": "96.85200", "2006-03-31": "66.36800", "2005-12-31": "44.10800", "2005-09-30": "43.23500", "2005-06-30": "69.83900", "2005-03-31": "36.98700"}, "Inventory": {"2020-09-30": "", "2020-06-30": "", "2020-03-31": "", "2019-12-31": "", "2019-09-30": "", "2019-06-30": "", "2019-03-31": "", "2018-12-31": "", "2018-09-30": "", "2018-06-30": "", "2018-03-31": "", "2017-12-31": "", "2017-09-30": "", "2017-06-30": "", "2017-03-31": "", "2016-12-31": "", "2016-09-30": "", "2016-06-30": "", "2016-03-31": "", "2015-12-31": "", "2015-09-30": "", "2015-06-30": "", "2015-03-31": "", "2014-12-31": "", "2014-09-30": "", "2014-06-30": "", "2014-03-31": "", "2013-12-31": "", "2013-09-30": "", "2013-06-30": "", "2013-03-31": "", "2012-12-31": "", "2012-09-30": "", "2012-06-30": "", "2012-03-31": "", "2011-12-31": "", "2011-09-30": "", "2011-06-30": "", "2011-03-31": "", "2010-12-31": "", "2010-09-30": "", "2010-06-30": "", "2010-03-31": "", "2009-12-31": "", "2009-09-30": "", "2009-06-30": "", "2009-03-31": "", "2008-12-31": "", "2008-09-30": "", "2008-06-30": "", "2008-03-31": "", "2007-12-31": "", "2007-09-30": "", "2007-06-30": "", "2007-03-31": "", "2006-12-31": "", "2006-09-30": "", "2006-06-30": "", "2006-03-31": "", "2005-12-31": "", "2005-09-30": "", "2005-06-30": "", "2005-03-31": ""}, "Pre-Paid Expenses": {"2020-09-30": "", "2020-06-30": "", "2020-03-31": "", "2019-12-31": "", "2019-09-30": "", "2019-06-30": "", "2019-03-31": "", "2018-12-31": "", "2018-09-30": "", "2018-06-30": "", "2018-03-31": "", "2017-12-31": "", "2017-09-30": "", "2017-06-30": "", "2017-03-31": "", "2016-12-31": "", "2016-09-30": "", "2016-06-30": "", "2016-03-31": "", "2015-12-31": "", "2015-09-30": "", "2015-06-30": "", "2015-03-31": "", "2014-12-31": "", "2014-09-30": "", "2014-06-30": "", "2014-03-31": "", "2013-12-31": "", "2013-09-30": "", "2013-06-30": "", "2013-03-31": "", "2012-12-31": "", "2012-09-30": "", "2012-06-30": "", "2012-03-31": "", "2011-12-31": "", "2011-09-30": "", "2011-06-30": "", "2011-03-31": "", "2010-12-31": "", "2010-09-30": "", "2010-06-30": "", "2010-03-31": "", "2009-12-31": "", "2009-09-30": "", "2009-06-30": "", "2009-03-31": "", "2008-12-31": "", "2008-09-30": "", "2008-06-30": "", "2008-03-31": "", "2007-12-31": "", "2007-09-30": "", "2007-06-30": "", "2007-03-31": "", "2006-12-31": "", "2006-09-30": "", "2006-06-30": "", "2006-03-31": "", "2005-12-31": "", "2005-09-30": "", "2005-06-30": "", "2005-03-31": ""}, "Other Current Assets": {"2020-09-30": "1910.00000", "2020-06-30": "2127.00000", "2020-03-31": "2698.00000", "2019-12-31": "1090.00000", "2019-09-30": "832.00000", "2019-06-30": "762.00000", "2019-03-31": "755.00000", "2018-12-31": "784.00000", "2018-09-30": "1000.00000", "2018-06-30": "1001.00000", "2018-03-31": "1153.00000", "2017-12-31": "687.00000", "2017-09-30": "829.00000", "2017-06-30": "736.00000", "2017-03-31": "723.00000", "2016-12-31": "715.00000", "2016-09-30": "922.00000", "2016-06-30": "1212.00000", "2016-03-31": "1317.00000", "2015-12-31": "390.00000", "2015-09-30": "488.00000", "2015-06-30": "483.00000", "2015-03-31": "528.00000", "2014-12-31": "252.00000", "2014-09-30": "319.70000", "2014-06-30": "313.94600", "2014-03-31": "320.39300", "2013-12-31": "217.00000", "2013-09-30": "148.57600", "2013-06-30": "164.41000", "2013-03-31": "178.00200", "2012-12-31": "93.32200", "2012-09-30": "123.84100", "2012-06-30": "98.80500", "2012-03-31": "82.92500", "2011-12-31": "78.36300", "2011-09-30": "68.90800", "2011-06-30": "69.14300", "2011-03-31": "67.06200", "2010-12-31": "65.06600", "2010-09-30": "63.40800", "2010-06-30": "83.84300", "2010-03-31": "69.13600", "2009-12-31": "64.86600", "2009-09-30": "61.29400", "2009-06-30": "73.68600", "2009-03-31": "63.49700", "2008-12-31": "75.33300", "2008-09-30": "48.10900", "2008-06-30": "38.60200", "2008-03-31": "37.37300", "2007-12-31": "39.38200", "2007-09-30": "42.49600", "2007-06-30": "46.25700", "2007-03-31": "48.49900", "2006-12-31": "17.27900", "2006-09-30": "20.77600", "2006-06-30": "20.71400", "2006-03-31": "24.99200", "2005-12-31": "24.43900", "2005-09-30": "20.50000", "2005-06-30": "16.48200", "2005-03-31": "19.68900"}, "Total Current Assets": {"2020-09-30": "27275.00000", "2020-06-30": "26822.00000", "2020-03-31": "24696.00000", "2019-12-31": "20323.00000", "2019-09-30": "13457.00000", "2019-06-30": "13596.00000", "2019-03-31": "13616.00000", "2018-12-31": "11998.00000", "2018-09-30": "13088.00000", "2018-06-30": "12377.00000", "2018-03-31": "10976.00000", "2017-12-31": "8703.00000", "2017-09-30": "9660.00000", "2017-06-30": "9648.00000", "2017-03-31": "9408.00000", "2016-12-31": "8365.00000", "2016-09-30": "7755.00000", "2016-06-30": "7853.00000", "2016-03-31": "7551.00000", "2015-12-31": "3605.00000", "2015-09-30": "3596.00000", "2015-06-30": "3838.00000", "2015-03-31": "3590.00000", "2014-12-31": "2951.00000", "2014-09-30": "2767.71100", "2014-06-30": "2324.88600", "2014-03-31": "2281.84900", "2013-12-31": "1800.00000", "2013-09-30": "1368.43500", "2013-06-30": "1342.36000", "2013-03-31": "1375.27100", "2012-12-31": "1405.82500", "2012-09-30": "1376.50500", "2012-06-30": "1073.43800", "2012-03-31": "920.37700", "2011-12-31": "940.01000", "2011-09-30": "766.37600", "2011-06-30": "774.53600", "2011-03-31": "743.82900", "2010-12-31": "656.82100", "2010-09-30": "675.98800", "2010-06-30": "545.83700", "2010-03-31": "571.90200", "2009-12-31": "616.13400", "2009-09-30": "614.05800", "2009-06-30": "685.76400", "2009-03-31": "637.25100", "2008-12-31": "666.34300", "2008-09-30": "634.12000", "2008-06-30": "578.84700", "2008-03-31": "443.61000", "2007-12-31": "446.33900", "2007-09-30": "450.45200", "2007-06-30": "439.55100", "2007-03-31": "481.53400", "2006-12-31": "451.82200", "2006-09-30": "374.75600", "2006-06-30": "325.70200", "2006-03-31": "281.04400", "2005-12-31": "272.60500", "2005-09-30": "243.80100", "2005-06-30": "217.25600", "2005-03-31": "249.24000"}, "Property, Plant, And Equipment": {"2020-09-30": "2669.00000", "2020-06-30": "2544.00000", "2020-03-31": "2439.00000", "2019-12-31": "2121.00000", "2019-09-30": "1993.00000", "2019-06-30": "1878.00000", "2019-03-31": "1800.00000", "2018-12-31": "1706.00000", "2018-09-30": "1584.00000", "2018-06-30": "1327.00000", "2018-03-31": "1250.00000", "2017-12-31": "1104.00000", "2017-09-30": "1003.00000", "2017-06-30": "912.00000", "2017-03-31": "841.00000", "2016-12-31": "797.00000", "2016-09-30": "725.00000", "2016-06-30": "626.00000", "2016-03-31": "580.00000", "2015-12-31": "518.00000", "2015-09-30": "488.00000", "2015-06-30": "462.00000", "2015-03-31": "450.00000", "2014-12-31": "445.00000", "2014-09-30": "424.22900", "2014-06-30": "423.90500", "2014-03-31": "412.69900", "2013-12-31": "395.00000", "2013-09-30": "390.20000", "2013-06-30": "388.96500", "2013-03-31": "382.85300", "2012-12-31": "375.89300", "2012-09-30": "381.78100", "2012-06-30": "379.97000", "2012-03-31": "352.71000", "2011-12-31": "349.62200", "2011-09-30": "345.60000", "2011-06-30": "340.39200", "2011-03-31": "334.18000", "2010-12-31": "326.34100", "2010-09-30": "311.19500", "2010-06-30": "313.83900", "2010-03-31": "269.49200", "2009-12-31": "230.42100", "2009-09-30": "209.92000", "2009-06-30": "194.27700", "2009-03-31": "176.71900", "2008-12-31": "175.85800", "2008-09-30": "170.03800", "2008-06-30": "157.77500", "2008-03-31": "151.26500", "2007-12-31": "135.88300", "2007-09-30": "139.67100", "2007-06-30": "131.82900", "2007-03-31": "121.40300", "2006-12-31": "110.68800", "2006-09-30": "103.17500", "2006-06-30": "90.34400", "2006-03-31": "82.85300", "2005-12-31": "67.19900", "2005-09-30": "55.07300", "2005-06-30": "48.47900", "2005-03-31": "45.26400"}, "Long-Term Investments": {"2020-09-30": "9859.00000", "2020-06-30": "10231.00000", "2020-03-31": "10521.00000", "2019-12-31": "7717.00000", "2019-09-30": "7915.00000", "2019-06-30": "7632.00000", "2019-03-31": "7186.00000", "2018-12-31": "6861.00000", "2018-09-30": "6272.00000", "2018-06-30": "5746.00000", "2018-03-31": "5535.00000", "2017-12-31": "5312.00000", "2017-09-30": "4927.00000", "2017-06-30": "4816.00000", "2017-03-31": "4636.00000", "2016-12-31": "4545.00000", "2016-09-30": "4568.00000", "2016-06-30": "4230.00000", "2016-03-31": "3973.00000", "2015-12-31": "1927.00000", "2015-09-30": "1992.00000", "2015-06-30": "1541.00000", "2015-03-31": "1527.00000", "2014-12-31": "1280.00000", "2014-09-30": "1108.26100", "2014-06-30": "996.96500", "2014-03-31": "840.15200", "2013-12-31": "792.00000", "2013-09-30": "816.91000", "2013-06-30": "769.90500", "2013-03-31": "748.30700", "2012-12-31": "554.77000", "2012-09-30": "559.71400", "2012-06-30": "630.86600", "2012-03-31": "605.86600", "2011-12-31": "506.14000", "2011-09-30": "530.45200", "2011-06-30": "518.49000", "2011-03-31": "556.80600", "2010-12-31": "595.87900", "2010-09-30": "479.16400", "2010-06-30": "537.39900", "2010-03-31": "558.27000", "2009-12-31": "525.49700", "2009-09-30": "486.88900", "2009-06-30": "394.39500", "2009-03-31": "422.87300", "2008-12-31": "332.41100", "2008-09-30": "288.21200", "2008-06-30": "254.57800", "2008-03-31": "324.17300", "2007-12-31": "317.04100", "2007-09-30": "289.60800", "2007-06-30": "287.71900", "2007-03-31": "182.26700", "2006-12-31": "116.05200", "2006-09-30": "146.66600", "2006-06-30": "117.25700", "2006-03-31": "127.28900", "2005-12-31": "123.66100", "2005-09-30": "130.34700", "2005-06-30": "134.62100", "2005-03-31": "122.53600"}, "Goodwill And Intangible Assets": {"2020-09-30": "26094.00000", "2020-06-30": "26136.00000", "2020-03-31": "26315.00000", "2019-12-31": "8926.00000", "2019-09-30": "8958.00000", "2019-06-30": "9289.00000", "2019-03-31": "9189.00000", "2018-12-31": "9254.00000", "2018-09-30": "9226.00000", "2018-06-30": "7350.00000", "2018-03-31": "6814.00000", "2017-12-31": "6147.00000", "2017-09-30": "6140.00000", "2017-06-30": "6178.00000", "2017-03-31": "6216.00000", "2016-12-31": "6257.00000", "2016-09-30": "6296.00000", "2016-06-30": "6316.00000", "2016-03-31": "6088.00000", "2015-12-31": "1174.00000", "2015-09-30": "1010.00000", "2015-06-30": "959.00000", "2015-03-31": "917.00000", "2014-12-31": "874.00000", "2014-09-30": "880.35700", "2014-06-30": "723.97200", "2014-03-31": "742.68510", "2013-12-31": "397.00000", "2013-09-30": "398.08900", "2013-06-30": "397.04100", "2013-03-31": "275.57500", "2012-12-31": "276.55600", "2012-09-30": "277.66300", "2012-06-30": "278.76900", "2012-03-31": "308.10300", "2011-12-31": "309.41100", "2011-09-30": "310.77600", "2011-06-30": "312.32300", "2011-03-31": "305.91800", "2010-12-31": "307.16000", "2010-09-30": "272.36500", "2010-06-30": "268.89300", "2010-03-31": "286.93600", "2009-12-31": "247.06600", "2009-09-30": "242.55400", "2009-06-30": "240.83500", "2009-03-31": "241.81900", "2008-12-31": "180.95500", "2008-09-30": "186.89400", "2008-06-30": "153.18600", "2008-03-31": "153.63100", "2007-12-31": "150.19900", "2007-09-30": "146.98000", "2007-06-30": "150.78800", "2007-03-31": "146.49500", "2006-12-31": "145.43600", "2006-09-30": "151.46800", "2006-06-30": "235.57900", "2006-03-31": "216.32700", "2005-12-31": "174.64600", "2005-09-30": "180.79600", "2005-06-30": "145.45000", "2005-03-31": "115.71900"}, "Other Long-Term Assets": {"2020-09-30": "2467.00000", "2020-06-30": "2614.00000", "2020-03-31": "2460.00000", "2019-12-31": "1907.00000", "2019-09-30": "655.00000", "2019-06-30": "1973.00000", "2019-03-31": "1778.00000", "2018-12-31": "1082.00000", "2018-09-30": "987.00000", "2018-06-30": "1943.00000", "2018-03-31": "595.00000", "2017-12-31": "589.00000", "2017-09-30": "270.00000", "2017-06-30": "286.00000", "2017-03-31": "261.00000", "2016-12-31": "233.00000", "2016-09-30": "290.00000", "2016-06-30": "471.00000", "2016-03-31": "460.00000", "2015-12-31": "115.00000", "2015-09-30": "236.00000", "2015-06-30": "222.00000", "2015-03-31": "212.00000", "2014-12-31": "274.00000", "2014-09-30": "240.15600", "2014-06-30": "186.40900", "2014-03-31": "138.78700", "2013-12-31": "107.00000", "2013-09-30": "165.40300", "2013-06-30": "146.96400", "2013-03-31": "105.15100", "2012-12-31": "98.56400", "2012-09-30": "95.27300", "2012-06-30": "86.50700", "2012-03-31": "96.09100", "2011-12-31": "85.15300", "2011-09-30": "84.29400", "2011-06-30": "64.70300", "2011-03-31": "62.95200", "2010-12-31": "57.68100", "2010-09-30": "48.98700", "2010-06-30": "56.12700", "2010-03-31": "20.61800", "2009-12-31": "56.96100", "2009-09-30": "54.38600", "2009-06-30": "43.48300", "2009-03-31": "46.85100", "2008-12-31": "68.33700", "2008-09-30": "78.78900", "2008-06-30": "70.67900", "2008-03-31": "66.59600", "2007-12-31": "42.49700", "2007-09-30": "59.52900", "2007-06-30": "40.11500", "2007-03-31": "39.67800", "2006-12-31": "33.56400", "2006-09-30": "37.77600", "2006-06-30": "32.25400", "2006-03-31": "30.29400", "2005-12-31": "29.91900", "2005-09-30": "29.59400", "2005-06-30": "28.64000", "2005-03-31": "28.02500"}, "Total Long-Term Assets": {"2020-09-30": "41089.00000", "2020-06-30": "41525.00000", "2020-03-31": "41735.00000", "2019-12-31": "20671.00000", "2019-09-30": "20795.00000", "2019-06-30": "20772.00000", "2019-03-31": "19953.00000", "2018-12-31": "18903.00000", "2018-09-30": "18069.00000", "2018-06-30": "16366.00000", "2018-03-31": "14194.00000", "2017-12-31": "13152.00000", "2017-09-30": "12340.00000", "2017-06-30": "12192.00000", "2017-03-31": "11954.00000", "2016-12-31": "11832.00000", "2016-09-30": "11879.00000", "2016-06-30": "11643.00000", "2016-03-31": "11101.00000", "2015-12-31": "3734.00000", "2015-09-30": "3726.00000", "2015-06-30": "3184.00000", "2015-03-31": "3106.00000", "2014-12-31": "2873.00000", "2014-09-30": "2678.63400", "2014-06-30": "2357.68100", "2014-03-31": "2164.59800", "2013-12-31": "1729.00000", "2013-09-30": "1770.60200", "2013-06-30": "1702.87500", "2013-03-31": "1511.88600", "2012-12-31": "1368.08000", "2012-09-30": "1314.43100", "2012-06-30": "1376.11200", "2012-03-31": "1362.77000", "2011-12-31": "1250.32600", "2011-09-30": "1271.12200", "2011-06-30": "1235.90800", "2011-03-31": "1259.85600", "2010-12-31": "1287.06100", "2010-09-30": "1119.18900", "2010-06-30": "1187.70000", "2010-03-31": "1158.76900", "2009-12-31": "1086.23000", "2009-09-30": "1020.95600", "2009-06-30": "900.44510", "2009-03-31": "915.57900", "2008-12-31": "784.80900", "2008-09-30": "723.93300", "2008-06-30": "636.21800", "2008-03-31": "695.66500", "2007-12-31": "675.48500", "2007-09-30": "635.78800", "2007-06-30": "610.45090", "2007-03-31": "489.84300", "2006-12-31": "443.15800", "2006-09-30": "439.08500", "2006-06-30": "475.43400", "2006-03-31": "456.76300", "2005-12-31": "395.42500", "2005-09-30": "395.81000", "2005-06-30": "357.19000", "2005-03-31": "311.54400"}, "Total Assets": {"2020-09-30": "68364.00000", "2020-06-30": "68347.00000", "2020-03-31": "66431.00000", "2019-12-31": "40994.00000", "2019-09-30": "34252.00000", "2019-06-30": "34368.00000", "2019-03-31": "33569.00000", "2018-12-31": "30901.00000", "2018-09-30": "31157.00000", "2018-06-30": "28743.00000", "2018-03-31": "25170.00000", "2017-12-31": "21855.00000", "2017-09-30": "22000.00000", "2017-06-30": "21840.00000", "2017-03-31": "21362.00000", "2016-12-31": "20197.00000", "2016-09-30": "19634.00000", "2016-06-30": "19496.00000", "2016-03-31": "18652.00000", "2015-12-31": "7339.00000", "2015-09-30": "7322.00000", "2015-06-30": "7022.00000", "2015-03-31": "6696.00000", "2014-12-31": "5824.00000", "2014-09-30": "5446.34500", "2014-06-30": "4682.56700", "2014-03-31": "4446.44700", "2013-12-31": "3529.00000", "2013-09-30": "3139.03700", "2013-06-30": "3045.23500", "2013-03-31": "2887.15700", "2012-12-31": "2773.90500", "2012-09-30": "2690.93600", "2012-06-30": "2449.55000", "2012-03-31": "2283.14700", "2011-12-31": "2190.33600", "2011-09-30": "2037.49800", "2011-06-30": "2010.44400", "2011-03-31": "2003.68500", "2010-12-31": "1943.88200", "2010-09-30": "1795.17700", "2010-06-30": "1733.53700", "2010-03-31": "1730.67100", "2009-12-31": "1702.36400", "2009-09-30": "1635.01400", "2009-06-30": "1586.20900", "2009-03-31": "1552.83000", "2008-12-31": "1451.15200", "2008-09-30": "1358.05300", "2008-06-30": "1215.06500", "2008-03-31": "1139.27500", "2007-12-31": "1121.82400", "2007-09-30": "1086.24000", "2007-06-30": "1050.00200", "2007-03-31": "971.37700", "2006-12-31": "894.98000", "2006-09-30": "813.84100", "2006-06-30": "801.13600", "2006-03-31": "737.80700", "2005-12-31": "668.03000", "2005-09-30": "639.61100", "2005-06-30": "574.44600", "2005-03-31": "560.78400"}, "Total Current Liabilities": {"2020-09-30": "21795.00000", "2020-06-30": "21918.00000", "2020-03-31": "21651.00000", "2019-12-31": "12932.00000", "2019-09-30": "13280.00000", "2019-06-30": "12653.00000", "2019-03-31": "13143.00000", "2018-12-31": "11971.00000", "2018-09-30": "12741.00000", "2018-06-30": "9862.00000", "2018-03-31": "10890.00000", "2017-12-31": "9332.00000", "2017-09-30": "9709.00000", "2017-06-30": "8966.00000", "2017-03-31": "9202.00000", "2016-12-31": "8623.00000", "2016-09-30": "9023.00000", "2016-06-30": "8814.00000", "2016-03-31": "7871.00000", "2015-12-31": "3629.00000", "2015-09-30": "3563.00000", "2015-06-30": "3458.00000", "2015-03-31": "3343.00000", "2014-12-31": "2900.00000", "2014-09-30": "2634.29300", "2014-06-30": "2117.70700", "2014-03-31": "2021.44300", "2013-12-31": "1559.00000", "2013-09-30": "1386.97200", "2013-06-30": "1320.57200", "2013-03-31": "1307.09400", "2012-12-31": "1229.31300", "2012-09-30": "1280.11400", "2012-06-30": "1034.23600", "2012-03-31": "888.32200", "2011-12-31": "837.61300", "2011-09-30": "730.38000", "2011-06-30": "749.77300", "2011-03-31": "817.04700", "2010-12-31": "765.24600", "2010-09-30": "661.09200", "2010-06-30": "636.81900", "2010-03-31": "685.11300", "2009-12-31": "715.90800", "2009-09-30": "707.92300", "2009-06-30": "663.44400", "2009-03-31": "681.46300", "2008-12-31": "640.97800", "2008-09-30": "596.76500", "2008-06-30": "518.04700", "2008-03-31": "466.76200", "2007-12-31": "486.80000", "2007-09-30": "464.83900", "2007-06-30": "450.02800", "2007-03-31": "391.38500", "2006-12-31": "387.95100", "2006-09-30": "334.25500", "2006-06-30": "256.19100", "2006-03-31": "234.77700", "2005-12-31": "214.65100", "2005-09-30": "209.11400", "2005-06-30": "194.78100", "2005-03-31": "221.99800"}, "Long Term Debt": {"2020-09-30": "16737.00000", "2020-06-30": "16708.00000", "2020-03-31": "17150.00000", "2019-12-31": "13638.00000", "2019-09-30": "6975.00000", "2019-06-30": "7047.00000", "2019-03-31": "6775.00000", "2018-12-31": "6648.00000", "2018-09-30": "6379.00000", "2018-06-30": "6275.00000", "2018-03-31": "5172.00000", "2017-12-31": "4695.00000", "2017-09-30": "4717.00000", "2017-06-30": "4716.00000", "2017-03-31": "4643.00000", "2016-12-31": "4651.00000", "2016-09-30": "3744.00000", "2016-06-30": "3649.00000", "2016-03-31": "4276.00000", "2015-12-31": "1216.00000", "2015-09-30": "1276.00000", "2015-06-30": "1139.00000", "2015-03-31": "1123.00000", "2014-12-31": "874.00000", "2014-09-30": "949.72000", "2014-06-30": "884.89000", "2014-03-31": "810.97000", "2013-12-31": "666.00000", "2013-09-30": "517.93100", "2013-06-30": "548.47300", "2013-03-31": "532.73400", "2012-12-31": "535.48100", "2012-09-30": "391.97300", "2012-06-30": "405.46200", "2012-03-31": "347.16200", "2011-12-31": "348.34400", "2011-09-30": "348.09300", "2011-06-30": "336.46800", "2011-03-31": "302.32600", "2010-12-31": "327.82400", "2010-09-30": "263.51300", "2010-06-30": "252.02800", "2010-03-31": "232.06400", "2009-12-31": "307.08500", "2009-09-30": "276.68700", "2009-06-30": "288.51300", "2009-03-31": "269.71100", "2008-12-31": "264.63700", "2008-09-30": "249.69700", "2008-06-30": "221.75700", "2008-03-31": "215.81800", "2007-12-31": "206.40600", "2007-09-30": "201.14000", "2007-06-30": "200.16200", "2007-03-31": "200.40400", "2006-12-31": "174.64600", "2006-09-30": "168.42900", "2006-06-30": "164.46200", "2006-03-31": "130.94000", "2005-12-31": "92.44800", "2005-09-30": "87.65000", "2005-06-30": "52.73100", "2005-03-31": "42.85200"}, "Other Non-Current Liabilities": {"2020-09-30": "3953.00000", "2020-06-30": "4516.00000", "2020-03-31": "3938.00000", "2019-12-31": "1732.00000", "2019-09-30": "1561.00000", "2019-06-30": "2398.00000", "2019-03-31": "2007.00000", "2018-12-31": "1259.00000", "2018-09-30": "1276.00000", "2018-06-30": "1898.00000", "2018-03-31": "1520.00000", "2017-12-31": "952.00000", "2017-09-30": "901.00000", "2017-06-30": "1630.00000", "2017-03-31": "1295.00000", "2016-12-31": "869.00000", "2016-09-30": "995.00000", "2016-06-30": "1346.00000", "2016-03-31": "1052.00000", "2015-12-31": "170.00000", "2015-09-30": "274.00000", "2015-06-30": "330.00000", "2015-03-31": "238.00000", "2014-12-31": "159.00000", "2014-09-30": "80.37100", "2014-06-30": "73.89700", "2014-03-31": "70.16600", "2013-12-31": "60.00000", "2013-09-30": "49.04300", "2013-06-30": "53.91600", "2013-03-31": "60.79900", "2012-12-31": "54.98700", "2012-09-30": "61.78500", "2012-06-30": "61.86500", "2012-03-31": "68.54400", "2011-12-31": "67.96000", "2011-09-30": "54.92600", "2011-06-30": "53.89900", "2011-03-31": "53.11600", "2010-12-31": "53.75700", "2010-09-30": "66.35500", "2010-06-30": "64.87000", "2010-03-31": "63.57500", "2009-12-31": "59.56100", "2009-09-30": "55.99200", "2009-06-30": "48.67800", "2009-03-31": "51.43400", "2008-12-31": "43.53900", "2008-09-30": "34.01700", "2008-06-30": "15.49300", "2008-03-31": "13.46000", "2007-12-31": "13.30000", "2007-09-30": "11.71200", "2007-06-30": "8.77900", "2007-03-31": "10.12400", "2006-12-31": "5.85300", "2006-09-30": "5.25200", "2006-06-30": "6.44400", "2006-03-31": "7.84100", "2005-12-31": "8.88300", "2005-09-30": "9.61400", "2005-06-30": "8.21500", "2005-03-31": "5.93500"}, "Total Long Term Liabilities": {"2020-09-30": "20726.00000", "2020-06-30": "21257.00000", "2020-03-31": "21124.00000", "2019-12-31": "15403.00000", "2019-09-30": "8567.00000", "2019-06-30": "9467.00000", "2019-03-31": "8792.00000", "2018-12-31": "7917.00000", "2018-09-30": "7666.00000", "2018-06-30": "8184.00000", "2018-03-31": "6700.00000", "2017-12-31": "5659.00000", "2017-09-30": "5638.00000", "2017-06-30": "6482.00000", "2017-03-31": "6076.00000", "2016-12-31": "5665.00000", "2016-09-30": "4887.00000", "2016-06-30": "5142.00000", "2016-03-31": "5472.00000", "2015-12-31": "1542.00000", "2015-09-30": "1706.00000", "2015-06-30": "1624.00000", "2015-03-31": "1516.00000", "2014-12-31": "1181.00000", "2014-09-30": "1171.00100", "2014-06-30": "1078.90900", "2014-03-31": "1002.82600", "2013-12-31": "727.00000", "2013-09-30": "566.97400", "2013-06-30": "602.38900", "2013-03-31": "593.53300", "2012-12-31": "590.82500", "2012-09-30": "453.75800", "2012-06-30": "467.32700", "2012-03-31": "415.70600", "2011-12-31": "416.30400", "2011-09-30": "403.01900", "2011-06-30": "390.36700", "2011-03-31": "355.44200", "2010-12-31": "381.58100", "2010-09-30": "330.15300", "2010-06-30": "317.55000", "2010-03-31": "296.02400", "2009-12-31": "367.02900", "2009-09-30": "333.83400", "2009-06-30": "337.74800", "2009-03-31": "321.84500", "2008-12-31": "308.90200", "2008-09-30": "283.71400", "2008-06-30": "237.25000", "2008-03-31": "229.27800", "2007-12-31": "219.97700", "2007-09-30": "212.85200", "2007-06-30": "208.94100", "2007-03-31": "210.52800", "2006-12-31": "180.60600", "2006-09-30": "173.68100", "2006-06-30": "170.90600", "2006-03-31": "138.78100", "2005-12-31": "101.33100", "2005-09-30": "97.26400", "2005-06-30": "60.94600", "2005-03-31": "48.78700"}, "Total Liabilities": {"2020-09-30": "42521.00000", "2020-06-30": "43175.00000", "2020-03-31": "42775.00000", "2019-12-31": "28335.00000", "2019-09-30": "21847.00000", "2019-06-30": "22120.00000", "2019-03-31": "21935.00000", "2018-12-31": "19888.00000", "2018-09-30": "20407.00000", "2018-06-30": "18046.00000", "2018-03-31": "17590.00000", "2017-12-31": "14991.00000", "2017-09-30": "15347.00000", "2017-06-30": "15448.00000", "2017-03-31": "15278.00000", "2016-12-31": "14288.00000", "2016-09-30": "13910.00000", "2016-06-30": "13956.00000", "2016-03-31": "13343.00000", "2015-12-31": "5171.00000", "2015-09-30": "5269.00000", "2015-06-30": "5082.00000", "2015-03-31": "4859.00000", "2014-12-31": "4081.00000", "2014-09-30": "3805.29400", "2014-06-30": "3196.61600", "2014-03-31": "3024.26900", "2013-12-31": "2286.00000", "2013-09-30": "1953.94600", "2013-06-30": "1922.96100", "2013-03-31": "1900.62700", "2012-12-31": "1820.13800", "2012-09-30": "1733.87200", "2012-06-30": "1501.56300", "2012-03-31": "1304.02800", "2011-12-31": "1253.91700", "2011-09-30": "1133.39900", "2011-06-30": "1140.14000", "2011-03-31": "1172.48900", "2010-12-31": "1146.82700", "2010-09-30": "991.24500", "2010-06-30": "954.36900", "2010-03-31": "981.13700", "2009-12-31": "1082.93700", "2009-09-30": "1041.75700", "2009-06-30": "1001.19200", "2009-03-31": "1003.30800", "2008-12-31": "949.88000", "2008-09-30": "880.47900", "2008-06-30": "755.29700", "2008-03-31": "696.04000", "2007-12-31": "706.77700", "2007-09-30": "677.69100", "2007-06-30": "658.96900", "2007-03-31": "601.91300", "2006-12-31": "568.55700", "2006-09-30": "507.93600", "2006-06-30": "427.09700", "2006-03-31": "373.55800", "2005-12-31": "315.98200", "2005-09-30": "306.37800", "2005-06-30": "255.72700", "2005-03-31": "270.78500"}, "Common Stock Net": {"2020-09-30": "", "2020-06-30": "", "2020-03-31": "", "2019-12-31": "", "2019-09-30": "", "2019-06-30": "", "2019-03-31": "", "2018-12-31": "", "2018-09-30": "", "2018-06-30": "", "2018-03-31": "", "2017-12-31": "", "2017-09-30": "", "2017-06-30": "", "2017-03-31": "", "2016-12-31": "", "2016-09-30": "", "2016-06-30": "", "2016-03-31": "", "2015-12-31": "", "2015-09-30": "", "2015-06-30": "", "2015-03-31": "", "2014-12-31": "", "2014-09-30": "0.06100", "2014-06-30": "0.06100", "2014-03-31": "0.06100", "2013-12-31": "", "2013-09-30": "0.05800", "2013-06-30": "0.05800", "2013-03-31": "0.05500", "2012-12-31": "0.05500", "2012-09-30": "0.05400", "2012-06-30": "0.05400", "2012-03-31": "0.05400", "2011-12-31": "0.05400", "2011-09-30": "0.05300", "2011-06-30": "0.05300", "2011-03-31": "0.05300", "2010-12-31": "0.05200", "2010-09-30": "0.05200", "2010-06-30": "0.05200", "2010-03-31": "0.05100", "2009-12-31": "0.04600", "2009-09-30": "0.04500", "2009-06-30": "0.04500", "2009-03-31": "0.04300", "2008-12-31": "0.04500", "2008-09-30": "0.04300", "2008-06-30": "0.04300", "2008-03-31": "0.04400", "2007-12-31": "0.04400", "2007-09-30": "0.04400", "2007-06-30": "0.04400", "2007-03-31": "0.04400", "2006-12-31": "0.04400", "2006-09-30": "0.04400", "2006-06-30": "0.04300", "2006-03-31": "0.04300", "2005-12-31": "0.04300", "2005-09-30": "0.04300", "2005-06-30": "0.04200", "2005-03-31": "0.04200"}, "Retained Earnings (Accumulated Deficit)": {"2020-09-30": "6804.00000", "2020-06-30": "6236.00000", "2020-03-31": "5030.00000", "2019-12-31": "4984.00000", "2019-09-30": "4775.00000", "2019-06-30": "4680.00000", "2019-03-31": "4185.00000", "2018-12-31": "3663.00000", "2018-09-30": "3422.00000", "2018-06-30": "3403.00000", "2018-03-31": "3104.00000", "2017-12-31": "2748.00000", "2017-09-30": "2518.00000", "2017-06-30": "2313.00000", "2017-03-31": "2059.00000", "2016-12-31": "1920.00000", "2016-09-30": "1655.00000", "2016-06-30": "1510.00000", "2016-03-31": "1341.00000", "2015-12-31": "1358.00000", "2015-09-30": "1247.00000", "2015-06-30": "1154.00000", "2015-03-31": "1066.00000", "2014-12-31": "1003.00000", "2014-09-30": "896.38500", "2014-06-30": "813.76500", "2014-03-31": "764.90200", "2013-12-31": "732.00000", "2013-09-30": "678.67900", "2013-06-30": "629.30600", "2013-03-31": "589.82200", "2012-12-31": "566.82000", "2012-09-30": "557.75900", "2012-06-30": "553.94000", "2012-03-31": "588.93900", "2011-12-31": "564.96100", "2011-09-30": "534.84900", "2011-06-30": "505.86200", "2011-03-31": "477.48800", "2010-12-31": "453.74300", "2010-09-30": "428.34400", "2010-06-30": "405.68200", "2010-03-31": "382.90900", "2009-12-31": "358.90700", "2009-09-30": "335.19200", "2009-06-30": "313.92400", "2009-03-31": "293.69400", "2008-12-31": "275.23600", "2008-09-30": "253.81300", "2008-06-30": "235.56500", "2008-03-31": "217.36200", "2007-12-31": "191.73900", "2007-09-30": "190.26600", "2007-06-30": "174.33000", "2007-03-31": "156.54800", "2006-12-31": "118.29000", "2006-09-30": "104.45700", "2006-06-30": "175.65000", "2006-03-31": "170.68500", "2005-12-31": "161.91900", "2005-09-30": "148.05300", "2005-06-30": "135.94700", "2005-03-31": "120.69800"}, "Comprehensive Income": {"2020-09-30": "293.00000", "2020-06-30": "245.00000", "2020-03-31": "-5.00000", "2019-12-31": "134.00000", "2019-09-30": "145.00000", "2019-06-30": "119.00000", "2019-03-31": "38.00000", "2018-12-31": "-56.00000", "2018-09-30": "-79.00000", "2018-06-30": "-67.00000", "2018-03-31": "-54.00000", "2017-12-31": "-3.00000", "2017-09-30": "9.00000", "2017-06-30": "1.00000", "2017-03-31": "-21.00000", "2016-12-31": "-36.00000", "2016-09-30": "46.00000", "2016-06-30": "43.00000", "2016-03-31": "10.00000", "2015-12-31": "-10.00000", "2015-09-30": "-2.00000", "2015-06-30": "-4.00000", "2015-03-31": "-1.00000", "2014-12-31": "-1.00000", "2014-09-30": "-0.60500", "2014-06-30": "2.21400", "2014-03-31": "-0.61400", "2013-12-31": "-3.00000", "2013-09-30": "-1.84500", "2013-06-30": "-4.06100", "2013-03-31": "4.90000", "2012-12-31": "5.18900", "2012-09-30": "6.70200", "2012-06-30": "5.84200", "2012-03-31": "6.23700", "2011-12-31": "5.76100", "2011-09-30": "6.47800", "2011-06-30": "7.18300", "2011-03-31": "5.96900", "2010-12-31": "6.42400", "2010-09-30": "9.66100", "2010-06-30": "9.40000", "2010-03-31": "7.20300", "2009-12-31": "7.34800", "2009-09-30": "7.81200", "2009-06-30": "5.08100", "2009-03-31": "5.13600", "2008-12-31": "3.15200", "2008-09-30": "0.34900", "2008-06-30": "1.72200", "2008-03-31": "3.11000", "2007-12-31": "1.57100", "2007-09-30": "0.49300", "2007-06-30": "-1.04600", "2007-03-31": "-0.92500", "2006-12-31": "-1.25100", "2006-09-30": "-1.35600", "2006-06-30": "-2.27600", "2006-03-31": "-2.14800", "2005-12-31": "-1.75400", "2005-09-30": "-1.52200", "2005-06-30": "-0.80900", "2005-03-31": "-1.59800"}, "Other Share Holders Equity": {"2020-09-30": "", "2020-06-30": "", "2020-03-31": "", "2019-12-31": "", "2019-09-30": "", "2019-06-30": "", "2019-03-31": "", "2018-12-31": "", "2018-09-30": "", "2018-06-30": "", "2018-03-31": "", "2017-12-31": "", "2017-09-30": "", "2017-06-30": "", "2017-03-31": "", "2016-12-31": "", "2016-09-30": "", "2016-06-30": "", "2016-03-31": "", "2015-12-31": "", "2015-09-30": "", "2015-06-30": "", "2015-03-31": "", "2014-12-31": "", "2014-09-30": "", "2014-06-30": "", "2014-03-31": "", "2013-12-31": "", "2013-09-30": "", "2013-06-30": "", "2013-03-31": "", "2012-12-31": "", "2012-09-30": "", "2012-06-30": "", "2012-03-31": "", "2011-12-31": "", "2011-09-30": "", "2011-06-30": "", "2011-03-31": "", "2010-12-31": "", "2010-09-30": "", "2010-06-30": "", "2010-03-31": "", "2009-12-31": "", "2009-09-30": "", "2009-06-30": "", "2009-03-31": "", "2008-12-31": "", "2008-09-30": "", "2008-06-30": "", "2008-03-31": "", "2007-12-31": "", "2007-09-30": "", "2007-06-30": "", "2007-03-31": "", "2006-12-31": "", "2006-09-30": "", "2006-06-30": "", "2006-03-31": "", "2005-12-31": "", "2005-09-30": "", "2005-06-30": "", "2005-03-31": ""}, "Share Holder Equity": {"2020-09-30": "25843.00000", "2020-06-30": "25172.00000", "2020-03-31": "23656.00000", "2019-12-31": "12659.00000", "2019-09-30": "12405.00000", "2019-06-30": "12248.00000", "2019-03-31": "11634.00000", "2018-12-31": "11013.00000", "2018-09-30": "10750.00000", "2018-06-30": "10697.00000", "2018-03-31": "7580.00000", "2017-12-31": "6864.00000", "2017-09-30": "6653.00000", "2017-06-30": "6392.00000", "2017-03-31": "6084.00000", "2016-12-31": "5909.00000", "2016-09-30": "5724.00000", "2016-06-30": "5540.00000", "2016-03-31": "5309.00000", "2015-12-31": "2168.00000", "2015-09-30": "2053.00000", "2015-06-30": "1940.00000", "2015-03-31": "1837.00000", "2014-12-31": "1743.00000", "2014-09-30": "1641.05100", "2014-06-30": "1485.95100", "2014-03-31": "1422.17800", "2013-12-31": "1243.00000", "2013-09-30": "1185.09100", "2013-06-30": "1122.27400", "2013-03-31": "986.53000", "2012-12-31": "953.76700", "2012-09-30": "957.06400", "2012-06-30": "947.98700", "2012-03-31": "979.11900", "2011-12-31": "936.41900", "2011-09-30": "904.09900", "2011-06-30": "870.30400", "2011-03-31": "831.19600", "2010-12-31": "797.05500", "2010-09-30": "803.93200", "2010-06-30": "779.16800", "2010-03-31": "749.53400", "2009-12-31": "619.42700", "2009-09-30": "593.25700", "2009-06-30": "585.01700", "2009-03-31": "549.52200", "2008-12-31": "501.27200", "2008-09-30": "477.57400", "2008-06-30": "459.76800", "2008-03-31": "443.23500", "2007-12-31": "415.04700", "2007-09-30": "408.54900", "2007-06-30": "391.03300", "2007-03-31": "369.46400", "2006-12-31": "326.42300", "2006-09-30": "305.90500", "2006-06-30": "374.03900", "2006-03-31": "364.24900", "2005-12-31": "352.04800", "2005-09-30": "333.23300", "2005-06-30": "318.71900", "2005-03-31": "289.99900"}, "Total Liabilities And Share Holders Equity": {"2020-09-30": "68364.00000", "2020-06-30": "68347.00000", "2020-03-31": "66431.00000", "2019-12-31": "40994.00000", "2019-09-30": "34252.00000", "2019-06-30": "34368.00000", "2019-03-31": "33569.00000", "2018-12-31": "30901.00000", "2018-09-30": "31157.00000", "2018-06-30": "28743.00000", "2018-03-31": "25170.00000", "2017-12-31": "21855.00000", "2017-09-30": "22000.00000", "2017-06-30": "21840.00000", "2017-03-31": "21362.00000", "2016-12-31": "20197.00000", "2016-09-30": "19634.00000", "2016-06-30": "19496.00000", "2016-03-31": "18652.00000", "2015-12-31": "7339.00000", "2015-09-30": "7322.00000", "2015-06-30": "7022.00000", "2015-03-31": "6696.00000", "2014-12-31": "5824.00000", "2014-09-30": "5446.34500", "2014-06-30": "4682.56700", "2014-03-31": "4446.44700", "2013-12-31": "3529.00000", "2013-09-30": "3139.03700", "2013-06-30": "3045.23500", "2013-03-31": "2887.15700", "2012-12-31": "2773.90500", "2012-09-30": "2690.93600", "2012-06-30": "2449.55000", "2012-03-31": "2283.14700", "2011-12-31": "2190.33600", "2011-09-30": "2037.49800", "2011-06-30": "2010.44400", "2011-03-31": "2003.68500", "2010-12-31": "1943.88200", "2010-09-30": "1795.17700", "2010-06-30": "1733.53700", "2010-03-31": "1730.67100", "2009-12-31": "1702.36400", "2009-09-30": "1635.01400", "2009-06-30": "1586.20900", "2009-03-31": "1552.83000", "2008-12-31": "1451.15200", "2008-09-30": "1358.05300", "2008-06-30": "1215.06500", "2008-03-31": "1139.27500", "2007-12-31": "1121.82400", "2007-09-30": "1086.24000", "2007-06-30": "1050.00200", "2007-03-31": "971.37700", "2006-12-31": "894.98000", "2006-09-30": "813.84100", "2006-06-30": "801.13600", "2006-03-31": "737.80700", "2005-12-31": "668.03000", "2005-09-30": "639.61100", "2005-06-30": "574.44600", "2005-03-31": "560.78400"}}, "cash flow statement": {"Net Income/Loss": {"2019-12-31": "1309.00000", "2018-12-31": "894.00000", "2017-12-31": "808.00000", "2016-12-31": "561.00000", "2015-12-31": "357.00000", "2014-12-31": "264.00000", "2013-12-31": "166.00000", "2012-12-31": "-11.00000", "2011-12-31": "108.36300", "2010-12-31": "98.27100", "2009-12-31": "86.24500", "2008-12-31": "83.49700", "2007-12-31": "73.40200", "2006-12-31": "-43.62900", "2005-12-31": "55.63200"}, "Total Depreciation And Amortization - Cash Flow": {"2019-12-31": "914.00000", "2018-12-31": "495.00000", "2017-12-31": "361.00000", "2016-12-31": "278.00000", "2015-12-31": "149.00000", "2014-12-31": "89.00000", "2013-12-31": "67.00000", "2012-12-31": "66.00000", "2011-12-31": "58.32700", "2010-12-31": "52.00000", "2009-12-31": "44.00400", "2008-12-31": "35.41400", "2007-12-31": "27.80700", "2006-12-31": "20.60000", "2005-12-31": "13.06900"}, "Other Non-Cash Items": {"2019-12-31": "262.00000", "2018-12-31": "16.00000", "2017-12-31": "27.00000", "2016-12-31": "233.00000", "2015-12-31": "10.00000", "2014-12-31": "6.00000", "2013-12-31": "35.00000", "2012-12-31": "21.00000", "2011-12-31": "28.69000", "2010-12-31": "15.18400", "2009-12-31": "18.18900", "2008-12-31": "24.14800", "2007-12-31": "5.39900", "2006-12-31": "96.53900", "2005-12-31": "13.22900"}, "Total Non-Cash Items": {"2019-12-31": "1176.00000", "2018-12-31": "511.00000", "2017-12-31": "388.00000", "2016-12-31": "511.00000", "2015-12-31": "159.00000", "2014-12-31": "95.00000", "2013-12-31": "102.00000", "2012-12-31": "87.00000", "2011-12-31": "87.01700", "2010-12-31": "67.18400", "2009-12-31": "62.19300", "2008-12-31": "59.56200", "2007-12-31": "33.20600", "2006-12-31": "117.13900", "2005-12-31": "26.29800"}, "Change In Accounts Receivable": {"2019-12-31": "-1076.00000", "2018-12-31": "-1173.00000", "2017-12-31": "-50.00000", "2016-12-31": "74.00000", "2015-12-31": "-360.00000", "2014-12-31": "-463.00000", "2013-12-31": "-143.00000", "2012-12-31": "-117.00000", "2011-12-31": "-11.30600", "2010-12-31": "-23.35900", "2009-12-31": "2.37900", "2008-12-31": "-1.54800", "2007-12-31": "1.66300", "2006-12-31": "-39.76500", "2005-12-31": "-10.30500"}, "Change In Inventories": {"2019-12-31": "", "2018-12-31": "", "2017-12-31": "", "2016-12-31": "", "2015-12-31": "", "2014-12-31": "", "2013-12-31": "", "2012-12-31": "", "2011-12-31": "", "2010-12-31": "", "2009-12-31": "", "2008-12-31": "", "2007-12-31": "", "2006-12-31": "", "2005-12-31": ""}, "Change In Accounts Payable": {"2019-12-31": "", "2018-12-31": "", "2017-12-31": "", "2016-12-31": "", "2015-12-31": "", "2014-12-31": "", "2013-12-31": "", "2012-12-31": "", "2011-12-31": "", "2010-12-31": "", "2009-12-31": "", "2008-12-31": "", "2007-12-31": "", "2006-12-31": "", "2005-12-31": ""}, "Change In Assets/Liabilities": {"2019-12-31": "495.00000", "2018-12-31": "1535.00000", "2017-12-31": "290.00000", "2016-12-31": "303.00000", "2015-12-31": "463.00000", "2014-12-31": "821.00000", "2013-12-31": "105.00000", "2012-12-31": "342.00000", "2011-12-31": "38.73300", "2010-12-31": "-10.56200", "2009-12-31": "158.29300", "2008-12-31": "6.30100", "2007-12-31": "64.53600", "2006-12-31": "133.15100", "2005-12-31": "6.63800"}, "Total Change In Assets/Liabilities": {"2019-12-31": "-1002.00000", "2018-12-31": "-171.00000", "2017-12-31": "293.00000", "2016-12-31": "779.00000", "2015-12-31": "142.00000", "2014-12-31": "864.00000", "2013-12-31": "114.00000", "2012-12-31": "203.00000", "2011-12-31": "66.31600", "2010-12-31": "3.47700", "2009-12-31": "99.75700", "2008-12-31": "78.91900", "2007-12-31": "95.63200", "2006-12-31": "121.52200", "2005-12-31": "-7.88200"}, "Cash Flow From Operating Activities": {"2019-12-31": "1483.00000", "2018-12-31": "1234.00000", "2017-12-31": "1489.00000", "2016-12-31": "1851.00000", "2015-12-31": "658.00000", "2014-12-31": "1223.00000", "2013-12-31": "382.00000", "2012-12-31": "279.00000", "2011-12-31": "261.69600", "2010-12-31": "168.93200", "2009-12-31": "248.19500", "2008-12-31": "221.97800", "2007-12-31": "202.24000", "2006-12-31": "195.03200", "2005-12-31": "74.04800"}, "Net Change In Property, Plant, And Equipment": {"2019-12-31": "-730.00000", "2018-12-31": "-675.00000", "2017-12-31": "-422.00000", "2016-12-31": "-306.00000", "2015-12-31": "-150.00000", "2014-12-31": "-103.00000", "2013-12-31": "-68.00000", "2012-12-31": "-82.00000", "2011-12-31": "-73.70800", "2010-12-31": "-118.55600", "2009-12-31": "-83.11300", "2008-12-31": "-65.15600", "2007-12-31": "-53.93700", "2006-12-31": "-50.31800", "2005-12-31": "-26.90900"}, "Net Change In Intangible Assets": {"2019-12-31": "", "2018-12-31": "", "2017-12-31": "", "2016-12-31": "", "2015-12-31": "", "2014-12-31": "", "2013-12-31": "", "2012-12-31": "", "2011-12-31": "", "2010-12-31": "", "2009-12-31": "", "2008-12-31": "", "2007-12-31": "", "2006-12-31": "", "2005-12-31": ""}, "Net Acquisitions/Divestitures": {"2019-12-31": "-36.00000", "2018-12-31": "-2055.00000", "2017-12-31": "-50.00000", "2016-12-31": "-1297.00000", "2015-12-31": "-18.00000", "2014-12-31": "-136.00000", "2013-12-31": "-63.00000", "2012-12-31": "", "2011-12-31": "-4.37500", "2010-12-31": "-60.38800", "2009-12-31": "-38.56300", "2008-12-31": "-85.37700", "2007-12-31": "-36.00100", "2006-12-31": "-66.77200", "2005-12-31": "-55.48500"}, "Net Change In Short-term Investments": {"2019-12-31": "", "2018-12-31": "", "2017-12-31": "", "2016-12-31": "", "2015-12-31": "", "2014-12-31": "", "2013-12-31": "", "2012-12-31": "", "2011-12-31": "", "2010-12-31": "", "2009-12-31": "", "2008-12-31": "", "2007-12-31": "", "2006-12-31": "", "2005-12-31": ""}, "Net Change In Long-Term Investments": {"2019-12-31": "-766.00000", "2018-12-31": "-1855.00000", "2017-12-31": "-794.00000", "2016-12-31": "-866.00000", "2015-12-31": "-652.00000", "2014-12-31": "-609.00000", "2013-12-31": "-211.00000", "2012-12-31": "-106.00000", "2011-12-31": "-50.99300", "2010-12-31": "-45.08300", "2009-12-31": "-148.41090", "2008-12-31": "-3.38800", "2007-12-31": "-149.62800", "2006-12-31": "-33.16700", "2005-12-31": "25.94300"}, "Net Change In Investments - Total": {"2019-12-31": "-766.00000", "2018-12-31": "-1855.00000", "2017-12-31": "-794.00000", "2016-12-31": "-866.00000", "2015-12-31": "-652.00000", "2014-12-31": "-609.00000", "2013-12-31": "-211.00000", "2012-12-31": "-106.00000", "2011-12-31": "-50.99300", "2010-12-31": "-45.08300", "2009-12-31": "-148.41090", "2008-12-31": "-3.38800", "2007-12-31": "-149.62800", "2006-12-31": "-33.16700", "2005-12-31": "25.94300"}, "Investing Activities - Other": {"2019-12-31": "", "2018-12-31": "", "2017-12-31": "12.00000", "2016-12-31": "", "2015-12-31": "7.00000", "2014-12-31": "", "2013-12-31": "", "2012-12-31": "", "2011-12-31": "", "2010-12-31": "13.42000", "2009-12-31": "", "2008-12-31": "", "2007-12-31": "14.10200", "2006-12-31": "", "2005-12-31": ""}, "Cash Flow From Investing Activities": {"2019-12-31": "-1532.00000", "2018-12-31": "-4585.00000", "2017-12-31": "-1254.00000", "2016-12-31": "-2469.00000", "2015-12-31": "-813.00000", "2014-12-31": "-848.00000", "2013-12-31": "-342.00000", "2012-12-31": "-188.00000", "2011-12-31": "-129.07600", "2010-12-31": "-210.60700", "2009-12-31": "-270.08700", "2008-12-31": "-153.92100", "2007-12-31": "-225.46400", "2006-12-31": "-150.25700", "2005-12-31": "-56.45100"}, "Net Long-Term Debt": {"2019-12-31": "6918.00000", "2018-12-31": "1994.00000", "2017-12-31": "47.00000", "2016-12-31": "2870.00000", "2015-12-31": "342.00000", "2014-12-31": "201.00000", "2013-12-31": "139.00000", "2012-12-31": "182.00000", "2011-12-31": "2.90000", "2010-12-31": "22.81000", "2009-12-31": "42.84000", "2008-12-31": "57.51400", "2007-12-31": "30.01900", "2006-12-31": "77.00400", "2005-12-31": "40.44800"}, "Net Current Debt": {"2019-12-31": "", "2018-12-31": "", "2017-12-31": "", "2016-12-31": "", "2015-12-31": "", "2014-12-31": "", "2013-12-31": "", "2012-12-31": "", "2011-12-31": "", "2010-12-31": "", "2009-12-31": "", "2008-12-31": "", "2007-12-31": "", "2006-12-31": "", "2005-12-31": ""}, "Debt Issuance/Retirement Net - Total": {"2019-12-31": "6918.00000", "2018-12-31": "1994.00000", "2017-12-31": "47.00000", "2016-12-31": "2870.00000", "2015-12-31": "342.00000", "2014-12-31": "201.00000", "2013-12-31": "139.00000", "2012-12-31": "182.00000", "2011-12-31": "2.90000", "2010-12-31": "22.81000", "2009-12-31": "42.84000", "2008-12-31": "57.51400", "2007-12-31": "30.01900", "2006-12-31": "77.00400", "2005-12-31": "40.44800"}, "Net Common Equity Issued/Repurchased": {"2019-12-31": "-75.00000", "2018-12-31": "2708.00000", "2017-12-31": "-65.00000", "2016-12-31": "-63.00000", "2015-12-31": "-53.00000", "2014-12-31": "-29.00000", "2013-12-31": "5.00000", "2012-12-31": "3.00000", "2011-12-31": "8.00600", "2010-12-31": "104.72900", "2009-12-31": "-3.93900", "2008-12-31": "-18.15600", "2007-12-31": "-4.07700", "2006-12-31": "-0.88000", "2005-12-31": "5.62100"}, "Net Total Equity Issued/Repurchased": {"2019-12-31": "-75.00000", "2018-12-31": "2708.00000", "2017-12-31": "-65.00000", "2016-12-31": "-63.00000", "2015-12-31": "-53.00000", "2014-12-31": "-29.00000", "2013-12-31": "5.00000", "2012-12-31": "3.00000", "2011-12-31": "8.00600", "2010-12-31": "104.72900", "2009-12-31": "-3.93900", "2008-12-31": "-18.15600", "2007-12-31": "-4.07700", "2006-12-31": "-0.88000", "2005-12-31": "5.62100"}, "Total Common And Preferred Stock Dividends Paid": {"2019-12-31": "", "2018-12-31": "", "2017-12-31": "", "2016-12-31": "", "2015-12-31": "", "2014-12-31": "", "2013-12-31": "", "2012-12-31": "", "2011-12-31": "", "2010-12-31": "", "2009-12-31": "", "2008-12-31": "", "2007-12-31": "", "2006-12-31": "", "2005-12-31": ""}, "Financial Activities - Other": {"2019-12-31": "-11.00000", "2018-12-31": "-90.00000", "2017-12-31": "-64.00000", "2016-12-31": "-90.00000", "2015-12-31": "16.00000", "2014-12-31": "26.00000", "2013-12-31": "10.00000", "2012-12-31": "-6.00000", "2011-12-31": "-3.99400", "2010-12-31": "-55.45000", "2009-12-31": "7.64400", "2008-12-31": "3.10000", "2007-12-31": "-5.18100", "2006-12-31": "2.79000", "2005-12-31": "-0.41300"}, "Cash Flow From Financial Activities": {"2019-12-31": "6832.00000", "2018-12-31": "4612.00000", "2017-12-31": "-82.00000", "2016-12-31": "2717.00000", "2015-12-31": "305.00000", "2014-12-31": "198.00000", "2013-12-31": "154.00000", "2012-12-31": "179.00000", "2011-12-31": "6.91200", "2010-12-31": "72.08900", "2009-12-31": "46.54500", "2008-12-31": "42.45800", "2007-12-31": "20.76100", "2006-12-31": "78.91400", "2005-12-31": "45.65600"}, "Net Cash Flow": {"2019-12-31": "6781.00000", "2018-12-31": "1261.00000", "2017-12-31": "153.00000", "2016-12-31": "2098.00000", "2015-12-31": "150.00000", "2014-12-31": "572.00000", "2013-12-31": "194.00000", "2012-12-31": "270.00000", "2011-12-31": "139.53200", "2010-12-31": "30.41400", "2009-12-31": "24.65300", "2008-12-31": "110.51500", "2007-12-31": "-2.46300", "2006-12-31": "123.68900", "2005-12-31": "63.25300"}, "Stock-Based Compensation": {"2019-12-31": "177.00000", "2018-12-31": "145.00000", "2017-12-31": "135.00000", "2016-12-31": "148.00000", "2015-12-31": "71.00000", "2014-12-31": "48.00000", "2013-12-31": "37.00000", "2012-12-31": "25.00000", "2011-12-31": "18.17100", "2010-12-31": "13.87400", "2009-12-31": "14.63400", "2008-12-31": "15.32800", "2007-12-31": "15.78100", "2006-12-31": "14.90400", "2005-12-31": "4.97400"}, "Common Stock Dividends Paid": {"2019-12-31": "", "2018-12-31": "", "2017-12-31": "", "2016-12-31": "", "2015-12-31": "", "2014-12-31": "", "2013-12-31": "", "2012-12-31": "", "2011-12-31": "", "2010-12-31": "", "2009-12-31": "", "2008-12-31": "", "2007-12-31": "", "2006-12-31": "", "2005-12-31": ""}}, "cash flow statement, quarterly": {"Net Income/Loss": {"2020-09-30": 565, "2020-06-30": 1202, "2020-03-31": "46.00000", "2019-12-31": 202, "2019-09-30": 96, "2019-06-30": 492, "2019-03-31": "519.00000", "2018-12-31": 241, "2018-09-30": 16, "2018-06-30": 299, "2018-03-31": "338.00000", "2017-12-31": 223, "2017-09-30": 201, "2017-06-30": 252, "2017-03-31": "132.00000", "2016-12-31": 259, "2016-09-30": 148, "2016-06-30": 169, "2016-03-31": "-15.00000", "2015-12-31": 111, "2015-09-30": 94, "2015-06-30": 88, "2015-03-31": "64.00000", "2014-12-31": 105, "2014-09-30": 78, "2014-06-30": 49, "2014-03-31": "32.00000", "2013-12-31": 55.164, "2013-09-30": 48.914, "2013-06-30": 39.011, "2013-03-31": "22.91100", "2012-12-31": 4.934, "2012-09-30": 0.295, "2012-06-30": -38.832, "2012-03-31": "22.60300", "2011-12-31": 29.264, "2011-09-30": 28.213, "2011-06-30": 28.063, "2011-03-31": "22.82300", "2010-12-31": 26.319, "2010-09-30": 23.2, "2010-06-30": 24.502, "2010-03-31": "24.25000", "2009-12-31": 23.771, "2009-09-30": 23.81, "2009-06-30": 19.419, "2009-03-31": "19.24500", "2008-12-31": 21.423, "2008-09-30": 18.248, "2008-06-30": 18.203, "2008-03-31": "25.62300", "2007-12-31": 1.473, "2007-09-30": 15.936, "2007-06-30": 17.782, "2007-03-31": "38.21100", "2006-12-31": 13.833, "2006-09-30": -71.193, "2006-06-30": 4.965, "2006-03-31": "8.76600", "2005-12-31": 13.866, "2005-09-30": 12.106, "2005-06-30": 15.249, "2005-03-31": "14.41100"}, "Total Depreciation And Amortization - Cash Flow": {"2020-09-30": 298, "2020-06-30": 330, "2020-03-31": "288.00000", "2019-12-31": 439, "2019-09-30": 162, "2019-06-30": 158, "2019-03-31": "155.00000", "2018-12-31": 141, "2018-09-30": 139, "2018-06-30": 111, "2018-03-31": "104.00000", "2017-12-31": 97, "2017-09-30": 91, "2017-06-30": 87, "2017-03-31": "86.00000", "2016-12-31": 89, "2016-09-30": 78, "2016-06-30": 76, "2016-03-31": "35.00000", "2015-12-31": 39, "2015-09-30": 57, "2015-06-30": 26, "2015-03-31": "27.00000", "2014-12-31": 24, "2014-09-30": 23, "2014-06-30": 22, "2014-03-31": "20.00000", "2013-12-31": 16.78, "2013-09-30": 17.292, "2013-06-30": 17.237, "2013-03-31": "15.69100", "2012-12-31": 16.108, "2012-09-30": 16.626, "2012-06-30": 16.653, "2012-03-31": "16.61300", "2011-12-31": 15.272, "2011-09-30": 14.488, "2011-06-30": 14.242, "2011-03-31": "14.32500", "2010-12-31": 13.38, "2010-09-30": 13.702, "2010-06-30": 12.391, "2010-03-31": "12.52700", "2009-12-31": 13.204, "2009-09-30": 9.908, "2009-06-30": 10.659, "2009-03-31": "10.23300", "2008-12-31": 9.396, "2008-09-30": 9.789, "2008-06-30": 8.431, "2008-03-31": "7.79800", "2007-12-31": 7.426, "2007-09-30": 7.39, "2007-06-30": 6.717, "2007-03-31": "6.27400", "2006-12-31": 5.314, "2006-09-30": 5.745, "2006-06-30": 5.021, "2006-03-31": "4.52000", "2005-12-31": 3.411, "2005-09-30": 3.757, "2005-06-30": 3.119, "2005-03-31": "2.78200"}, "Other Non-Cash Items": {"2020-09-30": -119, "2020-06-30": -81, "2020-03-31": "276.00000", "2019-12-31": -40, "2019-09-30": 240, "2019-06-30": 12, "2019-03-31": "50.00000", "2018-12-31": 14, "2018-09-30": -69, "2018-06-30": 8, "2018-03-31": "63.00000", "2017-12-31": -40, "2017-09-30": 63, "2017-06-30": 23, "2017-03-31": "-19.00000", "2016-12-31": 138, "2016-09-30": 25, "2016-06-30": 37, "2016-03-31": "33.00000", "2015-12-31": 13, "2015-09-30": -13, "2015-06-30": 10, "2015-03-31": "", "2014-12-31": 36, "2014-09-30": -42, "2014-06-30": 9, "2014-03-31": "3.00000", "2013-12-31": 6.122, "2013-09-30": 1.208, "2013-06-30": 18.309, "2013-03-31": "9.36100", "2012-12-31": 11.748, "2012-09-30": -40.138, "2012-06-30": 37.16, "2012-03-31": "12.23000", "2011-12-31": 7.375, "2011-09-30": 7.517, "2011-06-30": 10.104, "2011-03-31": "3.69400", "2010-12-31": 6.949, "2010-09-30": 8.607, "2010-06-30": 6.966, "2010-03-31": "-7.33800", "2009-12-31": 1.984, "2009-09-30": 6.632, "2009-06-30": 3.063, "2009-03-31": "6.51000", "2008-12-31": -6.338, "2008-09-30": 10.969, "2008-06-30": 6.004, "2008-03-31": "13.51300", "2007-12-31": 1.816, "2007-09-30": 3.545, "2007-06-30": 1.783, "2007-03-31": "-1.74500", "2006-12-31": 2.773, "2006-09-30": 86.899, "2006-06-30": 3.218, "2006-03-31": "3.64900", "2005-12-31": 8.67, "2005-09-30": -2.757, "2005-06-30": 4.144, "2005-03-31": "3.17200"}, "Total Non-Cash Items": {"2020-09-30": 179, "2020-06-30": 249, "2020-03-31": "564.00000", "2019-12-31": 399, "2019-09-30": 402, "2019-06-30": 170, "2019-03-31": "205.00000", "2018-12-31": 155, "2018-09-30": 70, "2018-06-30": 119, "2018-03-31": "167.00000", "2017-12-31": 57, "2017-09-30": 154, "2017-06-30": 110, "2017-03-31": "67.00000", "2016-12-31": 227, "2016-09-30": 103, "2016-06-30": 113, "2016-03-31": "68.00000", "2015-12-31": 52, "2015-09-30": 44, "2015-06-30": 36, "2015-03-31": "27.00000", "2014-12-31": 60, "2014-09-30": -19, "2014-06-30": 31, "2014-03-31": "23.00000", "2013-12-31": 22.902, "2013-09-30": 18.5, "2013-06-30": 35.546, "2013-03-31": "25.05200", "2012-12-31": 27.856, "2012-09-30": -23.512, "2012-06-30": 53.813, "2012-03-31": "28.84300", "2011-12-31": 22.647, "2011-09-30": 22.005, "2011-06-30": 24.346, "2011-03-31": "18.01900", "2010-12-31": 20.329, "2010-09-30": 22.309, "2010-06-30": 19.357, "2010-03-31": "5.18900", "2009-12-31": 15.188, "2009-09-30": 16.54, "2009-06-30": 13.722, "2009-03-31": "16.74300", "2008-12-31": 3.058, "2008-09-30": 20.758, "2008-06-30": 14.435, "2008-03-31": "21.31100", "2007-12-31": 9.242, "2007-09-30": 10.935, "2007-06-30": 8.5, "2007-03-31": "4.52900", "2006-12-31": 8.087, "2006-09-30": 92.644, "2006-06-30": 8.239, "2006-03-31": "8.16900", "2005-12-31": 12.081, "2005-09-30": 1, "2005-06-30": 7.263, "2005-03-31": "5.95400"}, "Change In Accounts Receivable": {"2020-09-30": -481, "2020-06-30": 1023, "2020-03-31": "-2182.00000", "2019-12-31": -757, "2019-09-30": -553, "2019-06-30": 896, "2019-03-31": "-662.00000", "2018-12-31": -477, "2018-09-30": -143, "2018-06-30": -377, "2018-03-31": "-176.00000", "2017-12-31": 699, "2017-09-30": -53, "2017-06-30": -755, "2017-03-31": "59.00000", "2016-12-31": 980, "2016-09-30": 215, "2016-06-30": -947, "2016-03-31": "-174.00000", "2015-12-31": 0, "2015-09-30": -19, "2015-06-30": -7, "2015-03-31": "-334.00000", "2014-12-31": -220, "2014-09-30": -82, "2014-06-30": -42, "2014-03-31": "-119.00000", "2013-12-31": -84.413, "2013-09-30": 12.643, "2013-06-30": -14.496, "2013-03-31": "-56.73400", "2012-12-31": 22.414, "2012-09-30": 93.331, "2012-06-30": -111.961, "2012-03-31": "-120.78400", "2011-12-31": 2, "2011-09-30": 2.84, "2011-06-30": -20.362, "2011-03-31": "4.21600", "2010-12-31": 44.766, "2010-09-30": -10.407, "2010-06-30": -53.261, "2010-03-31": "-4.45700", "2009-12-31": 2.76, "2009-09-30": 22.946, "2009-06-30": 16.069, "2009-03-31": "-39.39600", "2008-12-31": 49.249, "2008-09-30": -27.653, "2008-06-30": -31.756, "2008-03-31": "8.61200", "2007-12-31": -5.192, "2007-09-30": 28.678, "2007-06-30": -35.411, "2007-03-31": "13.58800", "2006-12-31": -5.556, "2006-09-30": 11.501, "2006-06-30": -29.898, "2006-03-31": "-15.81200", "2005-12-31": -0.909, "2005-09-30": 28.968, "2005-06-30": -32.852, "2005-03-31": "-5.51200"}, "Change In Inventories": {"2020-09-30": 0, "2020-06-30": 0, "2020-03-31": "", "2019-12-31": 0, "2019-09-30": 0, "2019-06-30": 0, "2019-03-31": "", "2018-12-31": 0, "2018-09-30": 0, "2018-06-30": 0, "2018-03-31": "", "2017-12-31": 0, "2017-09-30": 0, "2017-06-30": 0, "2017-03-31": "", "2016-12-31": 0, "2016-09-30": 0, "2016-06-30": 0, "2016-03-31": "", "2015-12-31": 0, "2015-09-30": 0, "2015-06-30": 0, "2015-03-31": "", "2014-12-31": 0, "2014-09-30": 0, "2014-06-30": 0, "2014-03-31": "", "2013-12-31": 0, "2013-09-30": 0, "2013-06-30": 0, "2013-03-31": "", "2012-12-31": 0, "2012-09-30": 0, "2012-06-30": 0, "2012-03-31": "", "2011-12-31": 0, "2011-09-30": 0, "2011-06-30": 0, "2011-03-31": "", "2010-12-31": 0, "2010-09-30": 0, "2010-06-30": 0, "2010-03-31": "", "2009-12-31": 0, "2009-09-30": 0, "2009-06-30": 0, "2009-03-31": "", "2008-12-31": 0, "2008-09-30": 0, "2008-06-30": 0, "2008-03-31": "", "2007-12-31": 0, "2007-09-30": 0, "2007-06-30": 0, "2007-03-31": "", "2006-12-31": 0, "2006-09-30": 0, "2006-06-30": 0, "2006-03-31": "", "2005-12-31": 0, "2005-09-30": 0, "2005-06-30": 0, "2005-03-31": ""}, "Change In Accounts Payable": {"2020-09-30": 0, "2020-06-30": 0, "2020-03-31": "", "2019-12-31": 0, "2019-09-30": 0, "2019-06-30": 0, "2019-03-31": "", "2018-12-31": 0, "2018-09-30": 0, "2018-06-30": 0, "2018-03-31": "", "2017-12-31": 0, "2017-09-30": 0, "2017-06-30": 0, "2017-03-31": "", "2016-12-31": 0, "2016-09-30": 0, "2016-06-30": 0, "2016-03-31": "", "2015-12-31": 0, "2015-09-30": 0, "2015-06-30": 0, "2015-03-31": "", "2014-12-31": 0, "2014-09-30": 0, "2014-06-30": 0, "2014-03-31": "", "2013-12-31": 0, "2013-09-30": 0, "2013-06-30": 0, "2013-03-31": "", "2012-12-31": 0, "2012-09-30": 0, "2012-06-30": 0, "2012-03-31": "", "2011-12-31": 0, "2011-09-30": 0, "2011-06-30": 0, "2011-03-31": "", "2010-12-31": 0, "2010-09-30": 0, "2010-06-30": 0, "2010-03-31": "", "2009-12-31": 0, "2009-09-30": 0, "2009-06-30": 0, "2009-03-31": "", "2008-12-31": 0, "2008-09-30": 0, "2008-06-30": 0, "2008-03-31": "", "2007-12-31": 0, "2007-09-30": 0, "2007-06-30": 0, "2007-03-31": "", "2006-12-31": 0, "2006-09-30": 0, "2006-06-30": 0, "2006-03-31": "", "2005-12-31": 0, "2005-09-30": 0, "2005-06-30": 0, "2005-03-31": ""}, "Change In Assets/Liabilities": {"2020-09-30": 955, "2020-06-30": 635, "2020-03-31": "628.00000", "2019-12-31": -626, "2019-09-30": -108, "2019-06-30": 332, "2019-03-31": "897.00000", "2018-12-31": 15, "2018-09-30": -295, "2018-06-30": 455, "2018-03-31": "1360.00000", "2017-12-31": -377, "2017-09-30": -667, "2017-06-30": 107, "2017-03-31": "1227.00000", "2016-12-31": -177, "2016-09-30": -91, "2016-06-30": 289, "2016-03-31": "282.00000", "2015-12-31": 208, "2015-09-30": -100, "2015-06-30": 125, "2015-03-31": "230.00000", "2014-12-31": 346, "2014-09-30": 197, "2014-06-30": 53, "2014-03-31": "225.00000", "2013-12-31": 73.517, "2013-09-30": 0.346, "2013-06-30": -43.372, "2013-03-31": "74.50900", "2012-12-31": -121.358, "2012-09-30": 229.93, "2012-06-30": 135.36, "2012-03-31": "98.06800", "2011-12-31": 67.809, "2011-09-30": -39.864, "2011-06-30": -11.877, "2011-03-31": "22.66500", "2010-12-31": 62.639, "2010-09-30": 37.099, "2010-06-30": -6.385, "2010-03-31": "-103.91500", "2009-12-31": 72.758, "2009-09-30": 19.841, "2009-06-30": 20.194, "2009-03-31": "45.50000", "2008-12-31": 22.291, "2008-09-30": -0.331, "2008-06-30": 17.66, "2008-03-31": "-33.31900", "2007-12-31": 30.513, "2007-09-30": 33.18, "2007-06-30": 22.5, "2007-03-31": "-21.65700", "2006-12-31": 51.906, "2006-09-30": 61.89, "2006-06-30": 21.072, "2006-03-31": "-1.71700", "2005-12-31": 20.111, "2005-09-30": -4.651, "2005-06-30": -16.292, "2005-03-31": "7.47000"}, "Total Change In Assets/Liabilities": {"2020-09-30": -1696, "2020-06-30": 2263, "2020-03-31": "-850.00000", "2019-12-31": -1252, "2019-09-30": -597, "2019-06-30": 255, "2019-03-31": "592.00000", "2018-12-31": -1030, "2018-09-30": 462, "2018-06-30": -944, "2018-03-31": "1341.00000", "2017-12-31": 170, "2017-09-30": -258, "2017-06-30": -668, "2017-03-31": "1049.00000", "2016-12-31": 1106, "2016-09-30": 231, "2016-06-30": -701, "2016-03-31": "143.00000", "2015-12-31": 38, "2015-09-30": -76, "2015-06-30": 226, "2015-03-31": "-46.00000", "2014-12-31": 205, "2014-09-30": 382, "2014-06-30": 80, "2014-03-31": "197.00000", "2013-12-31": 92.264, "2013-09-30": 63.317, "2013-06-30": -36.611, "2013-03-31": "-4.97000", "2012-12-31": -61.072, "2012-09-30": 340.399, "2012-06-30": 7.215, "2012-03-31": "-83.54200", "2011-12-31": 120.112, "2011-09-30": -13.699, "2011-06-30": -93.246, "2011-03-31": "53.14900", "2010-12-31": 147.977, "2010-09-30": 27.054, "2010-06-30": -103.615, "2010-03-31": "-67.93900", "2009-12-31": 32.259, "2009-09-30": 74.508, "2009-06-30": 5.56, "2009-03-31": "-12.57000", "2008-12-31": 70.983, "2008-09-30": 0.832, "2008-06-30": 27.322, "2008-03-31": "-20.21800", "2007-12-31": 26.773, "2007-09-30": 78.007, "2007-06-30": -2.388, "2007-03-31": "-6.76000", "2006-12-31": 48.557, "2006-09-30": 88.662, "2006-06-30": -8.105, "2006-03-31": "-7.59200", "2005-12-31": 3.189, "2005-09-30": 38.831, "2005-06-30": -49.414, "2005-03-31": "-0.48800"}, "Cash Flow From Operating Activities": {"2020-09-30": -952, "2020-06-30": 3714, "2020-03-31": "-240.00000", "2019-12-31": -651, "2019-09-30": -99, "2019-06-30": 917, "2019-03-31": "1316.00000", "2018-12-31": -634, "2018-09-30": 548, "2018-06-30": -526, "2018-03-31": "1846.00000", "2017-12-31": 450, "2017-09-30": 97, "2017-06-30": -306, "2017-03-31": "1248.00000", "2016-12-31": 1592, "2016-09-30": 482, "2016-06-30": -419, "2016-03-31": "196.00000", "2015-12-31": 201, "2015-09-30": 62, "2015-06-30": 350, "2015-03-31": "45.00000", "2014-12-31": 370, "2014-09-30": 441, "2014-06-30": 160, "2014-03-31": "252.00000", "2013-12-31": 170.33, "2013-09-30": 130.731, "2013-06-30": 37.946, "2013-03-31": "42.99300", "2012-12-31": -28.282, "2012-09-30": 317.182, "2012-06-30": 22.196, "2012-03-31": "-32.09600", "2011-12-31": 172.023, "2011-09-30": 36.519, "2011-06-30": -40.837, "2011-03-31": "93.99100", "2010-12-31": 194.625, "2010-09-30": 72.563, "2010-06-30": -59.756, "2010-03-31": "-38.50000", "2009-12-31": 71.218, "2009-09-30": 114.858, "2009-06-30": 38.701, "2009-03-31": "23.41800", "2008-12-31": 95.464, "2008-09-30": 39.838, "2008-06-30": 59.96, "2008-03-31": "26.71600", "2007-12-31": 37.488, "2007-09-30": 104.878, "2007-06-30": 23.894, "2007-03-31": "35.98000", "2006-12-31": 70.477, "2006-09-30": 110.113, "2006-06-30": 5.099, "2006-03-31": "9.34300", "2005-12-31": 29.136, "2005-09-30": 51.937, "2005-06-30": -26.902, "2005-03-31": "19.87700"}, "Net Change In Property, Plant, And Equipment": {"2020-09-30": -251, "2020-06-30": -235, "2020-03-31": "-177.00000", "2019-12-31": -200, "2019-09-30": -194, "2019-06-30": -160, "2019-03-31": "-176.00000", "2018-12-31": -186, "2018-09-30": -127, "2018-06-30": -144, "2018-03-31": "-218.00000", "2017-12-31": -121, "2017-09-30": -120, "2017-06-30": -98, "2017-03-31": "-83.00000", "2016-12-31": -95, "2016-09-30": -117, "2016-06-30": -49, "2016-03-31": "-45.00000", "2015-12-31": -49, "2015-09-30": -43, "2015-06-30": -31, "2015-03-31": "-27.00000", "2014-12-31": -34, "2014-09-30": -27, "2014-06-30": -24, "2014-03-31": "-18.00000", "2013-12-31": -21.617, "2013-09-30": -16.326, "2013-06-30": -19.403, "2013-03-31": "-10.65400", "2012-12-31": -11.399, "2012-09-30": -13.159, "2012-06-30": 212.75, "2012-03-31": "-270.19200", "2011-12-31": -16.77, "2011-09-30": -21.81, "2011-06-30": -18.246, "2011-03-31": "-16.88200", "2010-12-31": -26.596, "2010-09-30": -28.358, "2010-06-30": -40.503, "2010-03-31": "-23.09900", "2009-12-31": -40.417, "2009-09-30": -12.863, "2009-06-30": -18.676, "2009-03-31": "-11.15700", "2008-12-31": -12.568, "2008-09-30": -18.007, "2008-06-30": -14.702, "2008-03-31": "-19.87900", "2007-12-31": -12.163, "2007-09-30": -12.422, "2007-06-30": -14.558, "2007-03-31": "-14.79400", "2006-12-31": -10.824, "2006-09-30": -16.022, "2006-06-30": -9.336, "2006-03-31": "-14.13600", "2005-12-31": -10.072, "2005-09-30": -8.069, "2005-06-30": -5.103, "2005-03-31": "-3.66500"}, "Net Change In Intangible Assets": {"2020-09-30": 0, "2020-06-30": 0, "2020-03-31": "", "2019-12-31": 0, "2019-09-30": 0, "2019-06-30": 0, "2019-03-31": "", "2018-12-31": 0, "2018-09-30": 0, "2018-06-30": 0, "2018-03-31": "", "2017-12-31": 0, "2017-09-30": 0, "2017-06-30": 0, "2017-03-31": "", "2016-12-31": 0, "2016-09-30": 0, "2016-06-30": 0, "2016-03-31": "", "2015-12-31": 0, "2015-09-30": 0, "2015-06-30": 0, "2015-03-31": "", "2014-12-31": 0, "2014-09-30": 0, "2014-06-30": 0, "2014-03-31": "", "2013-12-31": 0, "2013-09-30": 0, "2013-06-30": 0, "2013-03-31": "", "2012-12-31": 0, "2012-09-30": 0, "2012-06-30": 0, "2012-03-31": "", "2011-12-31": 0, "2011-09-30": 0, "2011-06-30": 0, "2011-03-31": "", "2010-12-31": 0, "2010-09-30": 0, "2010-06-30": 0, "2010-03-31": "", "2009-12-31": 0, "2009-09-30": 0, "2009-06-30": 0, "2009-03-31": "", "2008-12-31": 0, "2008-09-30": 0, "2008-06-30": 0, "2008-03-31": "", "2007-12-31": 0, "2007-09-30": 0, "2007-06-30": 0, "2007-03-31": "", "2006-12-31": 0, "2006-09-30": 0, "2006-06-30": 0, "2006-03-31": "", "2005-12-31": 0, "2005-09-30": 0, "2005-06-30": 0, "2005-03-31": ""}, "Net Acquisitions/Divestitures": {"2020-09-30": 0, "2020-06-30": 58, "2020-03-31": "-2592.00000", "2019-12-31": -5, "2019-09-30": 1, "2019-06-30": -32, "2019-03-31": "", "2018-12-31": -97, "2018-09-30": -1721, "2018-06-30": -11, "2018-03-31": "-226.00000", "2017-12-31": -50, "2017-09-30": 0, "2017-06-30": 0, "2017-03-31": "", "2016-12-31": -449, "2016-09-30": 14, "2016-06-30": -80, "2016-03-31": "-782.00000", "2015-12-31": -2, "2015-09-30": -5, "2015-06-30": -2, "2015-03-31": "-9.00000", "2014-12-31": -42, "2014-09-30": 0, "2014-06-30": -17, "2014-03-31": "-77.00000", "2013-12-31": -0.227, "2013-09-30": 4.059, "2013-06-30": -66.832, "2013-03-31": "", "2012-12-31": 0, "2012-09-30": 0, "2012-06-30": 0, "2012-03-31": "", "2011-12-31": -1.183, "2011-09-30": 0, "2011-06-30": -3.192, "2011-03-31": "", "2010-12-31": -33.541, "2010-09-30": -5.374, "2010-06-30": -19.454, "2010-03-31": "-2.01900", "2009-12-31": -7.03, "2009-09-30": -23.912, "2009-06-30": -2.43, "2009-03-31": "-5.19100", "2008-12-31": -1.868, "2008-09-30": -75.691, "2008-06-30": -5.624, "2008-03-31": "-2.19400", "2007-12-31": -9.576, "2007-09-30": -21.089, "2007-06-30": -4.936, "2007-03-31": "-0.40000", "2006-12-31": 0.149, "2006-09-30": -6.211, "2006-06-30": -20.798, "2006-03-31": "-39.91200", "2005-12-31": -0.075, "2005-09-30": -34.068, "2005-06-30": -21.342, "2005-03-31": ""}, "Net Change In Short-term Investments": {"2020-09-30": 0, "2020-06-30": 0, "2020-03-31": "", "2019-12-31": 0, "2019-09-30": 0, "2019-06-30": 0, "2019-03-31": "", "2018-12-31": 0, "2018-09-30": 0, "2018-06-30": 0, "2018-03-31": "", "2017-12-31": 0, "2017-09-30": 0, "2017-06-30": 0, "2017-03-31": "", "2016-12-31": 0, "2016-09-30": 0, "2016-06-30": 0, "2016-03-31": "", "2015-12-31": 0, "2015-09-30": 0, "2015-06-30": 0, "2015-03-31": "", "2014-12-31": 0, "2014-09-30": 0, "2014-06-30": 0, "2014-03-31": "", "2013-12-31": 0, "2013-09-30": 0, "2013-06-30": 0, "2013-03-31": "", "2012-12-31": 0, "2012-09-30": 0, "2012-06-30": 0, "2012-03-31": "", "2011-12-31": 0, "2011-09-30": 0, "2011-06-30": 0, "2011-03-31": "", "2010-12-31": 0, "2010-09-30": 0, "2010-06-30": 0, "2010-03-31": "", "2009-12-31": 0, "2009-09-30": 0, "2009-06-30": 0, "2009-03-31": "", "2008-12-31": 0, "2008-09-30": 0, "2008-06-30": 0, "2008-03-31": "", "2007-12-31": 0, "2007-09-30": 0, "2007-06-30": 0, "2007-03-31": "", "2006-12-31": 0, "2006-09-30": 0, "2006-06-30": 0, "2006-03-31": "", "2005-12-31": 0, "2005-09-30": 0, "2005-06-30": 0, "2005-03-31": ""}, "Net Change In Long-Term Investments": {"2020-09-30": 578, "2020-06-30": 417, "2020-03-31": "-498.00000", "2019-12-31": 61, "2019-09-30": -266, "2019-06-30": -364, "2019-03-31": "-197.00000", "2018-12-31": -739, "2018-09-30": -462, "2018-06-30": -334, "2018-03-31": "-320.00000", "2017-12-31": -409, "2017-09-30": -83, "2017-06-30": -63, "2017-03-31": "-239.00000", "2016-12-31": -293, "2016-09-30": -210, "2016-06-30": -354, "2016-03-31": "-9.00000", "2015-12-31": 7, "2015-09-30": -422, "2015-06-30": -41, "2015-03-31": "-196.00000", "2014-12-31": -191, "2014-09-30": -164, "2014-06-30": -199, "2014-03-31": "-55.00000", "2013-12-31": 3.982, "2013-09-30": -36.363, "2013-06-30": -32.996, "2013-03-31": "-145.62300", "2012-12-31": -38.051, "2012-09-30": 85.233, "2012-06-30": -302.523, "2012-03-31": "149.34100", "2011-12-31": -29.972, "2011-09-30": -38.23, "2011-06-30": 12.305, "2011-03-31": "4.90400", "2010-12-31": -114.481, "2010-09-30": 83.787, "2010-06-30": 15.077, "2010-03-31": "-29.46600", "2009-12-31": -47.9649, "2009-09-30": -62.714, "2009-06-30": 30.92, "2009-03-31": "-68.65200", "2008-12-31": 12.466, "2008-09-30": -53.258, "2008-06-30": 52.541, "2008-03-31": "-15.13700", "2007-12-31": -26.7, "2007-09-30": -28.373, "2007-06-30": -81.524, "2007-03-31": "-13.03100", "2006-12-31": 2.179, "2006-09-30": -19.126, "2006-06-30": 3.147, "2006-03-31": "-19.36700", "2005-12-31": 5.478, "2005-09-30": 10.409, "2005-06-30": 4.281, "2005-03-31": "5.77500"}, "Net Change In Investments - Total": {"2020-09-30": 578, "2020-06-30": 417, "2020-03-31": "-498.00000", "2019-12-31": 61, "2019-09-30": -266, "2019-06-30": -364, "2019-03-31": "-197.00000", "2018-12-31": -739, "2018-09-30": -462, "2018-06-30": -334, "2018-03-31": "-320.00000", "2017-12-31": -409, "2017-09-30": -83, "2017-06-30": -63, "2017-03-31": "-239.00000", "2016-12-31": -293, "2016-09-30": -210, "2016-06-30": -354, "2016-03-31": "-9.00000", "2015-12-31": 7, "2015-09-30": -422, "2015-06-30": -41, "2015-03-31": "-196.00000", "2014-12-31": -191, "2014-09-30": -164, "2014-06-30": -199, "2014-03-31": "-55.00000", "2013-12-31": 3.982, "2013-09-30": -36.363, "2013-06-30": -32.996, "2013-03-31": "-145.62300", "2012-12-31": -38.051, "2012-09-30": 85.233, "2012-06-30": -302.523, "2012-03-31": "149.34100", "2011-12-31": -29.972, "2011-09-30": -38.23, "2011-06-30": 12.305, "2011-03-31": "4.90400", "2010-12-31": -114.481, "2010-09-30": 83.787, "2010-06-30": 15.077, "2010-03-31": "-29.46600", "2009-12-31": -47.9649, "2009-09-30": -62.714, "2009-06-30": 30.92, "2009-03-31": "-68.65200", "2008-12-31": 12.466, "2008-09-30": -53.258, "2008-06-30": 52.541, "2008-03-31": "-15.13700", "2007-12-31": -26.7, "2007-09-30": -28.373, "2007-06-30": -81.524, "2007-03-31": "-13.03100", "2006-12-31": 2.179, "2006-09-30": -19.126, "2006-06-30": 3.147, "2006-03-31": "-19.36700", "2005-12-31": 5.478, "2005-09-30": 10.409, "2005-06-30": 4.281, "2005-03-31": "5.77500"}, "Investing Activities - Other": {"2020-09-30": 5, "2020-06-30": 0, "2020-03-31": "-5.00000", "2019-12-31": 0, "2019-09-30": 0, "2019-06-30": 0, "2019-03-31": "", "2018-12-31": 0, "2018-09-30": 0, "2018-06-30": 0, "2018-03-31": "", "2017-12-31": 12, "2017-09-30": 1, "2017-06-30": 0, "2017-03-31": "-1.00000", "2016-12-31": 0, "2016-09-30": 0, "2016-06-30": 0, "2016-03-31": "", "2015-12-31": 0, "2015-09-30": 0, "2015-06-30": 0, "2015-03-31": "7.00000", "2014-12-31": 0, "2014-09-30": 0, "2014-06-30": 0, "2014-03-31": "", "2013-12-31": 0, "2013-09-30": 0, "2013-06-30": 0, "2013-03-31": "", "2012-12-31": 0, "2012-09-30": 0, "2012-06-30": 0, "2012-03-31": "", "2011-12-31": 0, "2011-09-30": 0, "2011-06-30": 0, "2011-03-31": "", "2010-12-31": 0, "2010-09-30": 0, "2010-06-30": 0, "2010-03-31": "13.42000", "2009-12-31": 0, "2009-09-30": 0, "2009-06-30": 0, "2009-03-31": "", "2008-12-31": 0, "2008-09-30": 0, "2008-06-30": 0, "2008-03-31": "", "2007-12-31": 0, "2007-09-30": 0, "2007-06-30": 3.254, "2007-03-31": "10.84800", "2006-12-31": 0, "2006-09-30": 0, "2006-06-30": 0, "2006-03-31": "", "2005-12-31": 0, "2005-09-30": 0, "2005-06-30": 0, "2005-03-31": ""}, "Cash Flow From Investing Activities": {"2020-09-30": 332, "2020-06-30": 240, "2020-03-31": "-3272.00000", "2019-12-31": -144, "2019-09-30": -459, "2019-06-30": -556, "2019-03-31": "-373.00000", "2018-12-31": -1022, "2018-09-30": -2310, "2018-06-30": -489, "2018-03-31": "-764.00000", "2017-12-31": -568, "2017-09-30": -202, "2017-06-30": -161, "2017-03-31": "-323.00000", "2016-12-31": -837, "2016-09-30": -313, "2016-06-30": -483, "2016-03-31": "-836.00000", "2015-12-31": -44, "2015-09-30": -470, "2015-06-30": -74, "2015-03-31": "-225.00000", "2014-12-31": -267, "2014-09-30": -191, "2014-06-30": -240, "2014-03-31": "-150.00000", "2013-12-31": -17.862, "2013-09-30": -48.63, "2013-06-30": -119.231, "2013-03-31": "-156.27700", "2012-12-31": -49.45, "2012-09-30": 72.074, "2012-06-30": -89.773, "2012-03-31": "-120.85100", "2011-12-31": -47.925, "2011-09-30": -60.04, "2011-06-30": -9.133, "2011-03-31": "-11.97800", "2010-12-31": -174.618, "2010-09-30": 50.055, "2010-06-30": -44.88, "2010-03-31": "-41.16400", "2009-12-31": -95.412, "2009-09-30": -99.489, "2009-06-30": 9.814, "2009-03-31": "-85.00000", "2008-12-31": -1.97, "2008-09-30": -146.956, "2008-06-30": 32.215, "2008-03-31": "-37.21000", "2007-12-31": -48.439, "2007-09-30": -61.884, "2007-06-30": -97.764, "2007-03-31": "-17.37700", "2006-12-31": -8.496, "2006-09-30": -41.359, "2006-06-30": -26.987, "2006-03-31": "-73.41500", "2005-12-31": -4.669, "2005-09-30": -31.728, "2005-06-30": -22.164, "2005-03-31": "2.11000"}, "Net Long-Term Debt": {"2020-09-30": 1, "2020-06-30": -471, "2020-03-31": "1503.00000", "2019-12-31": 6755, "2019-09-30": -101, "2019-06-30": 173, "2019-03-31": "91.00000", "2018-12-31": 206, "2018-09-30": 113, "2018-06-30": 1151, "2018-03-31": "524.00000", "2017-12-31": 1, "2017-09-30": -2, "2017-06-30": 48, "2017-03-31": "", "2016-12-31": 171, "2016-09-30": 112, "2016-06-30": 185, "2016-03-31": "2402.00000", "2015-12-31": -53, "2015-09-30": 124, "2015-06-30": 24, "2015-03-31": "247.00000", "2014-12-31": -66, "2014-09-30": 67, "2014-06-30": 74, "2014-03-31": "126.00000", "2013-12-31": 149.842, "2013-09-30": -30.724, "2013-06-30": 20.658, "2013-03-31": "-0.77600", "2012-12-31": 144.422, "2012-09-30": -15.821, "2012-06-30": 54.194, "2012-03-31": "-0.79500", "2011-12-31": -0.808, "2011-09-30": -0.78, "2011-06-30": 29.765, "2011-03-31": "-25.27700", "2010-12-31": 66.465, "2010-09-30": 11.377, "2010-06-30": 20.074, "2010-03-31": "-75.10600", "2009-12-31": 30.399, "2009-09-30": -11.424, "2009-06-30": -1.562, "2009-03-31": "25.42700", "2008-12-31": 14.919, "2008-09-30": 27.877, "2008-06-30": 5.861, "2008-03-31": "8.85700", "2007-12-31": 4.748, "2007-09-30": -0.245, "2007-06-30": -0.236, "2007-03-31": "25.75200", "2006-12-31": 6.15, "2006-09-30": 3.374, "2006-06-30": 32.765, "2006-03-31": "34.71500", "2005-12-31": -0.229, "2005-09-30": 34.919, "2005-06-30": 9.879, "2005-03-31": "-4.12100"}, "Net Current Debt": {"2020-09-30": 0, "2020-06-30": 0, "2020-03-31": "", "2019-12-31": 0, "2019-09-30": 0, "2019-06-30": 0, "2019-03-31": "", "2018-12-31": 0, "2018-09-30": 0, "2018-06-30": 0, "2018-03-31": "", "2017-12-31": 0, "2017-09-30": 0, "2017-06-30": 0, "2017-03-31": "", "2016-12-31": 0, "2016-09-30": 0, "2016-06-30": 0, "2016-03-31": "", "2015-12-31": 0, "2015-09-30": 0, "2015-06-30": 0, "2015-03-31": "", "2014-12-31": 0, "2014-09-30": 0, "2014-06-30": 0, "2014-03-31": "", "2013-12-31": 0, "2013-09-30": 0, "2013-06-30": 0, "2013-03-31": "", "2012-12-31": 0, "2012-09-30": 0, "2012-06-30": 0, "2012-03-31": "", "2011-12-31": 0, "2011-09-30": 0, "2011-06-30": 0, "2011-03-31": "", "2010-12-31": 0, "2010-09-30": 0, "2010-06-30": 0, "2010-03-31": "", "2009-12-31": 0, "2009-09-30": 0, "2009-06-30": 0, "2009-03-31": "", "2008-12-31": 0, "2008-09-30": 0, "2008-06-30": 0, "2008-03-31": "", "2007-12-31": 0, "2007-09-30": 0, "2007-06-30": 0, "2007-03-31": "", "2006-12-31": 0, "2006-09-30": 0, "2006-06-30": 0, "2006-03-31": "", "2005-12-31": 0, "2005-09-30": 0, "2005-06-30": 0, "2005-03-31": ""}, "Debt Issuance/Retirement Net - Total": {"2020-09-30": 1, "2020-06-30": -471, "2020-03-31": "1503.00000", "2019-12-31": 6755, "2019-09-30": -101, "2019-06-30": 173, "2019-03-31": "91.00000", "2018-12-31": 206, "2018-09-30": 113, "2018-06-30": 1151, "2018-03-31": "524.00000", "2017-12-31": 1, "2017-09-30": -2, "2017-06-30": 48, "2017-03-31": "", "2016-12-31": 171, "2016-09-30": 112, "2016-06-30": 185, "2016-03-31": "2402.00000", "2015-12-31": -53, "2015-09-30": 124, "2015-06-30": 24, "2015-03-31": "247.00000", "2014-12-31": -66, "2014-09-30": 67, "2014-06-30": 74, "2014-03-31": "126.00000", "2013-12-31": 149.842, "2013-09-30": -30.724, "2013-06-30": 20.658, "2013-03-31": "-0.77600", "2012-12-31": 144.422, "2012-09-30": -15.821, "2012-06-30": 54.194, "2012-03-31": "-0.79500", "2011-12-31": -0.808, "2011-09-30": -0.78, "2011-06-30": 29.765, "2011-03-31": "-25.27700", "2010-12-31": 66.465, "2010-09-30": 11.377, "2010-06-30": 20.074, "2010-03-31": "-75.10600", "2009-12-31": 30.399, "2009-09-30": -11.424, "2009-06-30": -1.562, "2009-03-31": "25.42700", "2008-12-31": 14.919, "2008-09-30": 27.877, "2008-06-30": 5.861, "2008-03-31": "8.85700", "2007-12-31": 4.748, "2007-09-30": -0.245, "2007-06-30": -0.236, "2007-03-31": "25.75200", "2006-12-31": 6.15, "2006-09-30": 3.374, "2006-06-30": 32.765, "2006-03-31": "34.71500", "2005-12-31": -0.229, "2005-09-30": 34.919, "2005-06-30": 9.879, "2005-03-31": "-4.12100"}, "Net Common Equity Issued/Repurchased": {"2020-09-30": -9, "2020-06-30": -3, "2020-03-31": "-558.00000", "2019-12-31": -34, "2019-09-30": -4, "2019-06-30": -2, "2019-03-31": "-35.00000", "2018-12-31": -54, "2018-09-30": -5, "2018-06-30": 2776, "2018-03-31": "-9.00000", "2017-12-31": -47, "2017-09-30": -3, "2017-06-30": -2, "2017-03-31": "-13.00000", "2016-12-31": -34, "2016-09-30": -2, "2016-06-30": -5, "2016-03-31": "-22.00000", "2015-12-31": -44, "2015-09-30": -2, "2015-06-30": -3, "2015-03-31": "-4.00000", "2014-12-31": -29, "2014-09-30": 1, "2014-06-30": -1, "2014-03-31": "", "2013-12-31": -12.222, "2013-09-30": -0.779, "2013-06-30": 17.158, "2013-03-31": "0.84300", "2012-12-31": -6.532, "2012-09-30": 1.003, "2012-06-30": 0.959, "2012-03-31": "7.57000", "2011-12-31": -4.296, "2011-09-30": 1.067, "2011-06-30": 5.119, "2011-03-31": "6.11600", "2010-12-31": -1.485, "2010-09-30": 0.489, "2010-06-30": 1.129, "2010-03-31": "104.59600", "2009-12-31": -0.117, "2009-09-30": 0.516, "2009-06-30": -4.821, "2009-03-31": "0.48300", "2008-12-31": -4.682, "2008-09-30": -3.187, "2008-06-30": -4.482, "2008-03-31": "-5.80500", "2007-12-31": 0.767, "2007-09-30": -4.264, "2007-06-30": -0.804, "2007-03-31": "0.22400", "2006-12-31": 1.74, "2006-09-30": -3.201, "2006-06-30": 1.524, "2006-03-31": "-0.94300", "2005-12-31": 1.696, "2005-09-30": 1.061, "2005-06-30": 1.474, "2005-03-31": "1.39000"}, "Net Total Equity Issued/Repurchased": {"2020-09-30": -9, "2020-06-30": -3, "2020-03-31": "-558.00000", "2019-12-31": -34, "2019-09-30": -4, "2019-06-30": -2, "2019-03-31": "-35.00000", "2018-12-31": -54, "2018-09-30": -5, "2018-06-30": 2776, "2018-03-31": "-9.00000", "2017-12-31": -47, "2017-09-30": -3, "2017-06-30": -2, "2017-03-31": "-13.00000", "2016-12-31": -34, "2016-09-30": -2, "2016-06-30": -5, "2016-03-31": "-22.00000", "2015-12-31": -44, "2015-09-30": -2, "2015-06-30": -3, "2015-03-31": "-4.00000", "2014-12-31": -29, "2014-09-30": 1, "2014-06-30": -1, "2014-03-31": "", "2013-12-31": -12.222, "2013-09-30": -0.779, "2013-06-30": 17.158, "2013-03-31": "0.84300", "2012-12-31": -6.532, "2012-09-30": 1.003, "2012-06-30": 0.959, "2012-03-31": "7.57000", "2011-12-31": -4.296, "2011-09-30": 1.067, "2011-06-30": 5.119, "2011-03-31": "6.11600", "2010-12-31": -1.485, "2010-09-30": 0.489, "2010-06-30": 1.129, "2010-03-31": "104.59600", "2009-12-31": -0.117, "2009-09-30": 0.516, "2009-06-30": -4.821, "2009-03-31": "0.48300", "2008-12-31": -4.682, "2008-09-30": -3.187, "2008-06-30": -4.482, "2008-03-31": "-5.80500", "2007-12-31": 0.767, "2007-09-30": -4.264, "2007-06-30": -0.804, "2007-03-31": "0.22400", "2006-12-31": 1.74, "2006-09-30": -3.201, "2006-06-30": 1.524, "2006-03-31": "-0.94300", "2005-12-31": 1.696, "2005-09-30": 1.061, "2005-06-30": 1.474, "2005-03-31": "1.39000"}, "Total Common And Preferred Stock Dividends Paid": {"2020-09-30": 0, "2020-06-30": 0, "2020-03-31": "", "2019-12-31": 0, "2019-09-30": 0, "2019-06-30": 0, "2019-03-31": "", "2018-12-31": 0, "2018-09-30": 0, "2018-06-30": 0, "2018-03-31": "", "2017-12-31": 0, "2017-09-30": 0, "2017-06-30": 0, "2017-03-31": "", "2016-12-31": 0, "2016-09-30": 0, "2016-06-30": 0, "2016-03-31": "", "2015-12-31": 0, "2015-09-30": 0, "2015-06-30": 0, "2015-03-31": "", "2014-12-31": 0, "2014-09-30": 0, "2014-06-30": 0, "2014-03-31": "", "2013-12-31": 0, "2013-09-30": 0, "2013-06-30": 0, "2013-03-31": "", "2012-12-31": 0, "2012-09-30": 0, "2012-06-30": 0, "2012-03-31": "", "2011-12-31": 0, "2011-09-30": 0, "2011-06-30": 0, "2011-03-31": "", "2010-12-31": 0, "2010-09-30": 0, "2010-06-30": 0, "2010-03-31": "", "2009-12-31": 0, "2009-09-30": 0, "2009-06-30": 0, "2009-03-31": "", "2008-12-31": 0, "2008-09-30": 0, "2008-06-30": 0, "2008-03-31": "", "2007-12-31": 0, "2007-09-30": 0, "2007-06-30": 0, "2007-03-31": "", "2006-12-31": 0, "2006-09-30": 0, "2006-06-30": 0, "2006-03-31": "", "2005-12-31": 0, "2005-09-30": 0, "2005-06-30": 0, "2005-03-31": ""}, "Financial Activities - Other": {"2020-09-30": 12, "2020-06-30": 14, "2020-03-31": "-106.00000", "2019-12-31": -17, "2019-09-30": -3, "2019-06-30": 7, "2019-03-31": "2.00000", "2018-12-31": 0, "2018-09-30": -26, "2018-06-30": -62, "2018-03-31": "-2.00000", "2017-12-31": -33, "2017-09-30": -37, "2017-06-30": 3, "2017-03-31": "3.00000", "2016-12-31": -14, "2016-09-30": -8, "2016-06-30": -4, "2016-03-31": "-64.00000", "2015-12-31": 35, "2015-09-30": -16, "2015-06-30": 4, "2015-03-31": "-7.00000", "2014-12-31": 20, "2014-09-30": 6, "2014-06-30": -5, "2014-03-31": "5.00000", "2013-12-31": 6.583, "2013-09-30": 1.971, "2013-06-30": 1.39, "2013-03-31": "0.05600", "2012-12-31": -13.081, "2012-09-30": 0.289, "2012-06-30": 1.32, "2012-03-31": "5.47200", "2011-12-31": 3.047, "2011-09-30": 0.441, "2011-06-30": -2.509, "2011-03-31": "-4.97300", "2010-12-31": -48.487, "2010-09-30": -2.418, "2010-06-30": -1.056, "2010-03-31": "-3.48900", "2009-12-31": 3.682, "2009-09-30": 5.022, "2009-06-30": 0.138, "2009-03-31": "-1.19800", "2008-12-31": 0.084, "2008-09-30": 0.224, "2008-06-30": 0.154, "2008-03-31": "2.63800", "2007-12-31": -1.028, "2007-09-30": 0.12, "2007-06-30": -0.552, "2007-03-31": "-3.72100", "2006-12-31": 0.696, "2006-09-30": 0.117, "2006-06-30": 0.523, "2006-03-31": "1.45400", "2005-12-31": 0, "2005-09-30": -0.363, "2005-06-30": 0.035, "2005-03-31": "-0.08500"}, "Cash Flow From Financial Activities": {"2020-09-30": 4, "2020-06-30": -460, "2020-03-31": "839.00000", "2019-12-31": 6704, "2019-09-30": -108, "2019-06-30": 178, "2019-03-31": "58.00000", "2018-12-31": 152, "2018-09-30": 82, "2018-06-30": 3865, "2018-03-31": "513.00000", "2017-12-31": -79, "2017-09-30": -42, "2017-06-30": 49, "2017-03-31": "-10.00000", "2016-12-31": 123, "2016-09-30": 102, "2016-06-30": 176, "2016-03-31": "2316.00000", "2015-12-31": -62, "2015-09-30": 106, "2015-06-30": 25, "2015-03-31": "236.00000", "2014-12-31": -75, "2014-09-30": 74, "2014-06-30": 68, "2014-03-31": "131.00000", "2013-12-31": 144.203, "2013-09-30": -29.532, "2013-06-30": 39.206, "2013-03-31": "0.12300", "2012-12-31": 124.809, "2012-09-30": -14.529, "2012-06-30": 56.473, "2012-03-31": "12.24700", "2011-12-31": -2.057, "2011-09-30": 0.728, "2011-06-30": 32.375, "2011-03-31": "-24.13400", "2010-12-31": 16.493, "2010-09-30": 9.448, "2010-06-30": 20.147, "2010-03-31": "26.00100", "2009-12-31": 33.964, "2009-09-30": -5.886, "2009-06-30": -6.245, "2009-03-31": "24.71200", "2008-12-31": 10.321, "2008-09-30": 24.914, "2008-06-30": 1.533, "2008-03-31": "5.69000", "2007-12-31": 4.487, "2007-09-30": -4.389, "2007-06-30": -1.592, "2007-03-31": "22.25500", "2006-12-31": 8.586, "2006-09-30": 0.29, "2006-06-30": 34.812, "2006-03-31": "35.22600", "2005-12-31": 1.467, "2005-09-30": 35.617, "2005-06-30": 11.388, "2005-03-31": "-2.81600"}, "Net Cash Flow": {"2020-09-30": -611, "2020-06-30": 3498, "2020-03-31": "-2674.00000", "2019-12-31": 5903, "2019-09-30": -664, "2019-06-30": 541, "2019-03-31": "1001.00000", "2018-12-31": -1504, "2018-09-30": -1680, "2018-06-30": 2850, "2018-03-31": "1595.00000", "2017-12-31": -198, "2017-09-30": -146, "2017-06-30": -418, "2017-03-31": "915.00000", "2016-12-31": 876, "2016-09-30": 272, "2016-06-30": -726, "2016-03-31": "1676.00000", "2015-12-31": 95, "2015-09-30": -302, "2015-06-30": 301, "2015-03-31": "56.00000", "2014-12-31": 27, "2014-09-30": 324, "2014-06-30": -12, "2014-03-31": "233.00000", "2013-12-31": 296.671, "2013-09-30": 52.569, "2013-06-30": -42.079, "2013-03-31": "-113.16100", "2012-12-31": 47.077, "2012-09-30": 374.727, "2012-06-30": -11.104, "2012-03-31": "-140.70000", "2011-12-31": 122.041, "2011-09-30": -22.793, "2011-06-30": -17.595, "2011-03-31": "57.87900", "2010-12-31": 36.5, "2010-09-30": 132.066, "2010-06-30": -84.489, "2010-03-31": "-53.66300", "2009-12-31": 9.77, "2009-09-30": 9.483, "2009-06-30": 42.27, "2009-03-31": "-36.87000", "2008-12-31": 103.815, "2008-09-30": -82.204, "2008-06-30": 93.708, "2008-03-31": "-4.80400", "2007-12-31": -6.464, "2007-09-30": 38.605, "2007-06-30": -75.462, "2007-03-31": "40.85800", "2006-12-31": 70.567, "2006-09-30": 69.044, "2006-06-30": 12.924, "2006-03-31": "-28.84600", "2005-12-31": 25.934, "2005-09-30": 55.826, "2005-06-30": -37.678, "2005-03-31": "19.17100"}, "Stock-Based Compensation": {"2020-09-30": 54, "2020-06-30": 47, "2020-03-31": "117.00000", "2019-12-31": 71, "2019-09-30": 34, "2019-06-30": 34, "2019-03-31": "38.00000", "2018-12-31": 40, "2018-09-30": 38, "2018-06-30": 34, "2018-03-31": "33.00000", "2017-12-31": 36, "2017-09-30": 37, "2017-06-30": 30, "2017-03-31": "32.00000", "2016-12-31": 36, "2016-09-30": 29, "2016-06-30": 32, "2016-03-31": "51.00000", "2015-12-31": 23, "2015-09-30": 15, "2015-06-30": 17, "2015-03-31": "16.00000", "2014-12-31": 13, "2014-09-30": 12, "2014-06-30": 12, "2014-03-31": "11.00000", "2013-12-31": 9.748, "2013-09-30": 10.297, "2013-06-30": 8.58, "2013-03-31": "8.37500", "2012-12-31": 6.583, "2012-09-30": 6.424, "2012-06-30": 5.618, "2012-03-31": "6.37500", "2011-12-31": 4.908, "2011-09-30": 4.424, "2011-06-30": 4.445, "2011-03-31": "4.39400", "2010-12-31": 3.65, "2010-09-30": 3.336, "2010-06-30": 3.428, "2010-03-31": "3.46000", "2009-12-31": 3.206, "2009-09-30": 3.817, "2009-06-30": 3.822, "2009-03-31": "3.78900", "2008-12-31": 3.752, "2008-09-30": 3.737, "2008-06-30": 3.826, "2008-03-31": "4.01300", "2007-12-31": 4.028, "2007-09-30": 3.916, "2007-06-30": 3.966, "2007-03-31": "3.87100", "2006-12-31": 3.736, "2006-09-30": 4.014, "2006-06-30": 3.737, "2006-03-31": "3.41700", "2005-12-31": 1.417, "2005-09-30": 1.253, "2005-06-30": 1.213, "2005-03-31": "1.09100"}, "Common Stock Dividends Paid": {"2020-09-30": 0, "2020-06-30": 0, "2020-03-31": "", "2019-12-31": 0, "2019-09-30": 0, "2019-06-30": 0, "2019-03-31": "", "2018-12-31": 0, "2018-09-30": 0, "2018-06-30": 0, "2018-03-31": "", "2017-12-31": 0, "2017-09-30": 0, "2017-06-30": 0, "2017-03-31": "", "2016-12-31": 0, "2016-09-30": 0, "2016-06-30": 0, "2016-03-31": "", "2015-12-31": 0, "2015-09-30": 0, "2015-06-30": 0, "2015-03-31": "", "2014-12-31": 0, "2014-09-30": 0, "2014-06-30": 0, "2014-03-31": "", "2013-12-31": 0, "2013-09-30": 0, "2013-06-30": 0, "2013-03-31": "", "2012-12-31": 0, "2012-09-30": 0, "2012-06-30": 0, "2012-03-31": "", "2011-12-31": 0, "2011-09-30": 0, "2011-06-30": 0, "2011-03-31": "", "2010-12-31": 0, "2010-09-30": 0, "2010-06-30": 0, "2010-03-31": "", "2009-12-31": 0, "2009-09-30": 0, "2009-06-30": 0, "2009-03-31": "", "2008-12-31": 0, "2008-09-30": 0, "2008-06-30": 0, "2008-03-31": "", "2007-12-31": 0, "2007-09-30": 0, "2007-06-30": 0, "2007-03-31": "", "2006-12-31": 0, "2006-09-30": 0, "2006-06-30": 0, "2006-03-31": "", "2005-12-31": 0, "2005-09-30": 0, "2005-06-30": 0, "2005-03-31": ""}}, "financial ratios": {"Current Ratio": {"2019-12-31": "1.57150", "2018-12-31": "1.00230", "2017-12-31": "0.93260", "2016-12-31": "0.97010", "2015-12-31": "0.99340", "2014-12-31": "1.01760", "2013-12-31": "1.15460", "2012-12-31": "1.14360", "2011-12-31": "1.12220", "2010-12-31": "0.85830", "2009-12-31": "0.86060", "2008-12-31": "1.03960", "2007-12-31": "0.91690", "2006-12-31": "1.16460", "2005-12-31": "1.27000"}, "Long-term Debt / Capital": {"2019-12-31": "0.51860", "2018-12-31": "0.37640", "2017-12-31": "0.40620", "2016-12-31": "0.44040", "2015-12-31": "0.35930", "2014-12-31": "0.33400", "2013-12-31": "0.34890", "2012-12-31": "0.35960", "2011-12-31": "0.27110", "2010-12-31": "0.29140", "2009-12-31": "0.33140", "2008-12-31": "0.34550", "2007-12-31": "0.33210", "2006-12-31": "0.34850", "2005-12-31": "0.20800"}, "Debt/Equity Ratio": {"2019-12-31": "1.08430", "2018-12-31": "0.60710", "2017-12-31": "0.68460", "2016-12-31": "0.78780", "2015-12-31": "0.56320", "2014-12-31": "0.50430", "2013-12-31": "0.53820", "2012-12-31": "0.56500", "2011-12-31": "0.37540", "2010-12-31": "0.41480", "2009-12-31": "0.49680", "2008-12-31": "0.52840", "2007-12-31": "0.49960", "2006-12-31": "0.53800", "2005-12-31": "0.26460"}, "Gross Margin": {"2019-12-31": "11.84770", "2018-12-31": "14.00790", "2017-12-31": "11.99000", "2016-12-31": "13.65280", "2015-12-31": "12.06500", "2014-12-31": "11.49760", "2013-12-31": "11.12030", "2012-12-31": "10.02470", "2011-12-31": "14.99960", "2010-12-31": "14.27130", "2009-12-31": "14.28410", "2008-12-31": "17.12860", "2007-12-31": "15.89780", "2006-12-31": "15.90940", "2005-12-31": "18.22920"}, "Operating Margin": {"2019-12-31": "2.38620", "2018-12-31": "2.42530", "2017-12-31": "2.47820", "2016-12-31": "3.11030", "2015-12-31": "3.09750", "2014-12-31": "2.80190", "2013-12-31": "2.54990", "2012-12-31": "1.33170", "2011-12-31": "3.91070", "2010-12-31": "3.53100", "2009-12-31": "3.36680", "2008-12-31": "3.91030", "2007-12-31": "1.99510", "2006-12-31": "1.21970", "2005-12-31": "4.24210"}, "EBIT Margin": {"2019-12-31": "2.38620", "2018-12-31": "2.42530", "2017-12-31": "2.47820", "2016-12-31": "3.11030", "2015-12-31": "3.09750", "2014-12-31": "2.80190", "2013-12-31": "2.54990", "2012-12-31": "1.33170", "2011-12-31": "3.91070", "2010-12-31": "3.53100", "2009-12-31": "3.36680", "2008-12-31": "3.91030", "2007-12-31": "1.99510", "2006-12-31": "1.21970", "2005-12-31": "4.24210"}, "EBITDA Margin": {"2019-12-31": "3.61070", "2018-12-31": "3.24870", "2017-12-31": "3.22430", "2016-12-31": "3.79490", "2015-12-31": "3.75220", "2014-12-31": "3.33940", "2013-12-31": "3.16670", "2012-12-31": "2.14550", "2011-12-31": "5.02990", "2010-12-31": "4.70000", "2009-12-31": "4.43930", "2008-12-31": "4.96280", "2007-12-31": "2.99930", "2006-12-31": "2.35000", "2005-12-31": "5.30270"}, "Pre-Tax Profit Margin": {"2019-12-31": "2.38750", "2018-12-31": "2.27560", "2017-12-31": "2.34380", "2016-12-31": "2.85670", "2015-12-31": "3.06240", "2014-12-31": "2.75970", "2013-12-31": "2.47630", "2012-12-31": "1.51660", "2011-12-31": "3.61410", "2010-12-31": "3.46830", "2009-12-31": "3.35150", "2008-12-31": "4.06050", "2007-12-31": "2.31380", "2006-12-31": "1.49060", "2005-12-31": "4.65730"}, "Net Profit Margin": {"2019-12-31": "1.76990", "2018-12-31": "1.49710", "2017-12-31": "1.71140", "2016-12-31": "1.38400", "2015-12-31": "1.55980", "2014-12-31": "1.63650", "2013-12-31": "1.51890", "2012-12-31": "0.02470", "2011-12-31": "2.13410", "2010-12-31": "2.13190", "2009-12-31": "2.03930", "2008-12-31": "2.48170", "2007-12-31": "2.65080", "2006-12-31": "-2.39400", "2005-12-31": "4.51480"}, "Asset Turnover": {"2019-12-31": "1.82070", "2018-12-31": "1.94540", "2017-12-31": "2.21380", "2016-12-31": "2.01050", "2015-12-31": "3.10120", "2014-12-31": "2.84340", "2013-12-31": "3.07820", "2012-12-31": "2.92370", "2011-12-31": "2.37930", "2010-12-31": "2.28840", "2009-12-31": "2.41010", "2008-12-31": "2.31850", "2007-12-31": "2.46830", "2006-12-31": "2.03630", "2005-12-31": "1.84450"}, "Inventory Turnover Ratio": {"2019-12-31": "", "2018-12-31": "", "2017-12-31": "", "2016-12-31": "", "2015-12-31": "", "2014-12-31": "", "2013-12-31": "", "2012-12-31": "", "2011-12-31": "", "2010-12-31": "", "2009-12-31": "", "2008-12-31": "", "2007-12-31": "", "2006-12-31": "", "2005-12-31": ""}, "Receiveable Turnover": {"2019-12-31": "11.94800", "2018-12-31": "11.67300", "2017-12-31": "14.17580", "2016-12-31": "12.63050", "2015-12-31": "17.79520", "2014-12-31": "18.15790", "2013-12-31": "25.32170", "2012-12-31": "32.25000", "2011-12-31": "33.09930", "2010-12-31": "32.64990", "2009-12-31": "39.65810", "2008-12-31": "36.36100", "2007-12-31": "34.83410", "2006-12-31": "24.50220", "2005-12-31": "27.93600"}, "Days Sales In Receivables": {"2019-12-31": "30.54910", "2018-12-31": "31.26870", "2017-12-31": "25.74810", "2016-12-31": "28.89830", "2015-12-31": "20.51120", "2014-12-31": "20.10150", "2013-12-31": "14.41450", "2012-12-31": "11.31780", "2011-12-31": "11.02740", "2010-12-31": "11.17920", "2009-12-31": "9.20370", "2008-12-31": "10.03820", "2007-12-31": "10.47830", "2006-12-31": "14.89670", "2005-12-31": "13.06560"}, "ROE - Return On Equity": {"2019-12-31": "10.34050", "2018-12-31": "8.11770", "2017-12-31": "11.77160", "2016-12-31": "9.49400", "2015-12-31": "16.51290", "2014-12-31": "14.97420", "2013-12-31": "13.03300", "2012-12-31": "7.96840", "2011-12-31": "12.56520", "2010-12-31": "11.84130", "2009-12-31": "14.31440", "2008-12-31": "16.79350", "2007-12-31": "9.88800", "2006-12-31": "5.39180", "2005-12-31": "10.70910"}, "Return On Tangible Equity": {"2019-12-31": "35.06560", "2018-12-31": "50.82430", "2017-12-31": "112.69180", "2016-12-31": "-161.20690", "2015-12-31": "36.01610", "2014-12-31": "30.03450", "2013-12-31": "19.14890", "2012-12-31": "11.22250", "2011-12-31": "18.76580", "2010-12-31": "19.26580", "2009-12-31": "23.81210", "2008-12-31": "26.28050", "2007-12-31": "15.49570", "2006-12-31": "9.72450", "2005-12-31": "21.25170"}, "ROA - Return On Assets": {"2019-12-31": "3.19320", "2018-12-31": "2.89310", "2017-12-31": "3.69710", "2016-12-31": "2.77760", "2015-12-31": "4.87800", "2014-12-31": "4.48150", "2013-12-31": "4.59050", "2012-12-31": "2.73980", "2011-12-31": "5.37190", "2010-12-31": "4.85530", "2009-12-31": "5.20850", "2008-12-31": "5.80100", "2007-12-31": "3.65830", "2006-12-31": "1.96650", "2005-12-31": "5.64360"}, "ROI - Return On Investment": {"2019-12-31": "4.97780", "2018-12-31": "5.06200", "2017-12-31": "6.99020", "2016-12-31": "5.31250", "2015-12-31": "10.57920", "2014-12-31": "9.97330", "2013-12-31": "8.48610", "2012-12-31": "5.10320", "2011-12-31": "9.15830", "2010-12-31": "8.39040", "2009-12-31": "9.57000", "2008-12-31": "10.99100", "2007-12-31": "6.60390", "2006-12-31": "3.51250", "2005-12-31": "8.48170"}, "Book Value Per Share": {"2019-12-31": "30.50010", "2018-12-31": "26.69960", "2017-12-31": "19.78820", "2016-12-31": "17.18540", "2015-12-31": "9.00760", "2014-12-31": "7.35860", "2013-12-31": "5.61740", "2012-12-31": "4.55660", "2011-12-31": "4.60250", "2010-12-31": "4.01600", "2009-12-31": "3.58640", "2008-12-31": "2.78050", "2007-12-31": "2.37620", "2006-12-31": "1.88160", "2005-12-31": "2.04740"}, "Operating Cash Flow Per Share": {"2019-12-31": 0.4309, "2018-12-31": -1.1167, "2017-12-31": -1.4308, "2016-12-31": 2.9707, "2015-12-31": -2.4072, "2014-12-31": 3.3827, "2013-12-31": 0.3994, "2012-12-31": 0.0517, "2011-12-31": 0.4096, "2010-12-31": -0.5629, "2009-12-31": 0.1502, "2008-12-31": 0.1219, "2007-12-31": 0.0351, "2006-12-31": 0.6818, "2005-12-31": 0.4111}, "Free Cash Flow Per Share": {"2019-12-31": 0.3884, "2018-12-31": -1.6165, "2017-12-31": -1.6919, "2016-12-31": 2.6472, "2015-12-31": -2.5888, "2014-12-31": 3.2571, "2013-12-31": 0.4787, "2012-12-31": 0.0213, "2011-12-31": 0.646, "2010-12-31": -0.6817, "2009-12-31": 0.0483, "2008-12-31": 0.0558, "2007-12-31": 0.0163, "2006-12-31": 0.5492, "2005-12-31": 0.2617}}, "financial ratios, quarterly": {"Current Ratio": {"2020-09-30": "1.25140", "2020-06-30": "1.22370", "2020-03-31": "1.14060", "2019-12-31": "1.57150", "2019-09-30": "1.01330", "2019-06-30": "1.07450", "2019-03-31": "1.03600", "2018-12-31": "1.00230", "2018-09-30": "1.02720", "2018-06-30": "1.25500", "2018-03-31": "1.00790", "2017-12-31": "0.93260", "2017-09-30": "0.99500", "2017-06-30": "1.07610", "2017-03-31": "1.02240", "2016-12-31": "0.97010", "2016-09-30": "0.85950", "2016-06-30": "0.89100", "2016-03-31": "0.95930", "2015-12-31": "0.99340", "2015-09-30": "1.00930", "2015-06-30": "1.10990", "2015-03-31": "1.07390", "2014-12-31": "1.01760", "2014-09-30": "1.05060", "2014-06-30": "1.09780", "2014-03-31": "1.12880", "2013-12-31": "1.15460", "2013-09-30": "0.98660", "2013-06-30": "1.01650", "2013-03-31": "1.05220", "2012-12-31": "1.14360", "2012-09-30": "1.07530", "2012-06-30": "1.03790", "2012-03-31": "1.03610", "2011-12-31": "1.12220", "2011-09-30": "1.04930", "2011-06-30": "1.03300", "2011-03-31": "0.91040", "2010-12-31": "0.85830", "2010-09-30": "1.02250", "2010-06-30": "0.85710", "2010-03-31": "0.83480", "2009-12-31": "0.86060", "2009-09-30": "0.86740", "2009-06-30": "1.03360", "2009-03-31": "0.93510", "2008-12-31": "1.03960", "2008-09-30": "1.06260", "2008-06-30": "1.11740", "2008-03-31": "0.95040", "2007-12-31": "0.91690", "2007-09-30": "0.96900", "2007-06-30": "0.97670", "2007-03-31": "1.23030", "2006-12-31": "1.16460", "2006-09-30": "1.12120", "2006-06-30": "1.27130", "2006-03-31": "1.19710", "2005-12-31": "1.27000", "2005-09-30": "1.16590", "2005-06-30": "1.11540", "2005-03-31": "1.12270"}, "Long-term Debt / Capital": {"2020-09-30": "0.39310", "2020-06-30": "0.39890", "2020-03-31": "0.42030", "2019-12-31": "0.51860", "2019-09-30": "0.35990", "2019-06-30": "0.36520", "2019-03-31": "0.36800", "2018-12-31": "0.37640", "2018-09-30": "0.37240", "2018-06-30": "0.36970", "2018-03-31": "0.40560", "2017-12-31": "0.40620", "2017-09-30": "0.41490", "2017-06-30": "0.42460", "2017-03-31": "0.43280", "2016-12-31": "0.44040", "2016-09-30": "0.39540", "2016-06-30": "0.39710", "2016-03-31": "0.44610", "2015-12-31": "0.35930", "2015-09-30": "0.38330", "2015-06-30": "0.36990", "2015-03-31": "0.37940", "2014-12-31": "0.33400", "2014-09-30": "0.36660", "2014-06-30": "0.37320", "2014-03-31": "0.36320", "2013-12-31": "0.34890", "2013-09-30": "0.30410", "2013-06-30": "0.32830", "2013-03-31": "0.35070", "2012-12-31": "0.35960", "2012-09-30": "0.29060", "2012-06-30": "0.29960", "2012-03-31": "0.26180", "2011-12-31": "0.27110", "2011-09-30": "0.27800", "2011-06-30": "0.27880", "2011-03-31": "0.26670", "2010-12-31": "0.29140", "2010-09-30": "0.24690", "2010-06-30": "0.24440", "2010-03-31": "0.23640", "2009-12-31": "0.33140", "2009-09-30": "0.31810", "2009-06-30": "0.33030", "2009-03-31": "0.32920", "2008-12-31": "0.34550", "2008-09-30": "0.34330", "2008-06-30": "0.32540", "2008-03-31": "0.32750", "2007-12-31": "0.33210", "2007-09-30": "0.32990", "2007-06-30": "0.33860", "2007-03-31": "0.35170", "2006-12-31": "0.34850", "2006-09-30": "0.35510", "2006-06-30": "0.30540", "2006-03-31": "0.26440", "2005-12-31": "0.20800", "2005-09-30": "0.20830", "2005-06-30": "0.14200", "2005-03-31": "0.12870"}, "Debt/Equity Ratio": {"2020-09-30": "0.65110", "2020-06-30": "0.66800", "2020-03-31": "0.73040", "2019-12-31": "1.08430", "2019-09-30": "0.56760", "2019-06-30": "0.58250", "2019-03-31": "0.58580", "2018-12-31": "0.60710", "2018-09-30": "0.59380", "2018-06-30": "0.58700", "2018-03-31": "0.68280", "2017-12-31": "0.68460", "2017-09-30": "0.70960", "2017-06-30": "0.73840", "2017-03-31": "0.76380", "2016-12-31": "0.78780", "2016-09-30": "0.80170", "2016-06-30": "0.81120", "2016-03-31": "0.80620", "2015-12-31": "0.56320", "2015-09-30": "0.62400", "2015-06-30": "0.58970", "2015-03-31": "0.61400", "2014-12-31": "0.50430", "2014-09-30": "0.58190", "2014-06-30": "0.59960", "2014-03-31": "0.57450", "2013-12-31": "0.53820", "2013-09-30": "0.43960", "2013-06-30": "0.49140", "2013-03-31": "0.54350", "2012-12-31": "0.56500", "2012-09-30": "0.41300", "2012-06-30": "0.43120", "2012-03-31": "0.35790", "2011-12-31": "0.37540", "2011-09-30": "0.38860", "2011-06-30": "0.39030", "2011-03-31": "0.36740", "2010-12-31": "0.41480", "2010-09-30": "0.32860", "2010-06-30": "0.32440", "2010-03-31": "0.31050", "2009-12-31": "0.49680", "2009-09-30": "0.46750", "2009-06-30": "0.49360", "2009-03-31": "0.52830", "2008-12-31": "0.52840", "2008-09-30": "0.52340", "2008-06-30": "0.48310", "2008-03-31": "0.48790", "2007-12-31": "0.49960", "2007-09-30": "0.49480", "2007-06-30": "0.51440", "2007-03-31": "0.54500", "2006-12-31": "0.53800", "2006-09-30": "0.55400", "2006-06-30": "0.44250", "2006-03-31": "0.36420", "2005-12-31": "0.26460", "2005-09-30": "0.26450", "2005-06-30": "0.16700", "2005-03-31": "0.14940"}, "Gross Margin": {"2020-09-30": "13.43420", "2020-06-30": "17.49780", "2020-03-31": "12.12300", "2019-12-31": "10.99510", "2019-09-30": "11.21940", "2019-06-30": "12.42650", "2019-03-31": "12.79010", "2018-12-31": "13.18320", "2018-09-30": "13.70660", "2018-06-30": "13.77900", "2018-03-31": "15.65860", "2017-12-31": "11.55710", "2017-09-30": "11.83390", "2017-06-30": "12.89950", "2017-03-31": "11.69400", "2016-12-31": "14.82660", "2016-09-30": "13.40590", "2016-06-30": "13.75610", "2016-03-31": "11.86540", "2015-12-31": "12.55160", "2015-09-30": "12.04260", "2015-06-30": "12.11410", "2015-03-31": "11.44030", "2014-12-31": "12.44710", "2014-09-30": "10.89150", "2014-06-30": "11.05870", "2014-03-31": "11.47400", "2013-12-31": "11.59470", "2013-09-30": "11.91240", "2013-06-30": "11.19290", "2013-03-31": "9.61780", "2012-12-31": "17.01120", "2012-09-30": "6.26730", "2012-06-30": "7.07570", "2012-03-31": "11.52850", "2011-12-31": "15.36110", "2011-09-30": "14.70630", "2011-06-30": "15.08330", "2011-03-31": "14.81350", "2010-12-31": "10.34700", "2010-09-30": "15.36220", "2010-06-30": "16.26890", "2010-03-31": "15.45010", "2009-12-31": "9.53350", "2009-09-30": "16.18460", "2009-06-30": "15.45560", "2009-03-31": "16.42910", "2008-12-31": "17.37030", "2008-09-30": "17.53330", "2008-06-30": "16.64550", "2008-03-31": "16.91340", "2007-12-31": "15.58740", "2007-09-30": "16.55530", "2007-06-30": "15.94560", "2007-03-31": "15.39640", "2006-12-31": "6.99640", "2006-09-30": "18.14280", "2006-06-30": "16.30290", "2006-03-31": "17.09990", "2005-12-31": "17.73370", "2005-09-30": "16.87040", "2005-06-30": "19.07310", "2005-03-31": "19.18820"}, "Operating Margin": {"2020-09-30": "2.95980", "2020-06-30": "7.28200", "2020-03-31": "0.72240", "2019-12-31": "1.46850", "2019-09-30": "0.92750", "2019-06-30": "3.50290", "2019-03-31": "3.71390", "2018-12-31": "2.34310", "2018-09-30": "0.25340", "2018-06-30": "3.44830", "2018-03-31": "4.09280", "2017-12-31": "1.41340", "2017-09-30": "2.85760", "2017-06-30": "3.66400", "2017-03-31": "2.04710", "2016-12-31": "4.39930", "2016-09-30": "3.15320", "2016-06-30": "3.45970", "2016-03-31": "0.28760", "2015-12-31": "3.49100", "2015-09-30": "3.14380", "2015-06-30": "3.14200", "2015-03-31": "2.51410", "2014-12-31": "4.08550", "2014-09-30": "2.48160", "2014-06-30": "2.31110", "2014-03-31": "2.02310", "2013-12-31": "2.88840", "2013-09-30": "3.00450", "2013-06-30": "2.63310", "2013-03-31": "1.56800", "2012-12-31": "8.05820", "2012-09-30": "-1.12910", "2012-06-30": "-2.21470", "2012-03-31": "1.99740", "2011-12-31": "4.41600", "2011-09-30": "3.72860", "2011-06-30": "4.20550", "2011-03-31": "3.21430", "2010-12-31": "3.85290", "2010-09-30": "3.58760", "2010-06-30": "3.87350", "2010-03-31": "2.77070", "2009-12-31": "3.45720", "2009-09-30": "3.66100", "2009-06-30": "3.02410", "2009-03-31": "3.31520", "2008-12-31": "3.92910", "2008-09-30": "3.71690", "2008-06-30": "3.38340", "2008-03-31": "4.65860", "2007-12-31": "0.23910", "2007-09-30": "3.18860", "2007-06-30": "1.92850", "2007-03-31": "2.37880", "2006-12-31": "29.01770", "2006-09-30": "-10.54360", "2006-06-30": "1.27320", "2006-03-31": "2.76790", "2005-12-31": "4.82330", "2005-09-30": "3.77890", "2005-06-30": "6.38390", "2005-03-31": "6.41380"}, "EBIT Margin": {"2020-09-30": "2.95980", "2020-06-30": "7.28200", "2020-03-31": "0.72240", "2019-12-31": "1.46850", "2019-09-30": "0.92750", "2019-06-30": "3.50290", "2019-03-31": "3.71390", "2018-12-31": "2.34310", "2018-09-30": "0.25340", "2018-06-30": "3.44830", "2018-03-31": "4.09280", "2017-12-31": "1.41340", "2017-09-30": "2.85760", "2017-06-30": "3.66400", "2017-03-31": "2.04710", "2016-12-31": "4.39930", "2016-09-30": "3.15320", "2016-06-30": "3.45970", "2016-03-31": "0.28760", "2015-12-31": "3.49100", "2015-09-30": "3.14380", "2015-06-30": "3.14200", "2015-03-31": "2.51410", "2014-12-31": "4.08550", "2014-09-30": "2.48160", "2014-06-30": "2.31110", "2014-03-31": "2.02310", "2013-12-31": "2.88840", "2013-09-30": "3.00450", "2013-06-30": "2.63310", "2013-03-31": "1.56800", "2012-12-31": "8.05820", "2012-09-30": "-1.12910", "2012-06-30": "-2.21470", "2012-03-31": "1.99740", "2011-12-31": "4.41600", "2011-09-30": "3.72860", "2011-06-30": "4.20550", "2011-03-31": "3.21430", "2010-12-31": "3.85290", "2010-09-30": "3.58760", "2010-06-30": "3.87350", "2010-03-31": "2.77070", "2009-12-31": "3.45720", "2009-09-30": "3.66100", "2009-06-30": "3.02410", "2009-03-31": "3.31520", "2008-12-31": "3.92910", "2008-09-30": "3.71690", "2008-06-30": "3.38340", "2008-03-31": "4.65860", "2007-12-31": "0.23900", "2007-09-30": "3.18860", "2007-06-30": "1.92850", "2007-03-31": "2.37880", "2006-12-31": "29.01760", "2006-09-30": "-10.54360", "2006-06-30": "1.27320", "2006-03-31": "2.76790", "2005-12-31": "4.82330", "2005-09-30": "3.77890", "2005-06-30": "6.38390", "2005-03-31": "6.41380"}, "EBITDA Margin": {"2020-09-30": "", "2020-06-30": "", "2020-03-31": "", "2019-12-31": "", "2019-09-30": "", "2019-06-30": "", "2019-03-31": "", "2018-12-31": "", "2018-09-30": "", "2018-06-30": "", "2018-03-31": "", "2017-12-31": "", "2017-09-30": "", "2017-06-30": "", "2017-03-31": "", "2016-12-31": "", "2016-09-30": "", "2016-06-30": "", "2016-03-31": "", "2015-12-31": "", "2015-09-30": "", "2015-06-30": "", "2015-03-31": "", "2014-12-31": "", "2014-09-30": "", "2014-06-30": "", "2014-03-31": "", "2013-12-31": "", "2013-09-30": "", "2013-06-30": "", "2013-03-31": "", "2012-12-31": "", "2012-09-30": "", "2012-06-30": "", "2012-03-31": "", "2011-12-31": "", "2011-09-30": "", "2011-06-30": "", "2011-03-31": "", "2010-12-31": "", "2010-09-30": "", "2010-06-30": "", "2010-03-31": "", "2009-12-31": "", "2009-09-30": "", "2009-06-30": "", "2009-03-31": "", "2008-12-31": "", "2008-09-30": "", "2008-06-30": "", "2008-03-31": "", "2007-12-31": "", "2007-09-30": "", "2007-06-30": "", "2007-03-31": "", "2006-12-31": "", "2006-09-30": "", "2006-06-30": "", "2006-03-31": "", "2005-12-31": "", "2005-09-30": "", "2005-06-30": "", "2005-03-31": ""}, "Pre-Tax Profit Margin": {"2020-09-30": "2.65380", "2020-06-30": "7.01500", "2020-03-31": "0.50340", "2019-12-31": "1.37840", "2019-09-30": "0.92220", "2019-06-30": "3.60650", "2019-03-31": "3.71390", "2018-12-31": "2.15590", "2018-09-30": "0.14830", "2018-06-30": "3.34250", "2018-03-31": "3.88810", "2017-12-31": "1.31190", "2017-09-30": "2.74000", "2017-06-30": "3.52180", "2017-03-31": "1.86800", "2016-12-31": "4.05510", "2016-09-30": "2.93200", "2016-06-30": "3.27610", "2016-03-31": "0.02880", "2015-12-31": "3.44340", "2015-09-30": "3.09230", "2015-06-30": "3.12390", "2015-03-31": "2.49460", "2014-12-31": "4.08550", "2014-09-30": "2.41270", "2014-06-30": "2.26140", "2014-03-31": "1.96530", "2013-12-31": "2.85990", "2013-09-30": "2.93840", "2013-06-30": "2.51990", "2013-03-31": "1.47450", "2012-12-31": "7.88490", "2012-09-30": "-0.37790", "2012-06-30": "-2.24750", "2012-03-31": "2.02610", "2011-12-31": "4.35650", "2011-09-30": "3.58450", "2011-06-30": "3.38340", "2011-03-31": "3.05430", "2010-12-31": "3.67000", "2010-09-30": "3.21810", "2010-06-30": "3.89890", "2010-03-31": "3.07420", "2009-12-31": "3.43910", "2009-09-30": "3.63080", "2009-06-30": "3.04900", "2009-03-31": "3.27520", "2008-12-31": "4.12480", "2008-09-30": "3.52250", "2008-06-30": "3.54960", "2008-03-31": "5.11900", "2007-12-31": "0.45980", "2007-09-30": "3.47950", "2007-06-30": "2.25480", "2007-03-31": "2.81320", "2006-12-31": "29.19080", "2006-09-30": "-10.29910", "2006-06-30": "1.56290", "2006-03-31": "3.10670", "2005-12-31": "5.19900", "2005-09-30": "4.18530", "2005-06-30": "6.92420", "2005-03-31": "6.88260"}, "Net Profit Margin": {"2020-09-30": "1.95260", "2020-06-30": "4.35190", "2020-03-31": "0.17680", "2019-12-31": "1.10800", "2019-09-30": "0.50060", "2019-06-30": "2.69670", "2019-03-31": "2.83020", "2018-12-31": "1.45540", "2018-09-30": "0.11740", "2018-06-30": "2.11550", "2018-03-31": "2.57690", "2017-12-31": "1.79600", "2017-09-30": "1.72300", "2017-06-30": "2.12480", "2017-03-31": "1.18560", "2016-12-31": "2.19130", "2016-09-30": "1.35530", "2016-06-30": "1.56010", "2016-03-31": "-0.23010", "2015-12-31": "1.76130", "2015-09-30": "1.59770", "2015-06-30": "1.59830", "2015-03-31": "1.22780", "2014-12-31": "2.26500", "2014-09-30": "1.88420", "2014-06-30": "1.21770", "2014-03-31": "0.95380", "2013-12-31": "1.81280", "2013-09-30": "1.76610", "2013-06-30": "1.51250", "2013-03-31": "0.91080", "2012-12-31": "0.50040", "2012-09-30": "0.15600", "2012-06-30": "-1.65810", "2012-03-31": "1.40050", "2011-12-31": "2.18510", "2011-09-30": "2.22630", "2011-06-30": "2.15770", "2011-03-31": "1.95210", "2010-12-31": "2.15070", "2010-09-30": "2.02000", "2010-06-30": "2.11490", "2010-03-31": "2.24590", "2009-12-31": "2.17030", "2009-09-30": "2.04850", "2009-06-30": "1.94620", "2009-03-31": "1.97950", "2008-12-31": "2.37310", "2008-09-30": "2.12530", "2008-06-30": "2.20930", "2008-03-31": "3.28830", "2007-12-31": "0.23490", "2007-09-30": "2.12510", "2007-06-30": "2.44350", "2007-03-31": "5.75260", "2006-12-31": "5.74400", "2006-09-30": "-11.27810", "2006-06-30": "1.00240", "2006-03-31": "1.92630", "2005-12-31": "3.27630", "2005-09-30": "3.02170", "2005-06-30": "4.36150", "2005-03-31": "4.33580"}, "Asset Turnover": {"2020-09-30": "0.42550", "2020-06-30": "0.40550", "2020-03-31": "0.39180", "2019-12-31": "0.46010", "2019-09-30": "0.55400", "2019-06-30": "0.53410", "2019-03-31": "0.54940", "2018-12-31": "0.53590", "2018-09-30": "0.51940", "2018-06-30": "0.49340", "2018-03-31": "0.52420", "2017-12-31": "0.58600", "2017-09-30": "0.54080", "2017-06-30": "0.54730", "2017-03-31": "0.54880", "2016-12-31": "0.58970", "2016-09-30": "0.55240", "2016-06-30": "0.55890", "2016-03-31": "0.37280", "2015-12-31": "0.85870", "2015-09-30": "0.79500", "2015-06-30": "0.78410", "2015-03-31": "0.76630", "2014-12-31": "0.81110", "2014-09-30": "0.79910", "2014-06-30": "0.85940", "2014-03-31": "0.77810", "2013-12-31": "0.83070", "2013-09-30": "0.89060", "2013-06-30": "0.85730", "2013-03-31": "0.87470", "2012-12-31": "0.66300", "2012-09-30": "0.90980", "2012-06-30": "0.86170", "2012-03-31": "0.74990", "2011-12-31": "0.62920", "2011-09-30": "0.63900", "2011-06-30": "0.65410", "2011-03-31": "0.60710", "2010-12-31": "0.60750", "2010-09-30": "0.62490", "2010-06-30": "0.62110", "2010-03-31": "0.61750", "2009-12-31": "0.64190", "2009-09-30": "0.63500", "2009-06-30": "0.65530", "2009-03-31": "0.60050", "2008-12-31": "0.62210", "2008-09-30": "0.63220", "2008-06-30": "0.67810", "2008-03-31": "0.68400", "2007-12-31": "0.55910", "2007-09-30": "0.69040", "2007-06-30": "0.69310", "2007-03-31": "0.68380", "2006-12-31": "0.26910", "2006-09-30": "0.77560", "2006-06-30": "0.61820", "2006-03-31": "0.61680", "2005-12-31": "0.63350", "2005-09-30": "0.62640", "2005-06-30": "0.60860", "2005-03-31": "0.59270"}, "Inventory Turnover Ratio": {"2020-09-30": "", "2020-06-30": "", "2020-03-31": "", "2019-12-31": "", "2019-09-30": "", "2019-06-30": "", "2019-03-31": "", "2018-12-31": "", "2018-09-30": "", "2018-06-30": "", "2018-03-31": "", "2017-12-31": "", "2017-09-30": "", "2017-06-30": "", "2017-03-31": "", "2016-12-31": "", "2016-09-30": "", "2016-06-30": "", "2016-03-31": "", "2015-12-31": "", "2015-09-30": "", "2015-06-30": "", "2015-03-31": "", "2014-12-31": "", "2014-09-30": "", "2014-06-30": "", "2014-03-31": "", "2013-12-31": "", "2013-09-30": "", "2013-06-30": "", "2013-03-31": "", "2012-12-31": "", "2012-09-30": "", "2012-06-30": "", "2012-03-31": "", "2011-12-31": "", "2011-09-30": "", "2011-06-30": "", "2011-03-31": "", "2010-12-31": "", "2010-09-30": "", "2010-06-30": "", "2010-03-31": "", "2009-12-31": "", "2009-09-30": "", "2009-06-30": "", "2009-03-31": "", "2008-12-31": "", "2008-09-30": "", "2008-06-30": "", "2008-03-31": "", "2007-12-31": "", "2007-09-30": "", "2007-06-30": "", "2007-03-31": "", "2006-12-31": "", "2006-09-30": "", "2006-06-30": "", "2006-03-31": "", "2005-12-31": "", "2005-09-30": "", "2005-06-30": "", "2005-03-31": ""}, "Receiveable Turnover": {"2020-09-30": "2.49270", "2020-06-30": "2.68030", "2020-03-31": "2.30230", "2019-12-31": "3.01950", "2019-09-30": "3.38490", "2019-06-30": "3.53410", "2019-03-31": "3.16960", "2018-12-31": "3.21530", "2018-09-30": "3.48220", "2018-06-30": "3.48680", "2018-03-31": "3.61680", "2017-12-31": "3.75210", "2017-09-30": "3.00830", "2017-06-30": "3.06430", "2017-03-31": "3.75650", "2016-12-31": "3.70480", "2016-09-30": "3.14830", "2016-06-30": "3.12410", "2016-03-31": "2.74930", "2015-12-31": "4.92730", "2015-09-30": "4.54410", "2015-06-30": "4.41190", "2015-03-31": "4.12130", "2014-12-31": "5.17980", "2014-09-30": "6.35150", "2014-06-30": "6.58630", "2014-03-31": "6.06910", "2013-12-31": "6.83310", "2013-09-30": "7.85390", "2013-06-30": "7.29390", "2013-03-31": "7.88300", "2012-12-31": "7.31290", "2012-09-30": "7.74420", "2012-06-30": "5.27430", "2012-03-31": "6.15360", "2011-12-31": "8.75240", "2011-09-30": "9.33580", "2011-06-30": "8.64370", "2011-03-31": "9.21320", "2010-12-31": "8.66810", "2010-09-30": "6.15130", "2010-06-30": "6.54890", "2010-03-31": "9.70510", "2009-12-31": "10.56220", "2009-09-30": "9.90700", "2009-06-30": "6.58460", "2009-03-31": "6.30450", "2008-12-31": "9.75630", "2008-09-30": "5.71060", "2008-06-30": "7.27640", "2008-03-31": "9.56480", "2007-12-31": "7.88980", "2007-09-30": "8.84170", "2007-06-30": "6.41220", "2007-03-31": "8.50750", "2006-12-31": "3.23780", "2006-09-30": "7.33090", "2006-06-30": "5.11390", "2006-03-31": "6.85690", "2005-12-31": "9.59500", "2005-09-30": "9.26660", "2005-06-30": "5.00620", "2005-03-31": "8.98630"}, "Days Sales In Receivables": {"2020-09-30": "36.10520", "2020-06-30": "33.57790", "2020-03-31": "39.09160", "2019-12-31": "29.80600", "2019-09-30": "26.58830", "2019-06-30": "25.46630", "2019-03-31": "28.39460", "2018-12-31": "27.99080", "2018-09-30": "25.84540", "2018-06-30": "25.81130", "2018-03-31": "24.88400", "2017-12-31": "23.98640", "2017-09-30": "29.91680", "2017-06-30": "29.37010", "2017-03-31": "23.95860", "2016-12-31": "24.29270", "2016-09-30": "28.58660", "2016-06-30": "28.80790", "2016-03-31": "32.73550", "2015-12-31": "18.26560", "2015-09-30": "19.80590", "2015-06-30": "20.39960", "2015-03-31": "21.83790", "2014-12-31": "17.37510", "2014-09-30": "14.16980", "2014-06-30": "13.66480", "2014-03-31": "14.82930", "2013-12-31": "13.17110", "2013-09-30": "11.45930", "2013-06-30": "12.33910", "2013-03-31": "11.41700", "2012-12-31": "12.30710", "2012-09-30": "11.62160", "2012-06-30": "17.06390", "2012-03-31": "14.62550", "2011-12-31": "10.28290", "2011-09-30": "9.64030", "2011-06-30": "10.41220", "2011-03-31": "9.76860", "2010-12-31": "10.38290", "2010-09-30": "14.63110", "2010-06-30": "13.74270", "2010-03-31": "9.27350", "2009-12-31": "8.52090", "2009-09-30": "9.08450", "2009-06-30": "13.66820", "2009-03-31": "14.27540", "2008-12-31": "9.22480", "2008-09-30": "15.76010", "2008-06-30": "12.36870", "2008-03-31": "9.40950", "2007-12-31": "11.40720", "2007-09-30": "10.17910", "2007-06-30": "14.03570", "2007-03-31": "10.57890", "2006-12-31": "27.79650", "2006-09-30": "12.27680", "2006-06-30": "17.59900", "2006-03-31": "13.12550", "2005-12-31": "9.37980", "2005-09-30": "9.71230", "2005-06-30": "17.97770", "2005-03-31": "10.01530"}, "ROE - Return On Equity": {"2020-09-30": "2.18630", "2020-06-30": "4.77510", "2020-03-31": "0.19450", "2019-12-31": "1.59570", "2019-09-30": "0.77390", "2019-06-30": "4.01700", "2019-03-31": "4.46110", "2018-12-31": "2.18830", "2018-09-30": "0.14880", "2018-06-30": "2.79520", "2018-03-31": "4.45910", "2017-12-31": "3.24880", "2017-09-30": "3.02120", "2017-06-30": "3.94240", "2017-03-31": "2.16960", "2016-12-31": "4.33240", "2016-09-30": "2.60310", "2016-06-30": "3.06860", "2016-03-31": "-0.26370", "2015-12-31": "5.16610", "2015-09-30": "4.53000", "2015-06-30": "4.53610", "2015-03-31": "3.53840", "2014-12-31": "5.96670", "2014-09-30": "4.75310", "2014-06-30": "3.09570", "2014-03-31": "2.32040", "2013-12-31": "4.00400", "2013-09-30": "4.20780", "2013-06-30": "3.54780", "2013-03-31": "2.28560", "2012-12-31": "9.63900", "2012-09-30": "0.03080", "2012-06-30": "-4.09630", "2012-03-31": "2.30850", "2011-12-31": "4.11820", "2011-09-30": "3.12060", "2011-06-30": "3.22450", "2011-03-31": "2.74580", "2010-12-31": "3.31020", "2010-09-30": "2.85350", "2010-06-30": "3.17360", "2010-03-31": "2.71240", "2009-12-31": "3.84210", "2009-09-30": "4.25950", "2009-06-30": "3.40230", "2009-03-31": "3.58380", "2008-12-31": "4.64140", "2008-09-30": "3.78980", "2008-06-30": "3.88960", "2008-03-31": "5.62520", "2007-12-31": "0.67560", "2007-09-30": "4.02990", "2007-06-30": "2.60210", "2007-03-31": "3.13890", "2006-12-31": "22.99530", "2006-09-30": "-23.27290", "2006-06-30": "1.32740", "2006-03-31": "2.40660", "2005-12-31": "3.93870", "2005-09-30": "3.63290", "2005-06-30": "4.78450", "2005-03-31": "4.96930"}, "Return On Tangible Equity": {"2020-09-30": "-225.09960", "2020-06-30": "-124.68880", "2020-03-31": "-1.73000", "2019-12-31": "5.41120", "2019-09-30": "2.78500", "2019-06-30": "16.62720", "2019-03-31": "21.22700", "2018-12-31": "13.70100", "2018-09-30": "1.04990", "2018-06-30": "8.93340", "2018-03-31": "44.12530", "2017-12-31": "31.10180", "2017-09-30": "39.18130", "2017-06-30": "117.75700", "2017-03-31": "-100.00000", "2016-12-31": "-73.56320", "2016-09-30": "-26.04900", "2016-06-30": "-21.90720", "2016-03-31": "1.79720", "2015-12-31": "11.26760", "2015-09-30": "8.91660", "2015-06-30": "8.97040", "2015-03-31": "7.06520", "2014-12-31": "11.96780", "2014-09-30": "10.25380", "2014-06-30": "6.03690", "2014-03-31": "4.85660", "2013-12-31": "5.88300", "2013-09-30": "6.33620", "2013-06-30": "5.49010", "2013-03-31": "3.17150", "2012-12-31": "13.57540", "2012-09-30": "0.04340", "2012-06-30": "-5.80260", "2012-03-31": "3.36850", "2011-12-31": "6.15050", "2011-09-30": "4.75510", "2011-06-30": "5.02940", "2011-03-31": "4.34490", "2010-12-31": "5.38560", "2010-09-30": "4.31550", "2010-06-30": "4.84600", "2010-03-31": "4.39470", "2009-12-31": "6.39140", "2009-09-30": "7.20550", "2009-06-30": "5.78300", "2009-03-31": "6.40030", "2008-12-31": "7.26340", "2008-09-30": "6.22640", "2008-06-30": "5.83300", "2008-03-31": "8.60930", "2007-12-31": "1.05870", "2007-09-30": "6.29430", "2007-06-30": "4.23530", "2007-03-31": "5.20120", "2006-12-31": "41.47370", "2006-09-30": "-46.09840", "2006-06-30": "3.58590", "2006-03-31": "5.92610", "2005-12-31": "7.81610", "2005-09-30": "7.94160", "2005-06-30": "8.80080", "2005-03-31": "8.26890"}, "ROA - Return On Assets": {"2020-09-30": "0.82650", "2020-06-30": "1.75870", "2020-03-31": "0.06920", "2019-12-31": "0.49280", "2019-09-30": "0.28030", "2019-06-30": "1.43160", "2019-03-31": "1.54610", "2018-12-31": "0.77990", "2018-09-30": "0.05140", "2018-06-30": "1.04030", "2018-03-31": "1.34290", "2017-12-31": "1.02040", "2017-09-30": "0.91360", "2017-06-30": "1.15380", "2017-03-31": "0.61790", "2016-12-31": "1.26750", "2016-09-30": "0.75890", "2016-06-30": "0.87200", "2016-03-31": "-0.07510", "2015-12-31": "1.52610", "2015-09-30": "1.27010", "2015-06-30": "1.25320", "2015-03-31": "0.97070", "2014-12-31": "1.78570", "2014-09-30": "1.43220", "2014-06-30": "0.98240", "2014-03-31": "0.74220", "2013-12-31": "1.41030", "2013-09-30": "1.58860", "2013-06-30": "1.30750", "2013-03-31": "0.78100", "2012-12-31": "3.31420", "2012-09-30": "0.01100", "2012-06-30": "-1.58530", "2012-03-31": "0.99000", "2011-12-31": "1.76060", "2011-09-30": "1.38470", "2011-06-30": "1.39590", "2011-03-31": "1.13910", "2010-12-31": "1.35730", "2010-09-30": "1.27790", "2010-06-30": "1.42640", "2010-03-31": "1.17470", "2009-12-31": "1.39800", "2009-09-30": "1.54560", "2009-06-30": "1.25480", "2009-03-31": "1.26830", "2008-12-31": "1.60330", "2008-09-30": "1.33270", "2008-06-30": "1.47180", "2008-03-31": "2.18850", "2007-12-31": "0.25000", "2007-09-30": "1.51570", "2007-06-30": "0.96900", "2007-03-31": "1.19390", "2006-12-31": "8.38700", "2006-09-30": "-8.74780", "2006-06-30": "0.61970", "2006-03-31": "1.18810", "2005-12-31": "2.07570", "2005-09-30": "1.89270", "2005-06-30": "2.65460", "2005-03-31": "2.56980"}, "ROI - Return On Investment": {"2020-09-30": "1.32690", "2020-06-30": "2.87010", "2020-03-31": "0.11270", "2019-12-31": "0.76810", "2019-09-30": "0.49540", "2019-06-30": "2.54990", "2019-03-31": "2.81930", "2018-12-31": "1.36460", "2018-09-30": "0.09340", "2018-06-30": "1.76170", "2018-03-31": "2.65060", "2017-12-31": "1.92920", "2017-09-30": "1.76780", "2017-06-30": "2.26860", "2017-03-31": "1.23050", "2016-12-31": "2.42420", "2016-09-30": "1.57370", "2016-06-30": "1.85000", "2016-03-31": "-0.14610", "2015-12-31": "3.30970", "2015-09-30": "2.79360", "2015-06-30": "2.85810", "2015-03-31": "2.19590", "2014-12-31": "3.97400", "2014-09-30": "3.01070", "2014-06-30": "1.94020", "2014-03-31": "1.47770", "2013-12-31": "2.60710", "2013-09-30": "2.92810", "2013-06-30": "2.38310", "2013-03-31": "1.48410", "2012-12-31": "6.17320", "2012-09-30": "0.02190", "2012-06-30": "-2.86910", "2012-03-31": "1.70420", "2011-12-31": "3.00160", "2011-09-30": "2.25310", "2011-06-30": "2.32550", "2011-03-31": "2.01350", "2010-12-31": "2.34550", "2010-09-30": "2.14910", "2010-06-30": "2.39800", "2010-03-31": "2.07110", "2009-12-31": "2.56870", "2009-09-30": "2.90480", "2009-06-30": "2.27860", "2009-03-31": "2.40400", "2008-12-31": "3.03770", "2008-09-30": "2.48860", "2008-06-30": "2.62400", "2008-03-31": "3.78320", "2007-12-31": "0.45120", "2007-09-30": "2.70040", "2007-06-30": "1.72110", "2007-03-31": "2.03500", "2006-12-31": "14.98040", "2006-09-30": "-15.00910", "2006-06-30": "0.92200", "2006-03-31": "1.77020", "2005-12-31": "3.11950", "2005-09-30": "2.87630", "2005-06-30": "4.10530", "2005-03-31": "4.32960"}, "Book Value Per Share": {"2020-09-30": "44.57800", "2020-06-30": "43.44910", "2020-03-31": "40.84800", "2019-12-31": "30.50010", "2019-09-30": "29.97880", "2019-06-30": "29.61840", "2019-03-31": "28.14870", "2018-12-31": "26.69960", "2018-09-30": "26.17430", "2018-06-30": "26.05890", "2018-03-31": "21.43730", "2017-12-31": "19.78820", "2017-09-30": "19.27670", "2017-06-30": "18.53110", "2017-03-31": "17.65820", "2016-12-31": "17.18540", "2016-09-30": "16.75050", "2016-06-30": "16.23180", "2016-03-31": "15.57360", "2015-12-31": "9.00760", "2015-09-30": "8.61140", "2015-06-30": "8.14520", "2015-03-31": "7.72580", "2014-12-31": "7.35860", "2014-09-30": "6.99310", "2014-06-30": "6.42290", "2014-03-31": "6.16650", "2013-12-31": "5.61740", "2013-09-30": "5.40960", "2013-06-30": "5.13600", "2013-03-31": "4.70580", "2012-12-31": "4.55660", "2012-09-30": "4.63400", "2012-06-30": "4.59680", "2012-03-31": "4.75690", "2011-12-31": "4.60250", "2011-09-30": "4.48660", "2011-06-30": "4.32600", "2011-03-31": "4.15890", "2010-12-31": "4.01600", "2010-09-30": "4.07950", "2010-06-30": "3.95830", "2010-03-31": "3.82030", "2009-12-31": "3.58640", "2009-09-30": "3.26670", "2009-06-30": "3.22540", "2009-03-31": "3.18310", "2008-12-31": "2.78050", "2008-09-30": "2.76630", "2008-06-30": "2.65690", "2008-03-31": "2.55180", "2007-12-31": "2.37620", "2007-09-30": "2.34820", "2007-06-30": "2.23890", "2007-03-31": "2.12590", "2006-12-31": "1.88160", "2006-09-30": "1.77160", "2006-06-30": "2.16450", "2006-03-31": "2.11420", "2005-12-31": "2.04740", "2005-09-30": "1.95350", "2005-06-30": "1.87570", "2005-03-31": "1.73500"}, "Operating Cash Flow Per Share": {"2020-09-30": -1.6239, "2020-06-30": 6.3479, "2020-03-31": "-0.43470", "2019-12-31": -1.554, "2019-09-30": -0.2393, "2019-06-30": 2.1856, "2019-03-31": "3.13520", "2018-12-31": -1.3612, "2018-09-30": 1.1487, "2018-06-30": -1.8853, "2018-03-31": "5.19440", "2017-12-31": 1.2769, "2017-09-30": 0.2666, "2017-06-30": -0.879, "2017-03-31": "3.54880", "2016-12-31": 4.9062, "2016-09-30": 1.3756, "2016-06-30": -1.4183, "2016-03-31": "0.78060", "2015-12-31": 0.8177, "2015-09-30": 0.2496, "2015-06-30": 1.4225, "2015-03-31": "0.18360", "2014-12-31": 1.5664, "2014-09-30": 1.7894, "2014-06-30": 0.6635, "2014-03-31": "1.06130", "2013-12-31": 0.7684, "2013-09-30": 0.572, "2013-06-30": 0.1594, "2013-03-31": "0.19810", "2012-12-31": -0.1292, "2012-09-30": 1.4757, "2012-06-30": 0.102, "2012-03-31": "-0.15000", "2011-12-31": 0.8208, "2011-09-30": 0.1728, "2011-06-30": -0.2003, "2011-03-31": "0.45350", "2010-12-31": 0.9633, "2010-09-30": 0.3568, "2010-06-30": -0.2855, "2010-03-31": "-0.19740", "2009-12-31": 0.4012, "2009-09-30": 0.6479, "2009-06-30": 0.2187, "2009-03-31": "0.13230", "2008-12-31": 0.5396, "2008-09-30": 0.2209, "2008-06-30": 0.3401, "2008-03-31": "0.14930", "2007-12-31": 0.2051, "2007-09-30": 0.5889, "2007-06-30": 0.1338, "2007-03-31": "0.20020", "2006-12-31": 0.3724, "2006-09-30": 0.64, "2006-06-30": 0.0283, "2006-03-31": "0.05220", "2005-12-31": 0.1651, "2005-09-30": 0.287, "2005-06-30": -0.1498, "2005-03-31": "0.11080"}, "Free Cash Flow Per Share": {"2020-09-30": -2.0502, "2020-06-30": 5.9672, "2020-03-31": "-0.75530", "2019-12-31": -2.0283, "2019-09-30": -0.7008, "2019-06-30": 1.8043, "2019-03-31": "2.71590", "2018-12-31": -1.8881, "2018-09-30": 0.8892, "2018-06-30": -2.1794, "2018-03-31": "4.58100", "2017-12-31": 0.9335, "2017-09-30": -0.0711, "2017-06-30": -1.1559, "2017-03-31": "3.31270", "2016-12-31": 4.5743, "2016-09-30": 1.0433, "2016-06-30": -1.5079, "2016-03-31": "0.60140", "2015-12-31": 0.6183, "2015-09-30": 0.0753, "2015-06-30": 1.2969, "2015-03-31": "0.07340", "2014-12-31": 1.4227, "2014-09-30": 1.681, "2014-06-30": 0.5635, "2014-03-31": "0.98550", "2013-12-31": 0.6698, "2013-09-30": 0.5011, "2013-06-30": 0.0757, "2013-03-31": "0.14900", "2012-12-31": -0.1828, "2012-09-30": 1.4265, "2012-06-30": 1.0855, "2012-03-31": "-1.41230", "2011-12-31": 0.7401, "2011-09-30": 0.0696, "2011-06-30": -0.2862, "2011-03-31": "0.37210", "2010-12-31": 0.827, "2010-09-30": 0.2181, "2010-06-30": -0.4797, "2010-03-31": "-0.31580", "2009-12-31": 0.1734, "2009-09-30": 0.5755, "2009-06-30": 0.1131, "2009-03-31": "0.06930", "2008-12-31": 0.468, "2008-09-30": 0.1209, "2008-06-30": 0.2559, "2008-03-31": "0.03820", "2007-12-31": 0.1383, "2007-09-30": 0.5186, "2007-06-30": 0.0524, "2007-03-31": "0.11790", "2006-12-31": 0.3189, "2006-09-30": 0.5423, "2006-06-30": -0.0235, "2006-03-31": "-0.02680", "2005-12-31": 0.108, "2005-09-30": 0.2426, "2005-06-30": -0.1779, "2005-03-31": "0.09030"}}, "revenue": {"Centene Annual Revenue (Millions of US $)": {"2019": "$74,639", "2018": "$60,116", "2017": "$48,382", "2016": "$40,607", "2015": "$22,760", "2014": "$16,560", "2013": "$10,863", "2012": "$8,110", "2011": "$5,211", "2010": "$4,448", "2009": "$4,103", "2008": "$3,365", "2007": "$2,769", "2006": "$1,822", "2005": "$1,232"}, "Centene Quarterly Revenue (Millions of US $)": {"2020-09-30": "$29,090", "2020-06-30": "$27,712", "2020-03-31": "$26,025", "2019-12-31": "$18,863", "2019-09-30": "$18,976", "2019-06-30": "$18,356", "2019-03-31": "$18,444", "2018-12-31": "$16,559", "2018-09-30": "$16,182", "2018-06-30": "$14,181", "2018-03-31": "$13,194", "2017-12-31": "$12,806", "2017-09-30": "$11,898", "2017-06-30": "$11,954", "2017-03-31": "$11,724", "2016-12-31": "$11,911", "2016-09-30": "$10,846", "2016-06-30": "$10,897", "2016-03-31": "$6,953", "2015-12-31": "$6,302", "2015-09-30": "$5,821", "2015-06-30": "$5,506", "2015-03-31": "$5,131", "2014-12-31": "$4,724", "2014-09-30": "$4,352", "2014-06-30": "$4,024", "2014-03-31": "$3,460", "2013-12-31": "$2,931", "2013-09-30": "$2,796", "2013-06-30": "$2,611", "2013-03-31": "$2,525", "2012-12-31": "$1,839", "2012-09-30": "$2,448", "2012-06-30": "$2,111", "2012-03-31": "$1,712", "2011-12-31": "$1,378", "2011-09-30": "$1,302", "2011-06-30": "$1,315", "2011-03-31": "$1,216", "2010-12-31": "$1,181", "2010-09-30": "$1,122", "2010-06-30": "$1,077", "2010-03-31": "$1,069", "2009-12-31": "$1,093", "2009-09-30": "$1,038", "2009-06-30": "$1,039", "2009-03-31": "$932", "2008-12-31": "$903", "2008-09-30": "$859", "2008-06-30": "$824", "2008-03-31": "$779", "2007-12-31": "$627", "2007-09-30": "$750", "2007-06-30": "$728", "2007-03-31": "$664", "2006-12-31": "$241", "2006-09-30": "$631", "2006-06-30": "$495", "2006-03-31": "$455", "2005-12-31": "$423", "2005-09-30": "$401", "2005-06-30": "$350", "2005-03-31": "$332"}}, "gross-profit": {"Centene Annual Gross Profit (Millions of US $)": {"2019": "$8,843", "2018": "$8,421", "2017": "$5,801", "2016": "$5,544", "2015": "$2,746", "2014": "$1,904", "2013": "$1,208", "2012": "$813", "2011": "$782", "2010": "$635", "2009": "$586", "2008": "$576", "2007": "$440", "2006": "$290", "2005": "$225"}, "Centene Quarterly Gross Profit (Millions of US $)": {"2020-09-30": "$3,908", "2020-06-30": "$4,849", "2020-03-31": "$3,155", "2019-12-31": "$2,074", "2019-09-30": "$2,129", "2019-06-30": "$2,281", "2019-03-31": "$2,359", "2018-12-31": "$2,183", "2018-09-30": "$2,218", "2018-06-30": "$1,954", "2018-03-31": "$2,066", "2017-12-31": "$1,480", "2017-09-30": "$1,408", "2017-06-30": "$1,542", "2017-03-31": "$1,371", "2016-12-31": "$1,766", "2016-09-30": "$1,454", "2016-06-30": "$1,499", "2016-03-31": "$825", "2015-12-31": "$791", "2015-09-30": "$701", "2015-06-30": "$667", "2015-03-31": "$587", "2014-12-31": "$588", "2014-09-30": "$474", "2014-06-30": "$445", "2014-03-31": "$397", "2013-12-31": "$340", "2013-09-30": "$333", "2013-06-30": "$292", "2013-03-31": "$243", "2012-12-31": "$313", "2012-09-30": "$153", "2012-06-30": "$149", "2012-03-31": "$197", "2011-12-31": "$212", "2011-09-30": "$191", "2011-06-30": "$198", "2011-03-31": "$180", "2010-12-31": "$122", "2010-09-30": "$172", "2010-06-30": "$175", "2010-03-31": "$165", "2009-12-31": "$104", "2009-09-30": "$168", "2009-06-30": "$161", "2009-03-31": "$153", "2008-12-31": "$157", "2008-09-30": "$151", "2008-06-30": "$137", "2008-03-31": "$132", "2007-12-31": "$98", "2007-09-30": "$124", "2007-06-30": "$116", "2007-03-31": "$102", "2006-12-31": "$17", "2006-09-30": "$115", "2006-06-30": "$81", "2006-03-31": "$78", "2005-12-31": "$75", "2005-09-30": "$68", "2005-06-30": "$67", "2005-03-31": "$64"}}, "operating-income": {"Centene Annual Operating Income (Millions of US $)": {"2019": "$1,781", "2018": "$1,458", "2017": "$1,199", "2016": "$1,263", "2015": "$705", "2014": "$464", "2013": "$277", "2012": "$108", "2011": "$204", "2010": "$157", "2009": "$138", "2008": "$132", "2007": "$55", "2006": "$22", "2005": "$52"}, "Centene Quarterly Operating Income (Millions of US $)": {"2020-09-30": "$861", "2020-06-30": "$2,018", "2020-03-31": "$188", "2019-12-31": "$277", "2019-09-30": "$176", "2019-06-30": "$643", "2019-03-31": "$685", "2018-12-31": "$388", "2018-09-30": "$41", "2018-06-30": "$489", "2018-03-31": "$540", "2017-12-31": "$181", "2017-09-30": "$340", "2017-06-30": "$438", "2017-03-31": "$240", "2016-12-31": "$524", "2016-09-30": "$342", "2016-06-30": "$377", "2016-03-31": "$20", "2015-12-31": "$220", "2015-09-30": "$183", "2015-06-30": "$173", "2015-03-31": "$129", "2014-12-31": "$193", "2014-09-30": "$108", "2014-06-30": "$93", "2014-03-31": "$70", "2013-12-31": "$85", "2013-09-30": "$84", "2013-06-30": "$69", "2013-03-31": "$40", "2012-12-31": "$148", "2012-09-30": "$-28", "2012-06-30": "$-47", "2012-03-31": "$34", "2011-12-31": "$61", "2011-09-30": "$49", "2011-06-30": "$55", "2011-03-31": "$39", "2010-12-31": "$46", "2010-09-30": "$40", "2010-06-30": "$42", "2010-03-31": "$30", "2009-12-31": "$38", "2009-09-30": "$38", "2009-06-30": "$31", "2009-03-31": "$31", "2008-12-31": "$35", "2008-09-30": "$32", "2008-06-30": "$28", "2008-03-31": "$36", "2007-12-31": "$1", "2007-09-30": "$24", "2007-06-30": "$14", "2007-03-31": "$16", "2006-12-31": "$70", "2006-09-30": "$-67", "2006-06-30": "$6", "2006-03-31": "$13", "2005-12-31": "$20", "2005-09-30": "$15", "2005-06-30": "$22", "2005-03-31": "$21"}}, "ebitda": {"Centene Annual EBITDA (Millions of US $)": {"2019": "$2,695", "2018": "$1,953", "2017": "$1,560", "2016": "$1,541", "2015": "$854", "2014": "$553", "2013": "$344", "2012": "$174", "2011": "$262", "2010": "$209", "2009": "$182", "2008": "$167", "2007": "$83", "2006": "$43", "2005": "$65"}, "Centene Quarterly EBITDA (Millions of US $)": {"2020-09-30": "$1,159", "2020-06-30": "$2,348", "2020-03-31": "$476", "2019-12-31": "$716", "2019-09-30": "$338", "2019-06-30": "$801", "2019-03-31": "$840", "2018-12-31": "$529", "2018-09-30": "$180", "2018-06-30": "$600", "2018-03-31": "$644", "2017-12-31": "$278", "2017-09-30": "$431", "2017-06-30": "$525", "2017-03-31": "$326", "2016-12-31": "$613", "2016-09-30": "$420", "2016-06-30": "$453", "2016-03-31": "$55", "2015-12-31": "$259", "2015-09-30": "$240", "2015-06-30": "$199", "2015-03-31": "$156", "2014-12-31": "$217", "2014-09-30": "$131", "2014-06-30": "$115", "2014-03-31": "$90", "2013-12-31": "$101", "2013-09-30": "$101", "2013-06-30": "$86", "2013-03-31": "$55", "2012-12-31": "$164", "2012-09-30": "$-11", "2012-06-30": "$-30", "2012-03-31": "$51", "2011-12-31": "$76", "2011-09-30": "$63", "2011-06-30": "$70", "2011-03-31": "$53", "2010-12-31": "$59", "2010-09-30": "$54", "2010-06-30": "$54", "2010-03-31": "$42", "2009-12-31": "$51", "2009-09-30": "$48", "2009-06-30": "$42", "2009-03-31": "$41", "2008-12-31": "$45", "2008-09-30": "$42", "2008-06-30": "$36", "2008-03-31": "$44", "2007-12-31": "$9", "2007-09-30": "$31", "2007-06-30": "$21", "2007-03-31": "$22", "2006-12-31": "$75", "2006-09-30": "$-61", "2006-06-30": "$11", "2006-03-31": "$17", "2005-12-31": "$24", "2005-09-30": "$19", "2005-06-30": "$25", "2005-03-31": "$24"}}, "net-income": {"Centene Annual Net Income (Millions of US $)": {"2019": "$1,321", "2018": "$900", "2017": "$828", "2016": "$562", "2015": "$355", "2014": "$271", "2013": "$165", "2012": "$2", "2011": "$111", "2010": "$95", "2009": "$84", "2008": "$83", "2007": "$73", "2006": "$-44", "2005": "$56"}, "Centene Quarterly Net Income (Millions of US $)": {"2020-09-30": "$568", "2020-06-30": "$1,206", "2020-03-31": "$46", "2019-12-31": "$209", "2019-09-30": "$95", "2019-06-30": "$495", "2019-03-31": "$522", "2018-12-31": "$241", "2018-09-30": "$19", "2018-06-30": "$300", "2018-03-31": "$340", "2017-12-31": "$230", "2017-09-30": "$205", "2017-06-30": "$254", "2017-03-31": "$139", "2016-12-31": "$261", "2016-09-30": "$147", "2016-06-30": "$170", "2016-03-31": "$-16", "2015-12-31": "$111", "2015-09-30": "$93", "2015-06-30": "$88", "2015-03-31": "$63", "2014-12-31": "$107", "2014-09-30": "$82", "2014-06-30": "$49", "2014-03-31": "$33", "2013-12-31": "$53", "2013-09-30": "$49", "2013-06-30": "$39", "2013-03-31": "$23", "2012-12-31": "$9", "2012-09-30": "$4", "2012-06-30": "$-35", "2012-03-31": "$24", "2011-12-31": "$30", "2011-09-30": "$29", "2011-06-30": "$28", "2011-03-31": "$24", "2010-12-31": "$25", "2010-09-30": "$23", "2010-06-30": "$23", "2010-03-31": "$24", "2009-12-31": "$24", "2009-09-30": "$21", "2009-06-30": "$20", "2009-03-31": "$18", "2008-12-31": "$21", "2008-09-30": "$18", "2008-06-30": "$18", "2008-03-31": "$26", "2007-12-31": "$1", "2007-09-30": "$16", "2007-06-30": "$18", "2007-03-31": "$38", "2006-12-31": "$14", "2006-09-30": "$-71", "2006-06-30": "$5", "2006-03-31": "$9", "2005-12-31": "$14", "2005-09-30": "$12", "2005-06-30": "$15", "2005-03-31": "$14"}}, "eps-earnings-per-share-diluted": {"Centene Annual EPS": {"2019": "$3.14", "2018": "$2.26", "2017": "$2.34", "2016": "$1.71", "2015": "$1.44", "2014": "$1.13", "2013": "$0.74", "2012": "$0.01", "2011": "$0.53", "2010": "$0.47", "2009": "$0.47", "2008": "$0.47", "2007": "$0.41", "2006": "$-0.25", "2005": "$0.31"}, "Centene Quarterly EPS": {"2020-09-30": "$0.97", "2020-06-30": "$2.05", "2020-03-31": "$0.08", "2019-12-31": "$0.49", "2019-09-30": "$0.23", "2019-06-30": "$1.18", "2019-03-31": "$1.24", "2018-12-31": "$0.50", "2018-09-30": "$0.05", "2018-06-30": "$0.75", "2018-03-31": "$0.96", "2017-12-31": "$0.65", "2017-09-30": "$0.58", "2017-06-30": "$0.72", "2017-03-31": "$0.40", "2016-12-31": "$0.87", "2016-09-30": "$0.42", "2016-06-30": "$0.49", "2016-03-31": "$-0.07", "2015-12-31": "$0.45", "2015-09-30": "$0.38", "2015-06-30": "$0.36", "2015-03-31": "$0.26", "2014-12-31": "$0.44", "2014-09-30": "$0.34", "2014-06-30": "$0.21", "2014-03-31": "$0.14", "2013-12-31": "$0.24", "2013-09-30": "$0.22", "2013-06-30": "$0.18", "2013-03-31": "$0.11", "2012-12-31": "$0.05", "2012-09-30": "$0.02", "2012-06-30": "$-0.17", "2012-03-31": "$0.11", "2011-12-31": "$0.14", "2011-09-30": "$0.14", "2011-06-30": "$0.14", "2011-03-31": "$0.12", "2010-12-31": "$0.13", "2010-09-30": "$0.11", "2010-06-30": "$0.11", "2010-03-31": "$0.12", "2009-12-31": "$0.13", "2009-09-30": "$0.12", "2009-06-30": "$0.12", "2009-03-31": "$0.11", "2008-12-31": "$0.12", "2008-09-30": "$0.10", "2008-06-30": "$0.10", "2008-03-31": "$0.14", "2007-12-31": "$0.01", "2007-09-30": "$0.09", "2007-06-30": "$0.10", "2007-03-31": "$0.21", "2006-12-31": "$0.08", "2006-09-30": "$-0.41", "2006-06-30": "$0.03", "2006-03-31": "$0.05", "2005-12-31": "$0.08", "2005-09-30": "$0.07", "2005-06-30": "$0.09", "2005-03-31": "$0.08"}}, "shares-outstanding": {"Centene Annual Shares Outstanding (Millions of Shares)": {"2019": "420", "2018": "399", "2017": "353", "2016": "328", "2015": "246", "2014": "241", "2013": "225", "2012": "215", "2011": "210", "2010": "202", "2009": "177", "2008": "178", "2007": "179", "2006": "178", "2005": "180"}, "Centene Quarterly Shares Outstanding (Millions of Shares)": {"2020-09-30": "588", "2020-06-30": "587", "2020-03-31": "552", "2019-12-31": "420", "2019-09-30": "420", "2019-06-30": "420", "2019-03-31": "420", "2018-12-31": "399", "2018-09-30": "419", "2018-06-30": "399", "2018-03-31": "355", "2017-12-31": "353", "2017-09-30": "354", "2017-06-30": "353", "2017-03-31": "352", "2016-12-31": "328", "2016-09-30": "351", "2016-06-30": "350", "2016-03-31": "251", "2015-12-31": "246", "2015-09-30": "246", "2015-06-30": "246", "2015-03-31": "245", "2014-12-31": "241", "2014-09-30": "243", "2014-06-30": "239", "2014-03-31": "237", "2013-12-31": "225", "2013-09-30": "228", "2013-06-30": "226", "2013-03-31": "217", "2012-12-31": "215", "2012-09-30": "215", "2012-06-30": "206", "2012-03-31": "214", "2011-12-31": "210", "2011-09-30": "210", "2011-06-30": "210", "2011-03-31": "207", "2010-12-31": "202", "2010-09-30": "204", "2010-06-30": "203", "2010-03-31": "195", "2009-12-31": "177", "2009-09-30": "177", "2009-06-30": "177", "2009-03-31": "177", "2008-12-31": "178", "2008-09-30": "178", "2008-06-30": "177", "2008-03-31": "179", "2007-12-31": "179", "2007-09-30": "179", "2007-06-30": "179", "2007-03-31": "180", "2006-12-31": "178", "2006-09-30": "173", "2006-06-30": "179", "2006-03-31": "179", "2005-12-31": "179", "2005-09-30": "181", "2005-06-30": "180", "2005-03-31": "179"}}, "total-assets": {"Centene Annual Total Assets (Millions of US $)": {"2019": "$40,994", "2018": "$30,901", "2017": "$21,855", "2016": "$20,197", "2015": "$7,339", "2014": "$5,824", "2013": "$3,529", "2012": "$2,774", "2011": "$2,190", "2010": "$1,944", "2009": "$1,702", "2008": "$1,451", "2007": "$1,122", "2006": "$895", "2005": "$668"}, "Centene Quarterly Total Assets (Millions of US $)": {"2020-09-30": "$68,364", "2020-06-30": "$68,347", "2020-03-31": "$66,431", "2019-12-31": "$40,994", "2019-09-30": "$34,252", "2019-06-30": "$34,368", "2019-03-31": "$33,569", "2018-12-31": "$30,901", "2018-09-30": "$31,157", "2018-06-30": "$28,743", "2018-03-31": "$25,170", "2017-12-31": "$21,855", "2017-09-30": "$22,000", "2017-06-30": "$21,840", "2017-03-31": "$21,362", "2016-12-31": "$20,197", "2016-09-30": "$19,634", "2016-06-30": "$19,496", "2016-03-31": "$18,652", "2015-12-31": "$7,339", "2015-09-30": "$7,322", "2015-06-30": "$7,022", "2015-03-31": "$6,696", "2014-12-31": "$5,824", "2014-09-30": "$5,446", "2014-06-30": "$4,683", "2014-03-31": "$4,446", "2013-12-31": "$3,529", "2013-09-30": "$3,139", "2013-06-30": "$3,045", "2013-03-31": "$2,887", "2012-12-31": "$2,774", "2012-09-30": "$2,691", "2012-06-30": "$2,450", "2012-03-31": "$2,283", "2011-12-31": "$2,190", "2011-09-30": "$2,037", "2011-06-30": "$2,010", "2011-03-31": "$2,004", "2010-12-31": "$1,944", "2010-09-30": "$1,795", "2010-06-30": "$1,734", "2010-03-31": "$1,731", "2009-12-31": "$1,702", "2009-09-30": "$1,635", "2009-06-30": "$1,586", "2009-03-31": "$1,553", "2008-12-31": "$1,451", "2008-09-30": "$1,358", "2008-06-30": "$1,215", "2008-03-31": "$1,139", "2007-12-31": "$1,122", "2007-09-30": "$1,086", "2007-06-30": "$1,050", "2007-03-31": "$971", "2006-12-31": "$895", "2006-09-30": "$814", "2006-06-30": "$801", "2006-03-31": "$738", "2005-12-31": "$668", "2005-09-30": "$640", "2005-06-30": "$574", "2005-03-31": "$561"}}, "cash-on-hand": {"Centene Annual Cash on Hand (Millions of US $)": {"2019": "$12,986", "2018": "$6,064", "2017": "$4,603", "2016": "$4,435", "2015": "$1,936", "2014": "$1,787", "2013": "$1,140", "2012": "$982", "2011": "$704", "2010": "$456", "2009": "$443", "2008": "$488", "2007": "$315", "2006": "$328", "2005": "$204"}, "Centene Quarterly Cash on Hand (Millions of US $)": {"2020-09-30": "$13,695", "2020-06-30": "$14,356", "2020-03-31": "$10,694", "2019-12-31": "$12,986", "2019-09-30": "$7,019", "2019-06-30": "$7,640", "2019-03-31": "$7,042", "2018-12-31": "$6,064", "2018-09-30": "$7,441", "2018-06-30": "$7,309", "2018-03-31": "$6,175", "2017-12-31": "$4,603", "2017-09-30": "$4,876", "2017-06-30": "$5,011", "2017-03-31": "$5,564", "2016-12-31": "$4,435", "2016-09-30": "$3,388", "2016-06-30": "$3,153", "2016-03-31": "$3,705", "2015-12-31": "$1,936", "2015-09-30": "$1,827", "2015-06-30": "$2,107", "2015-03-31": "$1,817", "2014-12-31": "$1,787", "2014-09-30": "$1,750", "2014-06-30": "$1,386", "2014-03-31": "$1,370", "2013-12-31": "$1,140", "2013-09-30": "$864", "2013-06-30": "$820", "2013-03-31": "$877", "2012-12-31": "$982", "2012-09-30": "$937", "2012-06-30": "$574", "2012-03-31": "$559", "2011-12-31": "$704", "2011-09-30": "$558", "2011-06-30": "$553", "2011-03-31": "$545", "2010-12-31": "$456", "2010-09-30": "$429", "2010-06-30": "$295", "2010-03-31": "$390", "2009-12-31": "$443", "2009-09-30": "$440", "2009-06-30": "$446", "2009-03-31": "$418", "2008-12-31": "$488", "2008-09-30": "$436", "2008-06-30": "$427", "2008-03-31": "$325", "2007-12-31": "$315", "2007-09-30": "$323", "2007-06-30": "$280", "2007-03-31": "$355", "2006-12-31": "$328", "2006-09-30": "$268", "2006-06-30": "$208", "2006-03-31": "$190", "2005-12-31": "$204", "2005-09-30": "$180", "2005-06-30": "$131", "2005-03-31": "$193"}}, "long-term-debt": {"Centene Annual Long Term Debt (Millions of US $)": {"2019": "$13,638", "2018": "$6,648", "2017": "$4,695", "2016": "$4,651", "2015": "$1,216", "2014": "$874", "2013": "$666", "2012": "$535", "2011": "$348", "2010": "$328", "2009": "$307", "2008": "$265", "2007": "$206", "2006": "$175", "2005": "$92"}, "Centene Quarterly Long Term Debt (Millions of US $)": {"2020-09-30": "$16,737", "2020-06-30": "$16,708", "2020-03-31": "$17,150", "2019-12-31": "$13,638", "2019-09-30": "$6,975", "2019-06-30": "$7,047", "2019-03-31": "$6,775", "2018-12-31": "$6,648", "2018-09-30": "$6,379", "2018-06-30": "$6,275", "2018-03-31": "$5,172", "2017-12-31": "$4,695", "2017-09-30": "$4,717", "2017-06-30": "$4,716", "2017-03-31": "$4,643", "2016-12-31": "$4,651", "2016-09-30": "$3,744", "2016-06-30": "$3,649", "2016-03-31": "$4,276", "2015-12-31": "$1,216", "2015-09-30": "$1,276", "2015-06-30": "$1,139", "2015-03-31": "$1,123", "2014-12-31": "$874", "2014-09-30": "$950", "2014-06-30": "$885", "2014-03-31": "$811", "2013-12-31": "$666", "2013-09-30": "$518", "2013-06-30": "$548", "2013-03-31": "$533", "2012-12-31": "$535", "2012-09-30": "$392", "2012-06-30": "$405", "2012-03-31": "$347", "2011-12-31": "$348", "2011-09-30": "$348", "2011-06-30": "$336", "2011-03-31": "$302", "2010-12-31": "$328", "2010-09-30": "$264", "2010-06-30": "$252", "2010-03-31": "$232", "2009-12-31": "$307", "2009-09-30": "$277", "2009-06-30": "$289", "2009-03-31": "$270", "2008-12-31": "$265", "2008-09-30": "$250", "2008-06-30": "$222", "2008-03-31": "$216", "2007-12-31": "$206", "2007-09-30": "$201", "2007-06-30": "$200", "2007-03-31": "$200", "2006-12-31": "$175", "2006-09-30": "$168", "2006-06-30": "$164", "2006-03-31": "$131", "2005-12-31": "$92", "2005-09-30": "$88", "2005-06-30": "$53", "2005-03-31": "$43"}}, "total-liabilities": {"Centene Annual Total Liabilities (Millions of US $)": {"2019": "$28,335", "2018": "$19,888", "2017": "$14,991", "2016": "$14,288", "2015": "$5,171", "2014": "$4,081", "2013": "$2,286", "2012": "$1,820", "2011": "$1,254", "2010": "$1,147", "2009": "$1,083", "2008": "$950", "2007": "$707", "2006": "$569", "2005": "$316"}, "Centene Quarterly Total Liabilities (Millions of US $)": {"2020-09-30": "$42,521", "2020-06-30": "$43,175", "2020-03-31": "$42,775", "2019-12-31": "$28,335", "2019-09-30": "$21,847", "2019-06-30": "$22,120", "2019-03-31": "$21,935", "2018-12-31": "$19,888", "2018-09-30": "$20,407", "2018-06-30": "$18,046", "2018-03-31": "$17,590", "2017-12-31": "$14,991", "2017-09-30": "$15,347", "2017-06-30": "$15,448", "2017-03-31": "$15,278", "2016-12-31": "$14,288", "2016-09-30": "$13,910", "2016-06-30": "$13,956", "2016-03-31": "$13,343", "2015-12-31": "$5,171", "2015-09-30": "$5,269", "2015-06-30": "$5,082", "2015-03-31": "$4,859", "2014-12-31": "$4,081", "2014-09-30": "$3,805", "2014-06-30": "$3,197", "2014-03-31": "$3,024", "2013-12-31": "$2,286", "2013-09-30": "$1,954", "2013-06-30": "$1,923", "2013-03-31": "$1,901", "2012-12-31": "$1,820", "2012-09-30": "$1,734", "2012-06-30": "$1,502", "2012-03-31": "$1,304", "2011-12-31": "$1,254", "2011-09-30": "$1,133", "2011-06-30": "$1,140", "2011-03-31": "$1,172", "2010-12-31": "$1,147", "2010-09-30": "$991", "2010-06-30": "$954", "2010-03-31": "$981", "2009-12-31": "$1,083", "2009-09-30": "$1,042", "2009-06-30": "$1,001", "2009-03-31": "$1,003", "2008-12-31": "$950", "2008-09-30": "$880", "2008-06-30": "$755", "2008-03-31": "$696", "2007-12-31": "$707", "2007-09-30": "$678", "2007-06-30": "$659", "2007-03-31": "$602", "2006-12-31": "$569", "2006-09-30": "$508", "2006-06-30": "$427", "2006-03-31": "$374", "2005-12-31": "$316", "2005-09-30": "$306", "2005-06-30": "$256", "2005-03-31": "$271"}}, "total-share-holder-equity": {"Centene Annual Share Holder Equity (Millions of US $)": {"2019": "$12,659", "2018": "$11,013", "2017": "$6,864", "2016": "$5,909", "2015": "$2,168", "2014": "$1,743", "2013": "$1,243", "2012": "$954", "2011": "$936", "2010": "$797", "2009": "$619", "2008": "$501", "2007": "$415", "2006": "$326", "2005": "$352"}, "Centene Quarterly Share Holder Equity (Millions of US $)": {"2020-09-30": "$25,843", "2020-06-30": "$25,172", "2020-03-31": "$23,656", "2019-12-31": "$12,659", "2019-09-30": "$12,405", "2019-06-30": "$12,248", "2019-03-31": "$11,634", "2018-12-31": "$11,013", "2018-09-30": "$10,750", "2018-06-30": "$10,697", "2018-03-31": "$7,580", "2017-12-31": "$6,864", "2017-09-30": "$6,653", "2017-06-30": "$6,392", "2017-03-31": "$6,084", "2016-12-31": "$5,909", "2016-09-30": "$5,724", "2016-06-30": "$5,540", "2016-03-31": "$5,309", "2015-12-31": "$2,168", "2015-09-30": "$2,053", "2015-06-30": "$1,940", "2015-03-31": "$1,837", "2014-12-31": "$1,743", "2014-09-30": "$1,641", "2014-06-30": "$1,486", "2014-03-31": "$1,422", "2013-12-31": "$1,243", "2013-09-30": "$1,185", "2013-06-30": "$1,122", "2013-03-31": "$987", "2012-12-31": "$954", "2012-09-30": "$957", "2012-06-30": "$948", "2012-03-31": "$979", "2011-12-31": "$936", "2011-09-30": "$904", "2011-06-30": "$870", "2011-03-31": "$831", "2010-12-31": "$797", "2010-09-30": "$804", "2010-06-30": "$779", "2010-03-31": "$750", "2009-12-31": "$619", "2009-09-30": "$593", "2009-06-30": "$585", "2009-03-31": "$550", "2008-12-31": "$501", "2008-09-30": "$478", "2008-06-30": "$460", "2008-03-31": "$443", "2007-12-31": "$415", "2007-09-30": "$409", "2007-06-30": "$391", "2007-03-31": "$369", "2006-12-31": "$326", "2006-09-30": "$306", "2006-06-30": "$374", "2006-03-31": "$364", "2005-12-31": "$352", "2005-09-30": "$333", "2005-06-30": "$319", "2005-03-31": "$290"}}, "profit-margins": {"current": "2%"}, "gross margin": {"2020-09-30": "13.75%", "2020-06-30": "13.33%", "2020-03-31": "11.72%", "2019-12-31": "11.85%", "2019-09-30": "12.38%", "2019-06-30": "13.00%", "2019-03-31": "13.33%", "2018-12-31": "14.01%", "2018-09-30": "13.69%", "2018-06-30": "13.26%", "2018-03-31": "13.03%", "2017-12-31": "11.99%", "2017-09-30": "12.82%", "2017-06-30": "13.21%", "2017-03-31": "13.42%", "2016-12-31": "13.65%", "2016-09-30": "13.06%", "2016-06-30": "12.73%", "2016-03-31": "12.14%", "2015-12-31": "12.07%", "2015-09-30": "12.01%", "2015-06-30": "11.75%", "2015-03-31": "11.49%", "2014-12-31": "11.50%", "2014-09-30": "11.21%", "2014-06-30": "11.47%", "2014-03-31": "11.54%", "2013-12-31": "11.12%", "2013-09-30": "12.09%", "2013-06-30": "10.62%", "2013-03-31": "9.62%", "2012-12-31": "10.01%", "2012-09-30": "9.30%", "2012-06-30": "11.52%", "2012-03-31": "13.98%", "2011-12-31": "14.99%", "2011-09-30": "13.78%", "2011-06-30": "13.90%", "2011-03-31": "14.12%", "2010-12-31": "14.25%", "2010-09-30": "14.13%", "2010-06-30": "14.31%", "2010-03-31": "14.11%", "2009-12-31": "14.29%", "2009-09-30": "16.33%", "2009-06-30": "16.66%", "2009-03-31": "17.00%", "2008-12-31": "17.15%", "2008-09-30": "16.77%", "2008-06-30": "16.48%", "2008-03-31": "16.30%", "2007-12-31": "15.89%", "2007-09-30": "15.07%", "2007-06-30": "15.46%", "2007-03-31": "15.51%", "2006-12-31": "15.97%", "2006-09-30": "17.42%", "2006-06-30": "17.02%", "2006-03-31": "17.68%", "2005-12-31": "18.19%"}, "operating margin": {"2020-09-30": "3.29%", "2020-06-30": "2.90%", "2020-03-31": "1.56%", "2019-12-31": "2.39%", "2019-09-30": "2.62%", "2019-06-30": "2.53%", "2019-03-31": "2.45%", "2018-12-31": "2.43%", "2018-09-30": "2.22%", "2018-06-30": "2.98%", "2018-03-31": "3.01%", "2017-12-31": "2.48%", "2017-09-30": "3.25%", "2017-06-30": "3.33%", "2017-03-31": "3.27%", "2016-12-31": "3.11%", "2016-09-30": "2.74%", "2016-06-30": "2.67%", "2016-03-31": "2.42%", "2015-12-31": "3.10%", "2015-09-30": "3.20%", "2015-06-30": "3.06%", "2015-03-31": "2.87%", "2014-12-31": "2.80%", "2014-09-30": "2.41%", "2014-06-30": "2.51%", "2014-03-31": "2.61%", "2013-12-31": "2.56%", "2013-09-30": "3.49%", "2013-06-30": "2.43%", "2013-03-31": "1.27%", "2012-12-31": "1.32%", "2012-09-30": "0.26%", "2012-06-30": "1.49%", "2012-03-31": "3.49%", "2011-12-31": "3.91%", "2011-09-30": "3.77%", "2011-06-30": "3.72%", "2011-03-31": "3.63%", "2010-12-31": "3.55%", "2010-09-30": "3.44%", "2010-06-30": "3.46%", "2010-03-31": "3.23%", "2009-12-31": "3.36%", "2009-09-30": "3.45%", "2009-06-30": "3.46%", "2009-03-31": "3.58%", "2008-12-31": "3.89%", "2008-09-30": "3.14%", "2008-06-30": "2.99%", "2008-03-31": "2.60%", "2007-12-31": "1.99%", "2007-09-30": "5.20%", "2007-06-30": "1.46%", "2007-03-31": "1.23%", "2006-12-31": "1.21%", "2006-09-30": "-1.40%", "2006-06-30": "3.04%", "2006-03-31": "4.30%", "2005-12-31": "5.18%"}, "ebitda margin": {"2020-09-30": "4.62%", "2020-06-30": "4.23%", "2020-03-31": "2.84%", "2019-12-31": "3.61%", "2019-09-30": "3.47%", "2019-06-30": "3.38%", "2019-03-31": "3.29%", "2018-12-31": "3.25%", "2018-09-30": "3.02%", "2018-06-30": "3.75%", "2018-03-31": "3.77%", "2017-12-31": "3.22%", "2017-09-30": "3.99%", "2017-06-30": "4.06%", "2017-03-31": "3.99%", "2016-12-31": "3.79%", "2016-09-30": "3.39%", "2016-06-30": "3.36%", "2016-03-31": "3.06%", "2015-12-31": "3.75%", "2015-09-30": "3.83%", "2015-06-30": "3.57%", "2015-03-31": "3.40%", "2014-12-31": "3.34%", "2014-09-30": "2.96%", "2014-06-30": "3.08%", "2014-03-31": "3.20%", "2013-12-31": "3.16%", "2013-09-30": "4.16%", "2013-06-30": "3.12%", "2013-03-31": "1.99%", "2012-12-31": "2.15%", "2012-09-30": "1.12%", "2012-06-30": "2.46%", "2012-03-31": "4.56%", "2011-12-31": "5.03%", "2011-09-30": "4.89%", "2011-06-30": "4.88%", "2011-03-31": "4.79%", "2010-12-31": "4.70%", "2010-09-30": "4.61%", "2010-06-30": "4.56%", "2010-03-31": "4.32%", "2009-12-31": "4.44%", "2009-09-30": "4.50%", "2009-06-30": "4.55%", "2009-03-31": "4.66%", "2008-12-31": "4.96%", "2008-09-30": "4.24%", "2008-06-30": "4.03%", "2008-03-31": "3.64%", "2007-12-31": "3.00%", "2007-09-30": "6.25%", "2007-06-30": "2.52%", "2007-03-31": "2.31%", "2006-12-31": "2.31%", "2006-09-30": "-0.45%", "2006-06-30": "4.00%", "2006-03-31": "5.22%", "2005-12-31": "6.11%"}, "pre tax profit margin": {"2020-09-30": "3.06%", "2020-06-30": "2.74%", "2020-03-31": "1.49%", "2019-12-31": "2.39%", "2019-09-30": "2.60%", "2019-06-30": "2.48%", "2019-03-31": "2.36%", "2018-12-31": "2.28%", "2018-09-30": "2.09%", "2018-06-30": "2.84%", "2018-03-31": "2.86%", "2017-12-31": "2.34%", "2017-09-30": "3.05%", "2017-06-30": "3.10%", "2017-03-31": "3.03%", "2016-12-31": "2.86%", "2016-09-30": "2.55%", "2016-06-30": "2.52%", "2016-03-31": "2.32%", "2015-12-31": "3.06%", "2015-09-30": "3.18%", "2015-06-30": "3.03%", "2015-03-31": "2.84%", "2014-12-31": "2.76%", "2014-09-30": "2.36%", "2014-06-30": "2.46%", "2014-03-31": "2.54%", "2013-12-31": "2.48%", "2013-09-30": "3.38%", "2013-06-30": "2.54%", "2013-03-31": "1.41%", "2012-12-31": "1.53%", "2012-09-30": "0.51%", "2012-06-30": "1.46%", "2012-03-31": "3.26%", "2011-12-31": "3.61%", "2011-09-30": "3.41%", "2011-06-30": "3.31%", "2011-03-31": "3.44%", "2010-12-31": "3.46%", "2010-09-30": "3.42%", "2010-06-30": "3.53%", "2010-03-31": "3.33%", "2009-12-31": "3.39%", "2009-09-30": "3.53%", "2009-06-30": "3.48%", "2009-03-31": "3.61%", "2008-12-31": "4.04%", "2008-09-30": "3.30%", "2008-06-30": "3.29%", "2008-03-31": "2.95%", "2007-12-31": "2.31%", "2007-09-30": "5.50%", "2007-06-30": "1.77%", "2007-03-31": "1.58%", "2006-12-31": "1.48%", "2006-09-30": "-1.05%", "2006-06-30": "3.44%", "2006-03-31": "4.73%", "2005-12-31": "5.71%"}, "net profit margin": {"2020-09-30": "2.00%", "2020-06-30": "1.70%", "2020-03-31": "1.03%", "2019-12-31": "1.77%", "2019-09-30": "1.87%", "2019-06-30": "1.84%", "2019-03-31": "1.66%", "2018-12-31": "1.50%", "2018-09-30": "1.58%", "2018-06-30": "2.06%", "2018-03-31": "2.06%", "2017-12-31": "1.71%", "2017-09-30": "1.81%", "2017-06-30": "1.72%", "2017-03-31": "1.58%", "2016-12-31": "1.38%", "2016-09-30": "1.18%", "2016-06-30": "1.19%", "2016-03-31": "1.12%", "2015-12-31": "1.56%", "2015-09-30": "1.66%", "2015-06-30": "1.72%", "2015-03-31": "1.65%", "2014-12-31": "1.64%", "2014-09-30": "1.47%", "2014-06-30": "1.39%", "2014-03-31": "1.47%", "2013-12-31": "1.51%", "2013-09-30": "1.23%", "2013-06-30": "0.80%", "2013-03-31": "0.01%", "2012-12-31": "0.02%", "2012-09-30": "0.30%", "2012-06-30": "0.74%", "2012-03-31": "1.94%", "2011-12-31": "2.13%", "2011-09-30": "2.11%", "2011-06-30": "2.07%", "2011-03-31": "2.07%", "2010-12-31": "2.14%", "2010-09-30": "2.16%", "2010-06-30": "2.15%", "2010-03-31": "2.10%", "2009-12-31": "2.02%", "2009-09-30": "2.04%", "2009-06-30": "2.06%", "2009-03-31": "2.13%", "2008-12-31": "2.47%", "2008-09-30": "2.04%", "2008-06-30": "2.05%", "2008-03-31": "2.12%", "2007-12-31": "2.64%", "2007-09-30": "3.61%", "2007-06-30": "-0.04%", "2007-03-31": "-0.69%", "2006-12-31": "-2.36%", "2006-09-30": "-2.15%", "2006-06-30": "2.25%", "2006-03-31": "3.07%", "2005-12-31": "3.65%"}, "pe ratio": {"current": "11.22", "2021-02-05": "16.40", "2020-09-30": "16.25", "2020-06-30": "22.30", "2020-03-31": "30.01", "2019-12-31": "20.02", "2019-09-30": "13.41", "2019-06-30": "17.25", "2019-03-31": "20.34", "2018-12-31": "24.80", "2018-09-30": "30.16", "2018-06-30": "20.99", "2018-03-31": "18.39", "2017-12-31": "21.51", "2017-09-30": "19.83", "2017-06-30": "17.56", "2017-03-31": "17.47", "2016-12-31": "17.94", "2016-09-30": "26.16", "2016-06-30": "28.66", "2016-03-31": "27.49", "2015-12-31": "22.77", "2015-09-30": "18.90", "2015-06-30": "28.82", "2015-03-31": "28.50", "2014-12-31": "23.08", "2014-09-30": "22.54", "2014-06-30": "23.78", "2014-03-31": "20.34", "2013-12-31": "20.19", "2013-09-30": "29.61", "2013-06-30": "38.57", "2013-03-31": "0.00", "2012-12-31": "0.00", "2012-09-30": "91.24", "2012-06-30": "33.89", "2012-03-31": "23.21", "2011-12-31": "18.67", "2011-09-30": "13.99", "2011-06-30": "18.31", "2011-03-31": "17.83", "2010-12-31": "13.48", "2010-09-30": "12.35", "2010-06-30": "11.03", "2010-03-31": "12.27", "2009-12-31": "11.20", "2009-09-30": "10.24", "2009-06-30": "11.22", "2009-03-31": "10.42", "2008-12-31": "10.48", "2008-09-30": "14.44", "2008-06-30": "12.26", "2008-03-31": "10.25", "2007-12-31": "16.73", "2007-09-30": "11.20", "2007-06-30": "0.00", "2007-03-31": "0.00", "2006-12-31": "0.00"}, "price sales": {"2021-02-05": "0.31", "2020-09-30": "0.31", "2020-06-30": "0.34", "2020-03-31": "0.33", "2019-12-31": "0.35", "2019-09-30": "0.25", "2019-06-30": "0.31", "2019-03-31": "0.33", "2018-12-31": "0.38", "2018-09-30": "0.49", "2018-06-30": "0.43", "2018-03-31": "0.38", "2017-12-31": "0.37", "2017-09-30": "0.35", "2017-06-30": "0.30", "2017-03-31": "0.27", "2016-12-31": "0.22", "2016-09-30": "0.29", "2016-06-30": "0.33", "2016-03-31": "0.31", "2015-12-31": "0.36", "2015-09-30": "0.31", "2015-06-30": "0.50", "2015-03-31": "0.47", "2014-12-31": "0.38", "2014-09-30": "0.33", "2014-06-30": "0.33", "2014-03-31": "0.30", "2013-12-31": "0.30", "2013-09-30": "0.36", "2013-06-30": "0.30", "2013-03-31": "0.26", "2012-12-31": "0.27", "2012-09-30": "0.26", "2012-06-30": "0.24", "2012-03-31": "0.45", "2011-12-31": "0.40", "2011-09-30": "0.30", "2011-06-30": "0.38", "2011-03-31": "0.37", "2010-12-31": "0.29", "2010-09-30": "0.26", "2010-06-30": "0.24", "2010-03-31": "0.26", "2009-12-31": "0.23", "2009-09-30": "0.21", "2009-06-30": "0.24", "2009-03-31": "0.23", "2008-12-31": "0.26", "2008-09-30": "0.30", "2008-06-30": "0.25", "2008-03-31": "0.22", "2007-12-31": "0.44", "2007-09-30": "0.40", "2007-06-30": "0.42", "2007-03-31": "0.46", "2006-12-31": "0.60"}, "price book": {"current": "1.32", "2021-02-05": "1.32", "2020-09-30": "1.31", "2020-06-30": "1.46", "2020-03-31": "1.45", "2019-12-31": "2.06", "2019-09-30": "1.44", "2019-06-30": "1.77", "2019-03-31": "1.89", "2018-12-31": "2.16", "2018-09-30": "2.77", "2018-06-30": "2.36", "2018-03-31": "2.49", "2017-12-31": "2.55", "2017-09-30": "2.51", "2017-06-30": "2.16", "2017-03-31": "2.02", "2016-12-31": "1.64", "2016-09-30": "2.00", "2016-06-30": "2.20", "2016-03-31": "1.98", "2015-12-31": "3.65", "2015-09-30": "3.15", "2015-06-30": "4.94", "2015-03-31": "4.57", "2014-12-31": "3.53", "2014-09-30": "2.96", "2014-06-30": "2.94", "2014-03-31": "2.52", "2013-12-31": "2.62", "2013-09-30": "2.96", "2013-06-30": "2.55", "2013-03-31": "2.34", "2012-12-31": "2.25", "2012-09-30": "2.02", "2012-06-30": "1.64", "2012-03-31": "2.57", "2011-12-31": "2.15", "2011-09-30": "1.60", "2011-06-30": "2.05", "2011-03-31": "1.98", "2010-12-31": "1.58", "2010-09-30": "1.45", "2010-06-30": "1.36", "2010-03-31": "1.57", "2009-12-31": "1.48", "2009-09-30": "1.45", "2009-06-30": "1.55", "2009-03-31": "1.42", "2008-12-31": "1.77", "2008-09-30": "1.85", "2008-06-30": "1.58", "2008-03-31": "1.37", "2007-12-31": "2.89", "2007-09-30": "2.29", "2007-06-30": "2.39", "2007-03-31": "2.47", "2006-12-31": "3.26", "2006-09-30": "2.32", "2006-06-30": "2.72", "2006-03-31": "3.45"}, "price fcf": {"2021-02-05": "", "2020-09-30": "$1.13", "2020-06-30": "$2.48", "2020-03-31": "$-1.68", "2019-12-31": "$1.79", "2019-09-30": "$1.93", "2019-06-30": "$3.52", "2019-03-31": "$-0.46", "2018-12-31": "$1.40", "2018-09-30": "$4.22", "2018-06-30": "$3.26", "2018-03-31": "$4.29", "2017-12-31": "$3.02", "2017-09-30": "$6.66", "2017-06-30": "$7.77", "2017-03-31": "$7.42", "2016-12-31": "$4.71", "2016-09-30": "$0.76", "2016-06-30": "$-0.21", "2016-03-31": "$2.59", "2015-12-31": "$2.06", "2015-09-30": "$2.87", "2015-06-30": "$4.47", "2015-03-31": "$3.74", "2014-12-31": "$4.65", "2014-09-30": "$3.90", "2014-06-30": "$2.72", "2014-03-31": "$2.23", "2013-12-31": "$1.40", "2013-09-30": "$0.54", "2013-06-30": "$1.47", "2013-03-31": "$2.48", "2012-12-31": "$0.92", "2012-09-30": "$1.84", "2012-06-30": "$0.48", "2012-03-31": "$-0.89", "2011-12-31": "$0.90", "2011-09-30": "$0.98", "2011-06-30": "$1.13", "2011-03-31": "$0.94", "2010-12-31": "$0.25", "2010-09-30": "$-0.40", "2010-06-30": "$-0.05", "2010-03-31": "$0.55", "2009-12-31": "$0.93", "2009-09-30": "$1.23", "2009-06-30": "$0.77", "2009-03-31": "$0.91", "2008-12-31": "$0.88", "2008-09-30": "$0.55", "2008-06-30": "$0.95", "2008-03-31": "$0.75", "2007-12-31": "$0.83", "2007-09-30": "$1.01", "2007-06-30": "$1.03", "2007-03-31": "$0.96", "2006-12-31": "$0.81"}, "net worth": {"value": "$34.14B"}, "current ratio": {"current": "1.25", "2020-09-30": "1.25", "2020-06-30": "1.22", "2020-03-31": "1.14", "2019-12-31": "1.57", "2019-09-30": "1.01", "2019-06-30": "1.08", "2019-03-31": "1.04", "2018-12-31": "1.00", "2018-09-30": "1.03", "2018-06-30": "1.26", "2018-03-31": "1.01", "2017-12-31": "0.93", "2017-09-30": "1.00", "2017-06-30": "1.08", "2017-03-31": "1.02", "2016-12-31": "0.97", "2016-09-30": "0.86", "2016-06-30": "0.89", "2016-03-31": "0.96", "2015-12-31": "0.99", "2015-09-30": "1.01", "2015-06-30": "1.11", "2015-03-31": "1.07", "2014-12-31": "1.02", "2014-09-30": "1.05", "2014-06-30": "1.10", "2014-03-31": "1.13", "2013-12-31": "1.16", "2013-09-30": "0.99", "2013-06-30": "1.02", "2013-03-31": "1.05", "2012-12-31": "1.14", "2012-09-30": "1.08", "2012-06-30": "1.04", "2012-03-31": "1.04", "2011-12-31": "1.12", "2011-09-30": "1.05", "2011-06-30": "1.03", "2011-03-31": "0.91", "2010-12-31": "0.86", "2010-09-30": "1.02", "2010-06-30": "0.86", "2010-03-31": "0.84", "2009-12-31": "0.86", "2009-09-30": "0.87", "2009-06-30": "1.03", "2009-03-31": "0.94", "2008-12-31": "1.04", "2008-09-30": "1.06", "2008-06-30": "1.12", "2008-03-31": "0.95", "2007-12-31": "0.92", "2007-09-30": "0.97", "2007-06-30": "0.98", "2007-03-31": "1.23", "2006-12-31": "1.17", "2006-09-30": "1.12", "2006-06-30": "1.27", "2006-03-31": "1.20", "2005-12-31": "1.27", "2005-09-30": "1.17", "2005-06-30": "1.12", "2005-03-31": "1.12"}, "quick ratio": {"2020-09-30": "0.00", "2020-06-30": "0.00", "2020-03-31": "0.00", "2019-12-31": "0.00", "2019-09-30": "0.00", "2019-06-30": "0.00", "2019-03-31": "0.00", "2018-12-31": "0.00", "2018-09-30": "0.00", "2018-06-30": "0.00", "2018-03-31": "0.00", "2017-12-31": "0.00", "2017-09-30": "0.00", "2017-06-30": "0.00", "2017-03-31": "0.00", "2016-12-31": "0.00", "2016-09-30": "0.00", "2016-06-30": "0.00", "2016-03-31": "0.00", "2015-12-31": "0.00", "2015-09-30": "0.00", "2015-06-30": "0.00", "2015-03-31": "0.00", "2014-12-31": "0.00", "2014-09-30": "0.00", "2014-06-30": "0.00", "2014-03-31": "0.00", "2013-12-31": "0.00", "2013-09-30": "0.00", "2013-06-30": "0.00", "2013-03-31": "0.00", "2012-12-31": "0.00", "2012-09-30": "0.00", "2012-06-30": "0.00", "2012-03-31": "0.00", "2011-12-31": "0.00", "2011-09-30": "0.00", "2011-06-30": "0.00", "2011-03-31": "0.00", "2010-12-31": "0.00", "2010-09-30": "0.00", "2010-06-30": "0.00", "2010-03-31": "0.00", "2009-12-31": "0.00", "2009-09-30": "0.00", "2009-06-30": "0.00", "2009-03-31": "0.00", "2008-12-31": "0.00", "2008-09-30": "0.00", "2008-06-30": "0.00", "2008-03-31": "0.00", "2007-12-31": "0.00", "2007-09-30": "0.00", "2007-06-30": "0.00", "2007-03-31": "0.00", "2006-12-31": "0.00", "2006-09-30": "0.00", "2006-06-30": "0.00", "2006-03-31": "0.00", "2005-12-31": "0.00", "2005-09-30": "0.00", "2005-06-30": "0.00", "2005-03-31": "0.00"}, "debt equity ratio": {"current": "0.65", "2020-09-30": "1.65", "2020-06-30": "1.72", "2020-03-31": "1.81", "2019-12-31": "2.24", "2019-09-30": "1.76", "2019-06-30": "1.81", "2019-03-31": "1.89", "2018-12-31": "1.81", "2018-09-30": "1.90", "2018-06-30": "1.69", "2018-03-31": "2.32", "2017-12-31": "2.18", "2017-09-30": "2.31", "2017-06-30": "2.42", "2017-03-31": "2.51", "2016-12-31": "2.42", "2016-09-30": "2.43", "2016-06-30": "2.52", "2016-03-31": "2.51", "2015-12-31": "2.39", "2015-09-30": "2.57", "2015-06-30": "2.62", "2015-03-31": "2.65", "2014-12-31": "2.34", "2014-09-30": "2.32", "2014-06-30": "2.15", "2014-03-31": "2.13", "2013-12-31": "1.84", "2013-09-30": "1.65", "2013-06-30": "1.71", "2013-03-31": "1.93", "2012-12-31": "1.91", "2012-09-30": "1.81", "2012-06-30": "1.58", "2012-03-31": "1.33", "2011-12-31": "1.34", "2011-09-30": "1.25", "2011-06-30": "1.31", "2011-03-31": "1.41", "2010-12-31": "1.44", "2010-09-30": "1.23", "2010-06-30": "1.23", "2010-03-31": "1.31", "2009-12-31": "1.75", "2009-09-30": "1.76", "2009-06-30": "1.71", "2009-03-31": "1.83", "2008-12-31": "1.90", "2008-09-30": "1.84", "2008-06-30": "1.64", "2008-03-31": "1.57", "2007-12-31": "1.70", "2007-09-30": "1.66", "2007-06-30": "1.69", "2007-03-31": "1.63", "2006-12-31": "1.74", "2006-09-30": "1.66", "2006-06-30": "1.14", "2006-03-31": "1.03", "2005-12-31": "0.90", "2005-09-30": "0.92", "2005-06-30": "0.80", "2005-03-31": "0.93"}, "return on equity": {"2020-09-30": "9.29%", "2020-06-30": "8.42%", "2020-03-31": "5.54%", "2019-12-31": "10.80%", "2019-09-30": "11.44%", "2019-06-30": "11.19%", "2019-03-31": "9.82%", "2018-12-31": "8.99%", "2018-09-30": "9.91%", "2018-06-30": "13.52%", "2018-03-31": "14.97%", "2017-12-31": "12.74%", "2017-09-30": "13.72%", "2017-06-30": "13.29%", "2017-03-31": "12.33%", "2016-12-31": "10.00%", "2016-09-30": "8.79%", "2016-06-30": "9.50%", "2016-03-31": "9.63%", "2015-12-31": "17.75%", "2015-09-30": "18.54%", "2015-06-30": "18.99%", "2015-03-31": "17.95%", "2014-12-31": "17.23%", "2014-09-30": "14.99%", "2014-06-30": "13.79%", "2014-03-31": "14.00%", "2013-12-31": "14.46%", "2013-09-30": "11.30%", "2013-06-30": "7.46%", "2013-03-31": "0.10%", "2012-12-31": "0.21%", "2012-09-30": "2.41%", "2012-06-30": "5.10%", "2012-03-31": "12.04%", "2011-12-31": "12.54%", "2011-09-30": "12.46%", "2011-06-30": "12.11%", "2011-03-31": "11.83%", "2010-12-31": "12.14%", "2010-09-30": "12.74%", "2010-06-30": "13.43%", "2010-03-31": "13.98%", "2009-12-31": "14.15%", "2009-09-30": "14.36%", "2009-06-30": "14.57%", "2009-03-31": "15.08%", "2008-12-31": "17.64%", "2008-09-30": "14.03%", "2008-06-30": "14.13%", "2008-03-31": "14.72%", "2007-12-31": "18.43%", "2007-09-30": "23.01%", "2007-06-30": "-0.29%", "2007-03-31": "-4.07%", "2006-12-31": "-12.55%", "2006-09-30": "-12.32%", "2006-06-30": "11.24%", "2006-03-31": "14.62%", "2005-12-31": "17.00%"}, "return on assets": {"2020-09-30": "3.32%", "2020-06-30": "2.96%", "2020-03-31": "1.92%", "2019-12-31": "3.69%", "2019-09-30": "4.07%", "2019-06-30": "3.93%", "2019-03-31": "3.48%", "2018-12-31": "3.10%", "2018-09-30": "3.33%", "2018-06-30": "4.40%", "2018-03-31": "4.53%", "2017-12-31": "3.80%", "2017-09-30": "4.02%", "2017-06-30": "3.86%", "2017-03-31": "3.55%", "2016-12-31": "2.88%", "2016-09-30": "2.53%", "2016-06-30": "2.71%", "2016-03-31": "2.74%", "2015-12-31": "5.00%", "2015-09-30": "5.23%", "2015-06-30": "5.44%", "2015-03-31": "5.32%", "2014-12-31": "5.31%", "2014-09-30": "4.79%", "2014-06-30": "4.66%", "2014-03-31": "4.92%", "2013-12-31": "5.21%", "2013-09-30": "4.05%", "2013-06-30": "2.63%", "2013-03-31": "0.04%", "2012-12-31": "0.08%", "2012-09-30": "0.96%", "2012-06-30": "2.14%", "2012-03-31": "5.21%", "2011-12-31": "5.39%", "2011-09-30": "5.30%", "2011-06-30": "5.16%", "2011-03-31": "5.08%", "2010-12-31": "5.27%", "2010-09-30": "5.40%", "2010-06-30": "5.41%", "2010-03-31": "5.35%", "2009-12-31": "5.13%", "2009-09-30": "5.14%", "2009-06-30": "5.18%", "2009-03-31": "5.38%", "2008-12-31": "6.43%", "2008-09-30": "5.21%", "2008-06-30": "5.35%", "2008-03-31": "5.55%", "2007-12-31": "6.90%", "2007-09-30": "8.60%", "2007-06-30": "-0.11%", "2007-03-31": "-1.61%", "2006-12-31": "-5.30%", "2006-09-30": "-5.69%", "2006-06-30": "5.62%", "2006-03-31": "7.63%", "2005-12-31": "9.01%"}, "return on investments": {"2020-09-30": "8.83%", "2020-06-30": "8.29%", "2020-03-31": "4.86%", "2019-12-31": "8.54%", "2019-09-30": "10.13%", "2019-06-30": "9.69%", "2019-03-31": "9.14%", "2018-12-31": "9.04%", "2018-09-30": "8.57%", "2018-06-30": "11.78%", "2018-03-31": "12.81%", "2017-12-31": "10.71%", "2017-09-30": "14.09%", "2017-06-30": "14.75%", "2017-03-31": "14.85%", "2016-12-31": "13.02%", "2016-09-30": "12.13%", "2016-06-30": "12.56%", "2016-03-31": "12.30%", "2015-12-31": "22.11%", "2015-09-30": "22.63%", "2015-06-30": "21.45%", "2015-03-31": "19.85%", "2014-12-31": "18.92%", "2014-09-30": "15.64%", "2014-06-30": "16.16%", "2014-03-31": "16.39%", "2013-12-31": "16.35%", "2013-09-30": "21.37%", "2013-06-30": "15.20%", "2013-03-31": "7.92%", "2012-12-31": "7.76%", "2012-09-30": "1.51%", "2012-06-30": "7.44%", "2012-03-31": "15.70%", "2011-12-31": "16.73%", "2011-09-30": "16.02%", "2011-06-30": "15.88%", "2011-03-31": "15.33%", "2010-12-31": "15.03%", "2010-09-30": "14.97%", "2010-06-30": "15.54%", "2010-03-31": "15.00%", "2009-12-31": "15.82%", "2009-09-30": "16.22%", "2009-06-30": "16.20%", "2009-03-31": "16.83%", "2008-12-31": "18.49%", "2008-09-30": "14.43%", "2008-06-30": "13.84%", "2008-03-31": "12.09%", "2007-12-31": "9.20%", "2007-09-30": "21.83%", "2007-06-30": "6.18%", "2007-03-31": "4.80%", "2006-12-31": "4.38%", "2006-09-30": "-5.74%", "2006-06-30": "11.37%", "2006-03-31": "16.18%", "2005-12-31": "19.89%"}, "return on tangible equity": {"2020-09-30": "-5756.03%", "2020-06-30": "174.98%", "2020-03-31": "45.19%", "2019-12-31": "41.99%", "2019-09-30": "51.01%", "2019-06-30": "58.80%", "2019-03-31": "47.69%", "2018-12-31": "48.67%", "2018-09-30": "55.96%", "2018-06-30": "80.48%", "2018-03-31": "186.24%", "2017-12-31": "252.44%", "2017-09-30": "1391.09%", "2017-06-30": "-382.34%", "2017-03-31": "-156.89%", "2016-12-31": "-90.83%", "2016-09-30": "-145.45%", "2016-06-30": "297.10%", "2016-03-31": "49.31%", "2015-12-31": "36.06%", "2015-09-30": "36.82%", "2015-06-30": "38.52%", "2015-03-31": "36.35%", "2014-12-31": "35.30%", "2014-09-30": "28.48%", "2014-06-30": "23.94%", "2014-03-31": "22.92%", "2013-12-31": "21.38%", "2013-09-30": "16.55%", "2013-06-30": "10.74%", "2013-03-31": "0.15%", "2012-12-31": "0.30%", "2012-09-30": "3.48%", "2012-06-30": "7.50%", "2012-03-31": "18.13%", "2011-12-31": "19.28%", "2011-09-30": "19.58%", "2011-06-30": "19.00%", "2011-03-31": "18.47%", "2010-12-31": "19.05%", "2010-09-30": "20.03%", "2010-06-30": "21.70%", "2010-03-31": "23.27%", "2009-12-31": "24.15%", "2009-09-30": "24.19%", "2009-06-30": "24.39%", "2009-03-31": "24.47%", "2008-12-31": "27.48%", "2008-09-30": "21.86%", "2008-06-30": "21.71%", "2008-03-31": "23.08%", "2007-12-31": "29.49%", "2007-09-30": "37.97%", "2007-06-30": "-0.50%", "2007-03-31": "-8.05%", "2006-12-31": "-27.70%", "2006-09-30": "-27.88%", "2006-06-30": "26.02%", "2006-03-31": "30.77%", "2005-12-31": "32.54%"}, "dividend yield history": {"last payout": "$0.00", "last yield": "0.00%"}}