{"ticker": "CDEV", "price": {"title": "Centennial Resource Development Historical Annual Stock Price Data", "value": 3.31, "historical": {"2020": {"Average Stock Price": "1.2979", "Year Open": "4.6900", "Year High": "5.0100", "Year Low": "0.2473", "Year Close": "1.5000", "Annual % Change": "-67.53%"}, "2019": {"Average Stock Price": "7.2637", "Year Open": "11.3000", "Year High": "14.2000", "Year Low": "2.9600", "Year Close": "4.6200", "Annual % Change": "-58.08%"}, "2018": {"Average Stock Price": "18.3345", "Year Open": "20.0000", "Year High": "22.7500", "Year Low": "10.0400", "Year Close": "11.0200", "Annual % Change": "-44.34%"}, "2017": {"Average Stock Price": "17.7476", "Year Open": "19.4900", "Year High": "21.0200", "Year Low": "14.3500", "Year Close": "19.8000", "Annual % Change": "0.41%"}, "2016": {"Average Stock Price": "13.0256", "Year Open": "10.0000", "Year High": "20.0600", "Year Low": "9.7000", "Year Close": "19.7200", "Annual % Change": "0.00%"}}}, "market cap": {"value": "$0.92B"}, "income statement": {"Revenue": {"2019-12-31": "944.33000", "2018-12-31": "891.04500", "2017-12-31": "429.90200", "2016-12-31": "98.83300", "2015-12-31": "90.46000", "2014-12-31": "131.82500"}, "Cost Of Goods Sold": {"2019-12-31": "282.01000", "2018-12-31": "197.46000", "2017-12-31": "98.76800", "2016-12-31": "26.67900", "2015-12-31": "31.92600", "2014-12-31": "29.33700"}, "Gross Profit": {"2019-12-31": "662.32000", "2018-12-31": "693.58500", "2017-12-31": "331.13400", "2016-12-31": "72.15400", "2015-12-31": "58.53400", "2014-12-31": "102.48800"}, "Research And Development Expenses": {"2019-12-31": "11.39000", "2018-12-31": "9.96800", "2017-12-31": "14.37300", "2016-12-31": "2.38800", "2015-12-31": "0.08400", "2014-12-31": "0.00000"}, "SG&A Expenses": {"2019-12-31": "79.15600", "2018-12-31": "63.30400", "2017-12-31": "49.88200", "2016-12-31": "203.14600", "2015-12-31": "14.20600", "2014-12-31": "31.69400"}, "Other Operating Income Or Expenses": {"2019-12-31": "-48.10200", "2018-12-31": "-10.66100", "2017-12-31": "8.82500", "2016-12-31": "-2.54500", "2015-12-31": "-10.00600", "2014-12-31": "-22.12100"}, "Operating Expenses": {"2019-12-31": "864.90110", "2018-12-31": "607.85500", "2017-12-31": "315.82600", "2016-12-31": "312.59900", "2015-12-31": "146.30600", "2014-12-31": "152.26200"}, "Operating Income": {"2019-12-31": "79.42900", "2018-12-31": "283.18990", "2017-12-31": "114.07600", "2016-12-31": "-213.76600", "2015-12-31": "-55.84600", "2014-12-31": "-20.43700"}, "Total Non-Operating Income/Expense": {"2019-12-31": "-57.21800", "2018-12-31": "-11.01400", "2017-12-31": "-0.59100", "2016-12-31": "-14.34900", "2015-12-31": "16.94900", "2014-12-31": "39.74900"}, "Pre-Tax Income": {"2019-12-31": "22.21100", "2018-12-31": "272.17600", "2017-12-31": "113.48500", "2016-12-31": "-228.11500", "2015-12-31": "-38.89700", "2014-12-31": "19.31200"}, "Income Taxes": {"2019-12-31": "5.79700", "2018-12-31": "59.44000", "2017-12-31": "29.93000", "2016-12-31": "-0.40600", "2015-12-31": "-0.57200", "2014-12-31": "1.52400"}, "Income After Taxes": {"2019-12-31": "16.41400", "2018-12-31": "212.73600", "2017-12-31": "83.55500", "2016-12-31": "-227.70900", "2015-12-31": "-38.32500", "2014-12-31": "17.78800"}, "Other Income": {"2019-12-31": "", "2018-12-31": "", "2017-12-31": "", "2016-12-31": "", "2015-12-31": "", "2014-12-31": ""}, "Income From Continuous Operations": {"2019-12-31": "16.41400", "2018-12-31": "212.73600", "2017-12-31": "83.55500", "2016-12-31": "-227.70900", "2015-12-31": "-38.32500", "2014-12-31": "17.78800"}, "Income From Discontinued Operations": {"2019-12-31": "", "2018-12-31": "", "2017-12-31": "", "2016-12-31": "", "2015-12-31": "", "2014-12-31": ""}, "Net Income": {"2019-12-31": "15.79800", "2018-12-31": "199.89900", "2017-12-31": "75.56800", "2016-12-31": "-226.80500", "2015-12-31": "-38.32500", "2014-12-31": "17.79000"}, "EBITDA": {"2019-12-31": "526.53300", "2018-12-31": "611.40090", "2017-12-31": "276.59110", "2016-12-31": "-135.47900", "2015-12-31": "34.72000", "2014-12-31": "48.83300"}, "EBIT": {"2019-12-31": "79.42900", "2018-12-31": "283.18990", "2017-12-31": "114.07600", "2016-12-31": "-213.76600", "2015-12-31": "-55.84600", "2014-12-31": "-20.43700"}, "Basic Shares Outstanding": {"2019-12-31": "267.70000", "2018-12-31": "263.34100", "2017-12-31": "235.44700", "2016-12-31": "165.68400", "2015-12-31": "", "2014-12-31": ""}, "Shares Outstanding": {"2019-12-31": "276.63200", "2018-12-31": "266.85500", "2017-12-31": "239.75400", "2016-12-31": "165.68400", "2015-12-31": "", "2014-12-31": ""}, "Basic EPS": {"2019-12-31": "0.06000", "2018-12-31": "0.76000", "2017-12-31": "0.32000", "2016-12-31": "-1.37000", "2015-12-31": "", "2014-12-31": ""}, "EPS - Earnings Per Share": {"2019-12-31": "0.06000", "2018-12-31": "0.75000", "2017-12-31": "0.32000", "2016-12-31": "-1.37000", "2015-12-31": "0.00000", "2014-12-31": "0.00000"}}, "income statement, quarterly": {"Revenue": {"2020-09-30": "149.10100", "2020-06-30": "90.50900", "2020-03-31": "192.76900", "2019-12-31": "256.39200", "2019-09-30": "229.13000", "2019-06-30": "244.23900", "2019-03-31": "214.56900", "2018-12-31": "222.50400", "2018-09-30": "234.88000", "2018-06-30": "217.76300", "2018-03-31": "215.89800", "2017-12-31": "166.13000", "2017-09-30": "111.61100", "2017-06-30": "91.06400", "2017-03-31": "61.09700", "2016-12-31": "33.04400", "2016-09-30": "27.32100", "2016-06-30": "23.34700", "2016-03-31": "15.12100", "2015-12-31": "", "2015-09-30": "", "2014-12-31": ""}, "Cost Of Goods Sold": {"2020-09-30": "51.51200", "2020-06-30": "48.81900", "2020-03-31": "66.15100", "2019-12-31": "77.29400", "2019-09-30": "75.39600", "2019-06-30": "68.31400", "2019-03-31": "61.00600", "2018-12-31": "50.29100", "2018-09-30": "54.20600", "2018-06-30": "48.68600", "2018-03-31": "44.27700", "2017-12-31": "34.91400", "2017-09-30": "27.74600", "2017-06-30": "20.39900", "2017-03-31": "15.70900", "2016-12-31": "8.48500", "2016-09-30": "6.87500", "2016-06-30": "5.30300", "2016-03-31": "6.01600", "2015-12-31": "", "2015-09-30": "", "2014-12-31": ""}, "Gross Profit": {"2020-09-30": "97.58900", "2020-06-30": "41.69000", "2020-03-31": "126.61800", "2019-12-31": "179.09800", "2019-09-30": "153.73400", "2019-06-30": "175.92500", "2019-03-31": "153.56300", "2018-12-31": "172.21300", "2018-09-30": "180.67400", "2018-06-30": "169.07700", "2018-03-31": "171.62100", "2017-12-31": "131.21600", "2017-09-30": "83.86500", "2017-06-30": "70.66500", "2017-03-31": "45.38800", "2016-12-31": "24.55900", "2016-09-30": "20.44600", "2016-06-30": "18.04400", "2016-03-31": "9.10500", "2015-12-31": "", "2015-09-30": "", "2014-12-31": ""}, "Research And Development Expenses": {"2020-09-30": "2.67000", "2020-06-30": "4.05100", "2020-03-31": "4.00900", "2019-12-31": "2.14400", "2019-09-30": "2.86900", "2019-06-30": "3.86100", "2019-03-31": "2.51600", "2018-12-31": "1.94200", "2018-09-30": "2.71200", "2018-06-30": "1.86700", "2018-03-31": "3.44700", "2017-12-31": "10.28100", "2017-09-30": "1.62200", "2017-06-30": "1.28900", "2017-03-31": "1.18100", "2016-12-31": "1.72400", "2016-09-30": "0.40200", "2016-06-30": "0.26200", "2016-03-31": "", "2015-12-31": "", "2015-09-30": "", "2014-12-31": ""}, "SG&A Expenses": {"2020-09-30": "17.58200", "2020-06-30": "17.99400", "2020-03-31": "18.87000", "2019-12-31": "22.56700", "2019-09-30": "20.03600", "2019-06-30": "18.43500", "2019-03-31": "18.11800", "2018-12-31": "18.63700", "2018-09-30": "16.56100", "2018-06-30": "13.80900", "2018-03-31": "14.29700", "2017-12-31": "13.86500", "2017-09-30": "13.31100", "2017-06-30": "11.82200", "2017-03-31": "10.88400", "2016-12-31": "193.15500", "2016-09-30": "4.84800", "2016-06-30": "2.60700", "2016-03-31": "2.53600", "2015-12-31": "", "2015-09-30": "10.09350", "2014-12-31": ""}, "Other Operating Income Or Expenses": {"2020-09-30": "-19.75900", "2020-06-30": "-19.42700", "2020-03-31": "-611.05500", "2019-12-31": "-5.66000", "2019-09-30": "-6.76700", "2019-06-30": "-4.40900", "2019-03-31": "-31.26600", "2018-12-31": "-0.17600", "2018-09-30": "-8.56000", "2018-06-30": "-1.92500", "2018-03-31": "", "2017-12-31": "8.79600", "2017-09-30": "", "2017-06-30": "", "2017-03-31": "0.02900", "2016-12-31": "0.00100", "2016-09-30": "-1.64900", "2016-06-30": "-0.89700", "2016-03-31": "", "2015-12-31": "", "2015-09-30": "", "2014-12-31": ""}, "Operating Expenses": {"2020-09-30": "180.96700", "2020-06-30": "183.31100", "2020-03-31": "801.34300", "2019-12-31": "230.51600", "2019-09-30": "217.78800", "2019-06-30": "207.13300", "2019-03-31": "209.46400", "2018-12-31": "173.12900", "2018-09-30": "165.46200", "2018-06-30": "141.23300", "2018-03-31": "128.03100", "2017-12-31": "109.04500", "2017-09-30": "85.06600", "2017-06-30": "67.81000", "2017-03-31": "53.90500", "2016-12-31": "220.26500", "2016-09-30": "32.22800", "2016-06-30": "30.25100", "2016-03-31": "29.85500", "2015-12-31": "", "2015-09-30": "10.09350", "2014-12-31": ""}, "Operating Income": {"2020-09-30": "-31.86600", "2020-06-30": "-92.80200", "2020-03-31": "-608.57400", "2019-12-31": "25.87600", "2019-09-30": "11.34200", "2019-06-30": "37.10600", "2019-03-31": "5.10500", "2018-12-31": "49.37500", "2018-09-30": "69.41800", "2018-06-30": "76.53000", "2018-03-31": "87.86700", "2017-12-31": "57.08510", "2017-09-30": "26.54500", "2017-06-30": "23.25400", "2017-03-31": "7.19200", "2016-12-31": "-187.22100", "2016-09-30": "-4.90700", "2016-06-30": "-6.90400", "2016-03-31": "-14.73400", "2015-12-31": "", "2015-09-30": "-10.09350", "2014-12-31": ""}, "Total Non-Operating Income/Expense": {"2020-09-30": "-19.66300", "2020-06-30": "96.21600", "2020-03-31": "-24.97900", "2019-12-31": "-15.47500", "2019-09-30": "-13.66200", "2019-06-30": "-12.17600", "2019-03-31": "-15.90500", "2018-12-31": "-7.85600", "2018-09-30": "-16.09200", "2018-06-30": "10.89200", "2018-03-31": "2.04200", "2017-12-31": "-11.06700", "2017-09-30": "-2.05200", "2017-06-30": "9.01300", "2017-03-31": "3.51500", "2016-12-31": "-4.76000", "2016-09-30": "-0.22700", "2016-06-30": "-9.63500", "2016-03-31": "0.27300", "2015-12-31": "", "2015-09-30": "5.49790", "2014-12-31": ""}, "Pre-Tax Income": {"2020-09-30": "-51.52900", "2020-06-30": "3.41400", "2020-03-31": "-633.55300", "2019-12-31": "10.40100", "2019-09-30": "-2.32000", "2019-06-30": "24.93000", "2019-03-31": "-10.80000", "2018-12-31": "41.51900", "2018-09-30": "53.32600", "2018-06-30": "87.42200", "2018-03-31": "89.90900", "2017-12-31": "46.01800", "2017-09-30": "24.49300", "2017-06-30": "32.26700", "2017-03-31": "10.70700", "2016-12-31": "-191.98100", "2016-09-30": "-5.13400", "2016-06-30": "-16.53900", "2016-03-31": "-14.46100", "2015-12-31": "", "2015-09-30": "-4.59560", "2014-12-31": ""}, "Income Taxes": {"2020-09-30": "", "2020-06-30": "-1.91600", "2020-03-31": "-83.20800", "2019-12-31": "0.73900", "2019-09-30": "1.39300", "2019-06-30": "5.92800", "2019-03-31": "-2.26300", "2018-12-31": "8.71100", "2018-09-30": "11.65200", "2018-06-30": "19.94000", "2018-03-31": "19.13700", "2017-12-31": "12.62800", "2017-09-30": "8.23300", "2017-06-30": "9.06900", "2017-03-31": "", "2016-12-31": "", "2016-09-30": "", "2016-06-30": "-0.40600", "2016-03-31": "", "2015-12-31": "", "2015-09-30": "", "2014-12-31": ""}, "Income After Taxes": {"2020-09-30": "-51.52900", "2020-06-30": "5.33000", "2020-03-31": "-550.34500", "2019-12-31": "9.66200", "2019-09-30": "-3.71300", "2019-06-30": "19.00200", "2019-03-31": "-8.53700", "2018-12-31": "32.80800", "2018-09-30": "41.67400", "2018-06-30": "67.48200", "2018-03-31": "70.77200", "2017-12-31": "33.39000", "2017-09-30": "16.26000", "2017-06-30": "23.19800", "2017-03-31": "10.70700", "2016-12-31": "-191.98100", "2016-09-30": "-5.13400", "2016-06-30": "-16.13300", "2016-03-31": "-14.46100", "2015-12-31": "", "2015-09-30": "-4.59560", "2014-12-31": ""}, "Other Income": {"2020-09-30": "", "2020-06-30": "", "2020-03-31": "", "2019-12-31": "", "2019-09-30": "", "2019-06-30": "", "2019-03-31": "", "2018-12-31": "", "2018-09-30": "", "2018-06-30": "", "2018-03-31": "", "2017-12-31": "", "2017-09-30": "", "2017-06-30": "", "2017-03-31": "", "2016-12-31": "", "2016-09-30": "", "2016-06-30": "", "2016-03-31": "", "2015-12-31": "", "2015-09-30": "", "2014-12-31": ""}, "Income From Continuous Operations": {"2020-09-30": "-51.52900", "2020-06-30": "5.33000", "2020-03-31": "-550.34500", "2019-12-31": "9.66200", "2019-09-30": "-3.71300", "2019-06-30": "19.00200", "2019-03-31": "-8.53700", "2018-12-31": "32.80800", "2018-09-30": "41.67400", "2018-06-30": "67.48200", "2018-03-31": "70.77200", "2017-12-31": "33.39000", "2017-09-30": "16.26000", "2017-06-30": "23.19800", "2017-03-31": "10.70700", "2016-12-31": "-191.98100", "2016-09-30": "-5.13400", "2016-06-30": "-16.13300", "2016-03-31": "-14.46100", "2015-12-31": "", "2015-09-30": "-4.59560", "2014-12-31": ""}, "Income From Discontinued Operations": {"2020-09-30": "", "2020-06-30": "", "2020-03-31": "", "2019-12-31": "", "2019-09-30": "", "2019-06-30": "", "2019-03-31": "", "2018-12-31": "", "2018-09-30": "", "2018-06-30": "", "2018-03-31": "", "2017-12-31": "", "2017-09-30": "", "2017-06-30": "", "2017-03-31": "", "2016-12-31": "", "2016-09-30": "", "2016-06-30": "", "2016-03-31": "", "2015-12-31": "", "2015-09-30": "", "2014-12-31": ""}, "Net Income": {"2020-09-30": "-51.52900", "2020-06-30": "5.33000", "2020-03-31": "-547.98300", "2019-12-31": "9.61800", "2019-09-30": "-3.58500", "2019-06-30": "17.87700", "2019-03-31": "-8.11200", "2018-12-31": "30.98000", "2018-09-30": "39.28800", "2018-06-30": "63.54100", "2018-03-31": "66.09000", "2017-12-31": "30.53600", "2017-09-30": "14.44700", "2017-06-30": "20.76200", "2017-03-31": "9.82300", "2016-12-31": "-191.07700", "2016-09-30": "-5.13400", "2016-06-30": "-16.13300", "2016-03-31": "-14.46100", "2015-12-31": "", "2015-09-30": "-4.59560", "2014-12-31": ""}, "EBITDA": {"2020-09-30": "59.35600", "2020-06-30": "1.75300", "2020-03-31": "-506.51700", "2019-12-31": "149.51800", "2019-09-30": "124.84500", "2019-06-30": "149.99500", "2019-03-31": "102.17500", "2018-12-31": "151.94900", "2018-09-30": "153.29300", "2018-06-30": "151.90300", "2018-03-31": "154.25600", "2017-12-31": "116.40510", "2017-09-30": "69.06600", "2017-06-30": "57.67500", "2017-03-31": "33.44500", "2016-12-31": "-170.23600", "2016-09-30": "13.66600", "2016-06-30": "14.44000", "2016-03-31": "6.65100", "2015-12-31": "", "2015-09-30": "-10.09350", "2014-12-31": ""}, "EBIT": {"2020-09-30": "-31.86600", "2020-06-30": "-92.80200", "2020-03-31": "-608.57400", "2019-12-31": "25.87600", "2019-09-30": "11.34200", "2019-06-30": "37.10600", "2019-03-31": "5.10500", "2018-12-31": "49.37500", "2018-09-30": "69.41800", "2018-06-30": "76.53000", "2018-03-31": "87.86700", "2017-12-31": "57.08500", "2017-09-30": "26.54500", "2017-06-30": "23.25400", "2017-03-31": "7.19200", "2016-12-31": "-187.22100", "2016-09-30": "-4.90700", "2016-06-30": "-6.90400", "2016-03-31": "-14.73400", "2015-12-31": "", "2015-09-30": "-10.09350", "2014-12-31": ""}, "Basic Shares Outstanding": {"2020-09-30": "278.01700", "2020-06-30": "277.13300", "2020-03-31": "275.95200", "2019-12-31": "267.70000", "2019-09-30": "266.20500", "2019-06-30": "264.37800", "2019-03-31": "264.36500", "2018-12-31": "263.34100", "2018-09-30": "263.95900", "2018-06-30": "263.75700", "2018-03-31": "261.32400", "2017-12-31": "235.44700", "2017-09-30": "223.62200", "2017-06-30": "223.62300", "2017-03-31": "201.77600", "2016-12-31": "", "2016-09-30": "", "2016-06-30": "", "2016-03-31": "", "2015-12-31": "", "2015-09-30": "14.32800", "2014-12-31": ""}, "Shares Outstanding": {"2020-09-30": "278.01700", "2020-06-30": "277.20800", "2020-03-31": "275.95200", "2019-12-31": "276.63200", "2019-09-30": "266.20500", "2019-06-30": "276.39500", "2019-03-31": "264.36500", "2018-12-31": "266.85500", "2018-09-30": "279.91400", "2018-06-30": "267.00600", "2018-03-31": "265.18300", "2017-12-31": "239.75400", "2017-09-30": "245.37600", "2017-06-30": "243.70400", "2017-03-31": "204.94200", "2016-12-31": "", "2016-09-30": "", "2016-06-30": "", "2016-03-31": "", "2015-12-31": "", "2015-09-30": "14.32800", "2014-12-31": ""}, "Basic EPS": {"2020-09-30": "-0.19000", "2020-06-30": "0.02000", "2020-03-31": "-1.99000", "2019-12-31": "0.03000", "2019-09-30": "-0.01000", "2019-06-30": "0.07000", "2019-03-31": "-0.03000", "2018-12-31": "0.12000", "2018-09-30": "0.15000", "2018-06-30": "0.24000", "2018-03-31": "0.25000", "2017-12-31": "0.13000", "2017-09-30": "0.06000", "2017-06-30": "0.09000", "2017-03-31": "0.04000", "2016-12-31": "", "2016-09-30": "", "2016-06-30": "", "2016-03-31": "", "2015-12-31": "", "2015-09-30": "-0.03000", "2014-12-31": ""}, "EPS - Earnings Per Share": {"2020-09-30": "-0.19000", "2020-06-30": "0.02000", "2020-03-31": "-1.99000", "2019-12-31": "0.03000", "2019-09-30": "-0.01000", "2019-06-30": "0.07000", "2019-03-31": "-0.03000", "2018-12-31": "0.11000", "2018-09-30": "0.15000", "2018-06-30": "0.24000", "2018-03-31": "0.25000", "2017-12-31": "0.13000", "2017-09-30": "0.06000", "2017-06-30": "0.09000", "2017-03-31": "0.04000", "2016-12-31": "0.00000", "2016-09-30": "0.00000", "2016-06-30": "0.00000", "2016-03-31": "0.00000", "2015-12-31": "0.00000", "2015-09-30": "-0.03000", "2014-12-31": "0.00000"}}, "balance sheet": {"Cash On Hand": {"2019-12-31": "10.22300", "2018-12-31": "18.15700", "2017-12-31": "117.31500", "2016-12-31": "134.08300", "2015-12-31": "1.76800", "2014-12-31": ""}, "Receivables": {"2019-12-31": "101.91200", "2018-12-31": "100.62300", "2017-12-31": "78.78600", "2016-12-31": "14.73400", "2015-12-31": "13.01200", "2014-12-31": ""}, "Inventory": {"2019-12-31": "", "2018-12-31": "", "2017-12-31": "", "2016-12-31": "", "2015-12-31": "", "2014-12-31": ""}, "Pre-Paid Expenses": {"2019-12-31": "7.99400", "2018-12-31": "9.77700", "2017-12-31": "6.05100", "2016-12-31": "2.07800", "2015-12-31": "0.32200", "2014-12-31": ""}, "Other Current Assets": {"2019-12-31": "", "2018-12-31": "1.63200", "2017-12-31": "0.43300", "2016-12-31": "0.43100", "2015-12-31": "19.04300", "2014-12-31": ""}, "Total Current Assets": {"2019-12-31": "120.12900", "2018-12-31": "130.18900", "2017-12-31": "202.58500", "2016-12-31": "151.32600", "2015-12-31": "34.14500", "2014-12-31": ""}, "Property, Plant, And Equipment": {"2019-12-31": "4515.95300", "2018-12-31": "4087.28200", "2017-12-31": "3386.24100", "2016-12-31": "2497.44000", "2015-12-31": "578.78700", "2014-12-31": ""}, "Long-Term Investments": {"2019-12-31": "", "2018-12-31": "", "2017-12-31": "", "2016-12-31": "", "2015-12-31": "", "2014-12-31": ""}, "Goodwill And Intangible Assets": {"2019-12-31": "", "2018-12-31": "", "2017-12-31": "", "2016-12-31": "", "2015-12-31": "", "2014-12-31": "0.00000"}, "Other Long-Term Assets": {"2019-12-31": "40.36500", "2018-12-31": "42.55000", "2017-12-31": "27.74300", "2016-12-31": "2.87600", "2015-12-31": "3.36300", "2014-12-31": ""}, "Total Long-Term Assets": {"2019-12-31": "4568.15900", "2018-12-31": "4129.83200", "2017-12-31": "3413.98400", "2016-12-31": "2500.31600", "2015-12-31": "582.15000", "2014-12-31": ""}, "Total Assets": {"2019-12-31": "4688.28800", "2018-12-31": "4260.02100", "2017-12-31": "3616.56900", "2016-12-31": "2651.64200", "2015-12-31": "616.29500", "2014-12-31": "0.00000"}, "Total Current Liabilities": {"2019-12-31": "254.46600", "2018-12-31": "247.71600", "2017-12-31": "199.77300", "2016-12-31": "91.46100", "2015-12-31": "22.13300", "2014-12-31": ""}, "Long Term Debt": {"2019-12-31": "1057.38900", "2018-12-31": "691.63000", "2017-12-31": "390.76400", "2016-12-31": "", "2015-12-31": "138.64900", "2014-12-31": ""}, "Other Non-Current Liabilities": {"2019-12-31": "16.87400", "2018-12-31": "14.63900", "2017-12-31": "12.16100", "2016-12-31": "7.24600", "2015-12-31": "2.28800", "2014-12-31": ""}, "Total Long Term Liabilities": {"2019-12-31": "1163.12100", "2018-12-31": "768.43600", "2017-12-31": "412.82400", "2016-12-31": "7.24600", "2015-12-31": "143.29800", "2014-12-31": ""}, "Total Liabilities": {"2019-12-31": "1417.58700", "2018-12-31": "1016.15200", "2017-12-31": "612.59700", "2016-12-31": "98.70700", "2015-12-31": "165.43100", "2014-12-31": "0.00000"}, "Common Stock Net": {"2019-12-31": "0.02800", "2018-12-31": "0.02800", "2017-12-31": "0.02800", "2016-12-31": "0.02200", "2015-12-31": "450.86400", "2014-12-31": "0.00000"}, "Retained Earnings (Accumulated Deficit)": {"2019-12-31": "282.33600", "2018-12-31": "266.53800", "2017-12-31": "66.63900", "2016-12-31": "-8.92900", "2015-12-31": "", "2014-12-31": ""}, "Comprehensive Income": {"2019-12-31": "", "2018-12-31": "", "2017-12-31": "", "2016-12-31": "", "2015-12-31": "", "2014-12-31": ""}, "Other Share Holders Equity": {"2019-12-31": "", "2018-12-31": "", "2017-12-31": "", "2016-12-31": "", "2015-12-31": "", "2014-12-31": "0.00000"}, "Share Holder Equity": {"2019-12-31": "3270.70100", "2018-12-31": "3243.86900", "2017-12-31": "3003.97200", "2016-12-31": "2552.93500", "2015-12-31": "450.86400", "2014-12-31": "0.00000"}, "Total Liabilities And Share Holders Equity": {"2019-12-31": "4688.28800", "2018-12-31": "4260.02100", "2017-12-31": "3616.56900", "2016-12-31": "2651.64200", "2015-12-31": "616.29500", "2014-12-31": "0.00000"}}, "balance sheet, quarterly": {"Cash On Hand": {"2020-09-30": "5.17700", "2020-06-30": "7.21400", "2020-03-31": "3.84100", "2019-12-31": "10.22300", "2019-09-30": "10.93300", "2019-06-30": "28.44400", "2019-03-31": "89.48200", "2018-12-31": "18.15700", "2018-09-30": "58.92200", "2018-06-30": "42.72000", "2018-03-31": "38.22400", "2017-12-31": "117.31500", "2017-09-30": "2.58100", "2017-06-30": "", "2017-03-31": "54.87400", "2016-12-31": "134.08300", "2016-09-30": "0.13760", "2016-06-30": "0.77850", "2016-03-31": "1.71380", "2015-12-31": "", "2015-09-30": "", "2014-12-31": ""}, "Receivables": {"2020-09-30": "51.35200", "2020-06-30": "64.09500", "2020-03-31": "62.89200", "2019-12-31": "101.91200", "2019-09-30": "141.31200", "2019-06-30": "121.54600", "2019-03-31": "114.11900", "2018-12-31": "100.62300", "2018-09-30": "88.81700", "2018-06-30": "101.55300", "2018-03-31": "108.43100", "2017-12-31": "78.78600", "2017-09-30": "50.20700", "2017-06-30": "34.80900", "2017-03-31": "23.32200", "2016-12-31": "14.73400", "2016-09-30": "0.19710", "2016-06-30": "", "2016-03-31": "", "2015-12-31": "", "2015-09-30": "", "2014-12-31": ""}, "Inventory": {"2020-09-30": "", "2020-06-30": "", "2020-03-31": "", "2019-12-31": "", "2019-09-30": "", "2019-06-30": "", "2019-03-31": "", "2018-12-31": "", "2018-09-30": "", "2018-06-30": "", "2018-03-31": "", "2017-12-31": "", "2017-09-30": "", "2017-06-30": "", "2017-03-31": "", "2016-12-31": "", "2016-09-30": "", "2016-06-30": "", "2016-03-31": "", "2015-12-31": "", "2015-09-30": "", "2014-12-31": ""}, "Pre-Paid Expenses": {"2020-09-30": "7.98000", "2020-06-30": "6.31900", "2020-03-31": "6.99700", "2019-12-31": "7.99400", "2019-09-30": "8.93100", "2019-06-30": "9.84800", "2019-03-31": "9.87100", "2018-12-31": "9.77700", "2018-09-30": "14.27700", "2018-06-30": "12.32200", "2018-03-31": "12.52100", "2017-12-31": "6.05100", "2017-09-30": "6.10400", "2017-06-30": "2.43100", "2017-03-31": "1.99100", "2016-12-31": "2.07800", "2016-09-30": "0.16540", "2016-06-30": "0.19870", "2016-03-31": "0.02790", "2015-12-31": "", "2015-09-30": "", "2014-12-31": ""}, "Other Current Assets": {"2020-09-30": "", "2020-06-30": "", "2020-03-31": "", "2019-12-31": "", "2019-09-30": "", "2019-06-30": "0.17400", "2019-03-31": "0.93600", "2018-12-31": "1.63200", "2018-09-30": "3.87100", "2018-06-30": "22.72700", "2018-03-31": "7.14800", "2017-12-31": "0.43300", "2017-09-30": "0.38300", "2017-06-30": "1.51600", "2017-03-31": "0.86900", "2016-12-31": "0.43100", "2016-09-30": "", "2016-06-30": "", "2016-03-31": "", "2015-12-31": "", "2015-09-30": "", "2014-12-31": ""}, "Total Current Assets": {"2020-09-30": "64.50900", "2020-06-30": "77.62800", "2020-03-31": "73.73000", "2019-12-31": "120.12900", "2019-09-30": "161.17600", "2019-06-30": "160.01200", "2019-03-31": "214.40800", "2018-12-31": "130.18900", "2018-09-30": "165.88700", "2018-06-30": "179.32200", "2018-03-31": "166.32400", "2017-12-31": "202.58500", "2017-09-30": "59.27500", "2017-06-30": "38.75600", "2017-03-31": "81.05600", "2016-12-31": "151.32600", "2016-09-30": "0.50010", "2016-06-30": "0.97720", "2016-03-31": "", "2015-12-31": "", "2015-09-30": "", "2014-12-31": ""}, "Property, Plant, And Equipment": {"2020-09-30": "3811.75500", "2020-06-30": "3896.58000", "2020-03-31": "3979.64000", "2019-12-31": "4515.95300", "2019-09-30": "4424.83300", "2019-06-30": "4323.52600", "2019-03-31": "4194.67200", "2018-12-31": "4087.28200", "2018-09-30": "3816.44900", "2018-06-30": "3634.41000", "2018-03-31": "3505.44400", "2017-12-31": "3386.24100", "2017-09-30": "3204.32900", "2017-06-30": "3058.42400", "2017-03-31": "2571.59100", "2016-12-31": "2497.44000", "2016-09-30": "", "2016-06-30": "", "2016-03-31": "", "2015-12-31": "", "2015-09-30": "", "2014-12-31": ""}, "Long-Term Investments": {"2020-09-30": "", "2020-06-30": "", "2020-03-31": "", "2019-12-31": "", "2019-09-30": "", "2019-06-30": "", "2019-03-31": "", "2018-12-31": "", "2018-09-30": "", "2018-06-30": "", "2018-03-31": "", "2017-12-31": "", "2017-09-30": "", "2017-06-30": "", "2017-03-31": "", "2016-12-31": "", "2016-09-30": "500.54980", "2016-06-30": "500.29680", "2016-03-31": "500.06260", "2015-12-31": "", "2015-09-30": "", "2014-12-31": ""}, "Goodwill And Intangible Assets": {"2020-09-30": "", "2020-06-30": "", "2020-03-31": "", "2019-12-31": "", "2019-09-30": "", "2019-06-30": "", "2019-03-31": "", "2018-12-31": "", "2018-09-30": "", "2018-06-30": "", "2018-03-31": "", "2017-12-31": "", "2017-09-30": "", "2017-06-30": "", "2017-03-31": "", "2016-12-31": "", "2016-09-30": "", "2016-06-30": "", "2016-03-31": "", "2015-12-31": "", "2015-09-30": "0.00000", "2014-12-31": "0.00000"}, "Other Long-Term Assets": {"2020-09-30": "42.74700", "2020-06-30": "41.87700", "2020-03-31": "44.54700", "2019-12-31": "40.36500", "2019-09-30": "42.94000", "2019-06-30": "28.62800", "2019-03-31": "41.19200", "2018-12-31": "42.55000", "2018-09-30": "35.03600", "2018-06-30": "25.15800", "2018-03-31": "20.79500", "2017-12-31": "27.74300", "2017-09-30": "11.00800", "2017-06-30": "1.38900", "2017-03-31": "1.10900", "2016-12-31": "2.87600", "2016-09-30": "", "2016-06-30": "", "2016-03-31": "", "2015-12-31": "", "2015-09-30": "", "2014-12-31": ""}, "Total Long-Term Assets": {"2020-09-30": "3858.52700", "2020-06-30": "3943.25800", "2020-03-31": "4032.52000", "2019-12-31": "4568.15900", "2019-09-30": "4484.95500", "2019-06-30": "4375.31500", "2019-03-31": "4264.13800", "2018-12-31": "4129.83200", "2018-09-30": "3851.48500", "2018-06-30": "3659.56800", "2018-03-31": "3526.23900", "2017-12-31": "3413.98400", "2017-09-30": "3215.33700", "2017-06-30": "3059.81300", "2017-03-31": "2572.70000", "2016-12-31": "2500.31600", "2016-09-30": "500.54980", "2016-06-30": "500.29680", "2016-03-31": "500.06260", "2015-12-31": "", "2015-09-30": "", "2014-12-31": ""}, "Total Assets": {"2020-09-30": "3923.03600", "2020-06-30": "4020.88600", "2020-03-31": "4106.25000", "2019-12-31": "4688.28800", "2019-09-30": "4646.13100", "2019-06-30": "4535.32700", "2019-03-31": "4478.54600", "2018-12-31": "4260.02100", "2018-09-30": "4017.37200", "2018-06-30": "3838.89000", "2018-03-31": "3692.56300", "2017-12-31": "3616.56900", "2017-09-30": "3274.61200", "2017-06-30": "3098.56900", "2017-03-31": "2653.75600", "2016-12-31": "2651.64200", "2016-09-30": "501.04990", "2016-06-30": "501.27400", "2016-03-31": "501.80430", "2015-12-31": "0.00000", "2015-09-30": "0.00000", "2014-12-31": "0.00000"}, "Total Current Liabilities": {"2020-09-30": "120.70500", "2020-06-30": "157.86100", "2020-03-31": "239.04500", "2019-12-31": "254.46600", "2019-09-30": "287.48800", "2019-06-30": "301.58300", "2019-03-31": "274.43500", "2018-12-31": "247.71600", "2018-09-30": "211.26300", "2018-06-30": "201.11200", "2018-03-31": "180.53100", "2017-12-31": "199.77300", "2017-09-30": "136.94500", "2017-06-30": "119.69300", "2017-03-31": "79.91900", "2016-12-31": "91.46100", "2016-09-30": "0.30200", "2016-06-30": "0.00200", "2016-03-31": "0.53100", "2015-12-31": "", "2015-09-30": "", "2014-12-31": ""}, "Long Term Debt": {"2020-09-30": "1092.24100", "2020-06-30": "1106.04300", "2020-03-31": "1117.91900", "2019-12-31": "1057.38900", "2019-09-30": "1001.86700", "2019-06-30": "881.35300", "2019-03-31": "880.85500", "2018-12-31": "691.63000", "2018-09-30": "531.39000", "2018-06-30": "421.15400", "2018-03-31": "390.92100", "2017-12-31": "390.76400", "2017-09-30": "165.00000", "2017-06-30": "35.00000", "2017-03-31": "", "2016-12-31": "", "2016-09-30": "", "2016-06-30": "", "2016-03-31": "", "2015-12-31": "", "2015-09-30": "", "2014-12-31": ""}, "Other Non-Current Liabilities": {"2020-09-30": "18.58100", "2020-06-30": "18.06700", "2020-03-31": "17.65100", "2019-12-31": "16.87400", "2019-09-30": "14.62900", "2019-06-30": "14.11300", "2019-03-31": "13.89000", "2018-12-31": "14.63900", "2018-09-30": "16.13300", "2018-06-30": "16.11600", "2018-03-31": "13.02600", "2017-12-31": "12.16100", "2017-09-30": "9.32800", "2017-06-30": "8.85500", "2017-03-31": "7.58500", "2016-12-31": "7.24600", "2016-09-30": "478.24790", "2016-06-30": "478.77200", "2016-03-31": "478.77330", "2015-12-31": "", "2015-09-30": "", "2014-12-31": ""}, "Total Long Term Liabilities": {"2020-09-30": "1114.50800", "2020-06-30": "1128.48200", "2020-03-31": "1140.41800", "2019-12-31": "1163.12100", "2019-09-30": "1104.82900", "2019-06-30": "966.50100", "2019-03-31": "962.58700", "2018-12-31": "768.43600", "2018-09-30": "600.90300", "2018-06-30": "479.57700", "2018-03-31": "426.31400", "2017-12-31": "412.82400", "2017-09-30": "191.63000", "2017-06-30": "52.92400", "2017-03-31": "7.58500", "2016-12-31": "7.24600", "2016-09-30": "495.74790", "2016-06-30": "496.27200", "2016-03-31": "496.27330", "2015-12-31": "", "2015-09-30": "", "2014-12-31": ""}, "Total Liabilities": {"2020-09-30": "1235.21300", "2020-06-30": "1286.34300", "2020-03-31": "1379.46300", "2019-12-31": "1417.58700", "2019-09-30": "1392.31700", "2019-06-30": "1268.08400", "2019-03-31": "1237.02200", "2018-12-31": "1016.15200", "2018-09-30": "812.16600", "2018-06-30": "680.68900", "2018-03-31": "606.84500", "2017-12-31": "612.59700", "2017-09-30": "328.57500", "2017-06-30": "172.61700", "2017-03-31": "87.50400", "2016-12-31": "98.70700", "2016-09-30": "496.04990", "2016-06-30": "496.27400", "2016-03-31": "496.80430", "2015-12-31": "", "2015-09-30": "0.00000", "2014-12-31": "0.00000"}, "Common Stock Net": {"2020-09-30": "0.02900", "2020-06-30": "0.02800", "2020-03-31": "0.02800", "2019-12-31": "0.02800", "2019-09-30": "0.02800", "2019-06-30": "0.02800", "2019-03-31": "0.02800", "2018-12-31": "0.02800", "2018-09-30": "0.02800", "2018-06-30": "0.02800", "2018-03-31": "0.02800", "2017-12-31": "0.02800", "2017-09-30": "0.02800", "2017-06-30": "0.02800", "2017-03-31": "0.02300", "2016-12-31": "0.02200", "2016-09-30": "0.00150", "2016-06-30": "", "2016-03-31": "0.00150", "2015-12-31": "", "2015-09-30": "0.00000", "2014-12-31": "0.00000"}, "Retained Earnings (Accumulated Deficit)": {"2020-09-30": "-311.84600", "2020-06-30": "-260.31700", "2020-03-31": "-265.64700", "2019-12-31": "282.33600", "2019-09-30": "272.71800", "2019-06-30": "276.30300", "2019-03-31": "258.42600", "2018-12-31": "266.53800", "2018-09-30": "235.55800", "2018-06-30": "196.27000", "2018-03-31": "132.72900", "2017-12-31": "66.63900", "2017-09-30": "36.10300", "2017-06-30": "21.65600", "2017-03-31": "0.89400", "2016-12-31": "-8.92900", "2016-09-30": "-0.46160", "2016-06-30": "0.06250", "2016-03-31": "0.03060", "2015-12-31": "", "2015-09-30": "", "2014-12-31": ""}, "Comprehensive Income": {"2020-09-30": "", "2020-06-30": "", "2020-03-31": "", "2019-12-31": "", "2019-09-30": "", "2019-06-30": "", "2019-03-31": "", "2018-12-31": "", "2018-09-30": "", "2018-06-30": "", "2018-03-31": "", "2017-12-31": "", "2017-09-30": "", "2017-06-30": "", "2017-03-31": "", "2016-12-31": "", "2016-09-30": "", "2016-06-30": "", "2016-03-31": "", "2015-12-31": "", "2015-09-30": "", "2014-12-31": ""}, "Other Share Holders Equity": {"2020-09-30": "", "2020-06-30": "", "2020-03-31": "", "2019-12-31": "", "2019-09-30": "", "2019-06-30": "", "2019-03-31": "", "2018-12-31": "", "2018-09-30": "", "2018-06-30": "", "2018-03-31": "", "2017-12-31": "", "2017-09-30": "", "2017-06-30": "", "2017-03-31": "", "2016-12-31": "", "2016-09-30": "", "2016-06-30": "", "2016-03-31": "", "2015-12-31": "", "2015-09-30": "0.00000", "2014-12-31": "0.00000"}, "Share Holder Equity": {"2020-09-30": "2687.82300", "2020-06-30": "2734.54300", "2020-03-31": "2726.78700", "2019-12-31": "3270.70100", "2019-09-30": "3253.81400", "2019-06-30": "3267.24300", "2019-03-31": "3241.52400", "2018-12-31": "3243.86900", "2018-09-30": "3205.20600", "2018-06-30": "3158.20100", "2018-03-31": "3085.71800", "2017-12-31": "3003.97200", "2017-09-30": "2946.03700", "2017-06-30": "2925.95200", "2017-03-31": "2566.25200", "2016-12-31": "2552.93500", "2016-09-30": "5.00000", "2016-06-30": "5.00000", "2016-03-31": "5.00000", "2015-12-31": "", "2015-09-30": "0.00000", "2014-12-31": "0.00000"}, "Total Liabilities And Share Holders Equity": {"2020-09-30": "3923.03600", "2020-06-30": "4020.88600", "2020-03-31": "4106.25000", "2019-12-31": "4688.28800", "2019-09-30": "4646.13100", "2019-06-30": "4535.32700", "2019-03-31": "4478.54600", "2018-12-31": "4260.02100", "2018-09-30": "4017.37200", "2018-06-30": "3838.89000", "2018-03-31": "3692.56300", "2017-12-31": "3616.56900", "2017-09-30": "3274.61200", "2017-06-30": "3098.56900", "2017-03-31": "2653.75600", "2016-12-31": "2651.64200", "2016-09-30": "501.04990", "2016-06-30": "501.27400", "2016-03-31": "501.80430", "2015-12-31": "", "2015-09-30": "0.00000", "2014-12-31": "0.00000"}}, "cash flow statement": {"Net Income/Loss": {"2019-12-31": "16.41400", "2018-12-31": "212.73600", "2017-12-31": "83.55500", "2016-12-31": "-227.70900", "2015-12-31": "-38.32500", "2014-12-31": "17.78800"}, "Total Depreciation And Amortization - Cash Flow": {"2019-12-31": "447.10400", "2018-12-31": "328.21100", "2017-12-31": "162.51500", "2016-12-31": "78.28700", "2015-12-31": "90.56600", "2014-12-31": "69.27000"}, "Other Non-Cash Items": {"2019-12-31": "78.80200", "2018-12-31": "96.57300", "2017-12-31": "34.71700", "2016-12-31": "208.94300", "2015-12-31": "20.93000", "2014-12-31": "-1.88800"}, "Total Non-Cash Items": {"2019-12-31": "525.90600", "2018-12-31": "424.78400", "2017-12-31": "197.23200", "2016-12-31": "287.23000", "2015-12-31": "111.49600", "2014-12-31": "67.38200"}, "Change In Accounts Receivable": {"2019-12-31": "-10.09800", "2018-12-31": "-33.00100", "2017-12-31": "-43.55300", "2016-12-31": "-0.01400", "2015-12-31": "5.24400", "2014-12-31": "-6.32200"}, "Change In Inventories": {"2019-12-31": "", "2018-12-31": "", "2017-12-31": "", "2016-12-31": "", "2015-12-31": "", "2014-12-31": ""}, "Change In Accounts Payable": {"2019-12-31": "", "2018-12-31": "", "2017-12-31": "", "2016-12-31": "", "2015-12-31": "", "2014-12-31": ""}, "Change In Assets/Liabilities": {"2019-12-31": "-1.88200", "2018-12-31": "-1.16800", "2017-12-31": "-4.08800", "2016-12-31": "-1.26200", "2015-12-31": "-0.86400", "2014-12-31": "-0.07900"}, "Total Change In Assets/Liabilities": {"2019-12-31": "21.85300", "2018-12-31": "32.49100", "2017-12-31": "-20.86900", "2016-12-31": "1.62900", "2015-12-31": "-4.28900", "2014-12-31": "12.07800"}, "Cash Flow From Operating Activities": {"2019-12-31": "564.17300", "2018-12-31": "670.01100", "2017-12-31": "259.91800", "2016-12-31": "61.15000", "2015-12-31": "68.88200", "2014-12-31": "97.24800"}, "Net Change In Property, Plant, And Equipment": {"2019-12-31": "-932.98900", "2018-12-31": "-1068.66400", "2017-12-31": "-992.30600", "2016-12-31": "-975.98390", "2015-12-31": "-198.63500", "2014-12-31": "-225.92100"}, "Net Change In Intangible Assets": {"2019-12-31": "", "2018-12-31": "", "2017-12-31": "", "2016-12-31": "", "2015-12-31": "", "2014-12-31": ""}, "Net Acquisitions/Divestitures": {"2019-12-31": "", "2018-12-31": "", "2017-12-31": "", "2016-12-31": "-1375.74400", "2015-12-31": "", "2014-12-31": "71.78100"}, "Net Change In Short-term Investments": {"2019-12-31": "", "2018-12-31": "", "2017-12-31": "", "2016-12-31": "", "2015-12-31": "", "2014-12-31": ""}, "Net Change In Long-Term Investments": {"2019-12-31": "", "2018-12-31": "", "2017-12-31": "", "2016-12-31": "", "2015-12-31": "", "2014-12-31": ""}, "Net Change In Investments - Total": {"2019-12-31": "", "2018-12-31": "", "2017-12-31": "", "2016-12-31": "", "2015-12-31": "", "2014-12-31": ""}, "Investing Activities - Other": {"2019-12-31": "", "2018-12-31": "", "2017-12-31": "", "2016-12-31": "500.56100", "2015-12-31": "", "2014-12-31": "-9.24000"}, "Cash Flow From Investing Activities": {"2019-12-31": "-932.98900", "2018-12-31": "-1068.66400", "2017-12-31": "-992.30600", "2016-12-31": "-1851.16700", "2015-12-31": "-198.63500", "2014-12-31": "-163.38000"}, "Net Long-Term Debt": {"2019-12-31": "371.17500", "2018-12-31": "300.00000", "2017-12-31": "400.00000", "2016-12-31": "50.00000", "2015-12-31": "9.00000", "2014-12-31": "101.00000"}, "Net Current Debt": {"2019-12-31": "", "2018-12-31": "", "2017-12-31": "", "2016-12-31": "", "2015-12-31": "", "2014-12-31": ""}, "Debt Issuance/Retirement Net - Total": {"2019-12-31": "371.17500", "2018-12-31": "300.00000", "2017-12-31": "400.00000", "2016-12-31": "50.00000", "2015-12-31": "9.00000", "2014-12-31": "101.00000"}, "Net Common Equity Issued/Repurchased": {"2019-12-31": "", "2018-12-31": "0.98200", "2017-12-31": "341.62700", "2016-12-31": "1540.55600", "2015-12-31": "", "2014-12-31": "-119.27200"}, "Net Total Equity Issued/Repurchased": {"2019-12-31": "", "2018-12-31": "0.98200", "2017-12-31": "341.62700", "2016-12-31": "1920.05000", "2015-12-31": "", "2014-12-31": "-119.27200"}, "Total Common And Preferred Stock Dividends Paid": {"2019-12-31": "", "2018-12-31": "", "2017-12-31": "", "2016-12-31": "", "2015-12-31": "", "2014-12-31": ""}, "Financial Activities - Other": {"2019-12-31": "-8.23800", "2018-12-31": "-6.82200", "2017-12-31": "-17.40700", "2016-12-31": "-47.85600", "2015-12-31": "109.50400", "2014-12-31": "55.23800"}, "Cash Flow From Financial Activities": {"2019-12-31": "362.93700", "2018-12-31": "294.16000", "2017-12-31": "724.22000", "2016-12-31": "1922.19400", "2015-12-31": "118.50400", "2014-12-31": "36.96600"}, "Net Cash Flow": {"2019-12-31": "-5.87900", "2018-12-31": "-104.49300", "2017-12-31": "-8.16800", "2016-12-31": "132.17700", "2015-12-31": "-11.24900", "2014-12-31": "-29.16600"}, "Stock-Based Compensation": {"2019-12-31": "28.99700", "2018-12-31": "20.67000", "2017-12-31": "13.75900", "2016-12-31": "166.72700", "2015-12-31": "", "2014-12-31": "12.42000"}, "Common Stock Dividends Paid": {"2019-12-31": "", "2018-12-31": "", "2017-12-31": "", "2016-12-31": "", "2015-12-31": "", "2014-12-31": ""}}, "cash flow statement, quarterly": {"Net Income/Loss": {"2020-09-30": -51.529, "2020-06-30": 5.33, "2020-03-31": "-550.34500", "2019-12-31": 9.662, "2019-09-30": -3.713, "2019-06-30": 19.002, "2019-03-31": "-8.53700", "2018-12-31": 32.808, "2018-09-30": 41.674, "2018-06-30": 67.482, "2018-03-31": "70.77200", "2017-12-31": 33.39, "2017-09-30": 16.26, "2017-06-30": 23.198, "2017-03-31": "10.70700", "2016-12-31": -191.982, "2016-09-30": -5.133, "2016-06-30": -16.133, "2016-03-31": "-14.46100", "2015-12-31": -0.002, "2015-09-30": -17.78, "2014-12-31": 17.78}, "Total Depreciation And Amortization - Cash Flow": {"2020-09-30": 91.222, "2020-06-30": 94.555, "2020-03-31": "102.05700", "2019-12-31": 123.642, "2019-09-30": 113.503, "2019-06-30": 112.889, "2019-03-31": "97.07000", "2018-12-31": 102.574, "2018-09-30": 83.875, "2018-06-30": 75.373, "2018-03-31": "66.38900", "2017-12-31": 59.32, "2017-09-30": 42.521, "2017-06-30": 34.421, "2017-03-31": "26.25300", "2016-12-31": 16.985, "2016-09-30": 18.573, "2016-06-30": 21.344, "2016-03-31": "21.38500", "2015-12-31": 0, "2015-09-30": -69.27, "2014-12-31": 69.27}, "Other Non-Cash Items": {"2020-09-30": -7.7309, "2020-06-30": -98.2421, "2020-03-31": "542.70800", "2019-12-31": 9.937, "2019-09-30": 6.53, "2019-06-30": 21.355, "2019-03-31": "40.98000", "2018-12-31": 21.229, "2018-09-30": 43.99, "2018-06-30": 15.16, "2018-03-31": "16.19400", "2017-12-31": 20.366, "2017-09-30": 13.485, "2017-06-30": 2.578, "2017-03-31": "-1.71200", "2016-12-31": 186.007, "2016-09-30": 1.845, "2016-06-30": 14.336, "2016-03-31": "6.75500", "2015-12-31": 0, "2015-09-30": 0, "2014-12-31": 0}, "Total Non-Cash Items": {"2020-09-30": 83.4911, "2020-06-30": -3.6871, "2020-03-31": "644.76500", "2019-12-31": 133.5789, "2019-09-30": 120.0331, "2019-06-30": 134.244, "2019-03-31": "138.05000", "2018-12-31": 123.803, "2018-09-30": 127.865, "2018-06-30": 90.533, "2018-03-31": "82.58300", "2017-12-31": 79.686, "2017-09-30": 56.006, "2017-06-30": 36.999, "2017-03-31": "24.54100", "2016-12-31": 202.992, "2016-09-30": 20.418, "2016-06-30": 35.68, "2016-03-31": "28.14000", "2015-12-31": 0, "2015-09-30": -69.27, "2014-12-31": 69.27}, "Change In Accounts Receivable": {"2020-09-30": 12.074, "2020-06-30": -4.961, "2020-03-31": "41.02600", "2019-12-31": 37.673, "2019-09-30": -25.02, "2019-06-30": -4.043, "2019-03-31": "-18.70800", "2018-12-31": -14.674, "2018-09-30": -1.64, "2018-06-30": 12.868, "2018-03-31": "-29.55500", "2017-12-31": -15.381, "2017-09-30": -7.605, "2017-06-30": -11.424, "2017-03-31": "-9.14300", "2016-12-31": -3.035, "2016-09-30": 1.239, "2016-06-30": -2.452, "2016-03-31": "4.23400", "2015-12-31": 0, "2015-09-30": 0, "2014-12-31": 0}, "Change In Inventories": {"2020-09-30": 0, "2020-06-30": 0, "2020-03-31": "", "2019-12-31": 0, "2019-09-30": 0, "2019-06-30": 0, "2019-03-31": "", "2018-12-31": 0, "2018-09-30": 0, "2018-06-30": 0, "2018-03-31": "", "2017-12-31": 0, "2017-09-30": 0, "2017-06-30": 0, "2017-03-31": "", "2016-12-31": 0, "2016-09-30": 0, "2016-06-30": 0, "2016-03-31": "", "2015-12-31": 0, "2015-09-30": 0, "2014-12-31": 0}, "Change In Accounts Payable": {"2020-09-30": 0, "2020-06-30": 0, "2020-03-31": "", "2019-12-31": 0, "2019-09-30": 0, "2019-06-30": 0, "2019-03-31": "", "2018-12-31": 0, "2018-09-30": 0, "2018-06-30": 0, "2018-03-31": "", "2017-12-31": 0, "2017-09-30": 0, "2017-06-30": 0, "2017-03-31": "", "2016-12-31": 0, "2016-09-30": 0, "2016-06-30": 0, "2016-03-31": "", "2015-12-31": 0, "2015-09-30": 0, "2014-12-31": 0}, "Change In Assets/Liabilities": {"2020-09-30": -2.866, "2020-06-30": 0.304, "2020-03-31": "-0.26300", "2019-12-31": -0.887, "2019-09-30": -0.841, "2019-06-30": 0.051, "2019-03-31": "-0.20500", "2018-12-31": -1.116, "2018-09-30": -0.346, "2018-06-30": 0.301, "2018-03-31": "-0.00700", "2017-12-31": 8.802, "2017-09-30": -12.718, "2017-06-30": 0.21, "2017-03-31": "-0.38200", "2016-12-31": -1.097, "2016-09-30": 0.467, "2016-06-30": -0.641, "2016-03-31": "0.00900", "2015-12-31": 0, "2015-09-30": 0, "2014-12-31": 0}, "Total Change In Assets/Liabilities": {"2020-09-30": 13.767, "2020-06-30": -17.958, "2020-03-31": "6.39800", "2019-12-31": 36.057, "2019-09-30": -11.639, "2019-06-30": 25.92, "2019-03-31": "-28.48500", "2018-12-31": 18.705, "2018-09-30": 1.254, "2018-06-30": 34.061, "2018-03-31": "-21.52900", "2017-12-31": 9.692, "2017-09-30": -28.256, "2017-06-30": 13.695, "2017-03-31": "-16.00000", "2016-12-31": -1.371, "2016-09-30": 0.622, "2016-06-30": -2.495, "2016-03-31": "4.87300", "2015-12-31": 0.002, "2015-09-30": -12.07, "2014-12-31": 12.07}, "Cash Flow From Operating Activities": {"2020-09-30": 45.729, "2020-06-30": -16.315, "2020-03-31": "100.81800", "2019-12-31": 179.298, "2019-09-30": 104.681, "2019-06-30": 179.166, "2019-03-31": "101.02800", "2018-12-31": 175.316, "2018-09-30": 170.793, "2018-06-30": 192.076, "2018-03-31": "131.82600", "2017-12-31": 122.768, "2017-09-30": 44.01, "2017-06-30": 73.892, "2017-03-31": "19.24800", "2016-12-31": 9.639, "2016-09-30": 15.907, "2016-06-30": 17.052, "2016-03-31": "18.55200", "2015-12-31": 0, "2015-09-30": -97.24, "2014-12-31": 97.24}, "Net Change In Property, Plant, And Equipment": {"2020-09-30": -30.959, "2020-06-30": -110.074, "2020-03-31": "-166.97600", "2019-12-31": -234.869, "2019-09-30": -239.6, "2019-06-30": -239.642, "2019-03-31": "-218.87800", "2018-12-31": -373.6979, "2018-09-30": -261.5951, "2018-06-30": -214.788, "2018-03-31": "-218.58300", "2017-12-31": -225.552, "2017-09-30": -171.429, "2017-06-30": -496.905, "2017-03-31": "-98.42000", "2016-12-31": -875.0089, "2016-09-30": -15.52, "2016-06-30": -63.036, "2016-03-31": "-22.41900", "2015-12-31": 0, "2015-09-30": 225.92, "2014-12-31": -225.92}, "Net Change In Intangible Assets": {"2020-09-30": 0, "2020-06-30": 0, "2020-03-31": "", "2019-12-31": 0, "2019-09-30": 0, "2019-06-30": 0, "2019-03-31": "", "2018-12-31": 0, "2018-09-30": 0, "2018-06-30": 0, "2018-03-31": "", "2017-12-31": 0, "2017-09-30": 0, "2017-06-30": 0, "2017-03-31": "", "2016-12-31": 0, "2016-09-30": 0, "2016-06-30": 0, "2016-03-31": "", "2015-12-31": 0, "2015-09-30": 0, "2014-12-31": 0}, "Net Acquisitions/Divestitures": {"2020-09-30": 0, "2020-06-30": 0, "2020-03-31": "", "2019-12-31": 0, "2019-09-30": 0, "2019-06-30": 0, "2019-03-31": "", "2018-12-31": 0, "2018-09-30": 0, "2018-06-30": 0, "2018-03-31": "", "2017-12-31": 0, "2017-09-30": 0, "2017-06-30": 0, "2017-03-31": "", "2016-12-31": -1375.744, "2016-09-30": 0, "2016-06-30": 0, "2016-03-31": "", "2015-12-31": 0, "2015-09-30": -71.78, "2014-12-31": 71.78}, "Net Change In Short-term Investments": {"2020-09-30": 0, "2020-06-30": 0, "2020-03-31": "", "2019-12-31": 0, "2019-09-30": 0, "2019-06-30": 0, "2019-03-31": "", "2018-12-31": 0, "2018-09-30": 0, "2018-06-30": 0, "2018-03-31": "", "2017-12-31": 0, "2017-09-30": 0, "2017-06-30": 0, "2017-03-31": "", "2016-12-31": 0, "2016-09-30": 0, "2016-06-30": 0, "2016-03-31": "", "2015-12-31": 0, "2015-09-30": 0, "2014-12-31": 0}, "Net Change In Long-Term Investments": {"2020-09-30": 0, "2020-06-30": 0, "2020-03-31": "", "2019-12-31": 0, "2019-09-30": 0, "2019-06-30": 0, "2019-03-31": "", "2018-12-31": 0, "2018-09-30": 0, "2018-06-30": 0, "2018-03-31": "", "2017-12-31": 0, "2017-09-30": 0, "2017-06-30": 0, "2017-03-31": "", "2016-12-31": 0, "2016-09-30": 0, "2016-06-30": 0, "2016-03-31": "", "2015-12-31": 0, "2015-09-30": 0, "2014-12-31": 0}, "Net Change In Investments - Total": {"2020-09-30": 0, "2020-06-30": 0, "2020-03-31": "", "2019-12-31": 0, "2019-09-30": 0, "2019-06-30": 0, "2019-03-31": "", "2018-12-31": 0, "2018-09-30": 0, "2018-06-30": 0, "2018-03-31": "", "2017-12-31": 0, "2017-09-30": 0, "2017-06-30": 0, "2017-03-31": "", "2016-12-31": 0, "2016-09-30": 0, "2016-06-30": 0, "2016-03-31": "", "2015-12-31": 0, "2015-09-30": 0, "2014-12-31": 0}, "Investing Activities - Other": {"2020-09-30": 0, "2020-06-30": 0, "2020-03-31": "", "2019-12-31": 0, "2019-09-30": 0, "2019-06-30": 0, "2019-03-31": "", "2018-12-31": 0, "2018-09-30": 0, "2018-06-30": 0, "2018-03-31": "", "2017-12-31": 0, "2017-09-30": 0, "2017-06-30": 0, "2017-03-31": "", "2016-12-31": 500.561, "2016-09-30": 0, "2016-06-30": 0, "2016-03-31": "", "2015-12-31": 0, "2015-09-30": 9.24, "2014-12-31": -9.24}, "Cash Flow From Investing Activities": {"2020-09-30": -30.959, "2020-06-30": -110.074, "2020-03-31": "-166.97600", "2019-12-31": -234.869, "2019-09-30": -239.6, "2019-06-30": -239.642, "2019-03-31": "-218.87800", "2018-12-31": -373.698, "2018-09-30": -261.595, "2018-06-30": -214.788, "2018-03-31": "-218.58300", "2017-12-31": -225.552, "2017-09-30": -171.429, "2017-06-30": -496.905, "2017-03-31": "-98.42000", "2016-12-31": -1750.192, "2016-09-30": -15.52, "2016-06-30": -63.036, "2016-03-31": "-22.41900", "2015-12-31": 0, "2015-09-30": 163.38, "2014-12-31": -163.38}, "Net Long-Term Debt": {"2020-09-30": -15, "2020-06-30": 135, "2020-03-31": "60.00000", "2019-12-31": 55, "2019-09-30": 120, "2019-06-30": 0, "2019-03-31": "196.17500", "2018-12-31": 160, "2018-09-30": 110, "2018-06-30": 30, "2018-03-31": "", "2017-12-31": 235, "2017-09-30": 130, "2017-06-30": 35, "2017-03-31": "", "2016-12-31": 0, "2016-09-30": 0, "2016-06-30": 47, "2016-03-31": "3.00000", "2015-12-31": 0, "2015-09-30": 0, "2014-12-31": 0}, "Net Current Debt": {"2020-09-30": 0, "2020-06-30": 0, "2020-03-31": "", "2019-12-31": 0, "2019-09-30": 0, "2019-06-30": 0, "2019-03-31": "", "2018-12-31": 0, "2018-09-30": 0, "2018-06-30": 0, "2018-03-31": "", "2017-12-31": 0, "2017-09-30": 0, "2017-06-30": 0, "2017-03-31": "", "2016-12-31": 0, "2016-09-30": 0, "2016-06-30": 0, "2016-03-31": "", "2015-12-31": 0, "2015-09-30": 0, "2014-12-31": 0}, "Debt Issuance/Retirement Net - Total": {"2020-09-30": -15, "2020-06-30": 135, "2020-03-31": "60.00000", "2019-12-31": 55, "2019-09-30": 120, "2019-06-30": 0, "2019-03-31": "196.17500", "2018-12-31": 160, "2018-09-30": 110, "2018-06-30": 30, "2018-03-31": "", "2017-12-31": 235, "2017-09-30": 130, "2017-06-30": 35, "2017-03-31": "", "2016-12-31": 0, "2016-09-30": 0, "2016-06-30": 47, "2016-03-31": "3.00000", "2015-12-31": 0, "2015-09-30": -101, "2014-12-31": 101}, "Net Common Equity Issued/Repurchased": {"2020-09-30": 0, "2020-06-30": 0, "2020-03-31": "", "2019-12-31": 0, "2019-09-30": 0, "2019-06-30": 0, "2019-03-31": "", "2018-12-31": 0.135, "2018-09-30": 0.272, "2018-06-30": 0.411, "2018-03-31": "0.16400", "2017-12-31": 0.877, "2017-09-30": 0, "2017-06-30": 340.75, "2017-03-31": "", "2016-12-31": 1540.556, "2016-09-30": 0, "2016-06-30": 0, "2016-03-31": "", "2015-12-31": 0, "2015-09-30": 0, "2014-12-31": 0}, "Net Total Equity Issued/Repurchased": {"2020-09-30": 0, "2020-06-30": 0, "2020-03-31": "", "2019-12-31": 0, "2019-09-30": 0, "2019-06-30": 0, "2019-03-31": "", "2018-12-31": 0.135, "2018-09-30": 0.272, "2018-06-30": 0.411, "2018-03-31": "0.16400", "2017-12-31": 0.877, "2017-09-30": 0, "2017-06-30": 340.75, "2017-03-31": "", "2016-12-31": 1920.05, "2016-09-30": 0, "2016-06-30": 0, "2016-03-31": "", "2015-12-31": 0.02, "2015-09-30": 119.27, "2014-12-31": -119.27}, "Total Common And Preferred Stock Dividends Paid": {"2020-09-30": 0, "2020-06-30": 0, "2020-03-31": "", "2019-12-31": 0, "2019-09-30": 0, "2019-06-30": 0, "2019-03-31": "", "2018-12-31": 0, "2018-09-30": 0, "2018-06-30": 0, "2018-03-31": "", "2017-12-31": 0, "2017-09-30": 0, "2017-06-30": 0, "2017-03-31": "", "2016-12-31": 0, "2016-09-30": 0, "2016-06-30": 0, "2016-03-31": "", "2015-12-31": 0, "2015-09-30": 0, "2014-12-31": 0}, "Financial Activities - Other": {"2020-09-30": -1.806, "2020-06-30": -5.234, "2020-03-31": "-0.20800", "2019-12-31": -0.127, "2019-09-30": -0.579, "2019-06-30": -0.543, "2019-03-31": "-6.98900", "2018-12-31": -1.486, "2018-09-30": -1.035, "2018-06-30": -3.203, "2018-03-31": "-1.09800", "2017-12-31": -9.759, "2017-09-30": 0, "2017-06-30": -7.611, "2017-03-31": "-0.03700", "2016-12-31": -45.962, "2016-09-30": -0.661, "2016-06-30": -0.43, "2016-03-31": "-0.80300", "2015-12-31": 0.08, "2015-09-30": -55.23, "2014-12-31": 55.23}, "Cash Flow From Financial Activities": {"2020-09-30": -16.806, "2020-06-30": 129.766, "2020-03-31": "59.79200", "2019-12-31": 54.873, "2019-09-30": 119.421, "2019-06-30": -0.543, "2019-03-31": "189.18600", "2018-12-31": 158.649, "2018-09-30": 109.237, "2018-06-30": 27.208, "2018-03-31": "-0.93400", "2017-12-31": 226.118, "2017-09-30": 130, "2017-06-30": 368.139, "2017-03-31": "-0.03700", "2016-12-31": 1874.088, "2016-09-30": -0.661, "2016-06-30": 46.57, "2016-03-31": "2.19700", "2015-12-31": 0.1, "2015-09-30": -36.96, "2014-12-31": 36.96}, "Net Cash Flow": {"2020-09-30": -2.036, "2020-06-30": 3.377, "2020-03-31": "-6.36600", "2019-12-31": -0.698, "2019-09-30": -15.498, "2019-06-30": -61.019, "2019-03-31": "71.33600", "2018-12-31": -39.733, "2018-09-30": 18.435, "2018-06-30": 4.496, "2018-03-31": "-87.69100", "2017-12-31": 123.334, "2017-09-30": 2.581, "2017-06-30": -54.874, "2017-03-31": "-79.20900", "2016-12-31": 133.535, "2016-09-30": -0.274, "2016-06-30": 0.586, "2016-03-31": "-1.67000", "2015-12-31": 0.1, "2015-09-30": 29.16, "2014-12-31": -29.16}, "Stock-Based Compensation": {"2020-09-30": 5.028, "2020-06-30": 4.727, "2020-03-31": "6.40900", "2019-12-31": 7.646, "2019-09-30": 8.11, "2019-06-30": 6.758, "2019-03-31": "6.48300", "2018-12-31": 6.341, "2018-09-30": 5.341, "2018-06-30": 4.655, "2018-03-31": "4.33300", "2017-12-31": 4.339, "2017-09-30": 3.825, "2017-06-30": 2.985, "2017-03-31": "2.61000", "2016-12-31": 166.727, "2016-09-30": 0, "2016-06-30": 0, "2016-03-31": "", "2015-12-31": 0, "2015-09-30": 0, "2014-12-31": 0}, "Common Stock Dividends Paid": {"2020-09-30": 0, "2020-06-30": 0, "2020-03-31": "", "2019-12-31": 0, "2019-09-30": 0, "2019-06-30": 0, "2019-03-31": "", "2018-12-31": 0, "2018-09-30": 0, "2018-06-30": 0, "2018-03-31": "", "2017-12-31": 0, "2017-09-30": 0, "2017-06-30": 0, "2017-03-31": "", "2016-12-31": 0, "2016-09-30": 0, "2016-06-30": 0, "2016-03-31": "", "2015-12-31": 0, "2015-09-30": 0, "2014-12-31": 0}}, "financial ratios": {"Current Ratio": {"2019-12-31": "0.47210", "2018-12-31": "0.52560", "2017-12-31": "1.01410", "2016-12-31": "1.65450", "2015-12-31": "1.54270", "2014-12-31": ""}, "Long-term Debt / Capital": {"2019-12-31": "0.24430", "2018-12-31": "0.17570", "2017-12-31": "0.11510", "2016-12-31": "", "2015-12-31": "0.23520", "2014-12-31": ""}, "Debt/Equity Ratio": {"2019-12-31": "0.32330", "2018-12-31": "0.21320", "2017-12-31": "0.13010", "2016-12-31": "", "2015-12-31": "0.30750", "2014-12-31": ""}, "Gross Margin": {"2019-12-31": "70.13650", "2018-12-31": "77.83950", "2017-12-31": "77.02550", "2016-12-31": "73.00600", "2015-12-31": "64.70710", "2014-12-31": "77.74550"}, "Operating Margin": {"2019-12-31": "8.41110", "2018-12-31": "31.78180", "2017-12-31": "26.53540", "2016-12-31": "-216.29010", "2015-12-31": "-61.73560", "2014-12-31": "-15.50310"}, "EBIT Margin": {"2019-12-31": "8.41110", "2018-12-31": "31.78180", "2017-12-31": "26.53540", "2016-12-31": "-216.29010", "2015-12-31": "-61.73560", "2014-12-31": "-15.50310"}, "EBITDA Margin": {"2019-12-31": "55.75730", "2018-12-31": "68.61620", "2017-12-31": "64.33820", "2016-12-31": "-137.07870", "2015-12-31": "38.38160", "2014-12-31": "37.04380"}, "Pre-Tax Profit Margin": {"2019-12-31": "2.35200", "2018-12-31": "30.54570", "2017-12-31": "26.39790", "2016-12-31": "-230.80850", "2015-12-31": "-42.99910", "2014-12-31": "14.64970"}, "Net Profit Margin": {"2019-12-31": "1.67290", "2018-12-31": "22.43420", "2017-12-31": "17.57800", "2016-12-31": "-229.48310", "2015-12-31": "-42.36680", "2014-12-31": "13.49520"}, "Asset Turnover": {"2019-12-31": "0.20140", "2018-12-31": "0.20920", "2017-12-31": "0.11890", "2016-12-31": "0.03730", "2015-12-31": "0.14680", "2014-12-31": ""}, "Inventory Turnover Ratio": {"2019-12-31": "", "2018-12-31": "", "2017-12-31": "", "2016-12-31": "", "2015-12-31": "", "2014-12-31": ""}, "Receiveable Turnover": {"2019-12-31": "9.26610", "2018-12-31": "8.85530", "2017-12-31": "5.45660", "2016-12-31": "6.70780", "2015-12-31": "6.95200", "2014-12-31": ""}, "Days Sales In Receivables": {"2019-12-31": "39.39080", "2018-12-31": "41.21830", "2017-12-31": "66.89170", "2016-12-31": "54.41410", "2015-12-31": "52.50250", "2014-12-31": ""}, "ROE - Return On Equity": {"2019-12-31": "0.50180", "2018-12-31": "6.55810", "2017-12-31": "2.78150", "2016-12-31": "-8.91950", "2015-12-31": "-8.50030", "2014-12-31": ""}, "Return On Tangible Equity": {"2019-12-31": "0.50180", "2018-12-31": "6.55810", "2017-12-31": "2.78150", "2016-12-31": "-8.91950", "2015-12-31": "-8.50030", "2014-12-31": ""}, "ROA - Return On Assets": {"2019-12-31": "0.35010", "2018-12-31": "4.99380", "2017-12-31": "2.31030", "2016-12-31": "-8.58750", "2015-12-31": "-6.21860", "2014-12-31": ""}, "ROI - Return On Investment": {"2019-12-31": "0.37920", "2018-12-31": "5.40560", "2017-12-31": "2.46130", "2016-12-31": "-8.91950", "2015-12-31": "-6.50110", "2014-12-31": ""}, "Book Value Per Share": {"2019-12-31": "11.81420", "2018-12-31": "11.73930", "2017-12-31": "10.88440", "2016-12-31": "11.60470", "2015-12-31": "", "2014-12-31": ""}, "Operating Cash Flow Per Share": {"2019-12-31": -0.4714, "2018-12-31": 1.4267, "2017-12-31": 0.715, "2016-12-31": 0.3691, "2015-12-31": 0, "2014-12-31": 0}, "Free Cash Flow Per Share": {"2019-12-31": 0.1607, "2018-12-31": 1.5608, "2017-12-31": 2.4669, "2016-12-31": -5.5216, "2015-12-31": 0, "2014-12-31": 0}}, "financial ratios, quarterly": {"Current Ratio": {"2020-09-30": "0.53440", "2020-06-30": "0.49170", "2020-03-31": "0.30840", "2019-12-31": "0.47210", "2019-09-30": "0.56060", "2019-06-30": "0.53060", "2019-03-31": "0.78130", "2018-12-31": "0.52560", "2018-09-30": "0.78520", "2018-06-30": "0.89170", "2018-03-31": "0.92130", "2017-12-31": "1.01410", "2017-09-30": "0.43280", "2017-06-30": "0.32380", "2017-03-31": "1.01420", "2016-12-31": "1.65450", "2016-09-30": "1.65600", "2016-06-30": "488.58800", "2016-03-31": "", "2015-12-31": "", "2015-09-30": "", "2014-12-31": ""}, "Long-term Debt / Capital": {"2020-09-30": "0.28890", "2020-06-30": "0.28800", "2020-03-31": "0.29080", "2019-12-31": "0.24430", "2019-09-30": "0.23540", "2019-06-30": "0.21240", "2019-03-31": "0.21370", "2018-12-31": "0.17570", "2018-09-30": "0.14220", "2018-06-30": "0.11770", "2018-03-31": "0.11240", "2017-12-31": "0.11510", "2017-09-30": "0.05300", "2017-06-30": "0.01180", "2017-03-31": "", "2016-12-31": "", "2016-09-30": "", "2016-06-30": "", "2016-03-31": "", "2015-12-31": "", "2015-09-30": "", "2014-12-31": ""}, "Debt/Equity Ratio": {"2020-09-30": "0.40640", "2020-06-30": "0.40450", "2020-03-31": "0.41000", "2019-12-31": "0.32330", "2019-09-30": "0.30790", "2019-06-30": "0.26980", "2019-03-31": "0.27170", "2018-12-31": "0.21320", "2018-09-30": "0.16580", "2018-06-30": "0.13340", "2018-03-31": "0.12670", "2017-12-31": "0.13010", "2017-09-30": "0.05600", "2017-06-30": "0.01200", "2017-03-31": "", "2016-12-31": "", "2016-09-30": "0.06000", "2016-06-30": "", "2016-03-31": "", "2015-12-31": "", "2015-09-30": "", "2014-12-31": ""}, "Gross Margin": {"2020-09-30": "65.45160", "2020-06-30": "46.06170", "2020-03-31": "65.68380", "2019-12-31": "69.85320", "2019-09-30": "67.09470", "2019-06-30": "72.02990", "2019-03-31": "71.56810", "2018-12-31": "77.39770", "2018-09-30": "76.92180", "2018-06-30": "77.64270", "2018-03-31": "79.49170", "2017-12-31": "78.98390", "2017-09-30": "75.14040", "2017-06-30": "77.59930", "2017-03-31": "74.28840", "2016-12-31": "74.32210", "2016-09-30": "74.83620", "2016-06-30": "77.28620", "2016-03-31": "60.21430", "2015-12-31": "", "2015-09-30": "", "2014-12-31": ""}, "Operating Margin": {"2020-09-30": "-21.37210", "2020-06-30": "-102.53340", "2020-03-31": "-315.70120", "2019-12-31": "10.09230", "2019-09-30": "4.95000", "2019-06-30": "15.19250", "2019-03-31": "2.37920", "2018-12-31": "22.19060", "2018-09-30": "29.55470", "2018-06-30": "35.14370", "2018-03-31": "40.69840", "2017-12-31": "34.36170", "2017-09-30": "23.78350", "2017-06-30": "25.53590", "2017-03-31": "11.77150", "2016-12-31": "-566.58110", "2016-09-30": "-17.96060", "2016-06-30": "-29.57120", "2016-03-31": "-97.44060", "2015-12-31": "", "2015-09-30": "", "2014-12-31": ""}, "EBIT Margin": {"2020-09-30": "-21.37210", "2020-06-30": "-102.53340", "2020-03-31": "-315.70120", "2019-12-31": "10.09230", "2019-09-30": "4.95000", "2019-06-30": "15.19250", "2019-03-31": "2.37920", "2018-12-31": "22.19060", "2018-09-30": "29.55470", "2018-06-30": "35.14370", "2018-03-31": "40.69840", "2017-12-31": "34.36170", "2017-09-30": "23.78350", "2017-06-30": "25.53590", "2017-03-31": "11.77150", "2016-12-31": "-566.58110", "2016-09-30": "-17.96060", "2016-06-30": "-29.57120", "2016-03-31": "-97.44060", "2015-12-31": "", "2015-09-30": "", "2014-12-31": ""}, "EBITDA Margin": {"2020-09-30": "", "2020-06-30": "", "2020-03-31": "", "2019-12-31": "", "2019-09-30": "", "2019-06-30": "", "2019-03-31": "", "2018-12-31": "", "2018-09-30": "", "2018-06-30": "", "2018-03-31": "", "2017-12-31": "", "2017-09-30": "", "2017-06-30": "", "2017-03-31": "", "2016-12-31": "", "2016-09-30": "", "2016-06-30": "", "2016-03-31": "", "2015-12-31": "", "2015-09-30": "", "2014-12-31": ""}, "Pre-Tax Profit Margin": {"2020-09-30": "-34.55980", "2020-06-30": "3.77200", "2020-03-31": "-328.65920", "2019-12-31": "4.05670", "2019-09-30": "-1.01250", "2019-06-30": "10.20720", "2019-03-31": "-5.03330", "2018-12-31": "18.65990", "2018-09-30": "22.70350", "2018-06-30": "40.14550", "2018-03-31": "41.64420", "2017-12-31": "27.70000", "2017-09-30": "21.94500", "2017-06-30": "35.43330", "2017-03-31": "17.52460", "2016-12-31": "-580.98600", "2016-09-30": "-18.79140", "2016-06-30": "-70.83990", "2016-03-31": "-95.63520", "2015-12-31": "", "2015-09-30": "", "2014-12-31": ""}, "Net Profit Margin": {"2020-09-30": "-34.55980", "2020-06-30": "5.88890", "2020-03-31": "-284.26920", "2019-12-31": "3.75130", "2019-09-30": "-1.56460", "2019-06-30": "7.31950", "2019-03-31": "-3.78060", "2018-12-31": "13.92340", "2018-09-30": "16.72680", "2018-06-30": "29.17900", "2018-03-31": "30.61170", "2017-12-31": "18.38080", "2017-09-30": "12.94410", "2017-06-30": "22.79940", "2017-03-31": "16.07770", "2016-12-31": "-578.25020", "2016-09-30": "-18.79140", "2016-06-30": "-69.10100", "2016-03-31": "-95.63520", "2015-12-31": "", "2015-09-30": "", "2014-12-31": ""}, "Asset Turnover": {"2020-09-30": "0.03800", "2020-06-30": "0.02250", "2020-03-31": "0.04690", "2019-12-31": "0.05470", "2019-09-30": "0.04930", "2019-06-30": "0.05390", "2019-03-31": "0.04790", "2018-12-31": "0.05220", "2018-09-30": "0.05850", "2018-06-30": "0.05670", "2018-03-31": "0.05850", "2017-12-31": "0.04590", "2017-09-30": "0.03410", "2017-06-30": "0.02940", "2017-03-31": "0.02300", "2016-12-31": "0.01250", "2016-09-30": "0.05450", "2016-06-30": "0.04660", "2016-03-31": "0.03010", "2015-12-31": "", "2015-09-30": "", "2014-12-31": ""}, "Inventory Turnover Ratio": {"2020-09-30": "", "2020-06-30": "", "2020-03-31": "", "2019-12-31": "", "2019-09-30": "", "2019-06-30": "", "2019-03-31": "", "2018-12-31": "", "2018-09-30": "", "2018-06-30": "", "2018-03-31": "", "2017-12-31": "", "2017-09-30": "", "2017-06-30": "", "2017-03-31": "", "2016-12-31": "", "2016-09-30": "", "2016-06-30": "", "2016-03-31": "", "2015-12-31": "", "2015-09-30": "", "2014-12-31": ""}, "Receiveable Turnover": {"2020-09-30": "2.90350", "2020-06-30": "1.41210", "2020-03-31": "3.06510", "2019-12-31": "2.51580", "2019-09-30": "1.62140", "2019-06-30": "2.00940", "2019-03-31": "1.88020", "2018-12-31": "2.21130", "2018-09-30": "2.64450", "2018-06-30": "2.14430", "2018-03-31": "1.99110", "2017-12-31": "2.10860", "2017-09-30": "2.22300", "2017-06-30": "2.61610", "2017-03-31": "2.61970", "2016-12-31": "2.24270", "2016-09-30": "138.58330", "2016-06-30": "", "2016-03-31": "", "2015-12-31": "", "2015-09-30": "", "2014-12-31": ""}, "Days Sales In Receivables": {"2020-09-30": "30.99700", "2020-06-30": "63.73460", "2020-03-31": "29.36300", "2019-12-31": "35.77370", "2019-09-30": "55.50600", "2019-06-30": "44.78870", "2019-03-31": "47.86670", "2018-12-31": "40.70070", "2018-09-30": "34.03240", "2018-06-30": "41.97120", "2018-03-31": "45.20090", "2017-12-31": "42.68190", "2017-09-30": "40.48550", "2017-06-30": "34.40230", "2017-03-31": "34.35490", "2016-12-31": "40.13010", "2016-09-30": "0.64940", "2016-06-30": "", "2016-03-31": "", "2015-12-31": "", "2015-09-30": "", "2014-12-31": ""}, "ROE - Return On Equity": {"2020-09-30": "-1.91710", "2020-06-30": "0.19490", "2020-03-31": "-20.18290", "2019-12-31": "0.29540", "2019-09-30": "-0.11410", "2019-06-30": "0.58160", "2019-03-31": "-0.26340", "2018-12-31": "1.01140", "2018-09-30": "1.30020", "2018-06-30": "2.13670", "2018-03-31": "2.29350", "2017-12-31": "1.11150", "2017-09-30": "0.55190", "2017-06-30": "0.79280", "2017-03-31": "0.41720", "2016-12-31": "-7.52000", "2016-09-30": "-102.67990", "2016-06-30": "-322.75370", "2016-03-31": "-289.21940", "2015-12-31": "", "2015-09-30": "", "2014-12-31": ""}, "Return On Tangible Equity": {"2020-09-30": "-1.91710", "2020-06-30": "0.19490", "2020-03-31": "-20.18290", "2019-12-31": "0.29540", "2019-09-30": "-0.11410", "2019-06-30": "0.58160", "2019-03-31": "-0.26340", "2018-12-31": "1.01140", "2018-09-30": "1.30020", "2018-06-30": "2.13670", "2018-03-31": "2.29350", "2017-12-31": "1.11150", "2017-09-30": "0.55190", "2017-06-30": "0.79280", "2017-03-31": "0.41720", "2016-12-31": "-7.52000", "2016-09-30": "-102.68000", "2016-06-30": "-322.66000", "2016-03-31": "-289.22000", "2015-12-31": "", "2015-09-30": "", "2014-12-31": ""}, "ROA - Return On Assets": {"2020-09-30": "-1.31350", "2020-06-30": "0.13260", "2020-03-31": "-13.40260", "2019-12-31": "0.20610", "2019-09-30": "-0.07990", "2019-06-30": "0.41900", "2019-03-31": "-0.19060", "2018-12-31": "0.77010", "2018-09-30": "1.03730", "2018-06-30": "1.75790", "2018-03-31": "1.91660", "2017-12-31": "0.92330", "2017-09-30": "0.49650", "2017-06-30": "0.74870", "2017-03-31": "0.40350", "2016-12-31": "-7.24010", "2016-09-30": "-1.02460", "2016-06-30": "-3.21840", "2016-03-31": "-2.88180", "2015-12-31": "", "2015-09-30": "", "2014-12-31": ""}, "ROI - Return On Investment": {"2020-09-30": "-1.36320", "2020-06-30": "0.13880", "2020-03-31": "-14.31440", "2019-12-31": "0.22320", "2019-09-30": "-0.08720", "2019-06-30": "0.45800", "2019-03-31": "-0.20710", "2018-12-31": "0.83360", "2018-09-30": "1.11530", "2018-06-30": "1.88530", "2018-03-31": "2.03560", "2017-12-31": "0.98360", "2017-09-30": "0.52270", "2017-06-30": "0.78350", "2017-03-31": "0.41720", "2016-12-31": "-7.52000", "2016-09-30": "-102.67990", "2016-06-30": "-322.65940", "2016-03-31": "-289.21940", "2015-12-31": "", "2015-09-30": "", "2014-12-31": ""}, "Book Value Per Share": {"2020-09-30": "9.65740", "2020-06-30": "9.86190", "2020-03-31": "9.84140", "2019-12-31": "11.81420", "2019-09-30": "11.75940", "2019-06-30": "11.81930", "2019-03-31": "11.72680", "2018-12-31": "11.73930", "2018-09-30": "11.60390", "2018-06-30": "11.43910", "2018-03-31": "11.17800", "2017-12-31": "10.88440", "2017-09-30": "10.68070", "2017-06-30": "10.60790", "2017-03-31": "11.34390", "2016-12-31": "11.60470", "2016-09-30": "0.34070", "2016-06-30": "0.34190", "2016-03-31": "0.33200", "2015-12-31": "", "2015-09-30": "", "2014-12-31": ""}, "Operating Cash Flow Per Share": {"2020-09-30": 0.1636, "2020-06-30": -0.0605, "2020-03-31": "0.36530", "2019-12-31": 0.5936, "2019-09-30": 0.4321, "2019-06-30": 0.6315, "2019-03-31": "0.38220", "2018-12-31": 0.7435, "2018-09-30": 0.5542, "2018-06-30": 0.716, "2018-03-31": "0.49710", "2017-12-31": 0.5252, "2017-09-30": 0.1767, "2017-06-30": 0.2883, "2017-03-31": "0.09390", "2016-12-31": 0, "2016-09-30": 0, "2016-06-30": 0, "2016-03-31": "", "2015-12-31": 0, "2015-09-30": 0, "2014-12-31": 0}, "Free Cash Flow Per Share": {"2020-09-30": 0.0552, "2020-06-30": -0.4549, "2020-03-31": "-0.23970", "2019-12-31": -0.1565, "2019-09-30": -0.5315, "2019-06-30": -0.1994, "2019-03-31": "-0.44580", "2018-12-31": -0.7784, "2018-09-30": -0.3055, "2018-06-30": -0.0828, "2018-03-31": "-0.32720", "2017-12-31": -0.4888, "2017-09-30": -0.5053, "2017-06-30": -1.6743, "2017-03-31": "-0.38630", "2016-12-31": 0, "2016-09-30": 0, "2016-06-30": 0, "2016-03-31": "", "2015-12-31": 0, "2015-09-30": 0, "2014-12-31": 0}}, "revenue": {"Centennial Resource Development Annual Revenue (Millions of US $)": {"2019": "$944", "2018": "$891", "2017": "$430", "2016": "$99", "2015": "$90", "2014": "$132"}, "Centennial Resource Development Quarterly Revenue (Millions of US $)": {"2020-09-30": "$149", "2020-06-30": "$91", "2020-03-31": "$193", "2019-12-31": "$256", "2019-09-30": "$229", "2019-06-30": "$244", "2019-03-31": "$215", "2018-12-31": "$223", "2018-09-30": "$235", "2018-06-30": "$218", "2018-03-31": "$216", "2017-12-31": "$166", "2017-09-30": "$112", "2017-06-30": "$91", "2017-03-31": "$61", "2016-12-31": "$33", "2016-09-30": "$27", "2016-06-30": "$23", "2016-03-31": "$15", "2015-12-31": "", "2015-09-30": "", "2014-12-31": ""}}, "gross-profit": {"Centennial Resource Development Annual Gross Profit (Millions of US $)": {"2019": "$662", "2018": "$694", "2017": "$331", "2016": "$72", "2015": "$59", "2014": "$102"}, "Centennial Resource Development Quarterly Gross Profit (Millions of US $)": {"2020-09-30": "$98", "2020-06-30": "$42", "2020-03-31": "$127", "2019-12-31": "$179", "2019-09-30": "$154", "2019-06-30": "$176", "2019-03-31": "$154", "2018-12-31": "$172", "2018-09-30": "$181", "2018-06-30": "$169", "2018-03-31": "$172", "2017-12-31": "$131", "2017-09-30": "$84", "2017-06-30": "$71", "2017-03-31": "$45", "2016-12-31": "$25", "2016-09-30": "$20", "2016-06-30": "$18", "2016-03-31": "$9", "2015-12-31": "", "2015-09-30": "", "2014-12-31": ""}}, "operating-income": {"Centennial Resource Development Annual Operating Income (Millions of US $)": {"2019": "$79", "2018": "$283", "2017": "$114", "2016": "$-214", "2015": "$-56", "2014": "$-20"}, "Centennial Resource Development Quarterly Operating Income (Millions of US $)": {"2020-09-30": "$-32", "2020-06-30": "$-93", "2020-03-31": "$-609", "2019-12-31": "$26", "2019-09-30": "$11", "2019-06-30": "$37", "2019-03-31": "$5", "2018-12-31": "$49", "2018-09-30": "$69", "2018-06-30": "$77", "2018-03-31": "$88", "2017-12-31": "$57", "2017-09-30": "$27", "2017-06-30": "$23", "2017-03-31": "$7", "2016-12-31": "$-187", "2016-09-30": "$-5", "2016-06-30": "$-7", "2016-03-31": "$-15", "2015-12-31": "", "2015-09-30": "$-10", "2014-12-31": ""}}, "ebitda": {"Centennial Resource Development Annual EBITDA (Millions of US $)": {"2019": "$527", "2018": "$611", "2017": "$277", "2016": "$-135", "2015": "$35", "2014": "$49"}, "Centennial Resource Development Quarterly EBITDA (Millions of US $)": {"2020-09-30": "$59", "2020-06-30": "$2", "2020-03-31": "$-507", "2019-12-31": "$150", "2019-09-30": "$125", "2019-06-30": "$150", "2019-03-31": "$102", "2018-12-31": "$152", "2018-09-30": "$153", "2018-06-30": "$152", "2018-03-31": "$154", "2017-12-31": "$116", "2017-09-30": "$69", "2017-06-30": "$58", "2017-03-31": "$33", "2016-12-31": "$-170", "2016-09-30": "$14", "2016-06-30": "$14", "2016-03-31": "$7", "2015-12-31": "", "2015-09-30": "$-10", "2014-12-31": ""}}, "net-income": {"Centennial Resource Development Annual Net Income (Millions of US $)": {"2019": "$16", "2018": "$200", "2017": "$76", "2016": "$-227", "2015": "$-38", "2014": "$18"}, "Centennial Resource Development Quarterly Net Income (Millions of US $)": {"2020-09-30": "$-52", "2020-06-30": "$5", "2020-03-31": "$-548", "2019-12-31": "$10", "2019-09-30": "$-4", "2019-06-30": "$18", "2019-03-31": "$-8", "2018-12-31": "$31", "2018-09-30": "$39", "2018-06-30": "$64", "2018-03-31": "$66", "2017-12-31": "$31", "2017-09-30": "$14", "2017-06-30": "$21", "2017-03-31": "$10", "2016-12-31": "$-191", "2016-09-30": "$-5", "2016-06-30": "$-16", "2016-03-31": "$-14", "2015-12-31": "", "2015-09-30": "$-5", "2014-12-31": ""}}, "eps-earnings-per-share-diluted": {"Centennial Resource Development Annual EPS": {"2019": "$0.06", "2018": "$0.75", "2017": "$0.32", "2016": "$-1.37", "2015": "$0.00", "2014": "$0.00"}, "Centennial Resource Development Quarterly EPS": {"2020-09-30": "$-0.19", "2020-06-30": "$0.02", "2020-03-31": "$-1.99", "2019-12-31": "$0.03", "2019-09-30": "$-0.01", "2019-06-30": "$0.07", "2019-03-31": "$-0.03", "2018-12-31": "$0.11", "2018-09-30": "$0.15", "2018-06-30": "$0.24", "2018-03-31": "$0.25", "2017-12-31": "$0.13", "2017-09-30": "$0.06", "2017-06-30": "$0.09", "2017-03-31": "$0.04", "2016-12-31": "$0.00", "2016-09-30": "$0.00", "2016-06-30": "$0.00", "2016-03-31": "$0.00", "2015-12-31": "$0.00", "2015-09-30": "$-0.03", "2014-12-31": "$0.00"}}, "shares-outstanding": {"Centennial Resource Development Annual Shares Outstanding (Millions of Shares)": {"2019": "277", "2018": "267", "2017": "240", "2016": "166", "2015": "", "2014": ""}, "Centennial Resource Development Quarterly Shares Outstanding (Millions of Shares)": {"2020-09-30": "278", "2020-06-30": "277", "2020-03-31": "276", "2019-12-31": "277", "2019-09-30": "266", "2019-06-30": "276", "2019-03-31": "264", "2018-12-31": "267", "2018-09-30": "280", "2018-06-30": "267", "2018-03-31": "265", "2017-12-31": "240", "2017-09-30": "245", "2017-06-30": "244", "2017-03-31": "205", "2016-12-31": "", "2016-09-30": "", "2016-06-30": "", "2016-03-31": "", "2015-12-31": "", "2015-09-30": "14", "2014-12-31": ""}}, "total-assets": {"Centennial Resource Development Annual Total Assets (Millions of US $)": {"2019": "$4,688", "2018": "$4,260", "2017": "$3,617", "2016": "$2,652", "2015": "$616", "2014": "$0"}, "Centennial Resource Development Quarterly Total Assets (Millions of US $)": {"2020-09-30": "$3,923", "2020-06-30": "$4,021", "2020-03-31": "$4,106", "2019-12-31": "$4,688", "2019-09-30": "$4,646", "2019-06-30": "$4,535", "2019-03-31": "$4,479", "2018-12-31": "$4,260", "2018-09-30": "$4,017", "2018-06-30": "$3,839", "2018-03-31": "$3,693", "2017-12-31": "$3,617", "2017-09-30": "$3,275", "2017-06-30": "$3,099", "2017-03-31": "$2,654", "2016-12-31": "$2,652", "2016-09-30": "$501", "2016-06-30": "$501", "2016-03-31": "$502", "2015-12-31": "$0", "2015-09-30": "$0", "2014-12-31": "$0"}}, "cash-on-hand": {"Centennial Resource Development Annual Cash on Hand (Millions of US $)": {"2019": "$10", "2018": "$18", "2017": "$117", "2016": "$134", "2015": "$2", "2014": "$"}, "Centennial Resource Development Quarterly Cash on Hand (Millions of US $)": {"2020-09-30": "$5", "2020-06-30": "$7", "2020-03-31": "$4", "2019-12-31": "$10", "2019-09-30": "$11", "2019-06-30": "$28", "2019-03-31": "$89", "2018-12-31": "$18", "2018-09-30": "$59", "2018-06-30": "$43", "2018-03-31": "$38", "2017-12-31": "$117", "2017-09-30": "$3", "2017-06-30": "", "2017-03-31": "$55", "2016-12-31": "$134", "2016-09-30": "$0", "2016-06-30": "$1", "2016-03-31": "$2", "2015-12-31": "", "2015-09-30": "", "2014-12-31": ""}}, "long-term-debt": {"Centennial Resource Development Annual Long Term Debt (Millions of US $)": {"2019": "$1,057", "2018": "$692", "2017": "$391", "2016": "$", "2015": "$139", "2014": "$"}, "Centennial Resource Development Quarterly Long Term Debt (Millions of US $)": {"2020-09-30": "$1,092", "2020-06-30": "$1,106", "2020-03-31": "$1,118", "2019-12-31": "$1,057", "2019-09-30": "$1,002", "2019-06-30": "$881", "2019-03-31": "$881", "2018-12-31": "$692", "2018-09-30": "$531", "2018-06-30": "$421", "2018-03-31": "$391", "2017-12-31": "$391", "2017-09-30": "$165", "2017-06-30": "$35", "2017-03-31": "", "2016-12-31": "", "2016-09-30": "", "2016-06-30": "", "2016-03-31": "", "2015-12-31": "", "2015-09-30": "", "2014-12-31": ""}}, "total-liabilities": {"Centennial Resource Development Annual Total Liabilities (Millions of US $)": {"2019": "$1,418", "2018": "$1,016", "2017": "$613", "2016": "$99", "2015": "$165", "2014": "$0"}, "Centennial Resource Development Quarterly Total Liabilities (Millions of US $)": {"2020-09-30": "$1,235", "2020-06-30": "$1,286", "2020-03-31": "$1,379", "2019-12-31": "$1,418", "2019-09-30": "$1,392", "2019-06-30": "$1,268", "2019-03-31": "$1,237", "2018-12-31": "$1,016", "2018-09-30": "$812", "2018-06-30": "$681", "2018-03-31": "$607", "2017-12-31": "$613", "2017-09-30": "$329", "2017-06-30": "$173", "2017-03-31": "$88", "2016-12-31": "$99", "2016-09-30": "$496", "2016-06-30": "$496", "2016-03-31": "$497", "2015-12-31": "", "2015-09-30": "$0", "2014-12-31": "$0"}}, "total-share-holder-equity": {"Centennial Resource Development Annual Share Holder Equity (Millions of US $)": {"2019": "$3,271", "2018": "$3,244", "2017": "$3,004", "2016": "$2,553", "2015": "$451", "2014": "$0"}, "Centennial Resource Development Quarterly Share Holder Equity (Millions of US $)": {"2020-09-30": "$2,688", "2020-06-30": "$2,735", "2020-03-31": "$2,727", "2019-12-31": "$3,271", "2019-09-30": "$3,254", "2019-06-30": "$3,267", "2019-03-31": "$3,242", "2018-12-31": "$3,244", "2018-09-30": "$3,205", "2018-06-30": "$3,158", "2018-03-31": "$3,086", "2017-12-31": "$3,004", "2017-09-30": "$2,946", "2017-06-30": "$2,926", "2017-03-31": "$2,566", "2016-12-31": "$2,553", "2016-09-30": "$5", "2016-06-30": "$5", "2016-03-31": "$5", "2015-12-31": "", "2015-09-30": "$0", "2014-12-31": "$0"}}, "profit-margins": {"current": "-84.87%"}, "gross margin": {"2020-09-30": "64.73%", "2020-06-30": "65.28%", "2020-03-31": "68.98%", "2019-12-31": "70.23%", "2019-09-30": "72.01%", "2019-06-30": "74.48%", "2019-03-31": "75.87%", "2018-12-31": "77.80%", "2018-09-30": "78.20%", "2018-06-30": "78.09%", "2018-03-31": "78.29%", "2017-12-31": "76.98%", "2017-09-30": "75.76%", "2017-06-30": "75.94%", "2017-03-31": "75.00%", "2016-12-31": "73.47%"}, "operating margin": {"2020-09-30": "-102.76%", "2020-06-30": "-86.48%", "2020-03-31": "-58.03%", "2019-12-31": "8.37%", "2019-09-30": "11.20%", "2019-06-30": "17.45%", "2019-03-31": "22.45%", "2018-12-31": "31.73%", "2018-09-30": "34.85%", "2018-06-30": "34.97%", "2018-03-31": "33.33%", "2017-12-31": "26.51%", "2017-09-30": "-43.77%", "2017-06-30": "-76.42%", "2017-03-31": "-133.33%", "2016-12-31": "-218.37%"}, "ebitda margin": {"2020-09-30": "-42.96%", "2020-06-30": "-29.91%", "2020-03-31": "-8.89%", "2019-12-31": "55.83%", "2019-09-30": "58.07%", "2019-06-30": "60.74%", "2019-03-31": "62.74%", "2018-12-31": "68.50%", "2018-09-30": "68.86%", "2018-06-30": "68.96%", "2018-03-31": "67.86%", "2017-12-31": "64.19%", "2017-09-30": "-3.37%", "2017-06-30": "-30.66%", "2017-03-31": "-75.69%", "2016-12-31": "-137.76%"}, "pre tax profit margin": {"2020-09-30": "-97.68%", "2020-06-30": "-81.01%", "2020-03-31": "-65.18%", "2019-12-31": "2.33%", "2019-09-30": "5.93%", "2019-06-30": "11.89%", "2019-03-31": "19.19%", "2018-12-31": "30.49%", "2018-09-30": "33.05%", "2018-06-30": "34.69%", "2018-03-31": "32.82%", "2017-12-31": "26.28%", "2017-09-30": "-42.09%", "2017-06-30": "-72.64%", "2017-03-31": "-140.97%", "2016-12-31": "-232.65%"}, "net profit margin": {"2020-09-30": "-84.91%", "2020-06-30": "-69.83%", "2020-03-31": "-56.83%", "2019-12-31": "1.69%", "2019-09-30": "4.06%", "2019-06-30": "8.72%", "2019-03-31": "14.14%", "2018-12-31": "22.42%", "2018-09-30": "23.95%", "2018-06-30": "24.58%", "2018-03-31": "22.56%", "2017-12-31": "17.67%", "2017-09-30": "-49.16%", "2017-06-30": "-77.83%", "2017-03-31": "-140.28%", "2016-12-31": "-230.61%"}, "pe ratio": {"current": "0.00", "2021-02-05": "0.00", "2020-09-30": "0.00", "2020-06-30": "0.00", "2020-03-31": "0.00", "2019-12-31": "77.00", "2019-09-30": "30.10", "2019-06-30": "24.48", "2019-03-31": "18.31", "2018-12-31": "14.50", "2018-09-30": "28.75", "2018-06-30": "26.96", "2018-03-31": "35.29", "2017-12-31": "63.87", "2017-09-30": "94.58", "2017-06-30": "175.78", "2017-03-31": "0.00"}, "price sales": {"2021-02-05": "1.33", "2020-09-30": "0.24", "2020-06-30": "0.32", "2020-03-31": "0.08", "2019-12-31": "1.33", "2019-09-30": "1.33", "2019-06-30": "2.25", "2019-03-31": "2.66", "2018-12-31": "3.34", "2018-09-30": "6.91", "2018-06-30": "6.50", "2018-03-31": "7.86", "2017-12-31": "10.88", "2017-09-30": "15.95", "2017-06-30": "23.55", "2017-03-31": "61.15"}, "price book": {"current": "0.34", "2021-02-05": "0.34", "2020-09-30": "0.06", "2020-06-30": "0.09", "2020-03-31": "0.03", "2019-12-31": "0.39", "2019-09-30": "0.38", "2019-06-30": "0.64", "2019-03-31": "0.75", "2018-12-31": "0.94", "2018-09-30": "1.88", "2018-06-30": "1.58", "2018-03-31": "1.64", "2017-12-31": "1.82", "2017-09-30": "1.68", "2017-06-30": "1.49", "2017-03-31": "1.61", "2016-12-31": "1.70", "2016-09-30": "46.23", "2016-06-30": "28.66"}, "price fcf": {"2021-02-05": "", "2020-09-30": "$-0.80", "2020-06-30": "$-1.38", "2020-03-31": "$-1.13", "2019-12-31": "$-1.33", "2019-09-30": "$-1.96", "2019-06-30": "$-1.73", "2019-03-31": "$-1.61", "2018-12-31": "$-1.49", "2018-09-30": "$-1.20", "2018-06-30": "$-1.40", "2018-03-31": "$-3.00", "2017-12-31": "$-3.05", "2017-09-30": "$-2.57", "2017-06-30": "$-2.06", "2017-03-31": "$-0.39"}, "net worth": {"value": "$0.92B"}, "current ratio": {"2020-09-30": "0.53", "2020-06-30": "0.49", "2020-03-31": "0.31", "2019-12-31": "0.47", "2019-09-30": "0.56", "2019-06-30": "0.53", "2019-03-31": "0.78", "2018-12-31": "0.53", "2018-09-30": "0.79", "2018-06-30": "0.89", "2018-03-31": "0.92", "2017-12-31": "1.01", "2017-09-30": "0.43", "2017-06-30": "0.32", "2017-03-31": "1.01", "2016-12-31": "1.66", "2016-09-30": "1.66", "2016-06-30": "488.60", "2016-03-31": "0.00", "2015-12-31": "0.00", "2015-09-30": "0.00", "2014-12-31": "0.00"}, "quick ratio": {"2020-09-30": "0.00", "2020-06-30": "0.00", "2020-03-31": "0.00", "2019-12-31": "0.00", "2019-09-30": "0.00", "2019-06-30": "0.00", "2019-03-31": "0.00", "2018-12-31": "0.00", "2018-09-30": "0.00", "2018-06-30": "0.00", "2018-03-31": "0.00", "2017-12-31": "0.00", "2017-09-30": "0.00", "2017-06-30": "0.00", "2017-03-31": "0.00", "2016-12-31": "0.00", "2016-09-30": "0.00", "2016-06-30": "0.00", "2016-03-31": "0.00", "2015-12-31": "0.00", "2015-09-30": "0.00", "2014-12-31": "0.00"}, "debt equity ratio": {"current": "0.41", "2020-09-30": "0.46", "2020-06-30": "0.47", "2020-03-31": "0.51", "2019-12-31": "0.43", "2019-09-30": "0.43", "2019-06-30": "0.39", "2019-03-31": "0.38", "2018-12-31": "0.31", "2018-09-30": "0.25", "2018-06-30": "0.22", "2018-03-31": "0.20", "2017-12-31": "0.20", "2017-09-30": "0.11", "2017-06-30": "0.06", "2017-03-31": "0.03", "2016-12-31": "0.04", "2016-09-30": "99.21", "2016-06-30": "99.26", "2016-03-31": "99.36", "2015-12-31": "0.00", "2015-09-30": "0.00", "2014-12-31": "0.00"}, "return on equity": {"2020-09-30": "-20.49%", "2020-06-30": "-17.92%", "2020-03-31": "-16.74%", "2019-12-31": "0.49%", "2019-09-30": "1.14%", "2019-06-30": "2.47%", "2019-03-31": "3.92%", "2018-12-31": "6.30%", "2018-09-30": "6.42%", "2018-06-30": "5.74%", "2018-03-31": "4.41%", "2017-12-31": "2.66%", "2017-09-30": "-5.31%", "2017-06-30": "-8.20%", "2017-03-31": "-15.75%", "2016-12-31": "-35.20%", "2016-06-30": "-1400.00%"}, "return on assets": {"2020-09-30": "-13.98%", "2020-06-30": "-12.30%", "2020-03-31": "-11.66%", "2019-12-31": "0.35%", "2019-09-30": "0.83%", "2019-06-30": "1.85%", "2019-03-31": "3.04%", "2018-12-31": "5.06%", "2018-09-30": "5.27%", "2018-06-30": "4.85%", "2018-03-31": "3.86%", "2017-12-31": "2.40%", "2017-09-30": "-5.00%", "2017-06-30": "-7.41%", "2017-03-31": "-12.81%", "2016-12-31": "-21.75%", "2016-06-30": "-13.96%"}, "return on investments": {"2020-09-30": "-17.93%", "2020-06-30": "-16.35%", "2020-03-31": "-12.91%", "2019-12-31": "1.87%", "2019-09-30": "2.48%", "2019-06-30": "4.01%", "2019-03-31": "5.20%", "2018-12-31": "7.69%", "2018-09-30": "8.20%", "2018-06-30": "7.34%", "2018-03-31": "6.03%", "2017-12-31": "4.82%", "2017-09-30": "-8.56%", "2017-06-30": "-21.88%", "2017-03-31": "inf%", "2016-12-31": "inf%", "2016-06-30": "inf%"}, "return on tangible equity": {"2020-09-30": "-20.49%", "2020-06-30": "-17.92%", "2020-03-31": "-16.74%", "2019-12-31": "0.49%", "2019-09-30": "1.14%", "2019-06-30": "2.47%", "2019-03-31": "3.92%", "2018-12-31": "6.30%", "2018-09-30": "6.42%", "2018-06-30": "5.74%", "2018-03-31": "4.41%", "2017-12-31": "2.66%", "2017-09-30": "-5.31%", "2017-06-30": "-8.20%", "2017-03-31": "-15.75%", "2016-12-31": "-35.20%", "2016-06-30": "-1400.00%"}, "dividend yield history": {"last payout": "$0.00", "last yield": "0.00%"}}