{"ticker": "CNP", "price": {"title": "CenterPoint Energy Historical Annual Stock Price Data", "value": 21.4, "historical": {"2021": {"Average Stock Price": "21.3017", "Year Open": "21.3400", "Year High": "21.9500", "Year Low": "20.7000", "Year Close": "21.4000", "Annual % Change": "-1.11%"}, "2020": {"Average Stock Price": "20.4827", "Year Open": "26.9500", "Year High": "27.1800", "Year Low": "12.1000", "Year Close": "21.6400", "Annual % Change": "-20.65%"}, "2019": {"Average Stock Price": "28.9983", "Year Open": "28.0000", "Year High": "31.4000", "Year Low": "24.3900", "Year Close": "27.2700", "Annual % Change": "-3.40%"}, "2018": {"Average Stock Price": "27.3443", "Year Open": "28.0200", "Year High": "29.3400", "Year Low": "24.9200", "Year Close": "28.2300", "Annual % Change": "-0.46%"}, "2017": {"Average Stock Price": "28.1741", "Year Open": "24.5900", "Year High": "30.4500", "Year Low": "24.5900", "Year Close": "28.3600", "Annual % Change": "15.10%"}, "2016": {"Average Stock Price": "21.9481", "Year Open": "18.2700", "Year High": "24.8400", "Year Low": "16.9000", "Year Close": "24.6400", "Annual % Change": "34.20%"}, "2015": {"Average Stock Price": "19.5972", "Year Open": "23.6300", "Year High": "23.6300", "Year Low": "16.1400", "Year Close": "18.3600", "Annual % Change": "-21.64%"}, "2014": {"Average Stock Price": "24.0565", "Year Open": "22.8200", "Year High": "25.5400", "Year Low": "21.5400", "Year Close": "23.4300", "Annual % Change": "1.08%"}, "2013": {"Average Stock Price": "23.2085", "Year Open": "19.6200", "Year High": "25.1600", "Year Low": "19.4700", "Year Close": "23.1800", "Annual % Change": "20.42%"}, "2012": {"Average Stock Price": "20.0514", "Year Open": "19.8900", "Year High": "21.7500", "Year Low": "18.2300", "Year Close": "19.2500", "Annual % Change": "-4.18%"}, "2011": {"Average Stock Price": "18.5201", "Year Open": "15.8000", "Year High": "21.2900", "Year Low": "15.2000", "Year Close": "20.0900", "Annual % Change": "27.80%"}, "2010": {"Average Stock Price": "14.7305", "Year Open": "14.5200", "Year High": "16.9200", "Year Low": "12.9000", "Year Close": "15.7200", "Annual % Change": "8.34%"}, "2009": {"Average Stock Price": "11.9012", "Year Open": "12.8500", "Year High": "14.8100", "Year Low": "8.8800", "Year Close": "14.5100", "Annual % Change": "14.98%"}, "2008": {"Average Stock Price": "14.6403", "Year Open": "16.8700", "Year High": "17.1600", "Year Low": "9.0800", "Year Close": "12.6200", "Annual % Change": "-26.33%"}, "2007": {"Average Stock Price": "17.5367", "Year Open": "17.0500", "Year High": "20.0200", "Year Low": "15.1500", "Year Close": "17.1300", "Annual % Change": "3.32%"}, "2006": {"Average Stock Price": "13.6039", "Year Open": "13.0000", "Year High": "16.8000", "Year Low": "11.7300", "Year Close": "16.5800", "Annual % Change": "29.03%"}, "2005": {"Average Stock Price": "12.7747", "Year Open": "11.0600", "Year High": "15.1300", "Year Low": "10.6500", "Year Close": "12.8500", "Annual % Change": "13.72%"}, "2004": {"Average Stock Price": "10.8819", "Year Open": "9.7200", "Year High": "12.2100", "Year Low": "9.7200", "Year Close": "11.3000", "Annual % Change": "16.62%"}, "2003": {"Average Stock Price": "8.2958", "Year Open": "8.5000", "Year High": "10.1100", "Year Low": "4.5000", "Year Close": "9.6900", "Annual % Change": "14.00%"}, "2002": {"Average Stock Price": "15.8099", "Year Open": "26.8000", "Year High": "26.8500", "Year Low": "5.4000", "Year Close": "8.5000", "Annual % Change": "-67.95%"}, "2001": {"Average Stock Price": "35.1098", "Year Open": "42.6900", "Year High": "50.0200", "Year Low": "23.6400", "Year Close": "26.5200", "Annual % Change": "-38.77%"}, "2000": {"Average Stock Price": "31.9324", "Year Open": "22.2500", "Year High": "48.1900", "Year Low": "19.8800", "Year Close": "43.3100", "Annual % Change": "89.29%"}, "1999": {"Average Stock Price": "27.5994", "Year Open": "32.1200", "Year High": "32.2500", "Year Low": "22.8800", "Year Close": "22.8800", "Annual % Change": "-28.63%"}, "1998": {"Average Stock Price": "29.2087", "Year Open": "26.0000", "Year High": "33.3800", "Year Low": "25.4400", "Year Close": "32.0600", "Annual % Change": "19.85%"}, "1997": {"Average Stock Price": "21.9183", "Year Open": "22.3800", "Year High": "26.7500", "Year Low": "18.8800", "Year Close": "26.7500", "Annual % Change": "18.26%"}, "1996": {"Average Stock Price": "22.8133", "Year Open": "24.6200", "Year High": "25.5000", "Year Low": "20.5000", "Year Close": "22.6200", "Annual % Change": "-6.72%"}, "1995": {"Average Stock Price": "21.1509", "Year Open": "17.8100", "Year High": "24.3800", "Year Low": "17.8100", "Year Close": "24.2500", "Annual % Change": "36.16%"}, "1994": {"Average Stock Price": "18.0937", "Year Open": "23.3100", "Year High": "23.4400", "Year Low": "15.0000", "Year Close": "17.8100", "Annual % Change": "-25.20%"}, "1993": {"Average Stock Price": "23.1373", "Year Open": "23.1900", "Year High": "24.7500", "Year Low": "21.2500", "Year Close": "23.8100", "Annual % Change": "3.79%"}, "1992": {"Average Stock Price": "21.8106", "Year Open": "22.0000", "Year High": "23.4400", "Year Low": "20.1900", "Year Close": "22.9400", "Annual % Change": "3.68%"}, "1991": {"Average Stock Price": "18.8981", "Year Open": "18.3750", "Year High": "22.1250", "Year Low": "17.3750", "Year Close": "22.1250", "Annual % Change": "20.41%"}, "1990": {"Average Stock Price": "16.8017", "Year Open": "17.6250", "Year High": "18.5000", "Year Low": "15.3100", "Year Close": "18.3750", "Annual % Change": "5.00%"}, "1989": {"Average Stock Price": "15.7186", "Year Open": "13.8100", "Year High": "17.9400", "Year Low": "13.4400", "Year Close": "17.5000", "Annual % Change": "25.00%"}, "1988": {"Average Stock Price": "15.1444", "Year Open": "15.3750", "Year High": "16.8100", "Year Low": "13.3750", "Year Close": "14.0000", "Annual % Change": "-6.67%"}, "1987": {"Average Stock Price": "16.8426", "Year Open": "18.0000", "Year High": "19.6250", "Year Low": "14.5000", "Year Close": "15.0000", "Annual % Change": "-13.67%"}, "1986": {"Average Stock Price": "16.1212", "Year Open": "14.0000", "Year High": "18.3750", "Year Low": "13.8750", "Year Close": "17.3750", "Annual % Change": "24.11%"}, "1985": {"Average Stock Price": "13.0134", "Year Open": "11.0600", "Year High": "14.5600", "Year Low": "10.9400", "Year Close": "14.0000", "Annual % Change": "24.44%"}, "1984": {"Average Stock Price": "9.9831", "Year Open": "9.9400", "Year High": "11.2500", "Year Low": "8.8750", "Year Close": "11.2500", "Annual % Change": "16.10%"}, "1983": {"Average Stock Price": "10.5986", "Year Open": "10.0600", "Year High": "11.8750", "Year Low": "9.5600", "Year Close": "9.6900", "Annual % Change": "-3.10%"}, "1982": {"Average Stock Price": "9.5811", "Year Open": "9.3100", "Year High": "10.6900", "Year Low": "8.8100", "Year Close": "10.0000", "Annual % Change": "10.38%"}, "1981": {"Average Stock Price": "9.3966", "Year Open": "9.3733", "Year High": "10.7500", "Year Low": "8.4167", "Year Close": "9.0600", "Annual % Change": "-4.63%"}, "1980": {"Average Stock Price": "9.2626", "Year Open": "9.5833", "Year High": "10.4167", "Year Low": "8.3733", "Year Close": "9.5000", "Annual % Change": "-2.13%"}, "1979": {"Average Stock Price": "9.7776", "Year Open": "9.1667", "Year High": "10.5000", "Year Low": "8.7933", "Year Close": "9.7067", "Annual % Change": "6.35%"}, "1978": {"Average Stock Price": "10.0664", "Year Open": "10.0833", "Year High": "11.0833", "Year Low": "9.0000", "Year Close": "9.1267", "Annual % Change": "-10.58%"}, "1977": {"Average Stock Price": "10.9320", "Year Open": "10.5433", "Year High": "11.8733", "Year Low": "9.8333", "Year Close": "10.2067", "Annual % Change": "-3.56%"}, "1976": {"Average Stock Price": "8.4384", "Year Open": "7.9167", "Year High": "10.7933", "Year Low": "6.8733", "Year Close": "10.5833", "Annual % Change": "34.42%"}, "1975": {"Average Stock Price": "7.4068", "Year Open": "7.8333", "Year High": "8.6667", "Year Low": "6.0833", "Year Close": "7.8733", "Annual % Change": "4.37%"}, "1974": {"Average Stock Price": "7.9752", "Year Open": "9.3733", "Year High": "9.8333", "Year Low": "5.8333", "Year Close": "7.5433", "Annual % Change": "-18.07%"}, "1973": {"Average Stock Price": "13.4174", "Year Open": "16.9167", "Year High": "16.9167", "Year Low": "8.6667", "Year Close": "9.2067", "Annual % Change": "-45.98%"}, "1972": {"Average Stock Price": "15.5922", "Year Open": "15.3733", "Year High": "18.8333", "Year Low": "14.3333", "Year Close": "17.0433", "Annual % Change": "11.15%"}, "1971": {"Average Stock Price": "15.1660", "Year Open": "15.0433", "Year High": "16.3333", "Year Low": "14.1667", "Year Close": "15.3333", "Annual % Change": "0.26%"}}}, "market cap": {"value": "$11.66B"}, "income statement": {"Revenue": {"2019-12-31": "12301.00000", "2018-12-31": "10589.00000", "2017-12-31": "9614.00000", "2016-12-31": "7528.00000", "2015-12-31": "7386.00000", "2014-12-31": "9226.00000", "2013-12-31": "8106.00000", "2012-12-31": "7452.00000", "2011-12-31": "8450.00000", "2010-12-31": "8785.00000", "2009-12-31": "8281.00000", "2008-12-31": "11322.00000", "2007-12-31": "9623.00000", "2006-12-31": "9319.00000", "2005-12-31": "9722.00000"}, "Cost Of Goods Sold": {"2019-12-31": "5712.00000", "2018-12-31": "5774.00000", "2017-12-31": "4894.00000", "2016-12-31": "2966.00000", "2015-12-31": "3102.00000", "2014-12-31": "4921.00000", "2013-12-31": "3908.00000", "2012-12-31": "2873.00000", "2011-12-31": "4055.00000", "2010-12-31": "4574.00000", "2009-12-31": "4371.00000", "2008-12-31": "7466.00000", "2007-12-31": "5995.00000", "2006-12-31": "5909.00000", "2005-12-31": "6509.00000"}, "Gross Profit": {"2019-12-31": "6589.00000", "2018-12-31": "4815.00000", "2017-12-31": "4720.00000", "2016-12-31": "4562.00000", "2015-12-31": "4284.00000", "2014-12-31": "4305.00000", "2013-12-31": "4198.00000", "2012-12-31": "4579.00000", "2011-12-31": "4395.00000", "2010-12-31": "4211.00000", "2009-12-31": "3910.00000", "2008-12-31": "3856.00000", "2007-12-31": "3628.00000", "2006-12-31": "3410.00000", "2005-12-31": "3213.00000"}, "Research And Development Expenses": {"2019-12-31": "", "2018-12-31": "", "2017-12-31": "", "2016-12-31": "", "2015-12-31": "", "2014-12-31": "", "2013-12-31": "", "2012-12-31": "", "2011-12-31": "", "2010-12-31": "", "2009-12-31": "", "2008-12-31": "", "2007-12-31": "", "2006-12-31": "", "2005-12-31": ""}, "SG&A Expenses": {"2019-12-31": "4028.00000", "2018-12-31": "2741.00000", "2017-12-31": "2548.00000", "2016-12-31": "2413.00000", "2015-12-31": "2381.00000", "2014-12-31": "2357.00000", "2013-12-31": "2234.00000", "2012-12-31": "2239.00000", "2011-12-31": "2211.00000", "2010-12-31": "2098.00000", "2009-12-31": "2043.00000", "2008-12-31": "1875.00000", "2007-12-31": "1812.00000", "2006-12-31": "1766.00000", "2005-12-31": "1733.00000"}, "Other Operating Income Or Expenses": {"2019-12-31": "", "2018-12-31": "", "2017-12-31": "", "2016-12-31": "", "2015-12-31": "", "2014-12-31": "", "2013-12-31": "", "2012-12-31": "", "2011-12-31": "", "2010-12-31": "", "2009-12-31": "", "2008-12-31": "", "2007-12-31": "", "2006-12-31": "", "2005-12-31": ""}, "Operating Expenses": {"2019-12-31": "11075.00000", "2018-12-31": "9758.00000", "2017-12-31": "8478.00000", "2016-12-31": "6505.00000", "2015-12-31": "6453.00000", "2014-12-31": "8291.00000", "2013-12-31": "7096.00000", "2012-12-31": "6414.00000", "2011-12-31": "7152.00000", "2010-12-31": "7536.00000", "2009-12-31": "7157.00000", "2008-12-31": "10049.00000", "2007-12-31": "8438.00000", "2006-12-31": "8274.00000", "2005-12-31": "8783.00000"}, "Operating Income": {"2019-12-31": "1226.00000", "2018-12-31": "831.00000", "2017-12-31": "1136.00000", "2016-12-31": "1023.00000", "2015-12-31": "933.00000", "2014-12-31": "935.00000", "2013-12-31": "1010.00000", "2012-12-31": "1038.00000", "2011-12-31": "1298.00000", "2010-12-31": "1249.00000", "2009-12-31": "1124.00000", "2008-12-31": "1273.00000", "2007-12-31": "1185.00000", "2006-12-31": "1045.00000", "2005-12-31": "939.00000"}, "Total Non-Operating Income/Expense": {"2019-12-31": "-297.00000", "2018-12-31": "-317.00000", "2017-12-31": "-73.00000", "2016-12-31": "-337.00000", "2015-12-31": "-2063.00000", "2014-12-31": "-50.00000", "2013-12-31": "-229.00000", "2012-12-31": "-281.00000", "2011-12-31": "-124.00000", "2010-12-31": "-544.00000", "2009-12-31": "-576.00000", "2008-12-31": "-550.00000", "2007-12-31": "-597.00000", "2006-12-31": "-551.00000", "2005-12-31": "-561.00000"}, "Pre-Tax Income": {"2019-12-31": "929.00000", "2018-12-31": "514.00000", "2017-12-31": "1063.00000", "2016-12-31": "686.00000", "2015-12-31": "-1130.00000", "2014-12-31": "885.00000", "2013-12-31": "781.00000", "2012-12-31": "757.00000", "2011-12-31": "1174.00000", "2010-12-31": "705.00000", "2009-12-31": "548.00000", "2008-12-31": "723.00000", "2007-12-31": "588.00000", "2006-12-31": "494.00000", "2005-12-31": "378.00000"}, "Income Taxes": {"2019-12-31": "138.00000", "2018-12-31": "146.00000", "2017-12-31": "-729.00000", "2016-12-31": "254.00000", "2015-12-31": "-438.00000", "2014-12-31": "274.00000", "2013-12-31": "470.00000", "2012-12-31": "340.00000", "2011-12-31": "404.00000", "2010-12-31": "263.00000", "2009-12-31": "176.00000", "2008-12-31": "277.00000", "2007-12-31": "193.00000", "2006-12-31": "62.00000", "2005-12-31": "153.00000"}, "Income After Taxes": {"2019-12-31": "791.00000", "2018-12-31": "368.00000", "2017-12-31": "1792.00000", "2016-12-31": "432.00000", "2015-12-31": "-692.00000", "2014-12-31": "611.00000", "2013-12-31": "311.00000", "2012-12-31": "417.00000", "2011-12-31": "770.00000", "2010-12-31": "442.00000", "2009-12-31": "372.00000", "2008-12-31": "446.00000", "2007-12-31": "395.00000", "2006-12-31": "432.00000", "2005-12-31": "225.00000"}, "Other Income": {"2019-12-31": "", "2018-12-31": "", "2017-12-31": "", "2016-12-31": "", "2015-12-31": "", "2014-12-31": "", "2013-12-31": "", "2012-12-31": "", "2011-12-31": "", "2010-12-31": "", "2009-12-31": "", "2008-12-31": "", "2007-12-31": "", "2006-12-31": "", "2005-12-31": ""}, "Income From Continuous Operations": {"2019-12-31": "791.00000", "2018-12-31": "368.00000", "2017-12-31": "1792.00000", "2016-12-31": "432.00000", "2015-12-31": "-692.00000", "2014-12-31": "611.00000", "2013-12-31": "311.00000", "2012-12-31": "417.00000", "2011-12-31": "770.00000", "2010-12-31": "442.00000", "2009-12-31": "372.00000", "2008-12-31": "446.00000", "2007-12-31": "395.00000", "2006-12-31": "432.00000", "2005-12-31": "225.00000"}, "Income From Discontinued Operations": {"2019-12-31": "", "2018-12-31": "", "2017-12-31": "", "2016-12-31": "", "2015-12-31": "", "2014-12-31": "", "2013-12-31": "", "2012-12-31": "", "2011-12-31": "", "2010-12-31": "", "2009-12-31": "", "2008-12-31": "", "2007-12-31": "", "2006-12-31": "", "2005-12-31": "-3.00000"}, "Net Income": {"2019-12-31": "674.00000", "2018-12-31": "333.00000", "2017-12-31": "1792.00000", "2016-12-31": "432.00000", "2015-12-31": "-692.00000", "2014-12-31": "611.00000", "2013-12-31": "311.00000", "2012-12-31": "417.00000", "2011-12-31": "1357.00000", "2010-12-31": "442.00000", "2009-12-31": "372.00000", "2008-12-31": "446.00000", "2007-12-31": "395.00000", "2006-12-31": "432.00000", "2005-12-31": "252.00000"}, "EBITDA": {"2019-12-31": "2566.00000", "2018-12-31": "2122.00000", "2017-12-31": "2196.00000", "2016-12-31": "2175.00000", "2015-12-31": "1930.00000", "2014-12-31": "1976.00000", "2013-12-31": "1994.00000", "2012-12-31": "2120.00000", "2011-12-31": "2214.00000", "2010-12-31": "2140.00000", "2009-12-31": "1904.00000", "2008-12-31": "2010.00000", "2007-12-31": "1885.00000", "2006-12-31": "1700.00000", "2005-12-31": "1557.00000"}, "EBIT": {"2019-12-31": "1226.00000", "2018-12-31": "831.00000", "2017-12-31": "1136.00000", "2016-12-31": "1023.00000", "2015-12-31": "933.00000", "2014-12-31": "935.00000", "2013-12-31": "1010.00000", "2012-12-31": "1038.00000", "2011-12-31": "1298.00000", "2010-12-31": "1249.00000", "2009-12-31": "1124.00000", "2008-12-31": "1273.00000", "2007-12-31": "1185.00000", "2006-12-31": "1045.00000", "2005-12-31": "939.00000"}, "Basic Shares Outstanding": {"2019-12-31": "502.00000", "2018-12-31": "449.00000", "2017-12-31": "431.00000", "2016-12-31": "431.00000", "2015-12-31": "430.00000", "2014-12-31": "430.00000", "2013-12-31": "428.00000", "2012-12-31": "427.18900", "2011-12-31": "425.63600", "2010-12-31": "410.00000", "2009-12-31": "365.00000", "2008-12-31": "336.00000", "2007-12-31": "320.48000", "2006-12-31": "336.38700", "2005-12-31": "309.34900"}, "Shares Outstanding": {"2019-12-31": "505.00000", "2018-12-31": "452.00000", "2017-12-31": "434.00000", "2016-12-31": "434.00000", "2015-12-31": "430.00000", "2014-12-31": "432.00000", "2013-12-31": "431.00000", "2012-12-31": "429.79400", "2011-12-31": "428.72400", "2010-12-31": "413.00000", "2009-12-31": "368.00000", "2008-12-31": "344.00000", "2007-12-31": "342.50700", "2006-12-31": "343.55500", "2005-12-31": "346.02800"}, "Basic EPS": {"2019-12-31": "1.34000", "2018-12-31": "0.74000", "2017-12-31": "4.16000", "2016-12-31": "1.00000", "2015-12-31": "-1.61000", "2014-12-31": "1.42000", "2013-12-31": "0.73000", "2012-12-31": "0.98000", "2011-12-31": "3.18820", "2010-12-31": "1.08000", "2009-12-31": "1.02000", "2008-12-31": "1.32000", "2007-12-31": "1.23000", "2006-12-31": "1.39000", "2005-12-31": "0.81000"}, "EPS - Earnings Per Share": {"2019-12-31": "1.33000", "2018-12-31": "0.74000", "2017-12-31": "4.13000", "2016-12-31": "1.00000", "2015-12-31": "-1.61000", "2014-12-31": "1.42000", "2013-12-31": "0.72000", "2012-12-31": "0.97000", "2011-12-31": "3.17000", "2010-12-31": "1.07000", "2009-12-31": "1.01000", "2008-12-31": "1.30000", "2007-12-31": "1.15000", "2006-12-31": "1.33000", "2005-12-31": "0.75000"}}, "income statement, quarterly": {"Revenue": {"2020-09-30": "1622.00000", "2020-06-30": "1575.00000", "2020-03-31": "2167.00000", "2019-12-31": "6756.00000", "2019-09-30": "1658.00000", "2019-06-30": "1658.00000", "2019-03-31": "2229.00000", "2018-12-31": "3036.00000", "2018-09-30": "2212.00000", "2018-06-30": "2186.00000", "2018-03-31": "3155.00000", "2017-12-31": "2638.00000", "2017-09-30": "2098.00000", "2017-06-30": "2143.00000", "2017-03-31": "2735.00000", "2016-12-31": "2081.00000", "2016-09-30": "1889.00000", "2016-06-30": "1574.00000", "2016-03-31": "1984.00000", "2015-12-31": "1791.00000", "2015-09-30": "1630.00000", "2015-06-30": "1532.00000", "2015-03-31": "2433.00000", "2014-12-31": "2372.00000", "2014-09-30": "1807.00000", "2014-06-30": "1884.00000", "2014-03-31": "3163.00000", "2013-12-31": "2184.00000", "2013-09-30": "1640.00000", "2013-06-30": "1894.00000", "2013-03-31": "2388.00000", "2012-12-31": "2138.00000", "2012-09-30": "1705.00000", "2012-06-30": "1525.00000", "2012-03-31": "2084.00000", "2011-12-31": "2145.00000", "2011-09-30": "1881.00000", "2011-06-30": "1837.00000", "2011-03-31": "2587.00000", "2010-12-31": "2098.00000", "2010-09-30": "1908.00000", "2010-06-30": "1756.00000", "2010-03-31": "3023.00000", "2009-12-31": "2299.00000", "2009-09-30": "1576.00000", "2009-06-30": "1640.00000", "2009-03-31": "2766.00000", "2008-12-31": "2774.00000", "2008-09-30": "2515.00000", "2008-06-30": "2670.00000", "2008-03-31": "3363.00000", "2007-12-31": "2602.00000", "2007-09-30": "1882.00000", "2007-06-30": "2033.00000", "2007-03-31": "3106.00000", "2006-12-31": "2464.00000", "2006-09-30": "1935.00000", "2006-06-30": "1843.00000", "2006-03-31": "3077.00000", "2005-12-31": "3212.00000", "2005-09-30": "2073.00000", "2005-06-30": "1842.00000", "2005-03-31": "2595.00000"}, "Cost Of Goods Sold": {"2020-09-30": "233.00000", "2020-06-30": "271.00000", "2020-03-31": "673.00000", "2019-12-31": "4296.00000", "2019-09-30": "251.00000", "2019-06-30": "321.00000", "2019-03-31": "844.00000", "2018-12-31": "1888.00000", "2018-09-30": "998.00000", "2018-06-30": "978.00000", "2018-03-31": "1910.00000", "2017-12-31": "1345.00000", "2017-09-30": "938.00000", "2017-06-30": "1032.00000", "2017-03-31": "1579.00000", "2016-12-31": "935.00000", "2016-09-30": "683.00000", "2016-06-30": "496.00000", "2016-03-31": "852.00000", "2015-12-31": "692.00000", "2015-09-30": "527.00000", "2015-06-30": "529.00000", "2015-03-31": "1354.00000", "2014-12-31": "1296.00000", "2014-09-30": "702.00000", "2014-06-30": "880.00000", "2014-03-31": "2043.00000", "2013-12-31": "1167.00000", "2013-09-30": "637.00000", "2013-06-30": "880.00000", "2013-03-31": "1224.00000", "2012-12-31": "975.00000", "2012-09-30": "520.00000", "2012-06-30": "409.00000", "2012-03-31": "969.00000", "2011-12-31": "1066.00000", "2011-09-30": "735.00000", "2011-06-30": "778.00000", "2011-03-31": "1476.00000", "2010-12-31": "1053.00000", "2010-09-30": "808.00000", "2010-06-30": "778.00000", "2010-03-31": "1935.00000", "2009-12-31": "1290.00000", "2009-09-30": "582.00000", "2009-06-30": "710.00000", "2009-03-31": "1789.00000", "2008-12-31": "1791.00000", "2008-09-30": "1532.00000", "2008-06-30": "1750.00000", "2008-03-31": "2393.00000", "2007-12-31": "1646.00000", "2007-09-30": "991.00000", "2007-06-30": "1208.00000", "2007-03-31": "2150.00000", "2006-12-31": "1623.00000", "2006-09-30": "1058.00000", "2006-06-30": "1035.00000", "2006-03-31": "2193.00000", "2005-12-31": "2348.00000", "2005-09-30": "1277.00000", "2005-06-30": "1103.00000", "2005-03-31": "1781.00000"}, "Gross Profit": {"2020-09-30": "1389.00000", "2020-06-30": "1304.00000", "2020-03-31": "1494.00000", "2019-12-31": "2460.00000", "2019-09-30": "1407.00000", "2019-06-30": "1337.00000", "2019-03-31": "1385.00000", "2018-12-31": "1148.00000", "2018-09-30": "1214.00000", "2018-06-30": "1208.00000", "2018-03-31": "1245.00000", "2017-12-31": "1293.00000", "2017-09-30": "1160.00000", "2017-06-30": "1111.00000", "2017-03-31": "1156.00000", "2016-12-31": "1146.00000", "2016-09-30": "1206.00000", "2016-06-30": "1078.00000", "2016-03-31": "1132.00000", "2015-12-31": "1099.00000", "2015-09-30": "1103.00000", "2015-06-30": "1003.00000", "2015-03-31": "1079.00000", "2014-12-31": "1076.00000", "2014-09-30": "1105.00000", "2014-06-30": "1004.00000", "2014-03-31": "1120.00000", "2013-12-31": "1017.00000", "2013-09-30": "1003.00000", "2013-06-30": "1014.00000", "2013-03-31": "1164.00000", "2012-12-31": "1163.00000", "2012-09-30": "1185.00000", "2012-06-30": "1116.00000", "2012-03-31": "1115.00000", "2011-12-31": "1079.00000", "2011-09-30": "1146.00000", "2011-06-30": "1059.00000", "2011-03-31": "1111.00000", "2010-12-31": "1045.00000", "2010-09-30": "1100.00000", "2010-06-30": "978.00000", "2010-03-31": "1088.00000", "2009-12-31": "1009.00000", "2009-09-30": "994.00000", "2009-06-30": "930.00000", "2009-03-31": "977.00000", "2008-12-31": "983.00000", "2008-09-30": "983.00000", "2008-06-30": "920.00000", "2008-03-31": "970.00000", "2007-12-31": "956.00000", "2007-09-30": "891.00000", "2007-06-30": "825.00000", "2007-03-31": "956.00000", "2006-12-31": "841.00000", "2006-09-30": "877.00000", "2006-06-30": "808.00000", "2006-03-31": "884.00000", "2005-12-31": "864.00000", "2005-09-30": "796.00000", "2005-06-30": "739.00000", "2005-03-31": "814.00000"}, "Research And Development Expenses": {"2020-09-30": "", "2020-06-30": "", "2020-03-31": "", "2019-12-31": "", "2019-09-30": "", "2019-06-30": "", "2019-03-31": "", "2018-12-31": "", "2018-09-30": "", "2018-06-30": "", "2018-03-31": "", "2017-12-31": "", "2017-09-30": "", "2017-06-30": "", "2017-03-31": "", "2016-12-31": "", "2016-09-30": "", "2016-06-30": "", "2016-03-31": "", "2015-12-31": "", "2015-09-30": "", "2015-06-30": "", "2015-03-31": "", "2014-12-31": "", "2014-09-30": "", "2014-06-30": "", "2014-03-31": "", "2013-12-31": "", "2013-09-30": "", "2013-06-30": "", "2013-03-31": "", "2012-12-31": "", "2012-09-30": "", "2012-06-30": "", "2012-03-31": "", "2011-12-31": "", "2011-09-30": "", "2011-06-30": "", "2011-03-31": "", "2010-12-31": "", "2010-09-30": "", "2010-06-30": "", "2010-03-31": "", "2009-12-31": "", "2009-09-30": "", "2009-06-30": "", "2009-03-31": "", "2008-12-31": "", "2008-09-30": "", "2008-06-30": "", "2008-03-31": "", "2007-12-31": "", "2007-09-30": "", "2007-06-30": "", "2007-03-31": "", "2006-12-31": "", "2006-09-30": "", "2006-06-30": "", "2006-03-31": "", "2005-12-31": "", "2005-09-30": "", "2005-06-30": "", "2005-03-31": ""}, "SG&A Expenses": {"2020-09-30": "781.00000", "2020-06-30": "772.00000", "2020-03-31": "810.00000", "2019-12-31": "1634.00000", "2019-09-30": "734.00000", "2019-06-30": "786.00000", "2019-03-31": "874.00000", "2018-12-31": "720.00000", "2018-09-30": "662.00000", "2018-06-30": "679.00000", "2018-03-31": "680.00000", "2017-12-31": "698.00000", "2017-09-30": "594.00000", "2017-06-30": "617.00000", "2017-03-31": "639.00000", "2016-12-31": "586.00000", "2016-09-30": "598.00000", "2016-06-30": "607.00000", "2016-03-31": "622.00000", "2015-12-31": "627.00000", "2015-09-30": "570.00000", "2015-06-30": "578.00000", "2015-03-31": "606.00000", "2014-12-31": "626.00000", "2014-09-30": "579.00000", "2014-06-30": "562.00000", "2014-03-31": "590.00000", "2013-12-31": "593.00000", "2013-09-30": "511.00000", "2013-06-30": "538.00000", "2013-03-31": "592.00000", "2012-12-31": "603.00000", "2012-09-30": "544.00000", "2012-06-30": "539.00000", "2012-03-31": "553.00000", "2011-12-31": "596.00000", "2011-09-30": "536.00000", "2011-06-30": "533.00000", "2011-03-31": "546.00000", "2010-12-31": "539.00000", "2010-09-30": "530.00000", "2010-06-30": "498.00000", "2010-03-31": "531.00000", "2009-12-31": "529.00000", "2009-09-30": "499.00000", "2009-06-30": "489.00000", "2009-03-31": "526.00000", "2008-12-31": "512.00000", "2008-09-30": "452.00000", "2008-06-30": "435.00000", "2008-03-31": "476.00000", "2007-12-31": "497.00000", "2007-09-30": "434.00000", "2007-06-30": "423.00000", "2007-03-31": "458.00000", "2006-12-31": "459.00000", "2006-09-30": "434.00000", "2006-06-30": "435.00000", "2006-03-31": "438.00000", "2005-12-31": "482.00000", "2005-09-30": "426.00000", "2005-06-30": "417.00000", "2005-03-31": "408.00000"}, "Other Operating Income Or Expenses": {"2020-09-30": "", "2020-06-30": "", "2020-03-31": "", "2019-12-31": "", "2019-09-30": "", "2019-06-30": "", "2019-03-31": "", "2018-12-31": "", "2018-09-30": "", "2018-06-30": "", "2018-03-31": "", "2017-12-31": "", "2017-09-30": "", "2017-06-30": "", "2017-03-31": "", "2016-12-31": "", "2016-09-30": "", "2016-06-30": "", "2016-03-31": "", "2015-12-31": "", "2015-09-30": "", "2015-06-30": "", "2015-03-31": "", "2014-12-31": "", "2014-09-30": "", "2014-06-30": "", "2014-03-31": "", "2013-12-31": "", "2013-09-30": "", "2013-06-30": "", "2013-03-31": "", "2012-12-31": "", "2012-09-30": "", "2012-06-30": "", "2012-03-31": "", "2011-12-31": "", "2011-09-30": "", "2011-06-30": "", "2011-03-31": "", "2010-12-31": "", "2010-09-30": "", "2010-06-30": "", "2010-03-31": "", "2009-12-31": "", "2009-09-30": "", "2009-06-30": "", "2009-03-31": "", "2008-12-31": "", "2008-09-30": "", "2008-06-30": "", "2008-03-31": "", "2007-12-31": "", "2007-09-30": "", "2007-06-30": "", "2007-03-31": "", "2006-12-31": "", "2006-09-30": "", "2006-06-30": "", "2006-03-31": "", "2005-12-31": "", "2005-09-30": "", "2005-06-30": "", "2005-03-31": ""}, "Operating Expenses": {"2020-09-30": "1320.00000", "2020-06-30": "1340.00000", "2020-03-31": "1950.00000", "2019-12-31": "6327.00000", "2019-09-30": "1301.00000", "2019-06-30": "1429.00000", "2019-03-31": "2018.00000", "2018-12-31": "2869.00000", "2018-09-30": "1986.00000", "2018-06-30": "1999.00000", "2018-03-31": "2904.00000", "2017-12-31": "2330.00000", "2017-09-30": "1801.00000", "2017-06-30": "1903.00000", "2017-03-31": "2444.00000", "2016-12-31": "1774.00000", "2016-09-30": "1605.00000", "2016-06-30": "1392.00000", "2016-03-31": "1734.00000", "2015-12-31": "1565.00000", "2015-09-30": "1365.00000", "2015-06-30": "1346.00000", "2015-03-31": "2177.00000", "2014-12-31": "2151.00000", "2014-09-30": "1574.00000", "2014-06-30": "1698.00000", "2014-03-31": "2868.00000", "2013-12-31": "1973.00000", "2013-09-30": "1396.00000", "2013-06-30": "1671.00000", "2013-03-31": "2056.00000", "2012-12-31": "1828.00000", "2012-09-30": "1617.00000", "2012-06-30": "1223.00000", "2012-03-31": "1746.00000", "2011-12-31": "1871.00000", "2011-09-30": "1524.00000", "2011-06-30": "1534.00000", "2011-03-31": "2223.00000", "2010-12-31": "1796.00000", "2010-09-30": "1581.00000", "2010-06-30": "1493.00000", "2010-03-31": "2666.00000", "2009-12-31": "2000.00000", "2009-09-30": "1289.00000", "2009-06-30": "1387.00000", "2009-03-31": "2481.00000", "2008-12-31": "2471.00000", "2008-09-30": "2178.00000", "2008-06-30": "2373.00000", "2008-03-31": "3027.00000", "2007-12-31": "2299.00000", "2007-09-30": "1595.00000", "2007-06-30": "1791.00000", "2007-03-31": "2753.00000", "2006-12-31": "2229.00000", "2006-09-30": "1651.00000", "2006-06-30": "1623.00000", "2006-03-31": "2771.00000", "2005-12-31": "2960.00000", "2005-09-30": "1848.00000", "2005-06-30": "1656.00000", "2005-03-31": "2319.00000"}, "Operating Income": {"2020-09-30": "302.00000", "2020-06-30": "235.00000", "2020-03-31": "217.00000", "2019-12-31": "429.00000", "2019-09-30": "357.00000", "2019-06-30": "229.00000", "2019-03-31": "211.00000", "2018-12-31": "167.00000", "2018-09-30": "226.00000", "2018-06-30": "187.00000", "2018-03-31": "251.00000", "2017-12-31": "308.00000", "2017-09-30": "297.00000", "2017-06-30": "240.00000", "2017-03-31": "291.00000", "2016-12-31": "307.00000", "2016-09-30": "284.00000", "2016-06-30": "182.00000", "2016-03-31": "250.00000", "2015-12-31": "226.00000", "2015-09-30": "265.00000", "2015-06-30": "186.00000", "2015-03-31": "256.00000", "2014-12-31": "221.00000", "2014-09-30": "233.00000", "2014-06-30": "186.00000", "2014-03-31": "295.00000", "2013-12-31": "211.00000", "2013-09-30": "244.00000", "2013-06-30": "223.00000", "2013-03-31": "332.00000", "2012-12-31": "310.00000", "2012-09-30": "88.00000", "2012-06-30": "302.00000", "2012-03-31": "338.00000", "2011-12-31": "274.00000", "2011-09-30": "357.00000", "2011-06-30": "303.00000", "2011-03-31": "364.00000", "2010-12-31": "302.00000", "2010-09-30": "327.00000", "2010-06-30": "263.00000", "2010-03-31": "357.00000", "2009-12-31": "299.00000", "2009-09-30": "287.00000", "2009-06-30": "253.00000", "2009-03-31": "285.00000", "2008-12-31": "303.00000", "2008-09-30": "337.00000", "2008-06-30": "297.00000", "2008-03-31": "336.00000", "2007-12-31": "303.00000", "2007-09-30": "287.00000", "2007-06-30": "242.00000", "2007-03-31": "353.00000", "2006-12-31": "235.00000", "2006-09-30": "284.00000", "2006-06-30": "220.00000", "2006-03-31": "306.00000", "2005-12-31": "252.00000", "2005-09-30": "225.00000", "2005-06-30": "186.00000", "2005-03-31": "276.00000"}, "Total Non-Operating Income/Expense": {"2020-09-30": "-185.00000", "2020-06-30": "-71.00000", "2020-03-31": "-1617.00000", "2019-12-31": "-120.00000", "2019-09-30": "-60.00000", "2019-06-30": "-63.00000", "2019-03-31": "-54.00000", "2018-12-31": "14.00000", "2018-09-30": "-17.00000", "2018-06-30": "-275.00000", "2018-03-31": "-39.00000", "2017-12-31": "-22.00000", "2017-09-30": "-30.00000", "2017-06-30": "-29.00000", "2017-03-31": "8.00000", "2016-12-31": "-145.00000", "2016-09-30": "-8.00000", "2016-06-30": "-174.00000", "2016-03-31": "-10.00000", "2015-12-31": "-1044.00000", "2015-09-30": "-900.00000", "2015-06-30": "-72.00000", "2015-03-31": "-47.00000", "2014-12-31": "-12.00000", "2014-09-30": "-20.00000", "2014-06-30": "-17.00000", "2014-03-31": "-1.00000", "2013-12-31": "-36.00000", "2013-09-30": "-15.00000", "2013-06-30": "-79.00000", "2013-03-31": "-99.00000", "2012-12-31": "-100.00000", "2012-09-30": "40.00000", "2012-06-30": "-102.00000", "2012-03-31": "-119.00000", "2011-12-31": "-115.00000", "2011-09-30": "233.00000", "2011-06-30": "-113.00000", "2011-03-31": "-129.00000", "2010-12-31": "-138.00000", "2010-09-30": "-128.00000", "2010-06-30": "-137.00000", "2010-03-31": "-141.00000", "2009-12-31": "-147.00000", "2009-09-30": "-135.00000", "2009-06-30": "-124.00000", "2009-03-31": "-170.00000", "2008-12-31": "-151.00000", "2008-09-30": "-124.00000", "2008-06-30": "-135.00000", "2008-03-31": "-140.00000", "2007-12-31": "-160.00000", "2007-09-30": "-142.00000", "2007-06-30": "-144.00000", "2007-03-31": "-151.00000", "2006-12-31": "-131.00000", "2006-09-30": "-132.00000", "2006-06-30": "-142.00000", "2006-03-31": "-146.00000", "2005-12-31": "-140.00000", "2005-09-30": "-134.00000", "2005-06-30": "-141.00000", "2005-03-31": "-146.00000"}, "Pre-Tax Income": {"2020-09-30": "117.00000", "2020-06-30": "164.00000", "2020-03-31": "-1400.00000", "2019-12-31": "309.00000", "2019-09-30": "297.00000", "2019-06-30": "166.00000", "2019-03-31": "157.00000", "2018-12-31": "181.00000", "2018-09-30": "209.00000", "2018-06-30": "-88.00000", "2018-03-31": "212.00000", "2017-12-31": "286.00000", "2017-09-30": "267.00000", "2017-06-30": "211.00000", "2017-03-31": "299.00000", "2016-12-31": "162.00000", "2016-09-30": "276.00000", "2016-06-30": "8.00000", "2016-03-31": "240.00000", "2015-12-31": "-818.00000", "2015-09-30": "-635.00000", "2015-06-30": "114.00000", "2015-03-31": "209.00000", "2014-12-31": "209.00000", "2014-09-30": "213.00000", "2014-06-30": "169.00000", "2014-03-31": "294.00000", "2013-12-31": "175.00000", "2013-09-30": "229.00000", "2013-06-30": "144.00000", "2013-03-31": "233.00000", "2012-12-31": "210.00000", "2012-09-30": "128.00000", "2012-06-30": "200.00000", "2012-03-31": "219.00000", "2011-12-31": "159.00000", "2011-09-30": "590.00000", "2011-06-30": "190.00000", "2011-03-31": "235.00000", "2010-12-31": "164.00000", "2010-09-30": "199.00000", "2010-06-30": "126.00000", "2010-03-31": "216.00000", "2009-12-31": "152.00000", "2009-09-30": "152.00000", "2009-06-30": "129.00000", "2009-03-31": "115.00000", "2008-12-31": "152.00000", "2008-09-30": "213.00000", "2008-06-30": "162.00000", "2008-03-31": "196.00000", "2007-12-31": "143.00000", "2007-09-30": "145.00000", "2007-06-30": "98.00000", "2007-03-31": "202.00000", "2006-12-31": "104.00000", "2006-09-30": "152.00000", "2006-06-30": "78.00000", "2006-03-31": "160.00000", "2005-12-31": "112.00000", "2005-09-30": "91.00000", "2005-06-30": "45.00000", "2005-03-31": "130.00000"}, "Income Taxes": {"2020-09-30": "-10.00000", "2020-06-30": "29.00000", "2020-03-31": "-347.00000", "2019-12-31": "63.00000", "2019-09-30": "46.00000", "2019-06-30": "15.00000", "2019-03-31": "14.00000", "2018-12-31": "61.00000", "2018-09-30": "51.00000", "2018-06-30": "-13.00000", "2018-03-31": "47.00000", "2017-12-31": "-1010.00000", "2017-09-30": "98.00000", "2017-06-30": "76.00000", "2017-03-31": "107.00000", "2016-12-31": "61.00000", "2016-09-30": "97.00000", "2016-06-30": "10.00000", "2016-03-31": "86.00000", "2015-12-31": "-309.00000", "2015-09-30": "-244.00000", "2015-06-30": "37.00000", "2015-03-31": "78.00000", "2014-12-31": "33.00000", "2014-09-30": "70.00000", "2014-06-30": "62.00000", "2014-03-31": "109.00000", "2013-12-31": "62.00000", "2013-09-30": "78.00000", "2013-06-30": "244.00000", "2013-03-31": "86.00000", "2012-12-31": "76.00000", "2012-09-30": "118.00000", "2012-06-30": "74.00000", "2012-03-31": "72.00000", "2011-12-31": "42.00000", "2011-09-30": "204.00000", "2011-06-30": "71.00000", "2011-03-31": "87.00000", "2010-12-31": "40.00000", "2010-09-30": "76.00000", "2010-06-30": "45.00000", "2010-03-31": "102.00000", "2009-12-31": "47.00000", "2009-09-30": "38.00000", "2009-06-30": "43.00000", "2009-03-31": "48.00000", "2008-12-31": "65.00000", "2008-09-30": "77.00000", "2008-06-30": "61.00000", "2008-03-31": "74.00000", "2007-12-31": "39.00000", "2007-09-30": "54.00000", "2007-06-30": "28.00000", "2007-03-31": "72.00000", "2006-12-31": "37.00000", "2006-09-30": "69.00000", "2006-06-30": "-116.00000", "2006-03-31": "72.00000", "2005-12-31": "31.00000", "2005-09-30": "41.00000", "2005-06-30": "18.00000", "2005-03-31": "63.00000"}, "Income After Taxes": {"2020-09-30": "127.00000", "2020-06-30": "135.00000", "2020-03-31": "-1053.00000", "2019-12-31": "246.00000", "2019-09-30": "251.00000", "2019-06-30": "151.00000", "2019-03-31": "143.00000", "2018-12-31": "120.00000", "2018-09-30": "158.00000", "2018-06-30": "-75.00000", "2018-03-31": "165.00000", "2017-12-31": "1296.00000", "2017-09-30": "169.00000", "2017-06-30": "135.00000", "2017-03-31": "192.00000", "2016-12-31": "101.00000", "2016-09-30": "179.00000", "2016-06-30": "-2.00000", "2016-03-31": "154.00000", "2015-12-31": "-509.00000", "2015-09-30": "-391.00000", "2015-06-30": "77.00000", "2015-03-31": "131.00000", "2014-12-31": "176.00000", "2014-09-30": "143.00000", "2014-06-30": "107.00000", "2014-03-31": "185.00000", "2013-12-31": "113.00000", "2013-09-30": "151.00000", "2013-06-30": "-100.00000", "2013-03-31": "147.00000", "2012-12-31": "134.00000", "2012-09-30": "10.00000", "2012-06-30": "126.00000", "2012-03-31": "147.00000", "2011-12-31": "117.00000", "2011-09-30": "386.00000", "2011-06-30": "119.00000", "2011-03-31": "148.00000", "2010-12-31": "124.00000", "2010-09-30": "123.00000", "2010-06-30": "81.00000", "2010-03-31": "114.00000", "2009-12-31": "105.00000", "2009-09-30": "114.00000", "2009-06-30": "86.00000", "2009-03-31": "67.00000", "2008-12-31": "87.00000", "2008-09-30": "136.00000", "2008-06-30": "101.00000", "2008-03-31": "122.00000", "2007-12-31": "104.00000", "2007-09-30": "91.00000", "2007-06-30": "70.00000", "2007-03-31": "130.00000", "2006-12-31": "67.00000", "2006-09-30": "83.00000", "2006-06-30": "194.00000", "2006-03-31": "88.00000", "2005-12-31": "81.00000", "2005-09-30": "50.00000", "2005-06-30": "27.00000", "2005-03-31": "67.00000"}, "Other Income": {"2020-09-30": "", "2020-06-30": "", "2020-03-31": "", "2019-12-31": "", "2019-09-30": "", "2019-06-30": "", "2019-03-31": "", "2018-12-31": "", "2018-09-30": "", "2018-06-30": "", "2018-03-31": "", "2017-12-31": "", "2017-09-30": "", "2017-06-30": "", "2017-03-31": "", "2016-12-31": "", "2016-09-30": "", "2016-06-30": "", "2016-03-31": "", "2015-12-31": "", "2015-09-30": "", "2015-06-30": "", "2015-03-31": "", "2014-12-31": "", "2014-09-30": "", "2014-06-30": "", "2014-03-31": "", "2013-12-31": "", "2013-09-30": "", "2013-06-30": "", "2013-03-31": "", "2012-12-31": "", "2012-09-30": "", "2012-06-30": "", "2012-03-31": "", "2011-12-31": "", "2011-09-30": "", "2011-06-30": "", "2011-03-31": "", "2010-12-31": "", "2010-09-30": "", "2010-06-30": "", "2010-03-31": "", "2009-12-31": "", "2009-09-30": "", "2009-06-30": "", "2009-03-31": "", "2008-12-31": "", "2008-09-30": "", "2008-06-30": "", "2008-03-31": "", "2007-12-31": "", "2007-09-30": "", "2007-06-30": "", "2007-03-31": "", "2006-12-31": "", "2006-09-30": "", "2006-06-30": "", "2006-03-31": "", "2005-12-31": "", "2005-09-30": "", "2005-06-30": "", "2005-03-31": ""}, "Income From Continuous Operations": {"2020-09-30": "127.00000", "2020-06-30": "135.00000", "2020-03-31": "-1053.00000", "2019-12-31": "246.00000", "2019-09-30": "251.00000", "2019-06-30": "151.00000", "2019-03-31": "143.00000", "2018-12-31": "120.00000", "2018-09-30": "158.00000", "2018-06-30": "-75.00000", "2018-03-31": "165.00000", "2017-12-31": "1296.00000", "2017-09-30": "169.00000", "2017-06-30": "135.00000", "2017-03-31": "192.00000", "2016-12-31": "101.00000", "2016-09-30": "179.00000", "2016-06-30": "-2.00000", "2016-03-31": "154.00000", "2015-12-31": "-509.00000", "2015-09-30": "-391.00000", "2015-06-30": "77.00000", "2015-03-31": "131.00000", "2014-12-31": "176.00000", "2014-09-30": "143.00000", "2014-06-30": "107.00000", "2014-03-31": "185.00000", "2013-12-31": "113.00000", "2013-09-30": "151.00000", "2013-06-30": "-100.00000", "2013-03-31": "147.00000", "2012-12-31": "134.00000", "2012-09-30": "10.00000", "2012-06-30": "126.00000", "2012-03-31": "147.00000", "2011-12-31": "117.00000", "2011-09-30": "386.00000", "2011-06-30": "119.00000", "2011-03-31": "148.00000", "2010-12-31": "124.00000", "2010-09-30": "123.00000", "2010-06-30": "81.00000", "2010-03-31": "114.00000", "2009-12-31": "105.00000", "2009-09-30": "114.00000", "2009-06-30": "86.00000", "2009-03-31": "67.00000", "2008-12-31": "87.00000", "2008-09-30": "136.00000", "2008-06-30": "101.00000", "2008-03-31": "122.00000", "2007-12-31": "104.00000", "2007-09-30": "91.00000", "2007-06-30": "70.00000", "2007-03-31": "130.00000", "2006-12-31": "67.00000", "2006-09-30": "83.00000", "2006-06-30": "194.00000", "2006-03-31": "88.00000", "2005-12-31": "81.00000", "2005-09-30": "50.00000", "2005-06-30": "27.00000", "2005-03-31": "67.00000"}, "Income From Discontinued Operations": {"2020-09-30": "-6.00000", "2020-06-30": "-30.00000", "2020-03-31": "-146.00000", "2019-12-31": "", "2019-09-30": "19.00000", "2019-06-30": "44.00000", "2019-03-31": "26.00000", "2018-12-31": "", "2018-09-30": "", "2018-06-30": "", "2018-03-31": "", "2017-12-31": "", "2017-09-30": "", "2017-06-30": "", "2017-03-31": "", "2016-12-31": "", "2016-09-30": "", "2016-06-30": "", "2016-03-31": "", "2015-12-31": "", "2015-09-30": "", "2015-06-30": "", "2015-03-31": "", "2014-12-31": "", "2014-09-30": "", "2014-06-30": "", "2014-03-31": "", "2013-12-31": "", "2013-09-30": "", "2013-06-30": "", "2013-03-31": "", "2012-12-31": "", "2012-09-30": "", "2012-06-30": "", "2012-03-31": "", "2011-12-31": "", "2011-09-30": "", "2011-06-30": "", "2011-03-31": "", "2010-12-31": "", "2010-09-30": "", "2010-06-30": "", "2010-03-31": "", "2009-12-31": "", "2009-09-30": "", "2009-06-30": "", "2009-03-31": "", "2008-12-31": "", "2008-09-30": "", "2008-06-30": "", "2008-03-31": "", "2007-12-31": "", "2007-09-30": "", "2007-06-30": "", "2007-03-31": "", "2006-12-31": "", "2006-09-30": "", "2006-06-30": "", "2006-03-31": "", "2005-12-31": "", "2005-09-30": "", "2005-06-30": "-3.00000", "2005-03-31": "0.00000"}, "Net Income": {"2020-09-30": "69.00000", "2020-06-30": "59.00000", "2020-03-31": "-1228.00000", "2019-12-31": "128.00000", "2019-09-30": "241.00000", "2019-06-30": "165.00000", "2019-03-31": "140.00000", "2018-12-31": "90.00000", "2018-09-30": "153.00000", "2018-06-30": "-75.00000", "2018-03-31": "165.00000", "2017-12-31": "1296.00000", "2017-09-30": "169.00000", "2017-06-30": "135.00000", "2017-03-31": "192.00000", "2016-12-31": "101.00000", "2016-09-30": "179.00000", "2016-06-30": "-2.00000", "2016-03-31": "154.00000", "2015-12-31": "-509.00000", "2015-09-30": "-391.00000", "2015-06-30": "77.00000", "2015-03-31": "131.00000", "2014-12-31": "176.00000", "2014-09-30": "143.00000", "2014-06-30": "107.00000", "2014-03-31": "185.00000", "2013-12-31": "113.00000", "2013-09-30": "151.00000", "2013-06-30": "-100.00000", "2013-03-31": "147.00000", "2012-12-31": "134.00000", "2012-09-30": "10.00000", "2012-06-30": "126.00000", "2012-03-31": "147.00000", "2011-12-31": "117.00000", "2011-09-30": "973.00000", "2011-06-30": "119.00000", "2011-03-31": "148.00000", "2010-12-31": "124.00000", "2010-09-30": "123.00000", "2010-06-30": "81.00000", "2010-03-31": "114.00000", "2009-12-31": "105.00000", "2009-09-30": "114.00000", "2009-06-30": "86.00000", "2009-03-31": "67.00000", "2008-12-31": "87.00000", "2008-09-30": "136.00000", "2008-06-30": "101.00000", "2008-03-31": "122.00000", "2007-12-31": "104.00000", "2007-09-30": "91.00000", "2007-06-30": "70.00000", "2007-03-31": "130.00000", "2006-12-31": "67.00000", "2006-09-30": "83.00000", "2006-06-30": "194.00000", "2006-03-31": "88.00000", "2005-12-31": "81.00000", "2005-09-30": "50.00000", "2005-06-30": "54.00000", "2005-03-31": "67.00000"}, "EBITDA": {"2020-09-30": "616.00000", "2020-06-30": "540.00000", "2020-03-31": "507.00000", "2019-12-31": "741.00000", "2019-09-30": "706.00000", "2019-06-30": "579.00000", "2019-03-31": "540.00000", "2018-12-31": "442.00000", "2018-09-30": "568.00000", "2018-06-30": "541.00000", "2018-03-31": "571.00000", "2017-12-31": "601.00000", "2017-09-30": "572.00000", "2017-06-30": "500.00000", "2017-03-31": "523.00000", "2016-12-31": "567.00000", "2016-09-30": "614.00000", "2016-06-30": "478.00000", "2016-03-31": "516.00000", "2015-12-31": "478.00000", "2015-09-30": "540.00000", "2015-06-30": "432.00000", "2015-03-31": "480.00000", "2014-12-31": "457.00000", "2014-09-30": "533.00000", "2014-06-30": "449.00000", "2014-03-31": "537.00000", "2013-12-31": "431.00000", "2013-09-30": "499.00000", "2013-06-30": "484.00000", "2013-03-31": "580.00000", "2012-12-31": "569.00000", "2012-09-30": "397.00000", "2012-06-30": "584.00000", "2012-03-31": "570.00000", "2011-12-31": "491.00000", "2011-09-30": "617.00000", "2011-06-30": "534.00000", "2011-03-31": "572.00000", "2010-12-31": "512.00000", "2010-09-30": "577.00000", "2010-06-30": "487.00000", "2010-03-31": "564.00000", "2009-12-31": "488.00000", "2009-09-30": "504.00000", "2009-06-30": "451.00000", "2009-03-31": "461.00000", "2008-12-31": "479.00000", "2008-09-30": "537.00000", "2008-06-30": "492.00000", "2008-03-31": "502.00000", "2007-12-31": "484.00000", "2007-09-30": "468.00000", "2007-06-30": "416.00000", "2007-03-31": "517.00000", "2006-12-31": "401.00000", "2006-09-30": "452.00000", "2006-06-30": "387.00000", "2006-03-31": "460.00000", "2005-12-31": "400.00000", "2005-09-30": "389.00000", "2005-06-30": "342.00000", "2005-03-31": "426.00000"}, "EBIT": {"2020-09-30": "302.00000", "2020-06-30": "235.00000", "2020-03-31": "217.00000", "2019-12-31": "429.00000", "2019-09-30": "357.00000", "2019-06-30": "229.00000", "2019-03-31": "211.00000", "2018-12-31": "167.00000", "2018-09-30": "226.00000", "2018-06-30": "187.00000", "2018-03-31": "251.00000", "2017-12-31": "308.00000", "2017-09-30": "297.00000", "2017-06-30": "240.00000", "2017-03-31": "291.00000", "2016-12-31": "307.00000", "2016-09-30": "284.00000", "2016-06-30": "182.00000", "2016-03-31": "250.00000", "2015-12-31": "226.00000", "2015-09-30": "265.00000", "2015-06-30": "186.00000", "2015-03-31": "256.00000", "2014-12-31": "221.00000", "2014-09-30": "233.00000", "2014-06-30": "186.00000", "2014-03-31": "295.00000", "2013-12-31": "211.00000", "2013-09-30": "244.00000", "2013-06-30": "223.00000", "2013-03-31": "332.00000", "2012-12-31": "310.00000", "2012-09-30": "88.00000", "2012-06-30": "302.00000", "2012-03-31": "338.00000", "2011-12-31": "274.00000", "2011-09-30": "357.00000", "2011-06-30": "303.00000", "2011-03-31": "364.00000", "2010-12-31": "302.00000", "2010-09-30": "327.00000", "2010-06-30": "263.00000", "2010-03-31": "357.00000", "2009-12-31": "299.00000", "2009-09-30": "287.00000", "2009-06-30": "253.00000", "2009-03-31": "285.00000", "2008-12-31": "303.00000", "2008-09-30": "337.00000", "2008-06-30": "297.00000", "2008-03-31": "336.00000", "2007-12-31": "303.00000", "2007-09-30": "287.00000", "2007-06-30": "242.00000", "2007-03-31": "353.00000", "2006-12-31": "235.00000", "2006-09-30": "284.00000", "2006-06-30": "220.00000", "2006-03-31": "306.00000", "2005-12-31": "252.00000", "2005-09-30": "225.00000", "2005-06-30": "186.00000", "2005-03-31": "276.00000"}, "Basic Shares Outstanding": {"2020-09-30": "545.00000", "2020-06-30": "528.00000", "2020-03-31": "502.00000", "2019-12-31": "502.00000", "2019-09-30": "502.00000", "2019-06-30": "502.00000", "2019-03-31": "502.00000", "2018-12-31": "449.00000", "2018-09-30": "432.00000", "2018-06-30": "432.00000", "2018-03-31": "431.00000", "2017-12-31": "431.00000", "2017-09-30": "431.00000", "2017-06-30": "431.00000", "2017-03-31": "431.00000", "2016-12-31": "431.00000", "2016-09-30": "431.00000", "2016-06-30": "431.00000", "2016-03-31": "430.00000", "2015-12-31": "430.00000", "2015-09-30": "430.00000", "2015-06-30": "430.23500", "2015-03-31": "429.95500", "2014-12-31": "430.00000", "2014-09-30": "429.79600", "2014-06-30": "430.00000", "2014-03-31": "429.00000", "2013-12-31": "428.00000", "2013-09-30": "429.00000", "2013-06-30": "429.00000", "2013-03-31": "428.00000", "2012-12-31": "427.18900", "2012-09-30": "427.00000", "2012-06-30": "427.00000", "2012-03-31": "426.00000", "2011-12-31": "425.63600", "2011-09-30": "426.00000", "2011-06-30": "426.00000", "2011-03-31": "425.00000", "2010-12-31": "410.00000", "2010-09-30": "422.00000", "2010-06-30": "400.00000", "2010-03-31": "393.00000", "2009-12-31": "365.00000", "2009-09-30": "370.00000", "2009-06-30": "352.00000", "2009-03-31": "347.00000", "2008-12-31": "336.00000", "2008-09-30": "342.22800", "2008-06-30": "331.35400", "2008-03-31": "327.27900", "2007-12-31": "320.48000", "2007-09-30": "321.19200", "2007-06-30": "320.92700", "2007-03-31": "318.06000", "2006-12-31": "336.38700", "2006-09-30": "311.94500", "2006-06-30": "311.44000", "2006-03-31": "310.84600", "2005-12-31": "309.34900", "2005-09-30": "309.65700", "2005-06-30": "309.09800", "2005-03-31": "308.47000"}, "Shares Outstanding": {"2020-09-30": "548.00000", "2020-06-30": "531.00000", "2020-03-31": "502.00000", "2019-12-31": "505.00000", "2019-09-30": "505.00000", "2019-06-30": "505.00000", "2019-03-31": "504.00000", "2018-12-31": "452.00000", "2018-09-30": "435.00000", "2018-06-30": "432.00000", "2018-03-31": "434.00000", "2017-12-31": "434.00000", "2017-09-30": "434.00000", "2017-06-30": "434.00000", "2017-03-31": "433.00000", "2016-12-31": "434.00000", "2016-09-30": "433.00000", "2016-06-30": "431.00000", "2016-03-31": "433.00000", "2015-12-31": "430.00000", "2015-09-30": "430.00000", "2015-06-30": "431.73300", "2015-03-31": "431.18300", "2014-12-31": "432.00000", "2014-09-30": "431.57300", "2014-06-30": "431.00000", "2014-03-31": "431.00000", "2013-12-31": "431.00000", "2013-09-30": "431.00000", "2013-06-30": "431.00000", "2013-03-31": "430.00000", "2012-12-31": "429.79400", "2012-09-30": "430.00000", "2012-06-30": "430.00000", "2012-03-31": "428.00000", "2011-12-31": "428.72400", "2011-09-30": "429.00000", "2011-06-30": "428.00000", "2011-03-31": "427.00000", "2010-12-31": "413.00000", "2010-09-30": "425.00000", "2010-06-30": "402.00000", "2010-03-31": "395.00000", "2009-12-31": "368.00000", "2009-09-30": "372.00000", "2009-06-30": "354.00000", "2009-03-31": "349.00000", "2008-12-31": "344.00000", "2008-09-30": "344.58400", "2008-06-30": "342.02700", "2008-03-31": "339.44800", "2007-12-31": "342.50700", "2007-09-30": "340.97400", "2007-06-30": "343.77000", "2007-03-31": "340.10300", "2006-12-31": "343.55500", "2006-09-30": "324.71600", "2006-06-30": "316.81600", "2006-03-31": "310.84600", "2005-12-31": "346.02800", "2005-09-30": "346.50300", "2005-06-30": "361.43600", "2005-03-31": "360.62300"}, "Basic EPS": {"2020-09-30": "0.13000", "2020-06-30": "0.11000", "2020-03-31": "-2.44000", "2019-12-31": "0.25000", "2019-09-30": "0.48000", "2019-06-30": "0.33000", "2019-03-31": "0.28000", "2018-12-31": "0.18000", "2018-09-30": "0.35000", "2018-06-30": "-0.17000", "2018-03-31": "0.38000", "2017-12-31": "3.01000", "2017-09-30": "0.39000", "2017-06-30": "0.31000", "2017-03-31": "0.45000", "2016-12-31": "0.23000", "2016-09-30": "0.42000", "2016-06-30": "-0.01000", "2016-03-31": "0.36000", "2015-12-31": "-1.18000", "2015-09-30": "-0.91000", "2015-06-30": "0.18000", "2015-03-31": "0.30000", "2014-12-31": "0.41000", "2014-09-30": "0.33000", "2014-06-30": "0.25000", "2014-03-31": "0.43000", "2013-12-31": "0.27000", "2013-09-30": "0.35000", "2013-06-30": "-0.23000", "2013-03-31": "0.34000", "2012-12-31": "0.33000", "2012-09-30": "0.02000", "2012-06-30": "0.29000", "2012-03-31": "0.34000", "2011-12-31": "0.27820", "2011-09-30": "2.28000", "2011-06-30": "0.28000", "2011-03-31": "0.35000", "2010-12-31": "0.30000", "2010-09-30": "0.29000", "2010-06-30": "0.20000", "2010-03-31": "0.29000", "2009-12-31": "0.28000", "2009-09-30": "0.31000", "2009-06-30": "0.24000", "2009-03-31": "0.19000", "2008-12-31": "0.25000", "2008-09-30": "0.40000", "2008-06-30": "0.30000", "2008-03-31": "0.37000", "2007-12-31": "0.31000", "2007-09-30": "0.29000", "2007-06-30": "0.22000", "2007-03-31": "0.41000", "2006-12-31": "0.22000", "2006-09-30": "0.27000", "2006-06-30": "0.62000", "2006-03-31": "0.28000", "2005-12-31": "0.25000", "2005-09-30": "0.16000", "2005-06-30": "0.18000", "2005-03-31": "0.22000"}, "EPS - Earnings Per Share": {"2020-09-30": "0.13000", "2020-06-30": "0.11000", "2020-03-31": "-2.44000", "2019-12-31": "0.25000", "2019-09-30": "0.47000", "2019-06-30": "0.33000", "2019-03-31": "0.28000", "2018-12-31": "0.18000", "2018-09-30": "0.35000", "2018-06-30": "-0.17000", "2018-03-31": "0.38000", "2017-12-31": "2.99000", "2017-09-30": "0.39000", "2017-06-30": "0.31000", "2017-03-31": "0.44000", "2016-12-31": "0.24000", "2016-09-30": "0.41000", "2016-06-30": "-0.01000", "2016-03-31": "0.36000", "2015-12-31": "-1.18000", "2015-09-30": "-0.91000", "2015-06-30": "0.18000", "2015-03-31": "0.30000", "2014-12-31": "0.41000", "2014-09-30": "0.33000", "2014-06-30": "0.25000", "2014-03-31": "0.43000", "2013-12-31": "0.26000", "2013-09-30": "0.35000", "2013-06-30": "-0.23000", "2013-03-31": "0.34000", "2012-12-31": "0.32000", "2012-09-30": "0.02000", "2012-06-30": "0.29000", "2012-03-31": "0.34000", "2011-12-31": "0.27000", "2011-09-30": "2.27000", "2011-06-30": "0.28000", "2011-03-31": "0.35000", "2010-12-31": "0.29000", "2010-09-30": "0.29000", "2010-06-30": "0.20000", "2010-03-31": "0.29000", "2009-12-31": "0.27000", "2009-09-30": "0.31000", "2009-06-30": "0.24000", "2009-03-31": "0.19000", "2008-12-31": "0.25000", "2008-09-30": "0.39000", "2008-06-30": "0.30000", "2008-03-31": "0.36000", "2007-12-31": "0.30000", "2007-09-30": "0.27000", "2007-06-30": "0.20000", "2007-03-31": "0.38000", "2006-12-31": "0.18000", "2006-09-30": "0.26000", "2006-06-30": "0.61000", "2006-03-31": "0.28000", "2005-12-31": "0.24000", "2005-09-30": "0.15000", "2005-06-30": "0.16000", "2005-03-31": "0.20000"}}, "balance sheet": {"Cash On Hand": {"2019-12-31": "1063.00000", "2018-12-31": "4771.00000", "2017-12-31": "1220.00000", "2016-12-31": "1294.00000", "2015-12-31": "1069.00000", "2014-12-31": "1228.00000", "2013-12-31": "975.00000", "2012-12-31": "1186.00000", "2011-12-31": "606.00000", "2010-12-31": "566.00000", "2009-12-31": "1040.00000", "2008-12-31": "385.00000", "2007-12-31": "486.00000", "2006-12-31": "598.00000", "2005-12-31": "451.00000"}, "Receivables": {"2019-12-31": "1355.00000", "2018-12-31": "1190.00000", "2017-12-31": "1000.00000", "2016-12-31": "770.00000", "2015-12-31": "765.00000", "2014-12-31": "1027.00000", "2013-12-31": "851.00000", "2012-12-31": "775.00000", "2011-12-31": "773.00000", "2010-12-31": "973.00000", "2009-12-31": "790.00000", "2008-12-31": "1009.00000", "2007-12-31": "910.00000", "2006-12-31": "1017.00000", "2005-12-31": "1151.00000"}, "Inventory": {"2019-12-31": "546.00000", "2018-12-31": "394.00000", "2017-12-31": "397.00000", "2016-12-31": "312.00000", "2015-12-31": "347.00000", "2014-12-31": "379.00000", "2013-12-31": "285.00000", "2012-12-31": "322.00000", "2011-12-31": "353.00000", "2010-12-31": "375.00000", "2009-12-31": "327.00000", "2008-12-31": "569.00000", "2007-12-31": "490.00000", "2006-12-31": "399.00000", "2005-12-31": "382.00000"}, "Pre-Paid Expenses": {"2019-12-31": "161.00000", "2018-12-31": "192.00000", "2017-12-31": "241.00000", "2016-12-31": "161.00000", "2015-12-31": "140.00000", "2014-12-31": "178.00000", "2013-12-31": "125.00000", "2012-12-31": "216.00000", "2011-12-31": "192.00000", "2010-12-31": "274.00000", "2009-12-31": "223.00000", "2008-12-31": "413.00000", "2007-12-31": "306.00000", "2006-12-31": "432.00000", "2005-12-31": "168.00000"}, "Other Current Assets": {"2019-12-31": "722.00000", "2018-12-31": "478.00000", "2017-12-31": "537.00000", "2016-12-31": "386.00000", "2015-12-31": "368.00000", "2014-12-31": "456.00000", "2013-12-31": "422.00000", "2012-12-31": "375.00000", "2011-12-31": "413.00000", "2010-12-31": "394.00000", "2009-12-31": "524.00000", "2008-12-31": "659.00000", "2007-12-31": "596.00000", "2006-12-31": "549.00000", "2005-12-31": "739.00000"}, "Total Current Assets": {"2019-12-31": "3847.00000", "2018-12-31": "7025.00000", "2017-12-31": "3395.00000", "2016-12-31": "2923.00000", "2015-12-31": "2689.00000", "2014-12-31": "3268.00000", "2013-12-31": "2658.00000", "2012-12-31": "2874.00000", "2011-12-31": "2337.00000", "2010-12-31": "2582.00000", "2009-12-31": "2904.00000", "2008-12-31": "3035.00000", "2007-12-31": "2788.00000", "2006-12-31": "2995.00000", "2005-12-31": "2891.00000"}, "Property, Plant, And Equipment": {"2019-12-31": "20945.00000", "2018-12-31": "14044.00000", "2017-12-31": "13057.00000", "2016-12-31": "12307.00000", "2015-12-31": "11537.00000", "2014-12-31": "10502.00000", "2013-12-31": "9593.00000", "2012-12-31": "13597.00000", "2011-12-31": "12402.00000", "2010-12-31": "11732.00000", "2009-12-31": "10788.00000", "2008-12-31": "10296.00000", "2007-12-31": "9740.00000", "2006-12-31": "9204.00000", "2005-12-31": "8492.00000"}, "Long-Term Investments": {"2019-12-31": "2408.00000", "2018-12-31": "2482.00000", "2017-12-31": "2472.00000", "2016-12-31": "2505.00000", "2015-12-31": "2594.00000", "2014-12-31": "4521.00000", "2013-12-31": "4518.00000", "2012-12-31": "405.00000", "2011-12-31": "472.00000", "2010-12-31": "468.00000", "2009-12-31": "463.00000", "2008-12-31": "345.00000", "2007-12-31": "88.00000", "2006-12-31": "", "2005-12-31": ""}, "Goodwill And Intangible Assets": {"2019-12-31": "5485.00000", "2018-12-31": "932.00000", "2017-12-31": "867.00000", "2016-12-31": "862.00000", "2015-12-31": "840.00000", "2014-12-31": "840.00000", "2013-12-31": "840.00000", "2012-12-31": "1468.00000", "2011-12-31": "1696.00000", "2010-12-31": "1696.00000", "2009-12-31": "1696.00000", "2008-12-31": "1696.00000", "2007-12-31": "1696.00000", "2006-12-31": "1705.00000", "2005-12-31": "1709.00000"}, "Other Long-Term Assets": {"2019-12-31": "637.00000", "2018-12-31": "559.00000", "2017-12-31": "598.00000", "2016-12-31": "555.00000", "2015-12-31": "138.00000", "2014-12-31": "179.00000", "2013-12-31": "172.00000", "2012-12-31": "203.00000", "2011-12-31": "177.00000", "2010-12-31": "187.00000", "2009-12-31": "245.00000", "2008-12-31": "297.00000", "2007-12-31": "419.00000", "2006-12-31": "439.00000", "2005-12-31": "1069.00000"}, "Total Long-Term Assets": {"2019-12-31": "31592.00000", "2018-12-31": "19984.00000", "2017-12-31": "19341.00000", "2016-12-31": "18906.00000", "2015-12-31": "18601.00000", "2014-12-31": "19932.00000", "2013-12-31": "19212.00000", "2012-12-31": "19997.00000", "2011-12-31": "19366.00000", "2010-12-31": "17529.00000", "2009-12-31": "16869.00000", "2008-12-31": "16641.00000", "2007-12-31": "15084.00000", "2006-12-31": "14638.00000", "2005-12-31": "14225.00000"}, "Total Assets": {"2019-12-31": "35439.00000", "2018-12-31": "27009.00000", "2017-12-31": "22736.00000", "2016-12-31": "21829.00000", "2015-12-31": "21290.00000", "2014-12-31": "23200.00000", "2013-12-31": "21870.00000", "2012-12-31": "22871.00000", "2011-12-31": "21703.00000", "2010-12-31": "20111.00000", "2009-12-31": "19773.00000", "2008-12-31": "19676.00000", "2007-12-31": "17872.00000", "2006-12-31": "17633.00000", "2005-12-31": "17116.00000"}, "Total Current Liabilities": {"2019-12-31": "3888.00000", "2018-12-31": "3302.00000", "2017-12-31": "3069.00000", "2016-12-31": "3080.00000", "2015-12-31": "2458.00000", "2014-12-31": "2792.00000", "2013-12-31": "3019.00000", "2012-12-31": "3575.00000", "2011-12-31": "2593.00000", "2010-12-31": "2620.00000", "2009-12-31": "3038.00000", "2008-12-31": "2848.00000", "2007-12-31": "3791.00000", "2006-12-31": "4221.00000", "2005-12-31": "3014.00000"}, "Long Term Debt": {"2019-12-31": "14244.00000", "2018-12-31": "8682.00000", "2017-12-31": "8195.00000", "2016-12-31": "7532.00000", "2015-12-31": "7866.00000", "2014-12-31": "8009.00000", "2013-12-31": "7817.00000", "2012-12-31": "8357.00000", "2011-12-31": "8641.00000", "2010-12-31": "9001.00000", "2009-12-31": "9119.00000", "2008-12-31": "10181.00000", "2007-12-31": "8364.00000", "2006-12-31": "7802.00000", "2005-12-31": "8568.00000"}, "Other Non-Current Liabilities": {"2019-12-31": "5020.00000", "2018-12-31": "3728.00000", "2017-12-31": "3610.00000", "2016-12-31": "2494.00000", "2015-12-31": "2458.00000", "2014-12-31": "2411.00000", "2013-12-31": "2163.00000", "2012-12-31": "2485.00000", "2011-12-31": "2415.00000", "2010-12-31": "2358.00000", "2009-12-31": "2185.00000", "2008-12-31": "1993.00000", "2007-12-31": "1641.00000", "2006-12-31": "1692.00000", "2005-12-31": "1718.00000"}, "Total Long Term Liabilities": {"2019-12-31": "23192.00000", "2018-12-31": "15649.00000", "2017-12-31": "14979.00000", "2016-12-31": "15289.00000", "2015-12-31": "15371.00000", "2014-12-31": "15860.00000", "2013-12-31": "14522.00000", "2012-12-31": "14995.00000", "2011-12-31": "14888.00000", "2010-12-31": "14293.00000", "2009-12-31": "14096.00000", "2008-12-31": "14806.00000", "2007-12-31": "12271.00000", "2006-12-31": "11856.00000", "2005-12-31": "12806.00000"}, "Total Liabilities": {"2019-12-31": "27080.00000", "2018-12-31": "18951.00000", "2017-12-31": "18048.00000", "2016-12-31": "18369.00000", "2015-12-31": "17829.00000", "2014-12-31": "18652.00000", "2013-12-31": "17541.00000", "2012-12-31": "18570.00000", "2011-12-31": "17481.00000", "2010-12-31": "16913.00000", "2009-12-31": "17134.00000", "2008-12-31": "17654.00000", "2007-12-31": "16062.00000", "2006-12-31": "16077.00000", "2005-12-31": "15820.00000"}, "Common Stock Net": {"2019-12-31": "5.00000", "2018-12-31": "5.00000", "2017-12-31": "4.00000", "2016-12-31": "4.00000", "2015-12-31": "4.00000", "2014-12-31": "4.00000", "2013-12-31": "4.00000", "2012-12-31": "4.00000", "2011-12-31": "4.00000", "2010-12-31": "4.00000", "2009-12-31": "4.00000", "2008-12-31": "3.00000", "2007-12-31": "3.00000", "2006-12-31": "3.00000", "2005-12-31": "3.00000"}, "Retained Earnings (Accumulated Deficit)": {"2019-12-31": "632.00000", "2018-12-31": "349.00000", "2017-12-31": "543.00000", "2016-12-31": "-668.00000", "2015-12-31": "-657.00000", "2014-12-31": "461.00000", "2013-12-31": "258.00000", "2012-12-31": "302.00000", "2011-12-31": "231.00000", "2010-12-31": "-789.00000", "2009-12-31": "-912.00000", "2008-12-31": "-1008.00000", "2007-12-31": "-1172.00000", "2006-12-31": "-1355.00000", "2005-12-31": "-1600.00000"}, "Comprehensive Income": {"2019-12-31": "-98.00000", "2018-12-31": "-108.00000", "2017-12-31": "-68.00000", "2016-12-31": "-71.00000", "2015-12-31": "-66.00000", "2014-12-31": "-86.00000", "2013-12-31": "-90.00000", "2012-12-31": "-135.00000", "2011-12-31": "-133.00000", "2010-12-31": "-117.00000", "2009-12-31": "-124.00000", "2008-12-31": "-131.00000", "2007-12-31": "-44.00000", "2006-12-31": "-69.00000", "2005-12-31": "-38.00000"}, "Other Share Holders Equity": {"2019-12-31": "", "2018-12-31": "", "2017-12-31": "", "2016-12-31": "", "2015-12-31": "", "2014-12-31": "", "2013-12-31": "", "2012-12-31": "", "2011-12-31": "", "2010-12-31": "", "2009-12-31": "", "2008-12-31": "", "2007-12-31": "", "2006-12-31": "", "2005-12-31": ""}, "Share Holder Equity": {"2019-12-31": "8359.00000", "2018-12-31": "8058.00000", "2017-12-31": "4688.00000", "2016-12-31": "3460.00000", "2015-12-31": "3461.00000", "2014-12-31": "4548.00000", "2013-12-31": "4329.00000", "2012-12-31": "4301.00000", "2011-12-31": "4222.00000", "2010-12-31": "3198.00000", "2009-12-31": "2639.00000", "2008-12-31": "2022.00000", "2007-12-31": "1810.00000", "2006-12-31": "1556.00000", "2005-12-31": "1296.00000"}, "Total Liabilities And Share Holders Equity": {"2019-12-31": "35439.00000", "2018-12-31": "27009.00000", "2017-12-31": "22736.00000", "2016-12-31": "21829.00000", "2015-12-31": "21290.00000", "2014-12-31": "23200.00000", "2013-12-31": "21870.00000", "2012-12-31": "22871.00000", "2011-12-31": "21703.00000", "2010-12-31": "20111.00000", "2009-12-31": "19773.00000", "2008-12-31": "19676.00000", "2007-12-31": "17872.00000", "2006-12-31": "17633.00000", "2005-12-31": "17116.00000"}}, "balance sheet, quarterly": {"Cash On Hand": {"2020-09-30": "1021.00000", "2020-06-30": "921.00000", "2020-03-31": "898.00000", "2019-12-31": "1063.00000", "2019-09-30": "1005.00000", "2019-06-30": "958.00000", "2019-03-31": "878.00000", "2018-12-31": "4771.00000", "2018-09-30": "920.00000", "2018-06-30": "912.00000", "2018-03-31": "1163.00000", "2017-12-31": "1220.00000", "2017-09-30": "1258.00000", "2017-06-30": "1268.00000", "2017-03-31": "1251.00000", "2016-12-31": "1294.00000", "2016-09-30": "1084.00000", "2016-06-30": "1008.00000", "2016-03-31": "1112.00000", "2015-12-31": "1069.00000", "2015-09-30": "1053.00000", "2015-06-30": "1205.00000", "2015-03-31": "1147.00000", "2014-12-31": "1228.00000", "2014-09-30": "1070.00000", "2014-06-30": "1015.00000", "2014-03-31": "1116.00000", "2013-12-31": "975.00000", "2013-09-30": "908.00000", "2013-06-30": "1132.00000", "2013-03-31": "859.00000", "2012-12-31": "1186.00000", "2012-09-30": "1244.00000", "2012-06-30": "1568.00000", "2012-03-31": "1528.00000", "2011-12-31": "606.00000", "2011-09-30": "440.00000", "2011-06-30": "607.00000", "2011-03-31": "494.00000", "2010-12-31": "566.00000", "2010-09-30": "434.00000", "2010-06-30": "899.00000", "2010-03-31": "667.00000", "2009-12-31": "1040.00000", "2009-09-30": "347.00000", "2009-06-30": "390.00000", "2009-03-31": "249.00000", "2008-12-31": "385.00000", "2008-09-30": "368.00000", "2008-06-30": "470.00000", "2008-03-31": "373.00000", "2007-12-31": "486.00000", "2007-09-30": "451.00000", "2007-06-30": "567.00000", "2007-03-31": "487.00000", "2006-12-31": "598.00000", "2006-09-30": "680.00000", "2006-06-30": "771.00000", "2006-03-31": "476.00000", "2005-12-31": "451.00000", "2005-09-30": "554.00000", "2005-06-30": "769.75200", "2005-03-31": "685.06000"}, "Receivables": {"2020-09-30": "833.00000", "2020-06-30": "735.00000", "2020-03-31": "804.00000", "2019-12-31": "808.00000", "2019-09-30": "1160.00000", "2019-06-30": "1242.00000", "2019-03-31": "1415.00000", "2018-12-31": "1190.00000", "2018-09-30": "956.00000", "2018-06-30": "997.00000", "2018-03-31": "1081.00000", "2017-12-31": "1000.00000", "2017-09-30": "783.00000", "2017-06-30": "762.00000", "2017-03-31": "854.00000", "2016-12-31": "770.00000", "2016-09-30": "705.00000", "2016-06-30": "621.00000", "2016-03-31": "580.00000", "2015-12-31": "765.00000", "2015-09-30": "636.00000", "2015-06-30": "678.00000", "2015-03-31": "897.00000", "2014-12-31": "1027.00000", "2014-09-30": "712.00000", "2014-06-30": "834.00000", "2014-03-31": "1142.00000", "2013-12-31": "851.00000", "2013-09-30": "729.00000", "2013-06-30": "750.00000", "2013-03-31": "870.00000", "2012-12-31": "775.00000", "2012-09-30": "703.00000", "2012-06-30": "643.00000", "2012-03-31": "713.00000", "2011-12-31": "773.00000", "2011-09-30": "722.00000", "2011-06-30": "750.00000", "2011-03-31": "856.00000", "2010-12-31": "973.00000", "2010-09-30": "804.00000", "2010-06-30": "716.00000", "2010-03-31": "933.00000", "2009-12-31": "790.00000", "2009-09-30": "717.00000", "2009-06-30": "689.00000", "2009-03-31": "903.00000", "2008-12-31": "1009.00000", "2008-09-30": "1073.00000", "2008-06-30": "991.00000", "2008-03-31": "1097.00000", "2007-12-31": "910.00000", "2007-09-30": "695.00000", "2007-06-30": "828.00000", "2007-03-31": "1116.00000", "2006-12-31": "1017.00000", "2006-09-30": "716.00000", "2006-06-30": "765.00000", "2006-03-31": "924.00000", "2005-12-31": "1151.00000", "2005-09-30": "745.00000", "2005-06-30": "518.21400", "2005-03-31": "732.97700"}, "Inventory": {"2020-09-30": "534.00000", "2020-06-30": "462.00000", "2020-03-31": "375.00000", "2019-12-31": "472.00000", "2019-09-30": "572.00000", "2019-06-30": "479.00000", "2019-03-31": "371.00000", "2018-12-31": "394.00000", "2018-09-30": "405.00000", "2018-06-30": "344.00000", "2018-03-31": "257.00000", "2017-12-31": "397.00000", "2017-09-30": "442.00000", "2017-06-30": "410.00000", "2017-03-31": "316.00000", "2016-12-31": "312.00000", "2016-09-30": "351.00000", "2016-06-30": "283.00000", "2016-03-31": "234.00000", "2015-12-31": "347.00000", "2015-09-30": "342.00000", "2015-06-30": "274.00000", "2015-03-31": "198.00000", "2014-12-31": "379.00000", "2014-09-30": "409.00000", "2014-06-30": "295.00000", "2014-03-31": "172.00000", "2013-12-31": "285.00000", "2013-09-30": "374.00000", "2013-06-30": "276.00000", "2013-03-31": "203.00000", "2012-12-31": "322.00000", "2012-09-30": "352.00000", "2012-06-30": "269.00000", "2012-03-31": "255.00000", "2011-12-31": "353.00000", "2011-09-30": "418.00000", "2011-06-30": "309.00000", "2011-03-31": "194.00000", "2010-12-31": "375.00000", "2010-09-30": "404.00000", "2010-06-30": "303.00000", "2010-03-31": "166.00000", "2009-12-31": "327.00000", "2009-09-30": "373.00000", "2009-06-30": "231.00000", "2009-03-31": "147.00000", "2008-12-31": "569.00000", "2008-09-30": "718.00000", "2008-06-30": "425.00000", "2008-03-31": "163.00000", "2007-12-31": "490.00000", "2007-09-30": "548.00000", "2007-06-30": "381.00000", "2007-03-31": "182.00000", "2006-12-31": "399.00000", "2006-09-30": "382.00000", "2006-06-30": "298.00000", "2006-03-31": "194.00000", "2005-12-31": "382.00000", "2005-09-30": "397.00000", "2005-06-30": "245.18800", "2005-03-31": "151.16800"}, "Pre-Paid Expenses": {"2020-09-30": "113.00000", "2020-06-30": "108.00000", "2020-03-31": "120.00000", "2019-12-31": "123.00000", "2019-09-30": "156.00000", "2019-06-30": "181.00000", "2019-03-31": "241.00000", "2018-12-31": "192.00000", "2018-09-30": "157.00000", "2018-06-30": "167.00000", "2018-03-31": "189.00000", "2017-12-31": "241.00000", "2017-09-30": "175.00000", "2017-06-30": "167.00000", "2017-03-31": "184.00000", "2016-12-31": "161.00000", "2016-09-30": "154.00000", "2016-06-30": "135.00000", "2016-03-31": "127.00000", "2015-12-31": "140.00000", "2015-09-30": "111.00000", "2015-06-30": "105.00000", "2015-03-31": "132.00000", "2014-12-31": "178.00000", "2014-09-30": "177.00000", "2014-06-30": "173.00000", "2014-03-31": "158.00000", "2013-12-31": "125.00000", "2013-09-30": "112.00000", "2013-06-30": "116.00000", "2013-03-31": "137.00000", "2012-12-31": "216.00000", "2012-09-30": "245.00000", "2012-06-30": "253.00000", "2012-03-31": "220.00000", "2011-12-31": "192.00000", "2011-09-30": "190.00000", "2011-06-30": "181.00000", "2011-03-31": "199.00000", "2010-12-31": "274.00000", "2010-09-30": "277.00000", "2010-06-30": "219.00000", "2010-03-31": "262.00000", "2009-12-31": "223.00000", "2009-09-30": "347.00000", "2009-06-30": "355.00000", "2009-03-31": "369.00000", "2008-12-31": "413.00000", "2008-09-30": "360.00000", "2008-06-30": "329.00000", "2008-03-31": "204.00000", "2007-12-31": "306.00000", "2007-09-30": "379.00000", "2007-06-30": "343.00000", "2007-03-31": "268.00000", "2006-12-31": "432.00000", "2006-09-30": "421.00000", "2006-06-30": "239.00000", "2006-03-31": "177.00000", "2005-12-31": "168.00000", "2005-09-30": "18.00000", "2005-06-30": "112.22600", "2005-03-31": "76.61300"}, "Other Current Assets": {"2020-09-30": "284.00000", "2020-06-30": "275.00000", "2020-03-31": "1967.00000", "2019-12-31": "1471.00000", "2019-09-30": "523.00000", "2019-06-30": "466.00000", "2019-03-31": "514.00000", "2018-12-31": "478.00000", "2018-09-30": "288.00000", "2018-06-30": "281.00000", "2018-03-31": "359.00000", "2017-12-31": "537.00000", "2017-09-30": "277.00000", "2017-06-30": "258.00000", "2017-03-31": "291.00000", "2016-12-31": "386.00000", "2016-09-30": "235.00000", "2016-06-30": "225.00000", "2016-03-31": "282.00000", "2015-12-31": "368.00000", "2015-09-30": "258.00000", "2015-06-30": "247.00000", "2015-03-31": "317.00000", "2014-12-31": "456.00000", "2014-09-30": "208.00000", "2014-06-30": "212.00000", "2014-03-31": "367.00000", "2013-12-31": "422.00000", "2013-09-30": "196.00000", "2013-06-30": "206.00000", "2013-03-31": "294.00000", "2012-12-31": "375.00000", "2012-09-30": "208.00000", "2012-06-30": "222.00000", "2012-03-31": "252.00000", "2011-12-31": "413.00000", "2011-09-30": "212.00000", "2011-06-30": "195.00000", "2011-03-31": "271.00000", "2010-12-31": "394.00000", "2010-09-30": "224.00000", "2010-06-30": "215.00000", "2010-03-31": "356.00000", "2009-12-31": "524.00000", "2009-09-30": "211.00000", "2009-06-30": "263.00000", "2009-03-31": "406.00000", "2008-12-31": "659.00000", "2008-09-30": "318.00000", "2008-06-30": "383.00000", "2008-03-31": "514.00000", "2007-12-31": "596.00000", "2007-09-30": "277.00000", "2007-06-30": "278.00000", "2007-03-31": "380.00000", "2006-12-31": "549.00000", "2006-09-30": "367.00000", "2006-06-30": "324.00000", "2006-03-31": "417.00000", "2005-12-31": "739.00000", "2005-09-30": "748.00000", "2005-06-30": "339.41700", "2005-03-31": "466.52400"}, "Total Current Assets": {"2020-09-30": "2785.00000", "2020-06-30": "2501.00000", "2020-03-31": "4164.00000", "2019-12-31": "3937.00000", "2019-09-30": "3416.00000", "2019-06-30": "3326.00000", "2019-03-31": "3419.00000", "2018-12-31": "7025.00000", "2018-09-30": "2726.00000", "2018-06-30": "2701.00000", "2018-03-31": "3049.00000", "2017-12-31": "3395.00000", "2017-09-30": "2935.00000", "2017-06-30": "2865.00000", "2017-03-31": "2896.00000", "2016-12-31": "2923.00000", "2016-09-30": "2529.00000", "2016-06-30": "2272.00000", "2016-03-31": "2335.00000", "2015-12-31": "2689.00000", "2015-09-30": "2400.00000", "2015-06-30": "2509.00000", "2015-03-31": "2691.00000", "2014-12-31": "3268.00000", "2014-09-30": "2576.00000", "2014-06-30": "2529.00000", "2014-03-31": "2955.00000", "2013-12-31": "2658.00000", "2013-09-30": "2319.00000", "2013-06-30": "2480.00000", "2013-03-31": "2363.00000", "2012-12-31": "2874.00000", "2012-09-30": "2752.00000", "2012-06-30": "2955.00000", "2012-03-31": "2968.00000", "2011-12-31": "2337.00000", "2011-09-30": "1982.00000", "2011-06-30": "2042.00000", "2011-03-31": "2014.00000", "2010-12-31": "2582.00000", "2010-09-30": "2143.00000", "2010-06-30": "2352.00000", "2010-03-31": "2384.00000", "2009-12-31": "2904.00000", "2009-09-30": "1995.00000", "2009-06-30": "1928.00000", "2009-03-31": "2074.00000", "2008-12-31": "3035.00000", "2008-09-30": "2837.00000", "2008-06-30": "2598.00000", "2008-03-31": "2351.00000", "2007-12-31": "2788.00000", "2007-09-30": "2350.00000", "2007-06-30": "2397.00000", "2007-03-31": "2433.00000", "2006-12-31": "2995.00000", "2006-09-30": "2566.00000", "2006-06-30": "2397.00000", "2006-03-31": "2188.00000", "2005-12-31": "2891.00000", "2005-09-30": "2462.00000", "2005-06-30": "1984.79700", "2005-03-31": "2235.25000"}, "Property, Plant, And Equipment": {"2020-09-30": "21735.00000", "2020-06-30": "21348.00000", "2020-03-31": "20978.00000", "2019-12-31": "20624.00000", "2019-09-30": "20328.00000", "2019-06-30": "19932.00000", "2019-03-31": "19512.00000", "2018-12-31": "14044.00000", "2018-09-30": "13653.00000", "2018-06-30": "13397.00000", "2018-03-31": "13205.00000", "2017-12-31": "13057.00000", "2017-09-30": "12700.00000", "2017-06-30": "12644.00000", "2017-03-31": "12452.00000", "2016-12-31": "12307.00000", "2016-09-30": "12083.00000", "2016-06-30": "11898.00000", "2016-03-31": "11718.00000", "2015-12-31": "11537.00000", "2015-09-30": "11185.00000", "2015-06-30": "10911.00000", "2015-03-31": "10670.00000", "2014-12-31": "10502.00000", "2014-09-30": "10205.00000", "2014-06-30": "9979.00000", "2014-03-31": "9763.00000", "2013-12-31": "9593.00000", "2013-09-30": "9386.00000", "2013-06-30": "9184.00000", "2013-03-31": "13708.00000", "2012-12-31": "13597.00000", "2012-09-30": "13337.00000", "2012-06-30": "12739.00000", "2012-03-31": "12512.00000", "2011-12-31": "12402.00000", "2011-09-30": "12158.00000", "2011-06-30": "11981.00000", "2011-03-31": "11857.00000", "2010-12-31": "11732.00000", "2010-09-30": "11420.00000", "2010-06-30": "11217.00000", "2010-03-31": "10928.00000", "2009-12-31": "10788.00000", "2009-09-30": "10548.00000", "2009-06-30": "10524.00000", "2009-03-31": "10400.00000", "2008-12-31": "10296.00000", "2008-09-30": "10149.00000", "2008-06-30": "9908.00000", "2008-03-31": "9802.00000", "2007-12-31": "9740.00000", "2007-09-30": "9629.00000", "2007-06-30": "9549.00000", "2007-03-31": "9424.00000", "2006-12-31": "9204.00000", "2006-09-30": "8842.00000", "2006-06-30": "8675.00000", "2006-03-31": "8571.00000", "2005-12-31": "8492.00000", "2005-09-30": "8361.00000", "2005-06-30": "8273.29100", "2005-03-31": "8201.01300"}, "Long-Term Investments": {"2020-09-30": "749.00000", "2020-06-30": "855.00000", "2020-03-31": "850.00000", "2019-12-31": "2408.00000", "2019-09-30": "2469.00000", "2019-06-30": "2470.00000", "2019-03-31": "2471.00000", "2018-12-31": "2482.00000", "2018-09-30": "2457.00000", "2018-06-30": "2451.00000", "2018-03-31": "2467.00000", "2017-12-31": "2472.00000", "2017-09-30": "2481.00000", "2017-06-30": "2487.00000", "2017-03-31": "2502.00000", "2016-12-31": "2505.00000", "2016-09-30": "2535.00000", "2016-06-30": "2536.00000", "2016-03-31": "2580.00000", "2015-12-31": "2594.00000", "2015-09-30": "3604.00000", "2015-06-30": "4471.00000", "2015-03-31": "4501.00000", "2014-12-31": "4521.00000", "2014-09-30": "4525.00000", "2014-06-30": "4517.00000", "2014-03-31": "4540.00000", "2013-12-31": "4518.00000", "2013-09-30": "4525.00000", "2013-06-30": "4485.00000", "2013-03-31": "400.00000", "2012-12-31": "405.00000", "2012-09-30": "408.00000", "2012-06-30": "476.00000", "2012-03-31": "474.00000", "2011-12-31": "472.00000", "2011-09-30": "474.00000", "2011-06-30": "474.00000", "2011-03-31": "474.00000", "2010-12-31": "468.00000", "2010-09-30": "480.00000", "2010-06-30": "479.00000", "2010-03-31": "478.00000", "2009-12-31": "463.00000", "2009-09-30": "471.00000", "2009-06-30": "352.00000", "2009-03-31": "343.00000", "2008-12-31": "345.00000", "2008-09-30": "", "2008-06-30": "", "2008-03-31": "", "2007-12-31": "88.00000", "2007-09-30": "", "2007-06-30": "", "2007-03-31": "", "2006-12-31": "", "2006-09-30": "", "2006-06-30": "", "2006-03-31": "", "2005-12-31": "", "2005-09-30": "", "2005-06-30": "", "2005-03-31": ""}, "Goodwill And Intangible Assets": {"2020-09-30": "4697.00000", "2020-06-30": "4697.00000", "2020-03-31": "4697.00000", "2019-12-31": "4882.00000", "2019-09-30": "5535.00000", "2019-06-30": "5549.00000", "2019-03-31": "5589.00000", "2018-12-31": "932.00000", "2018-09-30": "867.00000", "2018-06-30": "867.00000", "2018-03-31": "867.00000", "2017-12-31": "867.00000", "2017-09-30": "867.00000", "2017-06-30": "867.00000", "2017-03-31": "867.00000", "2016-12-31": "862.00000", "2016-09-30": "862.00000", "2016-06-30": "861.00000", "2016-03-31": "840.00000", "2015-12-31": "840.00000", "2015-09-30": "840.00000", "2015-06-30": "840.00000", "2015-03-31": "840.00000", "2014-12-31": "840.00000", "2014-09-30": "840.00000", "2014-06-30": "840.00000", "2014-03-31": "840.00000", "2013-12-31": "840.00000", "2013-09-30": "840.00000", "2013-06-30": "840.00000", "2013-03-31": "1468.00000", "2012-12-31": "1468.00000", "2012-09-30": "1468.00000", "2012-06-30": "1696.00000", "2012-03-31": "1696.00000", "2011-12-31": "1696.00000", "2011-09-30": "1696.00000", "2011-06-30": "1696.00000", "2011-03-31": "1696.00000", "2010-12-31": "1696.00000", "2010-09-30": "1696.00000", "2010-06-30": "1696.00000", "2010-03-31": "1696.00000", "2009-12-31": "1696.00000", "2009-09-30": "1696.00000", "2009-06-30": "1696.00000", "2009-03-31": "1696.00000", "2008-12-31": "1696.00000", "2008-09-30": "1696.00000", "2008-06-30": "1696.00000", "2008-03-31": "1696.00000", "2007-12-31": "1696.00000", "2007-09-30": "1705.00000", "2007-06-30": "1709.00000", "2007-03-31": "1709.00000", "2006-12-31": "1705.00000", "2006-09-30": "1754.00000", "2006-06-30": "1764.00000", "2006-03-31": "1765.00000", "2005-12-31": "1709.00000", "2005-09-30": "1800.00000", "2005-06-30": "1801.31400", "2005-03-31": "1798.07500"}, "Other Long-Term Assets": {"2020-09-30": "589.00000", "2020-06-30": "598.00000", "2020-03-31": "586.00000", "2019-12-31": "1561.00000", "2019-09-30": "700.00000", "2019-06-30": "680.00000", "2019-03-31": "682.00000", "2018-12-31": "559.00000", "2018-09-30": "591.00000", "2018-06-30": "625.00000", "2018-03-31": "609.00000", "2017-12-31": "598.00000", "2017-09-30": "613.00000", "2017-06-30": "616.00000", "2017-03-31": "613.00000", "2016-12-31": "555.00000", "2016-09-30": "521.00000", "2016-06-30": "532.00000", "2016-03-31": "500.00000", "2015-12-31": "138.00000", "2015-09-30": "187.00000", "2015-06-30": "184.00000", "2015-03-31": "179.00000", "2014-12-31": "179.00000", "2014-09-30": "167.00000", "2014-06-30": "173.00000", "2014-03-31": "168.00000", "2013-12-31": "172.00000", "2013-09-30": "150.00000", "2013-06-30": "194.00000", "2013-03-31": "202.00000", "2012-12-31": "203.00000", "2012-09-30": "193.00000", "2012-06-30": "215.00000", "2012-03-31": "177.00000", "2011-12-31": "177.00000", "2011-09-30": "166.00000", "2011-06-30": "169.00000", "2011-03-31": "168.00000", "2010-12-31": "187.00000", "2010-09-30": "216.00000", "2010-06-30": "237.00000", "2010-03-31": "246.00000", "2009-12-31": "245.00000", "2009-09-30": "242.00000", "2009-06-30": "288.00000", "2009-03-31": "331.00000", "2008-12-31": "297.00000", "2008-09-30": "808.00000", "2008-06-30": "783.00000", "2008-03-31": "629.00000", "2007-12-31": "419.00000", "2007-09-30": "429.00000", "2007-06-30": "411.00000", "2007-03-31": "392.00000", "2006-12-31": "439.00000", "2006-09-30": "973.00000", "2006-06-30": "983.00000", "2006-03-31": "958.00000", "2005-12-31": "1069.00000", "2005-09-30": "946.00000", "2005-06-30": "901.32100", "2005-03-31": "886.48300"}, "Total Long-Term Assets": {"2020-09-30": "29920.00000", "2020-06-30": "29647.00000", "2020-03-31": "29231.00000", "2019-12-31": "31592.00000", "2019-09-30": "31226.00000", "2019-06-30": "30863.00000", "2019-03-31": "30483.00000", "2018-12-31": "19984.00000", "2018-09-30": "19502.00000", "2018-06-30": "19407.00000", "2018-03-31": "19361.00000", "2017-12-31": "19341.00000", "2017-09-30": "19200.00000", "2017-06-30": "19180.00000", "2017-03-31": "19035.00000", "2016-12-31": "18906.00000", "2016-09-30": "18757.00000", "2016-06-30": "18740.00000", "2016-03-31": "18669.00000", "2015-12-31": "18601.00000", "2015-09-30": "19378.00000", "2015-06-30": "20093.00000", "2015-03-31": "19979.00000", "2014-12-31": "19932.00000", "2014-09-30": "19472.00000", "2014-06-30": "19391.00000", "2014-03-31": "19309.00000", "2013-12-31": "19212.00000", "2013-09-30": "19256.00000", "2013-06-30": "19178.00000", "2013-03-31": "20007.00000", "2012-12-31": "19997.00000", "2012-09-30": "19725.00000", "2012-06-30": "19520.00000", "2012-03-31": "19383.00000", "2011-12-31": "19366.00000", "2011-09-30": "18969.00000", "2011-06-30": "17635.00000", "2011-03-31": "17580.00000", "2010-12-31": "17529.00000", "2010-09-30": "17256.00000", "2010-06-30": "17169.00000", "2010-03-31": "16967.00000", "2009-12-31": "16869.00000", "2009-09-30": "16658.00000", "2009-06-30": "16789.00000", "2009-03-31": "16736.00000", "2008-12-31": "16641.00000", "2008-09-30": "16195.00000", "2008-06-30": "15478.00000", "2008-03-31": "15184.00000", "2007-12-31": "15084.00000", "2007-09-30": "14953.00000", "2007-06-30": "14878.00000", "2007-03-31": "14773.00000", "2006-12-31": "14638.00000", "2006-09-30": "14407.00000", "2006-06-30": "14312.00000", "2006-03-31": "14228.00000", "2005-12-31": "14225.00000", "2005-09-30": "14050.00000", "2005-06-30": "13904.89000", "2005-03-31": "15319.84000"}, "Total Assets": {"2020-09-30": "32705.00000", "2020-06-30": "32148.00000", "2020-03-31": "33395.00000", "2019-12-31": "35529.00000", "2019-09-30": "34642.00000", "2019-06-30": "34189.00000", "2019-03-31": "33902.00000", "2018-12-31": "27009.00000", "2018-09-30": "22228.00000", "2018-06-30": "22108.00000", "2018-03-31": "22410.00000", "2017-12-31": "22736.00000", "2017-09-30": "22135.00000", "2017-06-30": "22045.00000", "2017-03-31": "21931.00000", "2016-12-31": "21829.00000", "2016-09-30": "21286.00000", "2016-06-30": "21012.00000", "2016-03-31": "21004.00000", "2015-12-31": "21290.00000", "2015-09-30": "21778.00000", "2015-06-30": "22602.00000", "2015-03-31": "22670.00000", "2014-12-31": "23200.00000", "2014-09-30": "22048.00000", "2014-06-30": "21920.00000", "2014-03-31": "22264.00000", "2013-12-31": "21870.00000", "2013-09-30": "21575.00000", "2013-06-30": "21658.00000", "2013-03-31": "22370.00000", "2012-12-31": "22871.00000", "2012-09-30": "22477.00000", "2012-06-30": "22475.00000", "2012-03-31": "22351.00000", "2011-12-31": "21703.00000", "2011-09-30": "20951.00000", "2011-06-30": "19677.00000", "2011-03-31": "19594.00000", "2010-12-31": "20111.00000", "2010-09-30": "19399.00000", "2010-06-30": "19521.00000", "2010-03-31": "19351.00000", "2009-12-31": "19773.00000", "2009-09-30": "18653.00000", "2009-06-30": "18717.00000", "2009-03-31": "18810.00000", "2008-12-31": "19676.00000", "2008-09-30": "19032.00000", "2008-06-30": "18076.00000", "2008-03-31": "17535.00000", "2007-12-31": "17872.00000", "2007-09-30": "17303.00000", "2007-06-30": "17275.00000", "2007-03-31": "17206.00000", "2006-12-31": "17633.00000", "2006-09-30": "16973.00000", "2006-06-30": "16709.00000", "2006-03-31": "16416.00000", "2005-12-31": "17116.00000", "2005-09-30": "16512.00000", "2005-06-30": "15889.69000", "2005-03-31": "17555.09000"}, "Total Current Liabilities": {"2020-09-30": "3830.00000", "2020-06-30": "4309.00000", "2020-03-31": "4042.00000", "2019-12-31": "3978.00000", "2019-09-30": "3434.00000", "2019-06-30": "2996.00000", "2019-03-31": "3139.00000", "2018-12-31": "3302.00000", "2018-09-30": "2581.00000", "2018-06-30": "2842.00000", "2018-03-31": "2616.00000", "2017-12-31": "3069.00000", "2017-09-30": "3221.00000", "2017-06-30": "3038.00000", "2017-03-31": "2642.00000", "2016-12-31": "3080.00000", "2016-09-30": "2398.00000", "2016-06-30": "2241.00000", "2016-03-31": "2534.00000", "2015-12-31": "2458.00000", "2015-09-30": "3191.00000", "2015-06-30": "3125.00000", "2015-03-31": "3187.00000", "2014-12-31": "2792.00000", "2014-09-30": "3008.00000", "2014-06-30": "3026.00000", "2014-03-31": "3059.00000", "2013-12-31": "3019.00000", "2013-09-30": "2595.00000", "2013-06-30": "2675.00000", "2013-03-31": "3126.00000", "2012-12-31": "3575.00000", "2012-09-30": "3364.00000", "2012-06-30": "3206.00000", "2012-03-31": "2735.00000", "2011-12-31": "2593.00000", "2011-09-30": "2319.00000", "2011-06-30": "2361.00000", "2011-03-31": "2201.00000", "2010-12-31": "2620.00000", "2010-09-30": "2881.00000", "2010-06-30": "3032.00000", "2010-03-31": "3202.00000", "2009-12-31": "3038.00000", "2009-09-30": "2312.00000", "2009-06-30": "2094.00000", "2009-03-31": "2195.00000", "2008-12-31": "2848.00000", "2008-09-30": "2872.00000", "2008-06-30": "2813.00000", "2008-03-31": "3284.00000", "2007-12-31": "3791.00000", "2007-09-30": "3385.00000", "2007-06-30": "3461.00000", "2007-03-31": "3766.00000", "2006-12-31": "4221.00000", "2006-09-30": "3376.00000", "2006-06-30": "2576.00000", "2006-03-31": "2665.00000", "2005-12-31": "3014.00000", "2005-09-30": "4674.00000", "2005-06-30": "3637.65900", "2005-03-31": "4202.18100"}, "Long Term Debt": {"2020-09-30": "11946.00000", "2020-06-30": "10937.00000", "2020-03-31": "13830.00000", "2019-12-31": "14244.00000", "2019-09-30": "14014.00000", "2019-06-30": "14121.00000", "2019-03-31": "13759.00000", "2018-12-31": "8682.00000", "2018-09-30": "7252.00000", "2018-06-30": "7760.00000", "2018-03-31": "8176.00000", "2017-12-31": "8195.00000", "2017-09-30": "7531.00000", "2017-06-30": "7587.00000", "2017-03-31": "7892.00000", "2016-12-31": "7532.00000", "2016-09-30": "7736.00000", "2016-06-30": "7780.00000", "2016-03-31": "7354.00000", "2015-12-31": "7866.00000", "2015-09-30": "7662.00000", "2015-06-30": "7614.00000", "2015-03-31": "7767.00000", "2014-12-31": "8009.00000", "2014-09-30": "7797.00000", "2014-06-30": "7755.00000", "2014-03-31": "8056.00000", "2013-12-31": "7817.00000", "2013-09-30": "7758.00000", "2013-06-30": "7919.00000", "2013-03-31": "8130.00000", "2012-12-31": "8357.00000", "2012-09-30": "8415.00000", "2012-06-30": "8583.00000", "2012-03-31": "9005.00000", "2011-12-31": "8641.00000", "2011-09-30": "8497.00000", "2011-06-30": "8510.00000", "2011-03-31": "8732.00000", "2010-12-31": "9001.00000", "2010-09-30": "8267.00000", "2010-06-30": "8410.00000", "2010-03-31": "8410.00000", "2009-12-31": "9119.00000", "2009-09-30": "8827.00000", "2009-06-30": "9631.00000", "2009-03-31": "9875.00000", "2008-12-31": "10181.00000", "2008-09-30": "9797.00000", "2008-06-30": "9354.00000", "2008-03-31": "8546.00000", "2007-12-31": "8364.00000", "2007-09-30": "8191.00000", "2007-06-30": "8171.00000", "2007-03-31": "7818.00000", "2006-12-31": "7802.00000", "2006-09-30": "7905.00000", "2006-06-30": "8555.00000", "2006-03-31": "8231.00000", "2005-12-31": "8568.00000", "2005-09-30": "6494.00000", "2005-06-30": "7051.21800", "2005-03-31": "7643.18800"}, "Other Non-Current Liabilities": {"2020-09-30": "4966.00000", "2020-06-30": "5019.00000", "2020-03-31": "4991.00000", "2019-12-31": "5020.00000", "2019-09-30": "4997.00000", "2019-06-30": "5010.00000", "2019-03-31": "4964.00000", "2018-12-31": "3728.00000", "2018-09-30": "3667.00000", "2018-06-30": "3668.00000", "2018-03-31": "3601.00000", "2017-12-31": "3610.00000", "2017-09-30": "2307.00000", "2017-06-30": "2493.00000", "2017-03-31": "2509.00000", "2016-12-31": "2494.00000", "2016-09-30": "2474.00000", "2016-06-30": "2473.00000", "2016-03-31": "2494.00000", "2015-12-31": "2458.00000", "2015-09-30": "2422.00000", "2015-06-30": "2450.00000", "2015-03-31": "2426.00000", "2014-12-31": "2411.00000", "2014-09-30": "2164.00000", "2014-06-30": "2206.00000", "2014-03-31": "2207.00000", "2013-12-31": "2163.00000", "2013-09-30": "2457.00000", "2013-06-30": "2465.00000", "2013-03-31": "2532.00000", "2012-12-31": "2485.00000", "2012-09-30": "2371.00000", "2012-06-30": "2380.00000", "2012-03-31": "2381.00000", "2011-12-31": "2415.00000", "2011-09-30": "2114.00000", "2011-06-30": "2345.00000", "2011-03-31": "2397.00000", "2010-12-31": "2358.00000", "2010-09-30": "2272.00000", "2010-06-30": "2232.00000", "2010-03-31": "2216.00000", "2009-12-31": "2185.00000", "2009-09-30": "2151.00000", "2009-06-30": "2128.00000", "2009-03-31": "2063.00000", "2008-12-31": "1993.00000", "2008-09-30": "1591.00000", "2008-06-30": "1689.00000", "2008-03-31": "1567.00000", "2007-12-31": "1641.00000", "2007-09-30": "1696.00000", "2007-06-30": "1662.00000", "2007-03-31": "1704.00000", "2006-12-31": "1692.00000", "2006-09-30": "1681.00000", "2006-06-30": "1632.00000", "2006-03-31": "1691.00000", "2005-12-31": "1718.00000", "2005-09-30": "1598.00000", "2005-06-30": "1497.33200", "2005-03-31": "1716.04200"}, "Total Long Term Liabilities": {"2020-09-30": "20487.00000", "2020-06-30": "19447.00000", "2020-03-31": "22383.00000", "2019-12-31": "23192.00000", "2019-09-30": "22862.00000", "2019-06-30": "22936.00000", "2019-03-31": "22547.00000", "2018-12-31": "15649.00000", "2018-09-30": "14139.00000", "2018-06-30": "14596.00000", "2018-03-31": "14937.00000", "2017-12-31": "14979.00000", "2017-09-30": "15296.00000", "2017-06-30": "15444.00000", "2017-03-31": "15752.00000", "2016-12-31": "15289.00000", "2016-09-30": "15416.00000", "2016-06-30": "15374.00000", "2016-03-31": "14964.00000", "2015-12-31": "15371.00000", "2015-09-30": "14529.00000", "2015-06-30": "14927.00000", "2015-03-31": "14909.00000", "2014-12-31": "15860.00000", "2014-09-30": "14567.00000", "2014-06-30": "14469.00000", "2014-03-31": "14791.00000", "2013-12-31": "14522.00000", "2013-09-30": "14719.00000", "2013-06-30": "14792.00000", "2013-03-31": "14873.00000", "2012-12-31": "14995.00000", "2012-09-30": "14856.00000", "2012-06-30": "14937.00000", "2012-03-31": "15330.00000", "2011-12-31": "14888.00000", "2011-09-30": "14425.00000", "2011-06-30": "14003.00000", "2011-03-31": "14127.00000", "2010-12-31": "14293.00000", "2010-09-30": "13389.00000", "2010-06-30": "13428.00000", "2010-03-31": "13440.00000", "2009-12-31": "14096.00000", "2009-09-30": "13753.00000", "2009-06-30": "14386.00000", "2009-03-31": "14546.00000", "2008-12-31": "14806.00000", "2008-09-30": "14101.00000", "2008-06-30": "13298.00000", "2008-03-31": "12371.00000", "2007-12-31": "12271.00000", "2007-09-30": "12182.00000", "2007-06-30": "12128.00000", "2007-03-31": "11793.00000", "2006-12-31": "11856.00000", "2006-09-30": "12030.00000", "2006-06-30": "12629.00000", "2006-03-31": "12406.00000", "2005-12-31": "12806.00000", "2005-09-30": "10620.00000", "2005-06-30": "11071.21000", "2005-03-31": "12217.77000"}, "Total Liabilities": {"2020-09-30": "24317.00000", "2020-06-30": "23756.00000", "2020-03-31": "26425.00000", "2019-12-31": "27170.00000", "2019-09-30": "26296.00000", "2019-06-30": "25932.00000", "2019-03-31": "25686.00000", "2018-12-31": "18951.00000", "2018-09-30": "16720.00000", "2018-06-30": "17438.00000", "2018-03-31": "17553.00000", "2017-12-31": "18048.00000", "2017-09-30": "18517.00000", "2017-06-30": "18482.00000", "2017-03-31": "18394.00000", "2016-12-31": "18369.00000", "2016-09-30": "17814.00000", "2016-06-30": "17615.00000", "2016-03-31": "17498.00000", "2015-12-31": "17829.00000", "2015-09-30": "17720.00000", "2015-06-30": "18052.00000", "2015-03-31": "18096.00000", "2014-12-31": "18652.00000", "2014-09-30": "17575.00000", "2014-06-30": "17495.00000", "2014-03-31": "17850.00000", "2013-12-31": "17541.00000", "2013-09-30": "17314.00000", "2013-06-30": "17467.00000", "2013-03-31": "17999.00000", "2012-12-31": "18570.00000", "2012-09-30": "18220.00000", "2012-06-30": "18143.00000", "2012-03-31": "18065.00000", "2011-12-31": "17481.00000", "2011-09-30": "16744.00000", "2011-06-30": "16364.00000", "2011-03-31": "16328.00000", "2010-12-31": "16913.00000", "2010-09-30": "16270.00000", "2010-06-30": "16460.00000", "2010-03-31": "16642.00000", "2009-12-31": "17134.00000", "2009-09-30": "16065.00000", "2009-06-30": "16480.00000", "2009-03-31": "16741.00000", "2008-12-31": "17654.00000", "2008-09-30": "16973.00000", "2008-06-30": "16111.00000", "2008-03-31": "15655.00000", "2007-12-31": "16062.00000", "2007-09-30": "15567.00000", "2007-06-30": "15589.00000", "2007-03-31": "15559.00000", "2006-12-31": "16077.00000", "2006-09-30": "15406.00000", "2006-06-30": "15205.00000", "2006-03-31": "15071.00000", "2005-12-31": "15820.00000", "2005-09-30": "15294.00000", "2005-06-30": "14708.87000", "2005-03-31": "16419.96000"}, "Common Stock Net": {"2020-09-30": "5.00000", "2020-06-30": "5.00000", "2020-03-31": "5.00000", "2019-12-31": "5.00000", "2019-09-30": "5.00000", "2019-06-30": "5.00000", "2019-03-31": "5.00000", "2018-12-31": "5.00000", "2018-09-30": "4.00000", "2018-06-30": "4.00000", "2018-03-31": "4.00000", "2017-12-31": "4.00000", "2017-09-30": "4.00000", "2017-06-30": "4.00000", "2017-03-31": "4.00000", "2016-12-31": "4.00000", "2016-09-30": "4.00000", "2016-06-30": "4.00000", "2016-03-31": "4.00000", "2015-12-31": "4.00000", "2015-09-30": "4.00000", "2015-06-30": "4.00000", "2015-03-31": "4.00000", "2014-12-31": "4.00000", "2014-09-30": "4.00000", "2014-06-30": "4.00000", "2014-03-31": "4.00000", "2013-12-31": "4.00000", "2013-09-30": "4.00000", "2013-06-30": "4.00000", "2013-03-31": "4.00000", "2012-12-31": "4.00000", "2012-09-30": "4.00000", "2012-06-30": "4.00000", "2012-03-31": "4.00000", "2011-12-31": "4.00000", "2011-09-30": "4.00000", "2011-06-30": "4.00000", "2011-03-31": "4.00000", "2010-12-31": "4.00000", "2010-09-30": "4.00000", "2010-06-30": "4.00000", "2010-03-31": "4.00000", "2009-12-31": "4.00000", "2009-09-30": "4.00000", "2009-06-30": "4.00000", "2009-03-31": "3.00000", "2008-12-31": "3.00000", "2008-09-30": "3.00000", "2008-06-30": "3.00000", "2008-03-31": "3.00000", "2007-12-31": "3.00000", "2007-09-30": "3.00000", "2007-06-30": "3.00000", "2007-03-31": "3.00000", "2006-12-31": "3.00000", "2006-09-30": "3.00000", "2006-06-30": "3.00000", "2006-03-31": "3.00000", "2005-12-31": "3.00000", "2005-09-30": "3.00000", "2005-06-30": "3.09400", "2005-03-31": "3.09000"}, "Retained Earnings (Accumulated Deficit)": {"2020-09-30": "-796.00000", "2020-06-30": "-771.00000", "2020-03-31": "-761.00000", "2019-12-31": "632.00000", "2019-09-30": "636.00000", "2019-06-30": "552.00000", "2019-03-31": "518.00000", "2018-12-31": "349.00000", "2018-09-30": "551.00000", "2018-06-30": "513.00000", "2018-03-31": "708.00000", "2017-12-31": "543.00000", "2017-09-30": "-518.00000", "2017-06-30": "-571.00000", "2017-03-31": "-591.00000", "2016-12-31": "-668.00000", "2016-09-30": "-658.00000", "2016-06-30": "-726.00000", "2016-03-31": "-613.00000", "2015-12-31": "-657.00000", "2015-09-30": "-41.00000", "2015-06-30": "456.00000", "2015-03-31": "486.00000", "2014-12-31": "461.00000", "2014-09-30": "387.00000", "2014-06-30": "346.00000", "2014-03-31": "341.00000", "2013-12-31": "258.00000", "2013-09-30": "233.00000", "2013-06-30": "171.00000", "2013-03-31": "360.00000", "2012-12-31": "302.00000", "2012-09-30": "255.00000", "2012-06-30": "331.00000", "2012-03-31": "291.00000", "2011-12-31": "231.00000", "2011-09-30": "199.00000", "2011-06-30": "-690.00000", "2011-03-31": "-725.00000", "2010-12-31": "-789.00000", "2010-09-30": "-830.00000", "2010-06-30": "-871.00000", "2010-03-31": "-875.00000", "2009-12-31": "-912.00000", "2009-09-30": "-944.00000", "2009-06-30": "-988.00000", "2009-03-31": "-992.00000", "2008-12-31": "-1008.00000", "2008-09-30": "-994.00000", "2008-06-30": "-1068.00000", "2008-03-31": "-1109.00000", "2007-12-31": "-1172.00000", "2007-09-30": "-1225.00000", "2007-06-30": "-1262.00000", "2007-03-31": "-1277.00000", "2006-12-31": "-1355.00000", "2006-09-30": "-1375.00000", "2006-06-30": "-1411.00000", "2006-03-31": "-1558.00000", "2005-12-31": "-1600.00000", "2005-09-30": "-1661.00000", "2005-06-30": "-1689.43500", "2005-03-31": "-1722.21400"}, "Comprehensive Income": {"2020-09-30": "-82.00000", "2020-06-30": "-84.00000", "2020-03-31": "-100.00000", "2019-12-31": "-98.00000", "2019-09-30": "-107.00000", "2019-06-30": "-105.00000", "2019-03-31": "-107.00000", "2018-12-31": "-108.00000", "2018-09-30": "-58.00000", "2018-06-30": "-62.00000", "2018-03-31": "-63.00000", "2017-12-31": "-68.00000", "2017-09-30": "-72.00000", "2017-06-30": "-70.00000", "2017-03-31": "-71.00000", "2016-12-31": "-71.00000", "2016-09-30": "-64.00000", "2016-06-30": "-67.00000", "2016-03-31": "-65.00000", "2015-12-31": "-66.00000", "2015-09-30": "-81.00000", "2015-06-30": "-82.00000", "2015-03-31": "-84.00000", "2014-12-31": "-86.00000", "2014-09-30": "-85.00000", "2014-06-30": "-87.00000", "2014-03-31": "-89.00000", "2013-12-31": "-90.00000", "2013-09-30": "-127.00000", "2013-06-30": "-130.00000", "2013-03-31": "-132.00000", "2012-12-31": "-135.00000", "2012-09-30": "-125.00000", "2012-06-30": "-128.00000", "2012-03-31": "-131.00000", "2011-12-31": "-133.00000", "2011-09-30": "-110.00000", "2011-06-30": "-112.00000", "2011-03-31": "-115.00000", "2010-12-31": "-117.00000", "2010-09-30": "-116.00000", "2010-06-30": "-119.00000", "2010-03-31": "-121.00000", "2009-12-31": "-124.00000", "2009-09-30": "-122.00000", "2009-06-30": "-125.00000", "2009-03-31": "-129.00000", "2008-12-31": "-131.00000", "2008-09-30": "-49.00000", "2008-06-30": "-48.00000", "2008-03-31": "-55.00000", "2007-12-31": "-44.00000", "2007-09-30": "-67.00000", "2007-06-30": "-77.00000", "2007-03-31": "-89.00000", "2006-12-31": "-69.00000", "2006-09-30": "-20.00000", "2006-06-30": "-37.00000", "2006-03-31": "-44.00000", "2005-12-31": "-38.00000", "2005-09-30": "-41.00000", "2005-06-30": "-40.06800", "2005-03-31": "-46.53500"}, "Other Share Holders Equity": {"2020-09-30": "", "2020-06-30": "", "2020-03-31": "", "2019-12-31": "", "2019-09-30": "", "2019-06-30": "", "2019-03-31": "", "2018-12-31": "", "2018-09-30": "", "2018-06-30": "", "2018-03-31": "", "2017-12-31": "", "2017-09-30": "", "2017-06-30": "", "2017-03-31": "", "2016-12-31": "", "2016-09-30": "", "2016-06-30": "", "2016-03-31": "", "2015-12-31": "", "2015-09-30": "", "2015-06-30": "", "2015-03-31": "", "2014-12-31": "", "2014-09-30": "", "2014-06-30": "", "2014-03-31": "", "2013-12-31": "", "2013-09-30": "", "2013-06-30": "", "2013-03-31": "", "2012-12-31": "", "2012-09-30": "", "2012-06-30": "", "2012-03-31": "", "2011-12-31": "", "2011-09-30": "", "2011-06-30": "", "2011-03-31": "", "2010-12-31": "", "2010-09-30": "", "2010-06-30": "", "2010-03-31": "", "2009-12-31": "", "2009-09-30": "", "2009-06-30": "", "2009-03-31": "", "2008-12-31": "", "2008-09-30": "", "2008-06-30": "", "2008-03-31": "", "2007-12-31": "", "2007-09-30": "", "2007-06-30": "", "2007-03-31": "", "2006-12-31": "", "2006-09-30": "", "2006-06-30": "", "2006-03-31": "", "2005-12-31": "", "2005-09-30": "", "2005-06-30": "", "2005-03-31": ""}, "Share Holder Equity": {"2020-09-30": "8388.00000", "2020-06-30": "8392.00000", "2020-03-31": "6970.00000", "2019-12-31": "8359.00000", "2019-09-30": "8346.00000", "2019-06-30": "8257.00000", "2019-03-31": "8216.00000", "2018-12-31": "8058.00000", "2018-09-30": "5508.00000", "2018-06-30": "4670.00000", "2018-03-31": "4857.00000", "2017-12-31": "4688.00000", "2017-09-30": "3618.00000", "2017-06-30": "3563.00000", "2017-03-31": "3537.00000", "2016-12-31": "3460.00000", "2016-09-30": "3472.00000", "2016-06-30": "3397.00000", "2016-03-31": "3506.00000", "2015-12-31": "3461.00000", "2015-09-30": "4058.00000", "2015-06-30": "4550.00000", "2015-03-31": "4574.00000", "2014-12-31": "4548.00000", "2014-09-30": "4473.00000", "2014-06-30": "4425.00000", "2014-03-31": "4414.00000", "2013-12-31": "4329.00000", "2013-09-30": "4261.00000", "2013-06-30": "4191.00000", "2013-03-31": "4371.00000", "2012-12-31": "4301.00000", "2012-09-30": "4257.00000", "2012-06-30": "4332.00000", "2012-03-31": "4286.00000", "2011-12-31": "4222.00000", "2011-09-30": "4207.00000", "2011-06-30": "3313.00000", "2011-03-31": "3266.00000", "2010-12-31": "3198.00000", "2010-09-30": "3129.00000", "2010-06-30": "3061.00000", "2010-03-31": "2709.00000", "2009-12-31": "2639.00000", "2009-09-30": "2588.00000", "2009-06-30": "2237.00000", "2009-03-31": "2069.00000", "2008-12-31": "2022.00000", "2008-09-30": "2059.00000", "2008-06-30": "1965.00000", "2008-03-31": "1880.00000", "2007-12-31": "1810.00000", "2007-09-30": "1736.00000", "2007-06-30": "1686.00000", "2007-03-31": "1647.00000", "2006-12-31": "1556.00000", "2006-09-30": "1567.00000", "2006-06-30": "1504.00000", "2006-03-31": "1345.00000", "2005-12-31": "1296.00000", "2005-09-30": "1218.00000", "2005-06-30": "1180.81800", "2005-03-31": "1135.13400"}, "Total Liabilities And Share Holders Equity": {"2020-09-30": "32705.00000", "2020-06-30": "32148.00000", "2020-03-31": "33395.00000", "2019-12-31": "35529.00000", "2019-09-30": "34642.00000", "2019-06-30": "34189.00000", "2019-03-31": "33902.00000", "2018-12-31": "27009.00000", "2018-09-30": "22228.00000", "2018-06-30": "22108.00000", "2018-03-31": "22410.00000", "2017-12-31": "22736.00000", "2017-09-30": "22135.00000", "2017-06-30": "22045.00000", "2017-03-31": "21931.00000", "2016-12-31": "21829.00000", "2016-09-30": "21286.00000", "2016-06-30": "21012.00000", "2016-03-31": "21004.00000", "2015-12-31": "21290.00000", "2015-09-30": "21778.00000", "2015-06-30": "22602.00000", "2015-03-31": "22670.00000", "2014-12-31": "23200.00000", "2014-09-30": "22048.00000", "2014-06-30": "21920.00000", "2014-03-31": "22264.00000", "2013-12-31": "21870.00000", "2013-09-30": "21575.00000", "2013-06-30": "21658.00000", "2013-03-31": "22370.00000", "2012-12-31": "22871.00000", "2012-09-30": "22477.00000", "2012-06-30": "22475.00000", "2012-03-31": "22351.00000", "2011-12-31": "21703.00000", "2011-09-30": "20951.00000", "2011-06-30": "19677.00000", "2011-03-31": "19594.00000", "2010-12-31": "20111.00000", "2010-09-30": "19399.00000", "2010-06-30": "19521.00000", "2010-03-31": "19351.00000", "2009-12-31": "19773.00000", "2009-09-30": "18653.00000", "2009-06-30": "18717.00000", "2009-03-31": "18810.00000", "2008-12-31": "19676.00000", "2008-09-30": "19032.00000", "2008-06-30": "18076.00000", "2008-03-31": "17535.00000", "2007-12-31": "17872.00000", "2007-09-30": "17303.00000", "2007-06-30": "17275.00000", "2007-03-31": "17206.00000", "2006-12-31": "17633.00000", "2006-09-30": "16973.00000", "2006-06-30": "16709.00000", "2006-03-31": "16416.00000", "2005-12-31": "17116.00000", "2005-09-30": "16512.00000", "2005-06-30": "15889.69000", "2005-03-31": "17555.09000"}}, "cash flow statement": {"Net Income/Loss": {"2019-12-31": "791.00000", "2018-12-31": "368.00000", "2017-12-31": "1792.00000", "2016-12-31": "432.00000", "2015-12-31": "-692.00000", "2014-12-31": "611.00000", "2013-12-31": "311.00000", "2012-12-31": "417.00000", "2011-12-31": "1357.00000", "2010-12-31": "442.00000", "2009-12-31": "372.00000", "2008-12-31": "446.00000", "2007-12-31": "395.00000", "2006-12-31": "432.00000", "2005-12-31": "252.00000"}, "Total Depreciation And Amortization - Cash Flow": {"2019-12-31": "1340.00000", "2018-12-31": "1291.00000", "2017-12-31": "1060.00000", "2016-12-31": "1152.00000", "2015-12-31": "997.00000", "2014-12-31": "1041.00000", "2013-12-31": "984.00000", "2012-12-31": "1082.00000", "2011-12-31": "916.00000", "2010-12-31": "891.00000", "2009-12-31": "780.00000", "2008-12-31": "737.00000", "2007-12-31": "700.00000", "2006-12-31": "655.00000", "2005-12-31": "618.00000"}, "Other Non-Cash Items": {"2019-12-31": "53.00000", "2018-12-31": "195.00000", "2017-12-31": "-1139.00000", "2016-12-31": "84.00000", "2015-12-31": "1316.00000", "2014-12-31": "78.00000", "2013-12-31": "172.00000", "2012-12-31": "291.00000", "2011-12-31": "-619.00000", "2010-12-31": "174.00000", "2009-12-31": "402.00000", "2008-12-31": "452.00000", "2007-12-31": "12.00000", "2006-12-31": "-89.00000", "2005-12-31": "67.00000"}, "Total Non-Cash Items": {"2019-12-31": "1393.00000", "2018-12-31": "1486.00000", "2017-12-31": "-79.00000", "2016-12-31": "1236.00000", "2015-12-31": "2313.00000", "2014-12-31": "1119.00000", "2013-12-31": "1156.00000", "2012-12-31": "1373.00000", "2011-12-31": "297.00000", "2010-12-31": "1065.00000", "2009-12-31": "1182.00000", "2008-12-31": "1189.00000", "2007-12-31": "712.00000", "2006-12-31": "566.00000", "2005-12-31": "685.00000"}, "Change In Accounts Receivable": {"2019-12-31": "226.00000", "2018-12-31": "-154.00000", "2017-12-31": "-216.00000", "2016-12-31": "-117.00000", "2015-12-31": "345.00000", "2014-12-31": "39.00000", "2013-12-31": "-256.00000", "2012-12-31": "10.00000", "2011-12-31": "40.00000", "2010-12-31": "101.00000", "2009-12-31": "283.00000", "2008-12-31": "-82.00000", "2007-12-31": "", "2006-12-31": "262.00000", "2005-12-31": "-456.00000"}, "Change In Inventories": {"2019-12-31": "-52.00000", "2018-12-31": "1.00000", "2017-12-31": "-7.00000", "2016-12-31": "34.00000", "2015-12-31": "28.00000", "2014-12-31": "-102.00000", "2013-12-31": "-22.00000", "2012-12-31": "27.00000", "2011-12-31": "11.00000", "2010-12-31": "-54.00000", "2009-12-31": "236.00000", "2008-12-31": "-109.00000", "2007-12-31": "-102.00000", "2006-12-31": "-82.00000", "2005-12-31": "-115.00000"}, "Change In Accounts Payable": {"2019-12-31": "-455.00000", "2018-12-31": "220.00000", "2017-12-31": "136.00000", "2016-12-31": "133.00000", "2015-12-31": "-224.00000", "2014-12-31": "-3.00000", "2013-12-31": "152.00000", "2012-12-31": "-6.00000", "2011-12-31": "-81.00000", "2010-12-31": "-34.00000", "2009-12-31": "-237.00000", "2008-12-31": "87.00000", "2007-12-31": "-185.00000", "2006-12-31": "-269.00000", "2005-12-31": "321.00000"}, "Change In Assets/Liabilities": {"2019-12-31": "-222.00000", "2018-12-31": "163.00000", "2017-12-31": "-268.00000", "2016-12-31": "10.00000", "2015-12-31": "65.00000", "2014-12-31": "-67.00000", "2013-12-31": "200.00000", "2012-12-31": "91.00000", "2011-12-31": "58.00000", "2010-12-31": "8.00000", "2009-12-31": "30.00000", "2008-12-31": "-529.00000", "2007-12-31": "-25.00000", "2006-12-31": "30.00000", "2005-12-31": "-118.00000"}, "Total Change In Assets/Liabilities": {"2019-12-31": "-555.00000", "2018-12-31": "270.00000", "2017-12-31": "-320.00000", "2016-12-31": "207.00000", "2015-12-31": "222.00000", "2014-12-31": "-346.00000", "2013-12-31": "122.00000", "2012-12-31": "53.00000", "2011-12-31": "210.00000", "2010-12-31": "-119.00000", "2009-12-31": "271.00000", "2008-12-31": "-751.00000", "2007-12-31": "-345.00000", "2006-12-31": "-6.00000", "2005-12-31": "-892.00000"}, "Cash Flow From Operating Activities": {"2019-12-31": "1638.00000", "2018-12-31": "2136.00000", "2017-12-31": "1417.00000", "2016-12-31": "1923.00000", "2015-12-31": "1870.00000", "2014-12-31": "1397.00000", "2013-12-31": "1613.00000", "2012-12-31": "1860.00000", "2011-12-31": "1888.00000", "2010-12-31": "1386.00000", "2009-12-31": "1841.00000", "2008-12-31": "851.00000", "2007-12-31": "774.00000", "2006-12-31": "991.00000", "2005-12-31": "63.00000"}, "Net Change In Property, Plant, And Equipment": {"2019-12-31": "-2501.00000", "2018-12-31": "-1651.00000", "2017-12-31": "-1426.00000", "2016-12-31": "-1414.00000", "2015-12-31": "-1584.00000", "2014-12-31": "-1372.00000", "2013-12-31": "-1286.00000", "2012-12-31": "-1212.00000", "2011-12-31": "-1303.00000", "2010-12-31": "-1509.00000", "2009-12-31": "-1160.00000", "2008-12-31": "-1020.00000", "2007-12-31": "-1114.00000", "2006-12-31": "-1007.00000", "2005-12-31": "-693.00000"}, "Net Change In Intangible Assets": {"2019-12-31": "", "2018-12-31": "", "2017-12-31": "", "2016-12-31": "", "2015-12-31": "", "2014-12-31": "", "2013-12-31": "", "2012-12-31": "", "2011-12-31": "", "2010-12-31": "", "2009-12-31": "", "2008-12-31": "", "2007-12-31": "", "2006-12-31": "", "2005-12-31": ""}, "Net Acquisitions/Divestitures": {"2019-12-31": "-5991.00000", "2018-12-31": "", "2017-12-31": "-132.00000", "2016-12-31": "-102.00000", "2015-12-31": "", "2014-12-31": "", "2013-12-31": "", "2012-12-31": "-360.00000", "2011-12-31": "", "2010-12-31": "", "2009-12-31": "", "2008-12-31": "", "2007-12-31": "", "2006-12-31": "", "2005-12-31": ""}, "Net Change In Short-term Investments": {"2019-12-31": "-6.00000", "2018-12-31": "398.00000", "2017-12-31": "", "2016-12-31": "178.00000", "2015-12-31": "32.00000", "2014-12-31": "", "2013-12-31": "9.00000", "2012-12-31": "0.00000", "2011-12-31": "0.00000", "2010-12-31": "", "2009-12-31": "", "2008-12-31": "", "2007-12-31": "", "2006-12-31": "", "2005-12-31": ""}, "Net Change In Long-Term Investments": {"2019-12-31": "", "2018-12-31": "", "2017-12-31": "", "2016-12-31": "-363.00000", "2015-12-31": "", "2014-12-31": "-1.00000", "2013-12-31": "-38.00000", "2012-12-31": "-5.00000", "2011-12-31": "-12.00000", "2010-12-31": "-18.00000", "2009-12-31": "208.00000", "2008-12-31": "-381.00000", "2007-12-31": "-188.00000", "2006-12-31": "-13.00000", "2005-12-31": "724.00000"}, "Net Change In Investments - Total": {"2019-12-31": "-6.00000", "2018-12-31": "398.00000", "2017-12-31": "", "2016-12-31": "-185.00000", "2015-12-31": "32.00000", "2014-12-31": "-1.00000", "2013-12-31": "-29.00000", "2012-12-31": "-5.00000", "2011-12-31": "-12.00000", "2010-12-31": "-18.00000", "2009-12-31": "208.00000", "2008-12-31": "-381.00000", "2007-12-31": "-188.00000", "2006-12-31": "-13.00000", "2005-12-31": "724.00000"}, "Investing Activities - Other": {"2019-12-31": "77.00000", "2018-12-31": "46.00000", "2017-12-31": "301.00000", "2016-12-31": "667.00000", "2015-12-31": "165.00000", "2014-12-31": "-11.00000", "2013-12-31": "15.00000", "2012-12-31": "-26.00000", "2011-12-31": "109.00000", "2010-12-31": "107.00000", "2009-12-31": "56.00000", "2008-12-31": "33.00000", "2007-12-31": "2.00000", "2006-12-31": "-36.00000", "2005-12-31": "-14.00000"}, "Cash Flow From Investing Activities": {"2019-12-31": "-8421.00000", "2018-12-31": "-1207.00000", "2017-12-31": "-1257.00000", "2016-12-31": "-1034.00000", "2015-12-31": "-1387.00000", "2014-12-31": "-1384.00000", "2013-12-31": "-1300.00000", "2012-12-31": "-1603.00000", "2011-12-31": "-1206.00000", "2010-12-31": "-1420.00000", "2009-12-31": "-896.00000", "2008-12-31": "-1368.00000", "2007-12-31": "-1300.00000", "2006-12-31": "-1056.00000", "2005-12-31": "17.00000"}, "Net Long-Term Debt": {"2019-12-31": "1614.00000", "2018-12-31": "2011.00000", "2017-12-31": "-115.00000", "2016-12-31": "-618.00000", "2015-12-31": "-444.00000", "2014-12-31": "63.00000", "2013-12-31": "-523.00000", "2012-12-31": "905.00000", "2011-12-31": "-359.00000", "2010-12-31": "-783.00000", "2009-12-31": "-498.00000", "2008-12-31": "825.00000", "2007-12-31": "683.00000", "2006-12-31": "92.00000", "2005-12-31": "-120.00000"}, "Net Current Debt": {"2019-12-31": "1891.00000", "2018-12-31": "-1582.00000", "2017-12-31": "353.00000", "2016-12-31": "464.00000", "2015-12-31": "390.00000", "2014-12-31": "424.00000", "2013-12-31": "123.00000", "2012-12-31": "-309.00000", "2011-12-31": "111.00000", "2010-12-31": "181.00000", "2009-12-31": "-98.00000", "2008-12-31": "-79.00000", "2007-12-31": "45.00000", "2006-12-31": "187.00000", "2005-12-31": "75.00000"}, "Debt Issuance/Retirement Net - Total": {"2019-12-31": "3505.00000", "2018-12-31": "429.00000", "2017-12-31": "238.00000", "2016-12-31": "-154.00000", "2015-12-31": "-54.00000", "2014-12-31": "487.00000", "2013-12-31": "-400.00000", "2012-12-31": "596.00000", "2011-12-31": "-248.00000", "2010-12-31": "-602.00000", "2009-12-31": "-596.00000", "2008-12-31": "746.00000", "2007-12-31": "728.00000", "2006-12-31": "279.00000", "2005-12-31": "-45.00000"}, "Net Common Equity Issued/Repurchased": {"2019-12-31": "", "2018-12-31": "1844.00000", "2017-12-31": "", "2016-12-31": "", "2015-12-31": "", "2014-12-31": "", "2013-12-31": "4.00000", "2012-12-31": "4.00000", "2011-12-31": "6.00000", "2010-12-31": "416.00000", "2009-12-31": "504.00000", "2008-12-31": "80.00000", "2007-12-31": "22.00000", "2006-12-31": "27.00000", "2005-12-31": "17.00000"}, "Net Total Equity Issued/Repurchased": {"2019-12-31": "", "2018-12-31": "3584.00000", "2017-12-31": "", "2016-12-31": "", "2015-12-31": "", "2014-12-31": "", "2013-12-31": "4.00000", "2012-12-31": "4.00000", "2011-12-31": "6.00000", "2010-12-31": "416.00000", "2009-12-31": "504.00000", "2008-12-31": "80.00000", "2007-12-31": "22.00000", "2006-12-31": "27.00000", "2005-12-31": "17.00000"}, "Total Common And Preferred Stock Dividends Paid": {"2019-12-31": "-695.00000", "2018-12-31": "-908.00000", "2017-12-31": "-461.00000", "2016-12-31": "-621.00000", "2015-12-31": "-458.00000", "2014-12-31": "-408.00000", "2013-12-31": "-355.00000", "2012-12-31": "-346.00000", "2011-12-31": "-337.00000", "2010-12-31": "-319.00000", "2009-12-31": "-276.00000", "2008-12-31": "-246.00000", "2007-12-31": "-218.00000", "2006-12-31": "-187.00000", "2005-12-31": "-124.00000"}, "Financial Activities - Other": {"2019-12-31": "-34.00000", "2018-12-31": "-52.00000", "2017-12-31": "-22.00000", "2016-12-31": "-33.00000", "2015-12-31": "-5.00000", "2014-12-31": "-2.00000", "2013-12-31": "", "2012-12-31": "-85.00000", "2011-12-31": "-82.00000", "2010-12-31": "-2.00000", "2009-12-31": "-4.00000", "2008-12-31": "-25.00000", "2007-12-31": "-4.00000", "2006-12-31": "-1.00000", "2005-12-31": "-19.00000"}, "Cash Flow From Financial Activities": {"2019-12-31": "2776.00000", "2018-12-31": "3053.00000", "2017-12-31": "-245.00000", "2016-12-31": "-808.00000", "2015-12-31": "-517.00000", "2014-12-31": "77.00000", "2013-12-31": "-751.00000", "2012-12-31": "169.00000", "2011-12-31": "-661.00000", "2010-12-31": "-507.00000", "2009-12-31": "-372.00000", "2008-12-31": "555.00000", "2007-12-31": "528.00000", "2006-12-31": "118.00000", "2005-12-31": "-171.00000"}, "Net Cash Flow": {"2019-12-31": "-4007.00000", "2018-12-31": "3982.00000", "2017-12-31": "-85.00000", "2016-12-31": "81.00000", "2015-12-31": "-34.00000", "2014-12-31": "90.00000", "2013-12-31": "-438.00000", "2012-12-31": "426.00000", "2011-12-31": "21.00000", "2010-12-31": "-541.00000", "2009-12-31": "573.00000", "2008-12-31": "38.00000", "2007-12-31": "2.00000", "2006-12-31": "53.00000", "2005-12-31": "-91.00000"}, "Stock-Based Compensation": {"2019-12-31": "", "2018-12-31": "", "2017-12-31": "", "2016-12-31": "", "2015-12-31": "", "2014-12-31": "", "2013-12-31": "", "2012-12-31": "", "2011-12-31": "", "2010-12-31": "", "2009-12-31": "", "2008-12-31": "", "2007-12-31": "", "2006-12-31": "", "2005-12-31": ""}, "Common Stock Dividends Paid": {"2019-12-31": "-577.00000", "2018-12-31": "-897.00000", "2017-12-31": "-461.00000", "2016-12-31": "-621.00000", "2015-12-31": "-458.00000", "2014-12-31": "-408.00000", "2013-12-31": "-355.00000", "2012-12-31": "-346.00000", "2011-12-31": "-337.00000", "2010-12-31": "-319.00000", "2009-12-31": "-276.00000", "2008-12-31": "-246.00000", "2007-12-31": "-218.00000", "2006-12-31": "-187.00000", "2005-12-31": "-124.00000"}}, "cash flow statement, quarterly": {"Net Income/Loss": {"2020-09-30": 121, "2020-06-30": 105, "2020-03-31": "-1199.00000", "2019-12-31": 157, "2019-09-30": 270, "2019-06-30": 195, "2019-03-31": "169.00000", "2018-12-31": 120, "2018-09-30": 158, "2018-06-30": -75, "2018-03-31": "165.00000", "2017-12-31": 1296, "2017-09-30": 169, "2017-06-30": 135, "2017-03-31": "192.00000", "2016-12-31": 101, "2016-09-30": 179, "2016-06-30": -2, "2016-03-31": "154.00000", "2015-12-31": -509, "2015-09-30": -391, "2015-06-30": 77, "2015-03-31": "131.00000", "2014-12-31": 176, "2014-09-30": 143, "2014-06-30": 107, "2014-03-31": "185.00000", "2013-12-31": 113, "2013-09-30": 151, "2013-06-30": -100, "2013-03-31": "147.00000", "2012-12-31": 134, "2012-09-30": 10, "2012-06-30": 126, "2012-03-31": "147.00000", "2011-12-31": 117, "2011-09-30": 973, "2011-06-30": 119, "2011-03-31": "148.00000", "2010-12-31": 124, "2010-09-30": 123, "2010-06-30": 81, "2010-03-31": "114.00000", "2009-12-31": 105, "2009-09-30": 114, "2009-06-30": 86, "2009-03-31": "67.00000", "2008-12-31": 87, "2008-09-30": 136, "2008-06-30": 101, "2008-03-31": "122.00000", "2007-12-31": 104, "2007-09-30": 91, "2007-06-30": 70, "2007-03-31": "130.00000", "2006-12-31": 67, "2006-09-30": 83, "2006-06-30": 194, "2006-03-31": "88.00000", "2005-12-31": 81, "2005-09-30": 50, "2005-06-30": 54, "2005-03-31": "67.00000"}, "Total Depreciation And Amortization - Cash Flow": {"2020-09-30": 314, "2020-06-30": 305, "2020-03-31": "290.00000", "2019-12-31": 312, "2019-09-30": 349, "2019-06-30": 350, "2019-03-31": "329.00000", "2018-12-31": 275, "2018-09-30": 342, "2018-06-30": 354, "2018-03-31": "320.00000", "2017-12-31": 293, "2017-09-30": 275, "2017-06-30": 260, "2017-03-31": "232.00000", "2016-12-31": 260, "2016-09-30": 330, "2016-06-30": 296, "2016-03-31": "266.00000", "2015-12-31": 252, "2015-09-30": 275, "2015-06-30": 246, "2015-03-31": "224.00000", "2014-12-31": 236, "2014-09-30": 300, "2014-06-30": 263, "2014-03-31": "242.00000", "2013-12-31": 220, "2013-09-30": 255, "2013-06-30": 261, "2013-03-31": "248.00000", "2012-12-31": 259, "2012-09-30": 309, "2012-06-30": 282, "2012-03-31": "232.00000", "2011-12-31": 217, "2011-09-30": 260, "2011-06-30": 231, "2011-03-31": "208.00000", "2010-12-31": 210, "2010-09-30": 250, "2010-06-30": 224, "2010-03-31": "207.00000", "2009-12-31": 189, "2009-09-30": 217, "2009-06-30": 198, "2009-03-31": "176.00000", "2008-12-31": 176, "2008-09-30": 200, "2008-06-30": 195, "2008-03-31": "166.00000", "2007-12-31": 181, "2007-09-30": 181, "2007-06-30": 174, "2007-03-31": "164.00000", "2006-12-31": 166, "2006-09-30": 168, "2006-06-30": 167, "2006-03-31": "154.00000", "2005-12-31": 148, "2005-09-30": 164, "2005-06-30": 156, "2005-03-31": "150.00000"}, "Other Non-Cash Items": {"2020-09-30": 40, "2020-06-30": -148, "2020-03-31": "1577.00000", "2019-12-31": 111, "2019-09-30": -31, "2019-06-30": -27, "2019-03-31": "", "2018-12-31": -8, "2018-09-30": -26, "2018-06-30": 235, "2018-03-31": "-6.00000", "2017-12-31": -1034, "2017-09-30": -7, "2017-06-30": -43, "2017-03-31": "-55.00000", "2016-12-31": 33, "2016-09-30": 1, "2016-06-30": 81, "2016-03-31": "-31.00000", "2015-12-31": 786, "2015-09-30": 492, "2015-06-30": 38, "2015-03-31": "", "2014-12-31": 152, "2014-09-30": -9, "2014-06-30": -31, "2014-03-31": "-34.00000", "2013-12-31": 10, "2013-09-30": -10, "2013-06-30": 135, "2013-03-31": "37.00000", "2012-12-31": 64, "2012-09-30": 177, "2012-06-30": -7, "2012-03-31": "57.00000", "2011-12-31": 13, "2011-09-30": -810, "2011-06-30": 74, "2011-03-31": "104.00000", "2010-12-31": 141, "2010-09-30": 102, "2010-06-30": 44, "2010-03-31": "-113.00000", "2009-12-31": 159, "2009-09-30": 125, "2009-06-30": 124, "2009-03-31": "-6.00000", "2008-12-31": 408, "2008-09-30": -65, "2008-06-30": 30, "2008-03-31": "79.00000", "2007-12-31": -88, "2007-09-30": -17, "2007-06-30": 57, "2007-03-31": "60.00000", "2006-12-31": 220, "2006-09-30": -68, "2006-06-30": -228, "2006-03-31": "-13.00000", "2005-12-31": -86, "2005-09-30": 176, "2005-06-30": 10, "2005-03-31": "-33.00000"}, "Total Non-Cash Items": {"2020-09-30": 354, "2020-06-30": 157, "2020-03-31": "1867.00000", "2019-12-31": 423, "2019-09-30": 318, "2019-06-30": 323, "2019-03-31": "329.00000", "2018-12-31": 267, "2018-09-30": 316, "2018-06-30": 589, "2018-03-31": "314.00000", "2017-12-31": -741, "2017-09-30": 268, "2017-06-30": 217, "2017-03-31": "177.00000", "2016-12-31": 293, "2016-09-30": 331, "2016-06-30": 377, "2016-03-31": "235.00000", "2015-12-31": 1038, "2015-09-30": 767, "2015-06-30": 284, "2015-03-31": "224.00000", "2014-12-31": 388, "2014-09-30": 291, "2014-06-30": 232, "2014-03-31": "208.00000", "2013-12-31": 230, "2013-09-30": 245, "2013-06-30": 396, "2013-03-31": "285.00000", "2012-12-31": 323, "2012-09-30": 486, "2012-06-30": 275, "2012-03-31": "289.00000", "2011-12-31": 230, "2011-09-30": -550, "2011-06-30": 305, "2011-03-31": "312.00000", "2010-12-31": 351, "2010-09-30": 352, "2010-06-30": 268, "2010-03-31": "94.00000", "2009-12-31": 348, "2009-09-30": 342, "2009-06-30": 322, "2009-03-31": "170.00000", "2008-12-31": 584, "2008-09-30": 135, "2008-06-30": 225, "2008-03-31": "245.00000", "2007-12-31": 93, "2007-09-30": 164, "2007-06-30": 231, "2007-03-31": "224.00000", "2006-12-31": 386, "2006-09-30": 100, "2006-06-30": -61, "2006-03-31": "141.00000", "2005-12-31": 62, "2005-09-30": 340, "2005-06-30": 166, "2005-03-31": "117.00000"}, "Change In Accounts Receivable": {"2020-09-30": -312, "2020-06-30": 76, "2020-03-31": "236.00000", "2019-12-31": 226, "2019-09-30": -463, "2019-06-30": 325, "2019-03-31": "138.00000", "2018-12-31": -509, "2018-09-30": 123, "2018-06-30": 193, "2018-03-31": "39.00000", "2017-12-31": -432, "2017-09-30": -18, "2017-06-30": 120, "2017-03-31": "114.00000", "2016-12-31": -203, "2016-09-30": -61, "2016-06-30": 80, "2016-03-31": "67.00000", "2015-12-31": -105, "2015-09-30": 83, "2015-06-30": 310, "2015-03-31": "57.00000", "2014-12-31": -309, "2014-09-30": 137, "2014-06-30": 464, "2014-03-31": "-253.00000", "2013-12-31": -429, "2013-09-30": 107, "2013-06-30": 132, "2013-03-31": "-66.00000", "2012-12-31": -250, "2012-09-30": -33, "2012-06-30": 100, "2012-03-31": "193.00000", "2011-12-31": -205, "2011-09-30": 28, "2011-06-30": 169, "2011-03-31": "48.00000", "2010-12-31": -333, "2010-09-30": 79, "2010-06-30": 357, "2010-03-31": "-2.00000", "2009-12-31": -513, "2009-09-30": 155, "2009-06-30": 333, "2009-03-31": "308.00000", "2008-12-31": -523, "2008-09-30": 245, "2008-06-30": 280, "2008-03-31": "-84.00000", "2007-12-31": -540, "2007-09-30": 136, "2007-06-30": 388, "2007-03-31": "16.00000", "2006-12-31": -526, "2006-09-30": 45, "2006-06-30": 271, "2006-03-31": "472.00000", "2005-12-31": -772, "2005-09-30": -243, "2005-06-30": 344, "2005-03-31": "215.00000"}, "Change In Inventories": {"2020-09-30": -72, "2020-06-30": -88, "2020-03-31": "110.00000", "2019-12-31": 33, "2019-09-30": -95, "2019-06-30": -110, "2019-03-31": "120.00000", "2018-12-31": 11, "2018-09-30": -62, "2018-06-30": -87, "2018-03-31": "139.00000", "2017-12-31": 45, "2017-09-30": -32, "2017-06-30": -94, "2017-03-31": "74.00000", "2016-12-31": 39, "2016-09-30": -68, "2016-06-30": -49, "2016-03-31": "112.00000", "2015-12-31": -5, "2015-09-30": -70, "2015-06-30": -76, "2015-03-31": "179.00000", "2014-12-31": 24, "2014-09-30": -116, "2014-06-30": -123, "2014-03-31": "113.00000", "2013-12-31": 89, "2013-09-30": -99, "2013-06-30": -131, "2013-03-31": "119.00000", "2012-12-31": 30, "2012-09-30": -83, "2012-06-30": -14, "2012-03-31": "94.00000", "2011-12-31": 61, "2011-09-30": -116, "2011-06-30": -115, "2011-03-31": "181.00000", "2010-12-31": 29, "2010-09-30": -107, "2010-06-30": -137, "2010-03-31": "161.00000", "2009-12-31": 46, "2009-09-30": -142, "2009-06-30": -84, "2009-03-31": "416.00000", "2008-12-31": 143, "2008-09-30": -317, "2008-06-30": -262, "2008-03-31": "327.00000", "2007-12-31": 58, "2007-09-30": -172, "2007-06-30": -205, "2007-03-31": "217.00000", "2006-12-31": -30, "2006-09-30": -114, "2006-06-30": -67, "2006-03-31": "129.00000", "2005-12-31": 25, "2005-09-30": -149, "2005-06-30": -92, "2005-03-31": "101.00000"}, "Change In Accounts Payable": {"2020-09-30": 296, "2020-06-30": -29, "2020-03-31": "-192.00000", "2019-12-31": -330, "2019-09-30": 469, "2019-06-30": -262, "2019-03-31": "-332.00000", "2018-12-31": 482, "2018-09-30": -16, "2018-06-30": -37, "2018-03-31": "-209.00000", "2017-12-31": 273, "2017-09-30": 21, "2017-06-30": -36, "2017-03-31": "-122.00000", "2016-12-31": 223, "2016-09-30": 19, "2016-06-30": -27, "2016-03-31": "-82.00000", "2015-12-31": 108, "2015-09-30": -5, "2015-06-30": -119, "2015-03-31": "-208.00000", "2014-12-31": 234, "2014-09-30": -63, "2014-06-30": -302, "2014-03-31": "128.00000", "2013-12-31": 303, "2013-09-30": -43, "2013-06-30": -75, "2013-03-31": "-33.00000", "2012-12-31": 180, "2012-09-30": 31, "2012-06-30": -45, "2012-03-31": "-172.00000", "2011-12-31": 134, "2011-09-30": 5, "2011-06-30": -52, "2011-03-31": "-168.00000", "2010-12-31": 249, "2010-09-30": -68, "2010-06-30": -90, "2010-03-31": "-125.00000", "2009-12-31": 290, "2009-09-30": -25, "2009-06-30": -77, "2009-03-31": "-425.00000", "2008-12-31": 206, "2008-09-30": -139, "2008-06-30": -36, "2008-03-31": "56.00000", "2007-12-31": 275, "2007-09-30": -166, "2007-06-30": -72, "2007-03-31": "-222.00000", "2006-12-31": 371, "2006-09-30": 57, "2006-06-30": -163, "2006-03-31": "-534.00000", "2005-12-31": 349, "2005-09-30": 277, "2005-06-30": -128, "2005-03-31": "-177.00000"}, "Change In Assets/Liabilities": {"2020-09-30": 42, "2020-06-30": 96, "2020-03-31": "-81.00000", "2019-12-31": -62, "2019-09-30": 12, "2019-06-30": -140, "2019-03-31": "-32.00000", "2018-12-31": -47, "2018-09-30": 53, "2018-06-30": 91, "2018-03-31": "66.00000", "2017-12-31": -63, "2017-09-30": -74, "2017-06-30": -73, "2017-03-31": "-58.00000", "2016-12-31": -60, "2016-09-30": -21, "2016-06-30": 49, "2016-03-31": "42.00000", "2015-12-31": -112, "2015-09-30": 6, "2015-06-30": 50, "2015-03-31": "121.00000", "2014-12-31": -87, "2014-09-30": 22, "2014-06-30": 10, "2014-03-31": "-12.00000", "2013-12-31": -3, "2013-09-30": 8, "2013-06-30": 47, "2013-03-31": "148.00000", "2012-12-31": 50, "2012-09-30": 52, "2012-06-30": 33, "2012-03-31": "-44.00000", "2011-12-31": 24, "2011-09-30": -21, "2011-06-30": 25, "2011-03-31": "30.00000", "2010-12-31": -31, "2010-09-30": -57, "2010-06-30": -51, "2010-03-31": "147.00000", "2009-12-31": 68, "2009-09-30": -44, "2009-06-30": 16, "2009-03-31": "-10.00000", "2008-12-31": -427, "2008-09-30": -45, "2008-06-30": -18, "2008-03-31": "-39.00000", "2007-12-31": 175, "2007-09-30": 11, "2007-06-30": -158, "2007-03-31": "-53.00000", "2006-12-31": -20, "2006-09-30": 54, "2006-06-30": -50, "2006-03-31": "46.00000", "2005-12-31": 113, "2005-09-30": -58, "2005-06-30": -108, "2005-03-31": "-65.00000"}, "Total Change In Assets/Liabilities": {"2020-09-30": -215, "2020-06-30": 257, "2020-03-31": "-9.00000", "2019-12-31": -27, "2019-09-30": -78, "2019-06-30": -228, "2019-03-31": "-222.00000", "2018-12-31": 68, "2018-09-30": 110, "2018-06-30": 89, "2018-03-31": "3.00000", "2017-12-31": -174, "2017-09-30": -84, "2017-06-30": -4, "2017-03-31": "-58.00000", "2016-12-31": 45, "2016-09-30": -122, "2016-06-30": 42, "2016-03-31": "242.00000", "2015-12-31": -189, "2015-09-30": 11, "2015-06-30": 88, "2015-03-31": "312.00000", "2014-12-31": -292, "2014-09-30": -35, "2014-06-30": -14, "2014-03-31": "-5.00000", "2013-12-31": 127, "2013-09-30": -62, "2013-06-30": -32, "2013-03-31": "89.00000", "2012-12-31": 17, "2012-09-30": -44, "2012-06-30": 96, "2012-03-31": "-16.00000", "2011-12-31": 83, "2011-09-30": -115, "2011-06-30": 76, "2011-03-31": "166.00000", "2010-12-31": -57, "2010-09-30": -315, "2010-06-30": 28, "2010-03-31": "225.00000", "2009-12-31": -57, "2009-09-30": -79, "2009-06-30": 212, "2009-03-31": "195.00000", "2008-12-31": -546, "2008-09-30": -378, "2008-06-30": -15, "2008-03-31": "188.00000", "2007-12-31": 85, "2007-09-30": -192, "2007-06-30": -131, "2007-03-31": "-107.00000", "2006-12-31": -182, "2006-09-30": 36, "2006-06-30": 54, "2006-03-31": "86.00000", "2005-12-31": -369, "2005-09-30": -130, "2005-06-30": -3, "2005-03-31": "-390.00000"}, "Cash Flow From Operating Activities": {"2020-09-30": 258, "2020-06-30": 519, "2020-03-31": "662.00000", "2019-12-31": 552, "2019-09-30": 512, "2019-06-30": 303, "2019-03-31": "271.00000", "2018-12-31": 457, "2018-09-30": 586, "2018-06-30": 609, "2018-03-31": "484.00000", "2017-12-31": 389, "2017-09-30": 351, "2017-06-30": 360, "2017-03-31": "317.00000", "2016-12-31": 468, "2016-09-30": 394, "2016-06-30": 424, "2016-03-31": "637.00000", "2015-12-31": 352, "2015-09-30": 396, "2015-06-30": 456, "2015-03-31": "666.00000", "2014-12-31": 273, "2014-09-30": 412, "2014-06-30": 332, "2014-03-31": "380.00000", "2013-12-31": 481, "2013-09-30": 342, "2013-06-30": 257, "2013-03-31": "533.00000", "2012-12-31": 481, "2012-09-30": 452, "2012-06-30": 503, "2012-03-31": "424.00000", "2011-12-31": 439, "2011-09-30": 312, "2011-06-30": 510, "2011-03-31": "627.00000", "2010-12-31": 403, "2010-09-30": 165, "2010-06-30": 383, "2010-03-31": "435.00000", "2009-12-31": 404, "2009-09-30": 381, "2009-06-30": 623, "2009-03-31": "433.00000", "2008-12-31": 127, "2008-09-30": -144, "2008-06-30": 301, "2008-03-31": "567.00000", "2007-12-31": 282, "2007-09-30": 65, "2007-06-30": 163, "2007-03-31": "264.00000", "2006-12-31": 263, "2006-09-30": 211, "2006-06-30": 202, "2006-03-31": "315.00000", "2005-12-31": -212, "2005-09-30": 259, "2005-06-30": 218, "2005-03-31": "-202.00000"}, "Net Change In Property, Plant, And Equipment": {"2020-09-30": -611, "2020-06-30": -614, "2020-03-31": "-664.00000", "2019-12-31": -679, "2019-09-30": -653, "2019-06-30": -632, "2019-03-31": "-537.00000", "2018-12-31": -530, "2018-09-30": -424, "2018-06-30": -335, "2018-03-31": "-362.00000", "2017-12-31": -432, "2017-09-30": -345, "2017-06-30": -337, "2017-03-31": "-312.00000", "2016-12-31": -367, "2016-09-30": -365, "2016-06-30": -350, "2016-03-31": "-332.00000", "2015-12-31": -453, "2015-09-30": -419, "2015-06-30": -371, "2015-03-31": "-341.00000", "2014-12-31": -374, "2014-09-30": -373, "2014-06-30": -324, "2014-03-31": "-301.00000", "2013-12-31": -374, "2013-09-30": -326, "2013-06-30": -315, "2013-03-31": "-271.00000", "2012-12-31": -394, "2012-09-30": -294, "2012-06-30": -260, "2012-03-31": "-264.00000", "2011-12-31": -343, "2011-09-30": -327, "2011-06-30": -300, "2011-03-31": "-333.00000", "2010-12-31": -456, "2010-09-30": -326, "2010-06-30": -469, "2010-03-31": "-258.00000", "2009-12-31": -351, "2009-09-30": -305, "2009-06-30": -244, "2009-03-31": "-260.00000", "2008-12-31": -388, "2008-09-30": -213, "2008-06-30": -232, "2008-03-31": "-187.00000", "2007-12-31": -263, "2007-09-30": -187, "2007-06-30": -265, "2007-03-31": "-399.00000", "2006-12-31": -366, "2006-09-30": -260, "2006-06-30": -195, "2006-03-31": "-186.00000", "2005-12-31": -187, "2005-09-30": -196, "2005-06-30": -179, "2005-03-31": "-131.00000"}, "Net Change In Intangible Assets": {"2020-09-30": 0, "2020-06-30": 0, "2020-03-31": "", "2019-12-31": 0, "2019-09-30": 0, "2019-06-30": 0, "2019-03-31": "", "2018-12-31": 0, "2018-09-30": 0, "2018-06-30": 0, "2018-03-31": "", "2017-12-31": 0, "2017-09-30": 0, "2017-06-30": 0, "2017-03-31": "", "2016-12-31": 0, "2016-09-30": 0, "2016-06-30": 0, "2016-03-31": "", "2015-12-31": 0, "2015-09-30": 0, "2015-06-30": 0, "2015-03-31": "", "2014-12-31": 0, "2014-09-30": 0, "2014-06-30": 0, "2014-03-31": "", "2013-12-31": 0, "2013-09-30": 0, "2013-06-30": 0, "2013-03-31": "", "2012-12-31": 0, "2012-09-30": 0, "2012-06-30": 0, "2012-03-31": "", "2011-12-31": 0, "2011-09-30": 0, "2011-06-30": 0, "2011-03-31": "", "2010-12-31": 0, "2010-09-30": 0, "2010-06-30": 0, "2010-03-31": "", "2009-12-31": 0, "2009-09-30": 0, "2009-06-30": 0, "2009-03-31": "", "2008-12-31": 0, "2008-09-30": 0, "2008-06-30": 0, "2008-03-31": "", "2007-12-31": 0, "2007-09-30": 0, "2007-06-30": 0, "2007-03-31": "", "2006-12-31": 0, "2006-09-30": 0, "2006-06-30": 0, "2006-03-31": "", "2005-12-31": 0, "2005-09-30": 0, "2005-06-30": 0, "2005-03-31": ""}, "Net Acquisitions/Divestitures": {"2020-09-30": 0, "2020-06-30": 1136, "2020-03-31": "", "2019-12-31": 0, "2019-09-30": -4, "2019-06-30": 0, "2019-03-31": "-5987.00000", "2018-12-31": 0, "2018-09-30": 0, "2018-06-30": 0, "2018-03-31": "", "2017-12-31": 0, "2017-09-30": 0, "2017-06-30": 0, "2017-03-31": "-132.00000", "2016-12-31": 0, "2016-09-30": -4, "2016-06-30": -98, "2016-03-31": "", "2015-12-31": 0, "2015-09-30": 0, "2015-06-30": 0, "2015-03-31": "", "2014-12-31": 0, "2014-09-30": 0, "2014-06-30": 0, "2014-03-31": "", "2013-12-31": 0, "2013-09-30": 0, "2013-06-30": 0, "2013-03-31": "", "2012-12-31": 0, "2012-09-30": -271, "2012-06-30": -89, "2012-03-31": "", "2011-12-31": 0, "2011-09-30": 0, "2011-06-30": 0, "2011-03-31": "", "2010-12-31": 0, "2010-09-30": 0, "2010-06-30": 0, "2010-03-31": "", "2009-12-31": 0, "2009-09-30": 0, "2009-06-30": 0, "2009-03-31": "", "2008-12-31": 0, "2008-09-30": 0, "2008-06-30": 0, "2008-03-31": "", "2007-12-31": 0, "2007-09-30": 0, "2007-06-30": 0, "2007-03-31": "", "2006-12-31": 0, "2006-09-30": 0, "2006-06-30": 0, "2006-03-31": "", "2005-12-31": 0, "2005-09-30": 0, "2005-06-30": 0, "2005-03-31": ""}, "Net Change In Short-term Investments": {"2020-09-30": 0, "2020-06-30": 0, "2020-03-31": "", "2019-12-31": -6, "2019-09-30": 0, "2019-06-30": 0, "2019-03-31": "", "2018-12-31": 0, "2018-09-30": 0, "2018-06-30": 382, "2018-03-31": "16.00000", "2017-12-31": 0, "2017-09-30": 0, "2017-06-30": 0, "2017-03-31": "0.00000", "2016-12-31": 0, "2016-09-30": 0, "2016-06-30": 178, "2016-03-31": "", "2015-12-31": 0, "2015-09-30": 0, "2015-06-30": 32, "2015-03-31": "", "2014-12-31": 0, "2014-09-30": 0, "2014-06-30": 0, "2014-03-31": "", "2013-12-31": 0, "2013-09-30": 0, "2013-06-30": 9, "2013-03-31": "", "2012-12-31": 0, "2012-09-30": 0, "2012-06-30": 0, "2012-03-31": "", "2011-12-31": 0, "2011-09-30": 0, "2011-06-30": 0, "2011-03-31": "", "2010-12-31": 0, "2010-09-30": 0, "2010-06-30": 0, "2010-03-31": "", "2009-12-31": 0, "2009-09-30": 0, "2009-06-30": 0, "2009-03-31": "", "2008-12-31": 0, "2008-09-30": 0, "2008-06-30": 0, "2008-03-31": "", "2007-12-31": 0, "2007-09-30": 0, "2007-06-30": 0, "2007-03-31": "", "2006-12-31": 0, "2006-09-30": 0, "2006-06-30": 0, "2006-03-31": "", "2005-12-31": 0, "2005-09-30": 0, "2005-06-30": 0, "2005-03-31": ""}, "Net Change In Long-Term Investments": {"2020-09-30": 0, "2020-06-30": 0, "2020-03-31": "", "2019-12-31": 0, "2019-09-30": 0, "2019-06-30": 0, "2019-03-31": "", "2018-12-31": 0, "2018-09-30": 0, "2018-06-30": 0, "2018-03-31": "", "2017-12-31": 0, "2017-09-30": 0, "2017-06-30": 0, "2017-03-31": "", "2016-12-31": -363, "2016-09-30": 363, "2016-06-30": 0, "2016-03-31": "-363.00000", "2015-12-31": 0, "2015-09-30": 0, "2015-06-30": 0, "2015-03-31": "", "2014-12-31": -1, "2014-09-30": 1, "2014-06-30": -1, "2014-03-31": "", "2013-12-31": 0, "2013-09-30": 0, "2013-06-30": -38, "2013-03-31": "", "2012-12-31": -11, "2012-09-30": 10, "2012-06-30": 0, "2012-03-31": "-4.00000", "2011-12-31": -3, "2011-09-30": -2, "2011-06-30": -4, "2011-03-31": "-3.00000", "2010-12-31": 3, "2010-09-30": 1, "2010-06-30": -2, "2010-03-31": "-20.00000", "2009-12-31": -4, "2009-09-30": 205, "2009-06-30": 5, "2009-03-31": "2.00000", "2008-12-31": 1, "2008-09-30": -124, "2008-06-30": -151, "2008-03-31": "-107.00000", "2007-12-31": -97, "2007-09-30": -57, "2007-06-30": -39, "2007-03-31": "5.00000", "2006-12-31": -7, "2006-09-30": -6, "2006-06-30": 7, "2006-03-31": "-7.00000", "2005-12-31": 0, "2005-09-30": 384, "2005-06-30": 329, "2005-03-31": "11.00000"}, "Net Change In Investments - Total": {"2020-09-30": 0, "2020-06-30": 0, "2020-03-31": "", "2019-12-31": -6, "2019-09-30": 0, "2019-06-30": 0, "2019-03-31": "", "2018-12-31": 0, "2018-09-30": 0, "2018-06-30": 382, "2018-03-31": "16.00000", "2017-12-31": 0, "2017-09-30": 0, "2017-06-30": 0, "2017-03-31": "", "2016-12-31": -363, "2016-09-30": 363, "2016-06-30": 178, "2016-03-31": "-363.00000", "2015-12-31": 0, "2015-09-30": 0, "2015-06-30": 32, "2015-03-31": "", "2014-12-31": -1, "2014-09-30": 1, "2014-06-30": -1, "2014-03-31": "", "2013-12-31": 0, "2013-09-30": 0, "2013-06-30": -29, "2013-03-31": "", "2012-12-31": -11, "2012-09-30": 10, "2012-06-30": 0, "2012-03-31": "-4.00000", "2011-12-31": -3, "2011-09-30": -2, "2011-06-30": -4, "2011-03-31": "-3.00000", "2010-12-31": 3, "2010-09-30": 1, "2010-06-30": -2, "2010-03-31": "-20.00000", "2009-12-31": -4, "2009-09-30": 205, "2009-06-30": 5, "2009-03-31": "2.00000", "2008-12-31": 1, "2008-09-30": -124, "2008-06-30": -151, "2008-03-31": "-107.00000", "2007-12-31": -97, "2007-09-30": -57, "2007-06-30": -39, "2007-03-31": "5.00000", "2006-12-31": -7, "2006-09-30": -6, "2006-06-30": 7, "2006-03-31": "-7.00000", "2005-12-31": 0, "2005-09-30": 384, "2005-06-30": 329, "2005-03-31": "11.00000"}, "Investing Activities - Other": {"2020-09-30": 71, "2020-06-30": -11, "2020-03-31": "10.00000", "2019-12-31": 39, "2019-09-30": 31, "2019-06-30": 22, "2019-03-31": "-15.00000", "2018-12-31": -3, "2018-09-30": 17, "2018-06-30": 17, "2018-03-31": "15.00000", "2017-12-31": 72, "2017-09-30": 88, "2017-06-30": 69, "2017-03-31": "72.00000", "2016-12-31": 435, "2016-09-30": -266, "2016-06-30": 72, "2016-03-31": "426.00000", "2015-12-31": 90, "2015-09-30": 66, "2015-06-30": 5, "2015-03-31": "4.00000", "2014-12-31": 17, "2014-09-30": 5, "2014-06-30": -18, "2014-03-31": "-15.00000", "2013-12-31": 0, "2013-09-30": 25, "2013-06-30": -7, "2013-03-31": "-3.00000", "2012-12-31": 11, "2012-09-30": 3, "2012-06-30": -16, "2012-03-31": "-24.00000", "2011-12-31": -12, "2011-09-30": 53, "2011-06-30": 40, "2011-03-31": "28.00000", "2010-12-31": 47, "2010-09-30": 30, "2010-06-30": 55, "2010-03-31": "-25.00000", "2009-12-31": 41, "2009-09-30": 22, "2009-06-30": -4, "2009-03-31": "-3.00000", "2008-12-31": 10, "2008-09-30": 46, "2008-06-30": -5, "2008-03-31": "-18.00000", "2007-12-31": -7, "2007-09-30": 20, "2007-06-30": -2, "2007-03-31": "-9.00000", "2006-12-31": -57, "2006-09-30": 36, "2006-06-30": -7, "2006-03-31": "-8.00000", "2005-12-31": -14, "2005-09-30": -382, "2005-06-30": 380, "2005-03-31": "2.00000"}, "Cash Flow From Investing Activities": {"2020-09-30": -540, "2020-06-30": 511, "2020-03-31": "-654.00000", "2019-12-31": -646, "2019-09-30": -626, "2019-06-30": -610, "2019-03-31": "-6539.00000", "2018-12-31": -533, "2018-09-30": -407, "2018-06-30": 64, "2018-03-31": "-331.00000", "2017-12-31": -360, "2017-09-30": -257, "2017-06-30": -268, "2017-03-31": "-372.00000", "2016-12-31": -295, "2016-09-30": -272, "2016-06-30": -198, "2016-03-31": "-269.00000", "2015-12-31": -363, "2015-09-30": -353, "2015-06-30": -334, "2015-03-31": "-337.00000", "2014-12-31": -358, "2014-09-30": -367, "2014-06-30": -343, "2014-03-31": "-316.00000", "2013-12-31": -374, "2013-09-30": -301, "2013-06-30": -351, "2013-03-31": "-274.00000", "2012-12-31": -394, "2012-09-30": -552, "2012-06-30": -365, "2012-03-31": "-292.00000", "2011-12-31": -358, "2011-09-30": -276, "2011-06-30": -264, "2011-03-31": "-308.00000", "2010-12-31": -406, "2010-09-30": -295, "2010-06-30": -416, "2010-03-31": "-303.00000", "2009-12-31": -314, "2009-09-30": -78, "2009-06-30": -243, "2009-03-31": "-261.00000", "2008-12-31": -377, "2008-09-30": -291, "2008-06-30": -388, "2008-03-31": "-312.00000", "2007-12-31": -367, "2007-09-30": -224, "2007-06-30": -306, "2007-03-31": "-403.00000", "2006-12-31": -430, "2006-09-30": -230, "2006-06-30": -195, "2006-03-31": "-201.00000", "2005-12-31": -201, "2005-09-30": -194, "2005-06-30": 530, "2005-03-31": "-118.00000"}, "Net Long-Term Debt": {"2020-09-30": -28, "2020-06-30": -1720, "2020-03-31": "987.00000", "2019-12-31": -77, "2019-09-30": 912, "2019-06-30": 917, "2019-03-31": "-138.00000", "2018-12-31": 1382, "2018-09-30": -138, "2018-06-30": -65, "2018-03-31": "832.00000", "2017-12-31": -614, "2017-09-30": 670, "2017-06-30": -64, "2017-03-31": "-107.00000", "2016-12-31": -363, "2016-09-30": 180, "2016-06-30": -288, "2016-03-31": "-147.00000", "2015-12-31": 69, "2015-09-30": -113, "2015-06-30": -261, "2015-03-31": "-139.00000", "2014-12-31": -60, "2014-09-30": -104, "2014-06-30": -142, "2014-03-31": "369.00000", "2013-12-31": -118, "2013-09-30": -260, "2013-06-30": 467, "2013-03-31": "-612.00000", "2012-12-31": -62, "2012-09-30": -156, "2012-06-30": -46, "2012-03-31": "1169.00000", "2011-12-31": 0, "2011-09-30": -143, "2011-06-30": 0, "2011-03-31": "-216.00000", "2010-12-31": 0, "2010-09-30": -335, "2010-06-30": -7, "2010-03-31": "-441.00000", "2009-12-31": 648, "2009-09-30": -604, "2009-06-30": -226, "2009-03-31": "-316.00000", "2008-12-31": 373, "2008-09-30": 594, "2008-06-30": 116, "2008-03-31": "-258.00000", "2007-12-31": 212, "2007-09-30": 505, "2007-06-30": 0, "2007-03-31": "-34.00000", "2006-12-31": -149, "2006-09-30": -52, "2006-06-30": 323, "2006-03-31": "-30.00000", "2005-12-31": 543, "2005-09-30": -483, "2005-06-30": -629, "2005-03-31": "449.00000"}, "Net Current Debt": {"2020-09-30": 459, "2020-06-30": -651, "2020-03-31": "-828.00000", "2019-12-31": 307, "2019-09-30": -637, "2019-06-30": -471, "2019-03-31": "2692.00000", "2018-12-31": 8, "2018-09-30": -363, "2018-06-30": -351, "2018-03-31": "-876.00000", "2017-12-31": 768, "2017-09-30": -688, "2017-06-30": 81, "2017-03-31": "192.00000", "2016-12-31": 398, "2016-09-30": -189, "2016-06-30": 406, "2016-03-31": "-151.00000", "2015-12-31": 92, "2015-09-30": 190, "2015-06-30": 257, "2015-03-31": "-149.00000", "2014-12-31": 315, "2014-09-30": 187, "2014-06-30": 83, "2014-03-31": "-161.00000", "2013-12-31": 91, "2013-09-30": 33, "2013-06-30": -24, "2013-03-31": "23.00000", "2012-12-31": -15, "2012-09-30": 23, "2012-06-30": 21, "2012-03-31": "-338.00000", "2011-12-31": 121, "2011-09-30": 117, "2011-06-30": -69, "2011-03-31": "-58.00000", "2010-12-31": 163, "2010-09-30": 41, "2010-06-30": 30, "2010-03-31": "-53.00000", "2009-12-31": 0, "2009-09-30": -20, "2009-06-30": -159, "2009-03-31": "81.00000", "2008-12-31": 3, "2008-09-30": -180, "2008-06-30": 95, "2008-03-31": "3.00000", "2007-12-31": 6, "2007-09-30": -352, "2007-06-30": 241, "2007-03-31": "150.00000", "2006-12-31": 190, "2006-09-30": -3, "2006-06-30": 0, "2006-03-31": "", "2005-12-31": -187, "2005-09-30": 187, "2005-06-30": 0, "2005-03-31": "75.00000"}, "Debt Issuance/Retirement Net - Total": {"2020-09-30": 431, "2020-06-30": -2371, "2020-03-31": "159.00000", "2019-12-31": 230, "2019-09-30": 275, "2019-06-30": 446, "2019-03-31": "2554.00000", "2018-12-31": 1390, "2018-09-30": -501, "2018-06-30": -416, "2018-03-31": "-44.00000", "2017-12-31": 154, "2017-09-30": -18, "2017-06-30": 17, "2017-03-31": "85.00000", "2016-12-31": 35, "2016-09-30": -9, "2016-06-30": 118, "2016-03-31": "-298.00000", "2015-12-31": 161, "2015-09-30": 77, "2015-06-30": -4, "2015-03-31": "-288.00000", "2014-12-31": 255, "2014-09-30": 83, "2014-06-30": -59, "2014-03-31": "208.00000", "2013-12-31": -27, "2013-09-30": -227, "2013-06-30": 443, "2013-03-31": "-589.00000", "2012-12-31": -77, "2012-09-30": -133, "2012-06-30": -25, "2012-03-31": "831.00000", "2011-12-31": 121, "2011-09-30": -26, "2011-06-30": -69, "2011-03-31": "-274.00000", "2010-12-31": 163, "2010-09-30": -294, "2010-06-30": 23, "2010-03-31": "-494.00000", "2009-12-31": 648, "2009-09-30": -624, "2009-06-30": -385, "2009-03-31": "-235.00000", "2008-12-31": 376, "2008-09-30": 414, "2008-06-30": 211, "2008-03-31": "-255.00000", "2007-12-31": 218, "2007-09-30": 153, "2007-06-30": 241, "2007-03-31": "116.00000", "2006-12-31": 41, "2006-09-30": -55, "2006-06-30": 323, "2006-03-31": "-30.00000", "2005-12-31": 356, "2005-09-30": -296, "2005-06-30": -629, "2005-03-31": "524.00000"}, "Net Common Equity Issued/Repurchased": {"2020-09-30": -1, "2020-06-30": 673, "2020-03-31": "", "2019-12-31": 0, "2019-09-30": 0, "2019-06-30": 0, "2019-03-31": "", "2018-12-31": 1844, "2018-09-30": 0, "2018-06-30": 0, "2018-03-31": "", "2017-12-31": 0, "2017-09-30": 0, "2017-06-30": 0, "2017-03-31": "", "2016-12-31": 0, "2016-09-30": 0, "2016-06-30": 0, "2016-03-31": "", "2015-12-31": 0, "2015-09-30": 0, "2015-06-30": 0, "2015-03-31": "", "2014-12-31": 0, "2014-09-30": 0, "2014-06-30": -1, "2014-03-31": "1.00000", "2013-12-31": 4, "2013-09-30": 0, "2013-06-30": -1, "2013-03-31": "1.00000", "2012-12-31": 1, "2012-09-30": 1, "2012-06-30": 0, "2012-03-31": "2.00000", "2011-12-31": 1, "2011-09-30": 1, "2011-06-30": 2, "2011-03-31": "2.00000", "2010-12-31": 24, "2010-09-30": 22, "2010-06-30": 341, "2010-03-31": "29.00000", "2009-12-31": 15, "2009-09-30": 301, "2009-06-30": 158, "2009-03-31": "30.00000", "2008-12-31": 35, "2008-09-30": 19, "2008-06-30": 25, "2008-03-31": "1.00000", "2007-12-31": 2, "2007-09-30": 1, "2007-06-30": 6, "2007-03-31": "13.00000", "2006-12-31": 15, "2006-09-30": 6, "2006-06-30": 3, "2006-03-31": "3.00000", "2005-12-31": 3, "2005-09-30": 6, "2005-06-30": 4, "2005-03-31": "4.00000"}, "Net Total Equity Issued/Repurchased": {"2020-09-30": -2, "2020-06-30": 1397, "2020-03-31": "", "2019-12-31": 0, "2019-09-30": 0, "2019-06-30": 0, "2019-03-31": "", "2018-12-31": 2794, "2018-09-30": 790, "2018-06-30": 0, "2018-03-31": "", "2017-12-31": 0, "2017-09-30": 0, "2017-06-30": 0, "2017-03-31": "", "2016-12-31": 0, "2016-09-30": 0, "2016-06-30": 0, "2016-03-31": "", "2015-12-31": 0, "2015-09-30": 0, "2015-06-30": 0, "2015-03-31": "", "2014-12-31": 0, "2014-09-30": 0, "2014-06-30": -1, "2014-03-31": "1.00000", "2013-12-31": 4, "2013-09-30": 0, "2013-06-30": -1, "2013-03-31": "1.00000", "2012-12-31": 1, "2012-09-30": 1, "2012-06-30": 0, "2012-03-31": "2.00000", "2011-12-31": 1, "2011-09-30": 1, "2011-06-30": 2, "2011-03-31": "2.00000", "2010-12-31": 24, "2010-09-30": 22, "2010-06-30": 341, "2010-03-31": "29.00000", "2009-12-31": 15, "2009-09-30": 301, "2009-06-30": 158, "2009-03-31": "30.00000", "2008-12-31": 35, "2008-09-30": 19, "2008-06-30": 25, "2008-03-31": "1.00000", "2007-12-31": 2, "2007-09-30": 1, "2007-06-30": 6, "2007-03-31": "13.00000", "2006-12-31": 15, "2006-09-30": 6, "2006-06-30": 3, "2006-03-31": "3.00000", "2005-12-31": 3, "2005-09-30": 6, "2005-06-30": 4, "2005-03-31": "4.00000"}, "Total Common And Preferred Stock Dividends Paid": {"2020-09-30": -130, "2020-06-30": -106, "2020-03-31": "-187.00000", "2019-12-31": -161, "2019-09-30": -186, "2019-06-30": -161, "2019-03-31": "-187.00000", "2018-12-31": -150, "2018-09-30": -502, "2018-06-30": -120, "2018-03-31": "-136.00000", "2017-12-31": -115, "2017-09-30": -116, "2017-06-30": -115, "2017-03-31": "-115.00000", "2016-12-31": -111, "2016-09-30": -111, "2016-06-30": -289, "2016-03-31": "-110.00000", "2015-12-31": -107, "2015-09-30": -138, "2015-06-30": -107, "2015-03-31": "-106.00000", "2014-12-31": -102, "2014-09-30": -102, "2014-06-30": -102, "2014-03-31": "-102.00000", "2013-12-31": -88, "2013-09-30": -89, "2013-06-30": -89, "2013-03-31": "-89.00000", "2012-12-31": -87, "2012-09-30": -86, "2012-06-30": -86, "2012-03-31": "-87.00000", "2011-12-31": -85, "2011-09-30": -84, "2011-06-30": -84, "2011-03-31": "-84.00000", "2010-12-31": -83, "2010-09-30": -82, "2010-06-30": -77, "2010-03-31": "-77.00000", "2009-12-31": -74, "2009-09-30": -69, "2009-06-30": -67, "2009-03-31": "-66.00000", "2008-12-31": -63, "2008-09-30": -63, "2008-06-30": -60, "2008-03-31": "-60.00000", "2007-12-31": -54, "2007-09-30": -55, "2007-06-30": -55, "2007-03-31": "-54.00000", "2006-12-31": -47, "2006-09-30": -47, "2006-06-30": -46, "2006-03-31": "-47.00000", "2005-12-31": -19, "2005-09-30": -22, "2005-06-30": -21, "2005-03-31": "-62.00000"}, "Financial Activities - Other": {"2020-09-30": -3, "2020-06-30": -3, "2020-03-31": "-4.00000", "2019-12-31": -1, "2019-09-30": -10, "2019-06-30": -1, "2019-03-31": "-22.00000", "2018-12-31": -11, "2018-09-30": -1, "2018-06-30": -28, "2018-03-31": "-12.00000", "2017-12-31": -5, "2017-09-30": -7, "2017-06-30": -4, "2017-03-31": "-6.00000", "2016-12-31": -22, "2016-09-30": -3, "2016-06-30": -2, "2016-03-31": "-6.00000", "2015-12-31": -6, "2015-09-30": 0, "2015-06-30": 0, "2015-03-31": "1.00000", "2014-12-31": 0, "2014-09-30": -2, "2014-06-30": 0, "2014-03-31": "", "2013-12-31": -7, "2013-09-30": -3, "2013-06-30": -7, "2013-03-31": "17.00000", "2012-12-31": 0, "2012-09-30": -83, "2012-06-30": 0, "2012-03-31": "-2.00000", "2011-12-31": -1, "2011-09-30": -14, "2011-06-30": 0, "2011-03-31": "-67.00000", "2010-12-31": -1, "2010-09-30": 0, "2010-06-30": 0, "2010-03-31": "-1.00000", "2009-12-31": 0, "2009-09-30": -1, "2009-06-30": 0, "2009-03-31": "-3.00000", "2008-12-31": -15, "2008-09-30": -1, "2008-06-30": -9, "2008-03-31": "", "2007-12-31": -6, "2007-09-30": 2, "2007-06-30": 3, "2007-03-31": "-3.00000", "2006-12-31": 0, "2006-09-30": 3, "2006-06-30": -3, "2006-03-31": "-1.00000", "2005-12-31": -15, "2005-09-30": 1, "2005-06-30": 1, "2005-03-31": "-6.00000"}, "Cash Flow From Financial Activities": {"2020-09-30": 296, "2020-06-30": -1083, "2020-03-31": "-32.00000", "2019-12-31": 68, "2019-09-30": 79, "2019-06-30": 284, "2019-03-31": "2345.00000", "2018-12-31": 4023, "2018-09-30": -214, "2018-06-30": -564, "2018-03-31": "-192.00000", "2017-12-31": 34, "2017-09-30": -141, "2017-06-30": -102, "2017-03-31": "-36.00000", "2016-12-31": -98, "2016-09-30": -123, "2016-06-30": -173, "2016-03-31": "-414.00000", "2015-12-31": 48, "2015-09-30": -61, "2015-06-30": -111, "2015-03-31": "-393.00000", "2014-12-31": 153, "2014-09-30": -21, "2014-06-30": -162, "2014-03-31": "107.00000", "2013-12-31": -118, "2013-09-30": -319, "2013-06-30": 346, "2013-03-31": "-660.00000", "2012-12-31": -163, "2012-09-30": -301, "2012-06-30": -111, "2012-03-31": "744.00000", "2011-12-31": 36, "2011-09-30": -123, "2011-06-30": -151, "2011-03-31": "-423.00000", "2010-12-31": 103, "2010-09-30": -354, "2010-06-30": 287, "2010-03-31": "-543.00000", "2009-12-31": 589, "2009-09-30": -393, "2009-06-30": -294, "2009-03-31": "-274.00000", "2008-12-31": 333, "2008-09-30": 369, "2008-06-30": 167, "2008-03-31": "-314.00000", "2007-12-31": 160, "2007-09-30": 101, "2007-06-30": 195, "2007-03-31": "72.00000", "2006-12-31": 9, "2006-09-30": -93, "2006-06-30": 277, "2006-03-31": "-75.00000", "2005-12-31": 325, "2005-09-30": -311, "2005-06-30": -645, "2005-03-31": "460.00000"}, "Net Cash Flow": {"2020-09-30": 14, "2020-06-30": -53, "2020-03-31": "-24.00000", "2019-12-31": -26, "2019-09-30": -35, "2019-06-30": -23, "2019-03-31": "-3923.00000", "2018-12-31": 3947, "2018-09-30": -35, "2018-06-30": 109, "2018-03-31": "-39.00000", "2017-12-31": 63, "2017-09-30": -47, "2017-06-30": -10, "2017-03-31": "-91.00000", "2016-12-31": 75, "2016-09-30": -1, "2016-06-30": 53, "2016-03-31": "-46.00000", "2015-12-31": 37, "2015-09-30": -18, "2015-06-30": 11, "2015-03-31": "-64.00000", "2014-12-31": 68, "2014-09-30": 24, "2014-06-30": -173, "2014-03-31": "171.00000", "2013-12-31": -11, "2013-09-30": -278, "2013-06-30": 252, "2013-03-31": "-401.00000", "2012-12-31": -76, "2012-09-30": -401, "2012-06-30": 27, "2012-03-31": "876.00000", "2011-12-31": 117, "2011-09-30": -87, "2011-06-30": 95, "2011-03-31": "-104.00000", "2010-12-31": 100, "2010-09-30": -484, "2010-06-30": 254, "2010-03-31": "-411.00000", "2009-12-31": 679, "2009-09-30": -90, "2009-06-30": 86, "2009-03-31": "-102.00000", "2008-12-31": 83, "2008-09-30": -66, "2008-06-30": 80, "2008-03-31": "-59.00000", "2007-12-31": 75, "2007-09-30": -58, "2007-06-30": 52, "2007-03-31": "-67.00000", "2006-12-31": -158, "2006-09-30": -112, "2006-06-30": 284, "2006-03-31": "39.00000", "2005-12-31": -88, "2005-09-30": -246, "2005-06-30": 103, "2005-03-31": "140.00000"}, "Stock-Based Compensation": {"2020-09-30": 0, "2020-06-30": 0, "2020-03-31": "", "2019-12-31": 0, "2019-09-30": 0, "2019-06-30": 0, "2019-03-31": "", "2018-12-31": 0, "2018-09-30": 0, "2018-06-30": 0, "2018-03-31": "", "2017-12-31": 0, "2017-09-30": 0, "2017-06-30": 0, "2017-03-31": "", "2016-12-31": 0, "2016-09-30": 0, "2016-06-30": 0, "2016-03-31": "", "2015-12-31": 0, "2015-09-30": 0, "2015-06-30": 0, "2015-03-31": "", "2014-12-31": 0, "2014-09-30": 0, "2014-06-30": 0, "2014-03-31": "", "2013-12-31": 0, "2013-09-30": 0, "2013-06-30": 0, "2013-03-31": "", "2012-12-31": 0, "2012-09-30": 0, "2012-06-30": 0, "2012-03-31": "", "2011-12-31": 0, "2011-09-30": 0, "2011-06-30": 0, "2011-03-31": "", "2010-12-31": 0, "2010-09-30": 0, "2010-06-30": 0, "2010-03-31": "", "2009-12-31": 0, "2009-09-30": 0, "2009-06-30": 0, "2009-03-31": "", "2008-12-31": 0, "2008-09-30": 0, "2008-06-30": 0, "2008-03-31": "", "2007-12-31": 0, "2007-09-30": 0, "2007-06-30": 0, "2007-03-31": "", "2006-12-31": 0, "2006-09-30": 0, "2006-06-30": 0, "2006-03-31": "", "2005-12-31": 0, "2005-09-30": 0, "2005-06-30": 0, "2005-03-31": ""}, "Common Stock Dividends Paid": {"2020-09-30": -82, "2020-06-30": -82, "2020-03-31": "-145.00000", "2019-12-31": -144, "2019-09-30": -145, "2019-06-30": -144, "2019-03-31": "-144.00000", "2018-12-31": -139, "2018-09-30": -502, "2018-06-30": -120, "2018-03-31": "-136.00000", "2017-12-31": -115, "2017-09-30": -116, "2017-06-30": -115, "2017-03-31": "-115.00000", "2016-12-31": -111, "2016-09-30": -111, "2016-06-30": -289, "2016-03-31": "-110.00000", "2015-12-31": -107, "2015-09-30": -138, "2015-06-30": -107, "2015-03-31": "-106.00000", "2014-12-31": -102, "2014-09-30": -102, "2014-06-30": -102, "2014-03-31": "-102.00000", "2013-12-31": -88, "2013-09-30": -89, "2013-06-30": -89, "2013-03-31": "-89.00000", "2012-12-31": -87, "2012-09-30": -86, "2012-06-30": -86, "2012-03-31": "-87.00000", "2011-12-31": -85, "2011-09-30": -84, "2011-06-30": -84, "2011-03-31": "-84.00000", "2010-12-31": -83, "2010-09-30": -82, "2010-06-30": -77, "2010-03-31": "-77.00000", "2009-12-31": -74, "2009-09-30": -69, "2009-06-30": -67, "2009-03-31": "-66.00000", "2008-12-31": -63, "2008-09-30": -63, "2008-06-30": -60, "2008-03-31": "-60.00000", "2007-12-31": -54, "2007-09-30": -55, "2007-06-30": -55, "2007-03-31": "-54.00000", "2006-12-31": -47, "2006-09-30": -47, "2006-06-30": -46, "2006-03-31": "-47.00000", "2005-12-31": -19, "2005-09-30": -22, "2005-06-30": -21, "2005-03-31": "-62.00000"}}, "financial ratios": {"Current Ratio": {"2019-12-31": "0.98950", "2018-12-31": "2.12750", "2017-12-31": "1.10620", "2016-12-31": "0.94900", "2015-12-31": "1.09400", "2014-12-31": "1.17050", "2013-12-31": "0.88040", "2012-12-31": "0.80390", "2011-12-31": "0.90130", "2010-12-31": "0.98550", "2009-12-31": "0.95590", "2008-12-31": "1.06570", "2007-12-31": "0.73540", "2006-12-31": "0.70950", "2005-12-31": "0.95920"}, "Long-term Debt / Capital": {"2019-12-31": "0.63020", "2018-12-31": "0.51860", "2017-12-31": "0.63610", "2016-12-31": "0.68520", "2015-12-31": "0.69440", "2014-12-31": "0.63780", "2013-12-31": "0.64360", "2012-12-31": "0.66020", "2011-12-31": "0.67180", "2010-12-31": "0.73780", "2009-12-31": "0.77560", "2008-12-31": "0.83430", "2007-12-31": "0.82210", "2006-12-31": "0.83370", "2005-12-31": "0.86860"}, "Debt/Equity Ratio": {"2019-12-31": "1.80790", "2018-12-31": "1.13730", "2017-12-31": "1.88570", "2016-12-31": "2.48320", "2015-12-31": "2.53400", "2014-12-31": "1.94740", "2013-12-31": "1.93050", "2012-12-31": "2.27740", "2011-12-31": "2.17600", "2010-12-31": "2.96500", "2009-12-31": "3.81850", "2008-12-31": "5.27550", "2007-12-31": "5.47570", "2006-12-31": "5.90420", "2005-12-31": "6.87270"}, "Gross Margin": {"2019-12-31": "53.56480", "2018-12-31": "45.47170", "2017-12-31": "49.09510", "2016-12-31": "60.60040", "2015-12-31": "58.00160", "2014-12-31": "46.66160", "2013-12-31": "51.78880", "2012-12-31": "61.44660", "2011-12-31": "52.01180", "2010-12-31": "47.93400", "2009-12-31": "47.21650", "2008-12-31": "34.05760", "2007-12-31": "37.70130", "2006-12-31": "36.59190", "2005-12-31": "33.04880"}, "Operating Margin": {"2019-12-31": "9.96670", "2018-12-31": "7.84780", "2017-12-31": "11.81610", "2016-12-31": "13.58930", "2015-12-31": "12.63200", "2014-12-31": "10.13440", "2013-12-31": "12.45990", "2012-12-31": "13.92920", "2011-12-31": "15.36100", "2010-12-31": "14.21740", "2009-12-31": "13.57320", "2008-12-31": "11.24360", "2007-12-31": "12.31430", "2006-12-31": "11.21370", "2005-12-31": "9.65850"}, "EBIT Margin": {"2019-12-31": "9.96670", "2018-12-31": "7.84780", "2017-12-31": "11.81610", "2016-12-31": "13.58930", "2015-12-31": "12.63200", "2014-12-31": "10.13440", "2013-12-31": "12.45990", "2012-12-31": "13.92920", "2011-12-31": "15.36100", "2010-12-31": "14.21740", "2009-12-31": "13.57320", "2008-12-31": "11.24360", "2007-12-31": "12.31430", "2006-12-31": "11.21370", "2005-12-31": "9.65850"}, "EBITDA Margin": {"2019-12-31": "20.86010", "2018-12-31": "20.03970", "2017-12-31": "22.84170", "2016-12-31": "28.89210", "2015-12-31": "26.13050", "2014-12-31": "21.41770", "2013-12-31": "24.59910", "2012-12-31": "28.44870", "2011-12-31": "26.20120", "2010-12-31": "24.35970", "2009-12-31": "22.99240", "2008-12-31": "17.75310", "2007-12-31": "19.58850", "2006-12-31": "18.24230", "2005-12-31": "16.01520"}, "Pre-Tax Profit Margin": {"2019-12-31": "7.55220", "2018-12-31": "4.85410", "2017-12-31": "11.05680", "2016-12-31": "9.11260", "2015-12-31": "-15.29920", "2014-12-31": "9.59250", "2013-12-31": "9.63480", "2012-12-31": "10.15840", "2011-12-31": "13.89350", "2010-12-31": "8.02500", "2009-12-31": "6.61760", "2008-12-31": "6.38580", "2007-12-31": "6.11040", "2006-12-31": "5.30100", "2005-12-31": "3.88810"}, "Net Profit Margin": {"2019-12-31": "5.47920", "2018-12-31": "3.14480", "2017-12-31": "18.63950", "2016-12-31": "5.73860", "2015-12-31": "-9.36910", "2014-12-31": "6.62260", "2013-12-31": "3.83670", "2012-12-31": "5.59580", "2011-12-31": "16.05920", "2010-12-31": "5.03130", "2009-12-31": "4.49220", "2008-12-31": "3.93920", "2007-12-31": "4.10470", "2006-12-31": "4.63570", "2005-12-31": "2.59210"}, "Asset Turnover": {"2019-12-31": "0.34710", "2018-12-31": "0.39210", "2017-12-31": "0.42290", "2016-12-31": "0.34490", "2015-12-31": "0.34690", "2014-12-31": "0.39770", "2013-12-31": "0.37060", "2012-12-31": "0.32580", "2011-12-31": "0.38930", "2010-12-31": "0.43680", "2009-12-31": "0.41880", "2008-12-31": "0.57540", "2007-12-31": "0.53840", "2006-12-31": "0.52850", "2005-12-31": "0.56800"}, "Inventory Turnover Ratio": {"2019-12-31": "10.46150", "2018-12-31": "14.65480", "2017-12-31": "12.32750", "2016-12-31": "9.50640", "2015-12-31": "8.93950", "2014-12-31": "12.98420", "2013-12-31": "13.71230", "2012-12-31": "8.92240", "2011-12-31": "11.48730", "2010-12-31": "12.19730", "2009-12-31": "13.36700", "2008-12-31": "13.12130", "2007-12-31": "12.23470", "2006-12-31": "14.80950", "2005-12-31": "17.03930"}, "Receiveable Turnover": {"2019-12-31": "9.07820", "2018-12-31": "8.89830", "2017-12-31": "9.61400", "2016-12-31": "9.77660", "2015-12-31": "9.65490", "2014-12-31": "8.98340", "2013-12-31": "9.52530", "2012-12-31": "9.61550", "2011-12-31": "10.93140", "2010-12-31": "9.02880", "2009-12-31": "10.48230", "2008-12-31": "11.22100", "2007-12-31": "10.57470", "2006-12-31": "9.16320", "2005-12-31": "8.44660"}, "Days Sales In Receivables": {"2019-12-31": "40.20610", "2018-12-31": "41.01900", "2017-12-31": "37.96550", "2016-12-31": "37.33400", "2015-12-31": "37.80460", "2014-12-31": "40.63030", "2013-12-31": "38.31920", "2012-12-31": "37.95960", "2011-12-31": "33.38990", "2010-12-31": "40.42630", "2009-12-31": "34.82070", "2008-12-31": "32.52830", "2007-12-31": "34.51630", "2006-12-31": "39.83310", "2005-12-31": "43.21280"}, "ROE - Return On Equity": {"2019-12-31": "11.95050", "2018-12-31": "5.82460", "2017-12-31": "38.22530", "2016-12-31": "12.48560", "2015-12-31": "-19.99420", "2014-12-31": "13.43450", "2013-12-31": "7.18410", "2012-12-31": "9.69540", "2011-12-31": "18.23780", "2010-12-31": "13.82110", "2009-12-31": "14.09630", "2008-12-31": "22.05740", "2007-12-31": "21.82320", "2006-12-31": "27.76350", "2005-12-31": "17.36110"}, "Return On Tangible Equity": {"2019-12-31": "27.52260", "2018-12-31": "5.16420", "2017-12-31": "46.89870", "2016-12-31": "16.62820", "2015-12-31": "-26.40210", "2014-12-31": "16.47790", "2013-12-31": "8.91370", "2012-12-31": "14.71940", "2011-12-31": "30.48300", "2010-12-31": "29.42740", "2009-12-31": "39.44860", "2008-12-31": "136.80980", "2007-12-31": "346.49120", "2006-12-31": "-289.93290", "2005-12-31": "-54.47940"}, "ROA - Return On Assets": {"2019-12-31": "2.23200", "2018-12-31": "1.36250", "2017-12-31": "7.88180", "2016-12-31": "1.97900", "2015-12-31": "-3.25040", "2014-12-31": "2.63360", "2013-12-31": "1.42200", "2012-12-31": "1.82330", "2011-12-31": "3.54790", "2010-12-31": "2.19780", "2009-12-31": "1.88140", "2008-12-31": "2.26670", "2007-12-31": "2.21020", "2006-12-31": "2.45000", "2005-12-31": "1.31460"}, "ROI - Return On Investment": {"2019-12-31": "3.49950", "2018-12-31": "2.19830", "2017-12-31": "13.90980", "2016-12-31": "3.93010", "2015-12-31": "-6.10930", "2014-12-31": "4.86580", "2013-12-31": "2.56050", "2012-12-31": "3.29440", "2011-12-31": "5.98620", "2010-12-31": "3.62320", "2009-12-31": "3.16380", "2008-12-31": "3.65480", "2007-12-31": "3.88240", "2006-12-31": "4.61640", "2005-12-31": "2.28100"}, "Book Value Per Share": {"2019-12-31": "16.64340", "2018-12-31": "16.07750", "2017-12-31": "10.87590", "2016-12-31": "8.03380", "2015-12-31": "8.04390", "2014-12-31": "10.57670", "2013-12-31": "10.09090", "2012-12-31": "10.04910", "2011-12-31": "9.91080", "2010-12-31": "7.52470", "2009-12-31": "6.74940", "2008-12-31": "5.17140", "2007-12-31": "5.60370", "2006-12-31": "4.95540", "2005-12-31": "4.18060"}, "Operating Cash Flow Per Share": {"2019-12-31": -1.4821, "2018-12-31": 1.4607, "2017-12-31": -1.1659, "2016-12-31": 0.0821, "2015-12-31": 1.115, "2014-12-31": -0.5087, "2013-12-31": -0.5852, "2012-12-31": -0.0761, "2011-12-31": 1.0479, "2010-12-31": -1.6468, "2009-12-31": 2.5289, "2008-12-31": 0.214, "2007-12-31": -0.6247, "2006-12-31": 2.7024, "2005-12-31": 0.1821}, "Free Cash Flow Per Share": {"2019-12-31": -2.7819, "2018-12-31": 1.0937, "2017-12-31": -1.1935, "2016-12-31": 0.5077, "2015-12-31": 0.6072, "2014-12-31": -0.7008, "2013-12-31": -0.749, "2012-12-31": 0.1432, "2011-12-31": 1.6623, "2010-12-31": -2.1483, "2009-12-31": 2.3418, "2008-12-31": 0.5014, "2007-12-31": -0.9461, "2006-12-31": 1.7741, "2005-12-31": -1.8207}}, "financial ratios, quarterly": {"Current Ratio": {"2020-09-30": "0.72720", "2020-06-30": "0.58040", "2020-03-31": "1.03020", "2019-12-31": "0.98970", "2019-09-30": "0.99480", "2019-06-30": "1.11010", "2019-03-31": "1.08920", "2018-12-31": "2.12750", "2018-09-30": "1.05620", "2018-06-30": "0.95040", "2018-03-31": "1.16550", "2017-12-31": "1.10620", "2017-09-30": "0.91120", "2017-06-30": "0.94310", "2017-03-31": "1.09610", "2016-12-31": "0.94900", "2016-09-30": "1.05460", "2016-06-30": "1.01380", "2016-03-31": "0.92150", "2015-12-31": "1.09400", "2015-09-30": "0.75210", "2015-06-30": "0.80290", "2015-03-31": "0.84440", "2014-12-31": "1.17050", "2014-09-30": "0.85640", "2014-06-30": "0.83580", "2014-03-31": "0.96600", "2013-12-31": "0.88040", "2013-09-30": "0.89360", "2013-06-30": "0.92710", "2013-03-31": "0.75590", "2012-12-31": "0.80390", "2012-09-30": "0.81810", "2012-06-30": "0.92170", "2012-03-31": "1.08520", "2011-12-31": "0.90130", "2011-09-30": "0.85470", "2011-06-30": "0.86490", "2011-03-31": "0.91500", "2010-12-31": "0.98550", "2010-09-30": "0.74380", "2010-06-30": "0.77570", "2010-03-31": "0.74450", "2009-12-31": "0.95590", "2009-09-30": "0.86290", "2009-06-30": "0.92070", "2009-03-31": "0.94490", "2008-12-31": "1.06570", "2008-09-30": "0.98780", "2008-06-30": "0.92360", "2008-03-31": "0.71590", "2007-12-31": "0.73540", "2007-09-30": "0.69420", "2007-06-30": "0.69260", "2007-03-31": "0.64600", "2006-12-31": "0.70950", "2006-09-30": "0.76010", "2006-06-30": "0.93050", "2006-03-31": "0.82100", "2005-12-31": "0.95920", "2005-09-30": "0.52670", "2005-06-30": "0.54560", "2005-03-31": "0.53190"}, "Long-term Debt / Capital": {"2020-09-30": "0.58750", "2020-06-30": "0.56580", "2020-03-31": "0.66490", "2019-12-31": "0.63020", "2019-09-30": "0.62670", "2019-06-30": "0.63100", "2019-03-31": "0.62610", "2018-12-31": "0.51860", "2018-09-30": "0.56830", "2018-06-30": "0.62430", "2018-03-31": "0.62730", "2017-12-31": "0.63610", "2017-09-30": "0.67550", "2017-06-30": "0.68040", "2017-03-31": "0.69050", "2016-12-31": "0.68520", "2016-09-30": "0.69020", "2016-06-30": "0.69610", "2016-03-31": "0.67720", "2015-12-31": "0.69440", "2015-09-30": "0.65380", "2015-06-30": "0.62590", "2015-03-31": "0.62940", "2014-12-31": "0.63780", "2014-09-30": "0.63550", "2014-06-30": "0.63670", "2014-03-31": "0.64600", "2013-12-31": "0.64360", "2013-09-30": "0.64550", "2013-06-30": "0.65390", "2013-03-31": "0.65030", "2012-12-31": "0.66020", "2012-09-30": "0.66410", "2012-06-30": "0.66460", "2012-03-31": "0.67750", "2011-12-31": "0.67180", "2011-09-30": "0.66880", "2011-06-30": "0.71980", "2011-03-31": "0.72780", "2010-12-31": "0.73780", "2010-09-30": "0.72540", "2010-06-30": "0.73320", "2010-03-31": "0.75640", "2009-12-31": "0.77560", "2009-09-30": "0.77330", "2009-06-30": "0.81150", "2009-03-31": "0.82680", "2008-12-31": "0.83430", "2008-09-30": "0.82630", "2008-06-30": "0.82640", "2008-03-31": "0.81970", "2007-12-31": "0.82210", "2007-09-30": "0.82510", "2007-06-30": "0.82900", "2007-03-31": "0.82600", "2006-12-31": "0.83370", "2006-09-30": "0.83460", "2006-06-30": "0.85050", "2006-03-31": "0.85950", "2005-12-31": "0.86860", "2005-09-30": "0.84210", "2005-06-30": "0.85660", "2005-03-31": "0.87070"}, "Debt/Equity Ratio": {"2020-09-30": "1.58810", "2020-06-30": "1.53550", "2020-03-31": "2.18880", "2019-12-31": "1.80790", "2019-09-30": "1.78310", "2019-06-30": "1.76930", "2019-03-31": "1.72360", "2018-12-31": "1.13730", "2018-09-30": "1.41300", "2018-06-30": "1.77340", "2018-03-31": "1.80960", "2017-12-31": "1.88570", "2017-09-30": "2.39940", "2017-06-30": "2.44200", "2017-03-31": "2.45380", "2016-12-31": "2.48320", "2016-09-30": "2.46280", "2016-06-30": "2.51990", "2016-03-31": "2.41810", "2015-12-31": "2.53400", "2015-09-30": "2.13130", "2015-06-30": "1.88240", "2015-03-31": "1.87410", "2014-12-31": "1.94740", "2014-09-30": "1.92240", "2014-06-30": "1.92250", "2014-03-31": "1.94000", "2013-12-31": "1.93050", "2013-09-30": "1.96690", "2013-06-30": "2.05300", "2013-03-31": "2.10710", "2012-12-31": "2.27740", "2012-09-30": "2.31850", "2012-06-30": "2.30860", "2012-03-31": "2.33850", "2011-12-31": "2.17600", "2011-09-30": "2.15450", "2011-06-30": "2.74280", "2011-03-31": "2.80250", "2010-12-31": "2.96500", "2010-09-30": "2.97790", "2010-06-30": "3.13920", "2010-03-31": "3.53780", "2009-12-31": "3.81850", "2009-09-30": "3.64260", "2009-06-30": "4.49260", "2009-03-31": "5.04300", "2008-12-31": "5.27550", "2008-09-30": "4.99170", "2008-06-30": "5.01930", "2008-03-31": "5.13620", "2007-12-31": "5.47570", "2007-09-30": "5.58470", "2007-06-30": "5.65950", "2007-03-31": "5.64660", "2006-12-31": "5.90420", "2006-09-30": "5.83600", "2006-06-30": "6.11700", "2006-03-31": "6.59930", "2005-12-31": "6.87270", "2005-09-30": "7.02130", "2005-06-30": "7.49370", "2005-03-31": "8.34910"}, "Gross Margin": {"2020-09-30": "85.63500", "2020-06-30": "82.79370", "2020-03-31": "68.94320", "2019-12-31": "36.41210", "2019-09-30": "84.86130", "2019-06-30": "80.63930", "2019-03-31": "62.13550", "2018-12-31": "37.81290", "2018-09-30": "54.88250", "2018-06-30": "55.26080", "2018-03-31": "39.46120", "2017-12-31": "49.01440", "2017-09-30": "55.29080", "2017-06-30": "51.84320", "2017-03-31": "42.26690", "2016-12-31": "55.06970", "2016-09-30": "63.84330", "2016-06-30": "68.48790", "2016-03-31": "57.05650", "2015-12-31": "61.36240", "2015-09-30": "67.66870", "2015-06-30": "65.47000", "2015-03-31": "44.34850", "2014-12-31": "45.36260", "2014-09-30": "61.15110", "2014-06-30": "53.29090", "2014-03-31": "35.40940", "2013-12-31": "46.56590", "2013-09-30": "61.15850", "2013-06-30": "53.53750", "2013-03-31": "48.74370", "2012-12-31": "54.39660", "2012-09-30": "69.50150", "2012-06-30": "73.18030", "2012-03-31": "53.50290", "2011-12-31": "50.30300", "2011-09-30": "60.92500", "2011-06-30": "57.64830", "2011-03-31": "42.94550", "2010-12-31": "49.80930", "2010-09-30": "57.65200", "2010-06-30": "55.69480", "2010-03-31": "35.99070", "2009-12-31": "43.88870", "2009-09-30": "63.07110", "2009-06-30": "56.70730", "2009-03-31": "35.32180", "2008-12-31": "35.43620", "2008-09-30": "39.08550", "2008-06-30": "34.45690", "2008-03-31": "28.84330", "2007-12-31": "36.74100", "2007-09-30": "47.34330", "2007-06-30": "40.58040", "2007-03-31": "30.77910", "2006-12-31": "34.13150", "2006-09-30": "45.32300", "2006-06-30": "43.84160", "2006-03-31": "28.72930", "2005-12-31": "26.89910", "2005-09-30": "38.39850", "2005-06-30": "40.11940", "2005-03-31": "31.36800"}, "Operating Margin": {"2020-09-30": "18.61900", "2020-06-30": "14.92060", "2020-03-31": "10.01380", "2019-12-31": "6.34990", "2019-09-30": "21.53200", "2019-06-30": "13.81180", "2019-03-31": "9.46610", "2018-12-31": "5.50070", "2018-09-30": "10.21700", "2018-06-30": "8.55440", "2018-03-31": "7.95560", "2017-12-31": "11.67550", "2017-09-30": "14.15630", "2017-06-30": "11.19930", "2017-03-31": "10.63990", "2016-12-31": "14.75250", "2016-09-30": "15.03440", "2016-06-30": "11.56290", "2016-03-31": "12.60080", "2015-12-31": "12.61870", "2015-09-30": "16.25770", "2015-06-30": "12.14100", "2015-03-31": "10.52200", "2014-12-31": "9.31700", "2014-09-30": "12.89430", "2014-06-30": "9.87260", "2014-03-31": "9.32660", "2013-12-31": "9.66120", "2013-09-30": "14.87810", "2013-06-30": "11.77400", "2013-03-31": "13.90290", "2012-12-31": "14.49950", "2012-09-30": "5.16130", "2012-06-30": "19.80330", "2012-03-31": "16.21880", "2011-12-31": "12.77390", "2011-09-30": "18.97930", "2011-06-30": "16.49430", "2011-03-31": "14.07040", "2010-12-31": "14.39470", "2010-09-30": "17.13840", "2010-06-30": "14.97720", "2010-03-31": "11.80950", "2009-12-31": "13.00570", "2009-09-30": "18.21070", "2009-06-30": "15.42680", "2009-03-31": "10.30370", "2008-12-31": "10.92290", "2008-09-30": "13.39960", "2008-06-30": "11.12360", "2008-03-31": "9.99110", "2007-12-31": "11.64490", "2007-09-30": "15.24970", "2007-06-30": "11.90360", "2007-03-31": "11.36510", "2006-12-31": "9.53730", "2006-09-30": "14.67700", "2006-06-30": "11.93710", "2006-03-31": "9.94480", "2005-12-31": "7.84560", "2005-09-30": "10.85380", "2005-06-30": "10.09770", "2005-03-31": "10.63580"}, "EBIT Margin": {"2020-09-30": "18.61900", "2020-06-30": "14.92060", "2020-03-31": "10.01380", "2019-12-31": "6.34990", "2019-09-30": "21.53200", "2019-06-30": "13.81180", "2019-03-31": "9.46610", "2018-12-31": "5.50070", "2018-09-30": "10.21700", "2018-06-30": "8.55440", "2018-03-31": "7.95560", "2017-12-31": "11.67550", "2017-09-30": "14.15630", "2017-06-30": "11.19930", "2017-03-31": "10.63990", "2016-12-31": "14.75250", "2016-09-30": "15.03440", "2016-06-30": "11.56290", "2016-03-31": "12.60080", "2015-12-31": "12.61870", "2015-09-30": "16.25770", "2015-06-30": "12.14100", "2015-03-31": "10.52200", "2014-12-31": "9.31700", "2014-09-30": "12.89430", "2014-06-30": "9.87260", "2014-03-31": "9.32660", "2013-12-31": "9.66120", "2013-09-30": "14.87810", "2013-06-30": "11.77400", "2013-03-31": "13.90290", "2012-12-31": "14.49950", "2012-09-30": "5.16130", "2012-06-30": "19.80330", "2012-03-31": "16.21880", "2011-12-31": "12.77390", "2011-09-30": "18.97930", "2011-06-30": "16.49430", "2011-03-31": "14.07040", "2010-12-31": "14.39470", "2010-09-30": "17.13840", "2010-06-30": "14.97720", "2010-03-31": "11.80950", "2009-12-31": "13.00570", "2009-09-30": "18.21070", "2009-06-30": "15.42680", "2009-03-31": "10.30370", "2008-12-31": "10.92290", "2008-09-30": "13.39960", "2008-06-30": "11.12360", "2008-03-31": "9.99110", "2007-12-31": "11.64490", "2007-09-30": "15.24970", "2007-06-30": "11.90360", "2007-03-31": "11.36510", "2006-12-31": "9.53730", "2006-09-30": "14.67700", "2006-06-30": "11.93710", "2006-03-31": "9.94480", "2005-12-31": "7.84560", "2005-09-30": "10.85380", "2005-06-30": "10.09770", "2005-03-31": "10.63580"}, "EBITDA Margin": {"2020-09-30": "", "2020-06-30": "", "2020-03-31": "", "2019-12-31": "", "2019-09-30": "", "2019-06-30": "", "2019-03-31": "", "2018-12-31": "", "2018-09-30": "", "2018-06-30": "", "2018-03-31": "", "2017-12-31": "", "2017-09-30": "", "2017-06-30": "", "2017-03-31": "", "2016-12-31": "", "2016-09-30": "", "2016-06-30": "", "2016-03-31": "", "2015-12-31": "", "2015-09-30": "", "2015-06-30": "", "2015-03-31": "", "2014-12-31": "", "2014-09-30": "", "2014-06-30": "", "2014-03-31": "", "2013-12-31": "", "2013-09-30": "", "2013-06-30": "", "2013-03-31": "", "2012-12-31": "", "2012-09-30": "", "2012-06-30": "", "2012-03-31": "", "2011-12-31": "", "2011-09-30": "", "2011-06-30": "", "2011-03-31": "", "2010-12-31": "", "2010-09-30": "", "2010-06-30": "", "2010-03-31": "", "2009-12-31": "", "2009-09-30": "", "2009-06-30": "", "2009-03-31": "", "2008-12-31": "", "2008-09-30": "", "2008-06-30": "", "2008-03-31": "", "2007-12-31": "", "2007-09-30": "", "2007-06-30": "", "2007-03-31": "", "2006-12-31": "", "2006-09-30": "", "2006-06-30": "", "2006-03-31": "", "2005-12-31": "", "2005-09-30": "", "2005-06-30": "", "2005-03-31": ""}, "Pre-Tax Profit Margin": {"2020-09-30": "7.21330", "2020-06-30": "10.41270", "2020-03-31": "-64.60550", "2019-12-31": "4.57370", "2019-09-30": "17.91320", "2019-06-30": "10.01210", "2019-03-31": "7.04350", "2018-12-31": "5.96180", "2018-09-30": "9.44850", "2018-06-30": "-4.02560", "2018-03-31": "6.71950", "2017-12-31": "10.84160", "2017-09-30": "12.72640", "2017-06-30": "9.84600", "2017-03-31": "10.93240", "2016-12-31": "7.78470", "2016-09-30": "14.61090", "2016-06-30": "0.50830", "2016-03-31": "12.09680", "2015-12-31": "-45.67280", "2015-09-30": "-38.95710", "2015-06-30": "7.44130", "2015-03-31": "8.59020", "2014-12-31": "8.81110", "2014-09-30": "11.78750", "2014-06-30": "8.97030", "2014-03-31": "9.29500", "2013-12-31": "8.01280", "2013-09-30": "13.96340", "2013-06-30": "7.60300", "2013-03-31": "9.75710", "2012-12-31": "9.82230", "2012-09-30": "7.50730", "2012-06-30": "13.11480", "2012-03-31": "10.50860", "2011-12-31": "7.41260", "2011-09-30": "31.36630", "2011-06-30": "10.34300", "2011-03-31": "9.08390", "2010-12-31": "7.81700", "2010-09-30": "10.42980", "2010-06-30": "7.17540", "2010-03-31": "7.14520", "2009-12-31": "6.61160", "2009-09-30": "9.64470", "2009-06-30": "7.86590", "2009-03-31": "4.15760", "2008-12-31": "5.47950", "2008-09-30": "8.46920", "2008-06-30": "6.06740", "2008-03-31": "5.82810", "2007-12-31": "5.49580", "2007-09-30": "7.70460", "2007-06-30": "4.82050", "2007-03-31": "6.50350", "2006-12-31": "4.22080", "2006-09-30": "7.85530", "2006-06-30": "4.23220", "2006-03-31": "5.19990", "2005-12-31": "3.48690", "2005-09-30": "4.38980", "2005-06-30": "2.44300", "2005-03-31": "5.00960"}, "Net Profit Margin": {"2020-09-30": "4.25400", "2020-06-30": "3.74600", "2020-03-31": "-56.66820", "2019-12-31": "1.89460", "2019-09-30": "14.53560", "2019-06-30": "9.95180", "2019-03-31": "6.28080", "2018-12-31": "2.96440", "2018-09-30": "6.91680", "2018-06-30": "-3.43090", "2018-03-31": "5.22980", "2017-12-31": "49.12810", "2017-09-30": "8.05530", "2017-06-30": "6.29960", "2017-03-31": "7.02010", "2016-12-31": "4.85340", "2016-09-30": "9.47590", "2016-06-30": "-0.12710", "2016-03-31": "7.76210", "2015-12-31": "-28.41990", "2015-09-30": "-23.98770", "2015-06-30": "5.02610", "2015-03-31": "5.38430", "2014-12-31": "7.41990", "2014-09-30": "7.91370", "2014-06-30": "5.67940", "2014-03-31": "5.84890", "2013-12-31": "5.17400", "2013-09-30": "9.20730", "2013-06-30": "-5.27980", "2013-03-31": "6.15580", "2012-12-31": "6.26750", "2012-09-30": "0.58650", "2012-06-30": "8.26230", "2012-03-31": "7.05370", "2011-12-31": "5.45450", "2011-09-30": "51.72780", "2011-06-30": "6.47800", "2011-03-31": "5.72090", "2010-12-31": "5.91040", "2010-09-30": "6.44650", "2010-06-30": "4.61280", "2010-03-31": "3.77110", "2009-12-31": "4.56720", "2009-09-30": "7.23350", "2009-06-30": "5.24390", "2009-03-31": "2.42230", "2008-12-31": "3.13630", "2008-09-30": "5.40760", "2008-06-30": "3.78280", "2008-03-31": "3.62770", "2007-12-31": "3.99690", "2007-09-30": "4.83530", "2007-06-30": "3.44320", "2007-03-31": "4.18540", "2006-12-31": "2.71920", "2006-09-30": "4.28940", "2006-06-30": "10.52630", "2006-03-31": "2.85990", "2005-12-31": "2.52180", "2005-09-30": "2.41200", "2005-06-30": "2.93160", "2005-03-31": "2.58190"}, "Asset Turnover": {"2020-09-30": "0.04960", "2020-06-30": "0.04900", "2020-03-31": "0.06490", "2019-12-31": "0.19020", "2019-09-30": "0.04790", "2019-06-30": "0.04850", "2019-03-31": "0.06570", "2018-12-31": "0.11240", "2018-09-30": "0.09950", "2018-06-30": "0.09890", "2018-03-31": "0.14080", "2017-12-31": "0.11600", "2017-09-30": "0.09480", "2017-06-30": "0.09720", "2017-03-31": "0.12470", "2016-12-31": "0.09530", "2016-09-30": "0.08870", "2016-06-30": "0.07490", "2016-03-31": "0.09450", "2015-12-31": "0.08410", "2015-09-30": "0.07480", "2015-06-30": "0.06780", "2015-03-31": "0.10730", "2014-12-31": "0.10220", "2014-09-30": "0.08200", "2014-06-30": "0.08590", "2014-03-31": "0.14210", "2013-12-31": "0.09990", "2013-09-30": "0.07600", "2013-06-30": "0.08750", "2013-03-31": "0.10680", "2012-12-31": "0.09350", "2012-09-30": "0.07590", "2012-06-30": "0.06790", "2012-03-31": "0.09320", "2011-12-31": "0.09880", "2011-09-30": "0.08980", "2011-06-30": "0.09340", "2011-03-31": "0.13200", "2010-12-31": "0.10430", "2010-09-30": "0.09840", "2010-06-30": "0.09000", "2010-03-31": "0.15620", "2009-12-31": "0.11630", "2009-09-30": "0.08450", "2009-06-30": "0.08760", "2009-03-31": "0.14700", "2008-12-31": "0.14100", "2008-09-30": "0.13210", "2008-06-30": "0.14770", "2008-03-31": "0.19180", "2007-12-31": "0.14560", "2007-09-30": "0.10880", "2007-06-30": "0.11770", "2007-03-31": "0.18050", "2006-12-31": "0.13970", "2006-09-30": "0.11400", "2006-06-30": "0.11030", "2006-03-31": "0.18740", "2005-12-31": "0.18770", "2005-09-30": "0.12550", "2005-06-30": "0.11590", "2005-03-31": "0.14780"}, "Inventory Turnover Ratio": {"2020-09-30": "0.43630", "2020-06-30": "0.58660", "2020-03-31": "1.79470", "2019-12-31": "9.10170", "2019-09-30": "0.43880", "2019-06-30": "0.67010", "2019-03-31": "2.27490", "2018-12-31": "4.79190", "2018-09-30": "2.46420", "2018-06-30": "2.84300", "2018-03-31": "7.43190", "2017-12-31": "3.38790", "2017-09-30": "2.12220", "2017-06-30": "2.51710", "2017-03-31": "4.99680", "2016-12-31": "2.99680", "2016-09-30": "1.94590", "2016-06-30": "1.75270", "2016-03-31": "3.64100", "2015-12-31": "1.99420", "2015-09-30": "1.54090", "2015-06-30": "1.93070", "2015-03-31": "6.83840", "2014-12-31": "3.41950", "2014-09-30": "1.71640", "2014-06-30": "2.98310", "2014-03-31": "11.87790", "2013-12-31": "4.09470", "2013-09-30": "1.70320", "2013-06-30": "3.18840", "2013-03-31": "6.02960", "2012-12-31": "3.02800", "2012-09-30": "1.47730", "2012-06-30": "1.52040", "2012-03-31": "3.80000", "2011-12-31": "3.01980", "2011-09-30": "1.75840", "2011-06-30": "2.51780", "2011-03-31": "7.60820", "2010-12-31": "2.80800", "2010-09-30": "2.00000", "2010-06-30": "2.56770", "2010-03-31": "11.65660", "2009-12-31": "3.94500", "2009-09-30": "1.56030", "2009-06-30": "3.07360", "2009-03-31": "12.17010", "2008-12-31": "3.14760", "2008-09-30": "2.13370", "2008-06-30": "4.11760", "2008-03-31": "14.68100", "2007-12-31": "3.35920", "2007-09-30": "1.80840", "2007-06-30": "3.17060", "2007-03-31": "11.81320", "2006-12-31": "4.06770", "2006-09-30": "2.76960", "2006-06-30": "3.47320", "2006-03-31": "11.30410", "2005-12-31": "6.14660", "2005-09-30": "3.21660", "2005-06-30": "4.49860", "2005-03-31": "11.78160"}, "Receiveable Turnover": {"2020-09-30": "1.94720", "2020-06-30": "2.14290", "2020-03-31": "2.69530", "2019-12-31": "8.36140", "2019-09-30": "1.42930", "2019-06-30": "1.33490", "2019-03-31": "1.57530", "2018-12-31": "2.55130", "2018-09-30": "2.31380", "2018-06-30": "2.19260", "2018-03-31": "2.91860", "2017-12-31": "2.63800", "2017-09-30": "2.67940", "2017-06-30": "2.81230", "2017-03-31": "3.20260", "2016-12-31": "2.70260", "2016-09-30": "2.67940", "2016-06-30": "2.53460", "2016-03-31": "3.42070", "2015-12-31": "2.34120", "2015-09-30": "2.56290", "2015-06-30": "2.25960", "2015-03-31": "2.71240", "2014-12-31": "2.30960", "2014-09-30": "2.53790", "2014-06-30": "2.25900", "2014-03-31": "2.76970", "2013-12-31": "2.56640", "2013-09-30": "2.24970", "2013-06-30": "2.52530", "2013-03-31": "2.74480", "2012-12-31": "2.75870", "2012-09-30": "2.42530", "2012-06-30": "2.37170", "2012-03-31": "2.92290", "2011-12-31": "2.77490", "2011-09-30": "2.60530", "2011-06-30": "2.44930", "2011-03-31": "3.02220", "2010-12-31": "2.15620", "2010-09-30": "2.37310", "2010-06-30": "2.45250", "2010-03-31": "3.24010", "2009-12-31": "2.91010", "2009-09-30": "2.19800", "2009-06-30": "2.38030", "2009-03-31": "3.06310", "2008-12-31": "2.74930", "2008-09-30": "2.34390", "2008-06-30": "2.69420", "2008-03-31": "3.06560", "2007-12-31": "2.85930", "2007-09-30": "2.70790", "2007-06-30": "2.45530", "2007-03-31": "2.78320", "2006-12-31": "2.42280", "2006-09-30": "2.70250", "2006-06-30": "2.40920", "2006-03-31": "3.33010", "2005-12-31": "2.79060", "2005-09-30": "2.78260", "2005-06-30": "3.55450", "2005-03-31": "3.54040"}, "Days Sales In Receivables": {"2020-09-30": "46.22070", "2020-06-30": "42.00000", "2020-03-31": "33.39180", "2019-12-31": "10.76380", "2019-09-30": "62.96740", "2019-06-30": "67.41860", "2019-03-31": "57.13320", "2018-12-31": "35.27670", "2018-09-30": "38.89690", "2018-06-30": "41.04760", "2018-03-31": "30.83680", "2017-12-31": "34.11680", "2017-09-30": "33.58910", "2017-06-30": "32.00190", "2017-03-31": "28.10240", "2016-12-31": "33.30130", "2016-09-30": "33.58920", "2016-06-30": "35.50830", "2016-03-31": "26.31050", "2015-12-31": "38.44220", "2015-09-30": "35.11660", "2015-06-30": "39.83030", "2015-03-31": "33.18130", "2014-12-31": "38.96710", "2014-09-30": "35.46210", "2014-06-30": "39.84080", "2014-03-31": "32.49450", "2013-12-31": "35.06870", "2013-09-30": "40.00610", "2013-06-30": "35.63890", "2013-03-31": "32.78890", "2012-12-31": "32.62400", "2012-09-30": "37.10850", "2012-06-30": "37.94750", "2012-03-31": "30.79180", "2011-12-31": "32.43360", "2011-09-30": "34.54550", "2011-06-30": "36.74470", "2011-03-31": "29.77970", "2010-12-31": "41.73980", "2010-09-30": "37.92450", "2010-06-30": "36.69700", "2010-03-31": "27.77700", "2009-12-31": "30.92650", "2009-09-30": "40.94540", "2009-06-30": "37.81100", "2009-03-31": "29.38180", "2008-12-31": "32.73610", "2008-09-30": "38.39760", "2008-06-30": "33.40450", "2008-03-31": "29.35770", "2007-12-31": "31.47580", "2007-09-30": "33.23590", "2007-06-30": "36.65520", "2007-03-31": "32.33740", "2006-12-31": "37.14690", "2006-09-30": "33.30230", "2006-06-30": "37.35760", "2006-03-31": "27.02630", "2005-12-31": "32.25090", "2005-09-30": "32.34440", "2005-06-30": "25.31990", "2005-03-31": "25.42120"}, "ROE - Return On Equity": {"2020-09-30": "2.14090", "2020-06-30": "2.26850", "2020-03-31": "-20.13380", "2019-12-31": "3.71660", "2019-09-30": "3.79960", "2019-06-30": "2.31700", "2019-03-31": "2.20820", "2018-12-31": "1.89930", "2018-09-30": "3.34890", "2018-06-30": "-1.60600", "2018-03-31": "3.39720", "2017-12-31": "27.64510", "2017-09-30": "4.67110", "2017-06-30": "3.78890", "2017-03-31": "5.42830", "2016-12-31": "2.91910", "2016-09-30": "5.15550", "2016-06-30": "-0.05890", "2016-03-31": "4.39250", "2015-12-31": "-14.70670", "2015-09-30": "-9.63530", "2015-06-30": "1.69230", "2015-03-31": "2.86400", "2014-12-31": "3.86980", "2014-09-30": "3.19700", "2014-06-30": "2.41810", "2014-03-31": "4.19120", "2013-12-31": "2.61030", "2013-09-30": "3.54380", "2013-06-30": "-2.38610", "2013-03-31": "3.36310", "2012-12-31": "3.11560", "2012-09-30": "0.23490", "2012-06-30": "2.90860", "2012-03-31": "3.42980", "2011-12-31": "2.77120", "2011-09-30": "9.17520", "2011-06-30": "3.59190", "2011-03-31": "4.53150", "2010-12-31": "3.87740", "2010-09-30": "3.93100", "2010-06-30": "2.64620", "2010-03-31": "4.20820", "2009-12-31": "3.97880", "2009-09-30": "4.40490", "2009-06-30": "3.84440", "2009-03-31": "3.23830", "2008-12-31": "4.30270", "2008-09-30": "6.60510", "2008-06-30": "5.13990", "2008-03-31": "6.48940", "2007-12-31": "5.74590", "2007-09-30": "5.24190", "2007-06-30": "4.15180", "2007-03-31": "7.89310", "2006-12-31": "4.30590", "2006-09-30": "5.29670", "2006-06-30": "12.89890", "2006-03-31": "6.54280", "2005-12-31": "6.25000", "2005-09-30": "4.10510", "2005-06-30": "2.28660", "2005-03-31": "5.90240"}, "Return On Tangible Equity": {"2020-09-30": "3.44080", "2020-06-30": "3.65360", "2020-03-31": "-46.32640", "2019-12-31": "7.07510", "2019-09-30": "8.92920", "2019-06-30": "5.57610", "2019-03-31": "5.44350", "2018-12-31": "1.68400", "2018-09-30": "3.40440", "2018-06-30": "-1.97210", "2018-03-31": "4.13530", "2017-12-31": "33.91780", "2017-09-30": "6.14320", "2017-06-30": "5.00740", "2017-03-31": "7.19100", "2016-12-31": "3.88760", "2016-09-30": "6.85820", "2016-06-30": "-0.07890", "2016-03-31": "5.77640", "2015-12-31": "-19.42010", "2015-09-30": "-12.15040", "2015-06-30": "2.07550", "2015-03-31": "3.50830", "2014-12-31": "4.74650", "2014-09-30": "3.93610", "2014-06-30": "2.98470", "2014-03-31": "5.17630", "2013-12-31": "3.23880", "2013-09-30": "4.41390", "2013-06-30": "-2.98420", "2013-03-31": "5.06370", "2012-12-31": "4.73000", "2012-09-30": "0.35860", "2012-06-30": "4.78000", "2012-03-31": "5.67570", "2011-12-31": "4.63180", "2011-09-30": "15.37240", "2011-06-30": "7.35930", "2011-03-31": "9.42680", "2010-12-31": "8.25570", "2010-09-30": "8.58340", "2010-06-30": "5.93410", "2010-03-31": "11.25370", "2009-12-31": "11.13470", "2009-09-30": "12.78030", "2009-06-30": "15.89650", "2009-03-31": "17.96250", "2008-12-31": "26.68710", "2008-09-30": "37.46560", "2008-06-30": "37.54650", "2008-03-31": "66.30440", "2007-12-31": "91.22810", "2007-09-30": "293.54840", "2007-06-30": "-304.34780", "2007-03-31": "-209.67740", "2006-12-31": "-44.96650", "2006-09-30": "-44.38500", "2006-06-30": "-74.61540", "2006-03-31": "-20.95240", "2005-12-31": "-19.61260", "2005-09-30": "-8.59110", "2005-06-30": "-4.35140", "2005-03-31": "-10.10650"}, "ROA - Return On Assets": {"2020-09-30": "0.38830", "2020-06-30": "0.41990", "2020-03-31": "-3.15320", "2019-12-31": "0.69240", "2019-09-30": "0.72460", "2019-06-30": "0.44170", "2019-03-31": "0.42180", "2018-12-31": "0.44430", "2018-09-30": "0.71080", "2018-06-30": "-0.33920", "2018-03-31": "0.73630", "2017-12-31": "5.70020", "2017-09-30": "0.76350", "2017-06-30": "0.61240", "2017-03-31": "0.87550", "2016-12-31": "0.46270", "2016-09-30": "0.84090", "2016-06-30": "-0.00950", "2016-03-31": "0.73320", "2015-12-31": "-2.39080", "2015-09-30": "-1.79540", "2015-06-30": "0.34070", "2015-03-31": "0.57790", "2014-12-31": "0.75860", "2014-09-30": "0.64860", "2014-06-30": "0.48810", "2014-03-31": "0.83090", "2013-12-31": "0.51670", "2013-09-30": "0.69990", "2013-06-30": "-0.46170", "2013-03-31": "0.65710", "2012-12-31": "0.58590", "2012-09-30": "0.04450", "2012-06-30": "0.56060", "2012-03-31": "0.65770", "2011-12-31": "0.53910", "2011-09-30": "1.84240", "2011-06-30": "0.60480", "2011-03-31": "0.75530", "2010-12-31": "0.61660", "2010-09-30": "0.63410", "2010-06-30": "0.41490", "2010-03-31": "0.58910", "2009-12-31": "0.53100", "2009-09-30": "0.61120", "2009-06-30": "0.45950", "2009-03-31": "0.35620", "2008-12-31": "0.44220", "2008-09-30": "0.71460", "2008-06-30": "0.55880", "2008-03-31": "0.69580", "2007-12-31": "0.58190", "2007-09-30": "0.52590", "2007-06-30": "0.40520", "2007-03-31": "0.75560", "2006-12-31": "0.38000", "2006-09-30": "0.48900", "2006-06-30": "1.16110", "2006-03-31": "0.53610", "2005-12-31": "0.47320", "2005-09-30": "0.30280", "2005-06-30": "0.16990", "2005-03-31": "0.38170"}, "ROI - Return On Investment": {"2020-09-30": "0.62460", "2020-06-30": "0.69840", "2020-03-31": "-5.06250", "2019-12-31": "1.08840", "2019-09-30": "1.12250", "2019-06-30": "0.67480", "2019-03-31": "0.65070", "2018-12-31": "0.71680", "2018-09-30": "1.23820", "2018-06-30": "-0.60340", "2018-03-31": "1.26600", "2017-12-31": "10.05980", "2017-09-30": "1.51580", "2017-06-30": "1.21080", "2017-03-31": "1.67990", "2016-12-31": "0.91890", "2016-09-30": "1.59710", "2016-06-30": "-0.01790", "2016-03-31": "1.41800", "2015-12-31": "-4.49370", "2015-09-30": "-3.33620", "2015-06-30": "0.63300", "2015-03-31": "1.06150", "2014-12-31": "1.40160", "2014-09-30": "1.16540", "2014-06-30": "0.87850", "2014-03-31": "1.48360", "2013-12-31": "0.93030", "2013-09-30": "1.25630", "2013-06-30": "-0.82580", "2013-03-31": "1.17590", "2012-12-31": "1.05860", "2012-09-30": "0.07890", "2012-06-30": "0.97560", "2012-03-31": "1.10600", "2011-12-31": "0.90960", "2011-09-30": "3.03840", "2011-06-30": "1.00650", "2011-03-31": "1.23350", "2010-12-31": "1.01650", "2010-09-30": "1.07930", "2010-06-30": "0.70610", "2010-03-31": "1.02530", "2009-12-31": "0.89300", "2009-09-30": "0.99870", "2009-06-30": "0.72460", "2009-03-31": "0.56100", "2008-12-31": "0.71290", "2008-09-30": "1.14710", "2008-06-30": "0.89230", "2008-03-31": "1.17020", "2007-12-31": "1.02220", "2007-09-30": "0.91670", "2007-06-30": "0.71020", "2007-03-31": "1.37350", "2006-12-31": "0.71600", "2006-09-30": "0.87630", "2006-06-30": "1.92860", "2006-03-31": "0.91900", "2005-12-31": "0.82120", "2005-09-30": "0.64830", "2005-06-30": "0.32800", "2005-03-31": "0.76320"}, "Book Value Per Share": {"2020-09-30": "15.39590", "2020-06-30": "15.40640", "2020-03-31": "13.86660", "2019-12-31": "16.64340", "2019-09-30": "16.61770", "2019-06-30": "16.44120", "2019-03-31": "16.36110", "2018-12-31": "16.07750", "2018-09-30": "12.76310", "2018-06-30": "10.82150", "2018-03-31": "11.25680", "2017-12-31": "10.87590", "2017-09-30": "8.39380", "2017-06-30": "8.26640", "2017-03-31": "8.20730", "2016-12-31": "8.03380", "2016-09-30": "8.06160", "2016-06-30": "7.88750", "2016-03-31": "8.14180", "2015-12-31": "8.04390", "2015-09-30": "9.43150", "2015-06-30": "10.57500", "2015-03-31": "10.63210", "2014-12-31": "10.57670", "2014-09-30": "10.40730", "2014-06-30": "10.29560", "2014-03-31": "10.27110", "2013-12-31": "10.09090", "2013-09-30": "9.94070", "2013-06-30": "9.77820", "2013-03-31": "10.20020", "2012-12-31": "10.04910", "2012-09-30": "9.95920", "2012-06-30": "10.13600", "2012-03-31": "10.03050", "2011-12-31": "9.91080", "2011-09-30": "9.87750", "2011-06-30": "7.78000", "2011-03-31": "7.68930", "2010-12-31": "7.52470", "2010-09-30": "7.39510", "2010-06-30": "7.26260", "2010-03-31": "6.87240", "2009-12-31": "6.74940", "2009-09-30": "6.63030", "2009-06-30": "6.13900", "2009-03-31": "5.92470", "2008-12-31": "5.17140", "2008-09-30": "6.00350", "2008-06-30": "6.08890", "2008-03-31": "5.72710", "2007-12-31": "5.60370", "2007-09-30": "5.40440", "2007-06-30": "5.24970", "2007-03-31": "5.13820", "2006-12-31": "4.95540", "2006-09-30": "5.01720", "2006-06-30": "4.82620", "2006-03-31": "4.32000", "2005-12-31": "4.18060", "2005-09-30": "3.92810", "2005-06-30": "3.81650", "2005-03-31": "3.67350"}, "Operating Cash Flow Per Share": {"2020-09-30": 0.4018, "2020-06-30": 0.9054, "2020-03-31": "1.31870", "2019-12-31": 1.0931, "2019-09-30": 1.0139, "2019-06-30": 0.5989, "2019-03-31": "0.53770", "2018-12-31": 0.8659, "2018-09-30": 1.3297, "2018-06-30": 1.4149, "2018-03-31": "1.11520", "2017-12-31": 0.8963, "2017-09-30": 0.8088, "2017-06-30": 0.8278, "2017-03-31": "0.73210", "2016-12-31": 1.0706, "2016-09-30": 0.8986, "2016-06-30": 0.9906, "2016-03-31": "1.47110", "2015-12-31": 0.8186, "2015-09-30": 0.9314, "2015-06-30": 1.0542, "2015-03-31": "1.54460", "2014-12-31": 0.6294, "2014-09-30": 0.9524, "2014-06-30": 0.7703, "2014-03-31": "0.88170", "2013-12-31": 1.116, "2013-09-30": 0.7936, "2013-06-30": 0.5934, "2013-03-31": "1.23950", "2012-12-31": 1.1207, "2012-09-30": 1.0512, "2012-06-30": 1.1651, "2012-03-31": "0.99070", "2011-12-31": 1.0262, "2011-09-30": 0.7211, "2011-06-30": 1.1881, "2011-03-31": "1.46840", "2010-12-31": 1.043, "2010-09-30": 0.2781, "2010-06-30": 0.9335, "2010-03-31": "1.10130", "2009-12-31": 1.1398, "2009-09-30": 0.8798, "2009-06-30": 1.7424, "2009-03-31": "1.24070", "2008-12-31": 0.3727, "2008-09-30": -0.4367, "2008-06-30": 0.8674, "2008-03-31": "1.67040", "2007-12-31": 0.8169, "2007-09-30": 0.2008, "2007-06-30": 0.4659, "2007-03-31": "0.77620", "2006-12-31": 0.6425, "2006-09-30": 0.6101, "2006-06-30": 0.6185, "2006-03-31": "1.01340", "2005-12-31": -0.6115, "2005-09-30": 0.7493, "2005-06-30": 0.6044, "2005-03-31": "-0.56010"}, "Free Cash Flow Per Share": {"2020-09-30": -0.6385, "2020-06-30": -0.1787, "2020-03-31": "-0.00400", "2019-12-31": -0.2515, "2019-09-30": -0.2792, "2019-06-30": -0.6504, "2019-03-31": "-0.52780", "2018-12-31": -0.2098, "2018-09-30": 0.3661, "2018-06-30": 0.6356, "2018-03-31": "0.28110", "2017-12-31": -0.099, "2017-09-30": 0.0138, "2017-06-30": 0.053, "2017-03-31": "0.01150", "2016-12-31": 0.2305, "2016-09-30": 0.0629, "2016-06-30": 0.175, "2016-03-31": "0.70440", "2015-12-31": -0.2349, "2015-09-30": -0.0497, "2015-06-30": 0.196, "2015-03-31": "0.75370", "2014-12-31": -0.2341, "2014-09-30": 0.0901, "2014-06-30": 0.0186, "2014-03-31": "0.18330", "2013-12-31": 0.2483, "2013-09-30": 0.0371, "2013-06-30": -0.136, "2013-03-31": "0.60930", "2012-12-31": 0.203, "2012-09-30": 0.3675, "2012-06-30": 0.5634, "2012-03-31": "0.37380", "2011-12-31": 0.2246, "2011-09-30": -0.0377, "2011-06-30": 0.4891, "2011-03-31": "0.68850", "2010-12-31": -0.1331, "2010-09-30": -0.3911, "2010-06-30": -0.2217, "2010-03-31": "0.44810", "2009-12-31": 0.1623, "2009-09-30": 0.1289, "2009-06-30": 1.0636, "2009-03-31": "0.49570", "2008-12-31": -0.7583, "2008-09-30": -1.0458, "2008-06-30": 0.1933, "2008-03-31": "1.11950", "2007-12-31": 0.0602, "2007-09-30": -0.3635, "2007-06-30": -0.2925, "2007-03-31": "-0.39690", "2006-12-31": -0.3145, "2006-09-30": -0.1614, "2006-06-30": 0.0143, "2006-03-31": "0.41500", "2005-12-31": -1.154, "2005-09-30": 0.1467, "2005-06-30": 0.11, "2005-03-31": "-0.92340"}}, "revenue": {"CenterPoint Energy Annual Revenue (Millions of US $)": {"2019": "$12,301", "2018": "$10,589", "2017": "$9,614", "2016": "$7,528", "2015": "$7,386", "2014": "$9,226", "2013": "$8,106", "2012": "$7,452", "2011": "$8,450", "2010": "$8,785", "2009": "$8,281", "2008": "$11,322", "2007": "$9,623", "2006": "$9,319", "2005": "$9,722"}, "CenterPoint Energy Quarterly Revenue (Millions of US $)": {"2020-09-30": "$1,622", "2020-06-30": "$1,575", "2020-03-31": "$2,167", "2019-12-31": "$6,756", "2019-09-30": "$1,658", "2019-06-30": "$1,658", "2019-03-31": "$2,229", "2018-12-31": "$3,036", "2018-09-30": "$2,212", "2018-06-30": "$2,186", "2018-03-31": "$3,155", "2017-12-31": "$2,638", "2017-09-30": "$2,098", "2017-06-30": "$2,143", "2017-03-31": "$2,735", "2016-12-31": "$2,081", "2016-09-30": "$1,889", "2016-06-30": "$1,574", "2016-03-31": "$1,984", "2015-12-31": "$1,791", "2015-09-30": "$1,630", "2015-06-30": "$1,532", "2015-03-31": "$2,433", "2014-12-31": "$2,372", "2014-09-30": "$1,807", "2014-06-30": "$1,884", "2014-03-31": "$3,163", "2013-12-31": "$2,184", "2013-09-30": "$1,640", "2013-06-30": "$1,894", "2013-03-31": "$2,388", "2012-12-31": "$2,138", "2012-09-30": "$1,705", "2012-06-30": "$1,525", "2012-03-31": "$2,084", "2011-12-31": "$2,145", "2011-09-30": "$1,881", "2011-06-30": "$1,837", "2011-03-31": "$2,587", "2010-12-31": "$2,098", "2010-09-30": "$1,908", "2010-06-30": "$1,756", "2010-03-31": "$3,023", "2009-12-31": "$2,299", "2009-09-30": "$1,576", "2009-06-30": "$1,640", "2009-03-31": "$2,766", "2008-12-31": "$2,774", "2008-09-30": "$2,515", "2008-06-30": "$2,670", "2008-03-31": "$3,363", "2007-12-31": "$2,602", "2007-09-30": "$1,882", "2007-06-30": "$2,033", "2007-03-31": "$3,106", "2006-12-31": "$2,464", "2006-09-30": "$1,935", "2006-06-30": "$1,843", "2006-03-31": "$3,077", "2005-12-31": "$3,212", "2005-09-30": "$2,073", "2005-06-30": "$1,842", "2005-03-31": "$2,595"}}, "gross-profit": {"CenterPoint Energy Annual Gross Profit (Millions of US $)": {"2019": "$6,589", "2018": "$4,815", "2017": "$4,720", "2016": "$4,562", "2015": "$4,284", "2014": "$4,305", "2013": "$4,198", "2012": "$4,579", "2011": "$4,395", "2010": "$4,211", "2009": "$3,910", "2008": "$3,856", "2007": "$3,628", "2006": "$3,410", "2005": "$3,213"}, "CenterPoint Energy Quarterly Gross Profit (Millions of US $)": {"2020-09-30": "$1,389", "2020-06-30": "$1,304", "2020-03-31": "$1,494", "2019-12-31": "$2,460", "2019-09-30": "$1,407", "2019-06-30": "$1,337", "2019-03-31": "$1,385", "2018-12-31": "$1,148", "2018-09-30": "$1,214", "2018-06-30": "$1,208", "2018-03-31": "$1,245", "2017-12-31": "$1,293", "2017-09-30": "$1,160", "2017-06-30": "$1,111", "2017-03-31": "$1,156", "2016-12-31": "$1,146", "2016-09-30": "$1,206", "2016-06-30": "$1,078", "2016-03-31": "$1,132", "2015-12-31": "$1,099", "2015-09-30": "$1,103", "2015-06-30": "$1,003", "2015-03-31": "$1,079", "2014-12-31": "$1,076", "2014-09-30": "$1,105", "2014-06-30": "$1,004", "2014-03-31": "$1,120", "2013-12-31": "$1,017", "2013-09-30": "$1,003", "2013-06-30": "$1,014", "2013-03-31": "$1,164", "2012-12-31": "$1,163", "2012-09-30": "$1,185", "2012-06-30": "$1,116", "2012-03-31": "$1,115", "2011-12-31": "$1,079", "2011-09-30": "$1,146", "2011-06-30": "$1,059", "2011-03-31": "$1,111", "2010-12-31": "$1,045", "2010-09-30": "$1,100", "2010-06-30": "$978", "2010-03-31": "$1,088", "2009-12-31": "$1,009", "2009-09-30": "$994", "2009-06-30": "$930", "2009-03-31": "$977", "2008-12-31": "$983", "2008-09-30": "$983", "2008-06-30": "$920", "2008-03-31": "$970", "2007-12-31": "$956", "2007-09-30": "$891", "2007-06-30": "$825", "2007-03-31": "$956", "2006-12-31": "$841", "2006-09-30": "$877", "2006-06-30": "$808", "2006-03-31": "$884", "2005-12-31": "$864", "2005-09-30": "$796", "2005-06-30": "$739", "2005-03-31": "$814"}}, "operating-income": {"CenterPoint Energy Annual Operating Income (Millions of US $)": {"2019": "$1,226", "2018": "$831", "2017": "$1,136", "2016": "$1,023", "2015": "$933", "2014": "$935", "2013": "$1,010", "2012": "$1,038", "2011": "$1,298", "2010": "$1,249", "2009": "$1,124", "2008": "$1,273", "2007": "$1,185", "2006": "$1,045", "2005": "$939"}, "CenterPoint Energy Quarterly Operating Income (Millions of US $)": {"2020-09-30": "$302", "2020-06-30": "$235", "2020-03-31": "$217", "2019-12-31": "$429", "2019-09-30": "$357", "2019-06-30": "$229", "2019-03-31": "$211", "2018-12-31": "$167", "2018-09-30": "$226", "2018-06-30": "$187", "2018-03-31": "$251", "2017-12-31": "$308", "2017-09-30": "$297", "2017-06-30": "$240", "2017-03-31": "$291", "2016-12-31": "$307", "2016-09-30": "$284", "2016-06-30": "$182", "2016-03-31": "$250", "2015-12-31": "$226", "2015-09-30": "$265", "2015-06-30": "$186", "2015-03-31": "$256", "2014-12-31": "$221", "2014-09-30": "$233", "2014-06-30": "$186", "2014-03-31": "$295", "2013-12-31": "$211", "2013-09-30": "$244", "2013-06-30": "$223", "2013-03-31": "$332", "2012-12-31": "$310", "2012-09-30": "$88", "2012-06-30": "$302", "2012-03-31": "$338", "2011-12-31": "$274", "2011-09-30": "$357", "2011-06-30": "$303", "2011-03-31": "$364", "2010-12-31": "$302", "2010-09-30": "$327", "2010-06-30": "$263", "2010-03-31": "$357", "2009-12-31": "$299", "2009-09-30": "$287", "2009-06-30": "$253", "2009-03-31": "$285", "2008-12-31": "$303", "2008-09-30": "$337", "2008-06-30": "$297", "2008-03-31": "$336", "2007-12-31": "$303", "2007-09-30": "$287", "2007-06-30": "$242", "2007-03-31": "$353", "2006-12-31": "$235", "2006-09-30": "$284", "2006-06-30": "$220", "2006-03-31": "$306", "2005-12-31": "$252", "2005-09-30": "$225", "2005-06-30": "$186", "2005-03-31": "$276"}}, "ebitda": {"CenterPoint Energy Annual EBITDA (Millions of US $)": {"2019": "$2,566", "2018": "$2,122", "2017": "$2,196", "2016": "$2,175", "2015": "$1,930", "2014": "$1,976", "2013": "$1,994", "2012": "$2,120", "2011": "$2,214", "2010": "$2,140", "2009": "$1,904", "2008": "$2,010", "2007": "$1,885", "2006": "$1,700", "2005": "$1,557"}, "CenterPoint Energy Quarterly EBITDA (Millions of US $)": {"2020-09-30": "$616", "2020-06-30": "$540", "2020-03-31": "$507", "2019-12-31": "$741", "2019-09-30": "$706", "2019-06-30": "$579", "2019-03-31": "$540", "2018-12-31": "$442", "2018-09-30": "$568", "2018-06-30": "$541", "2018-03-31": "$571", "2017-12-31": "$601", "2017-09-30": "$572", "2017-06-30": "$500", "2017-03-31": "$523", "2016-12-31": "$567", "2016-09-30": "$614", "2016-06-30": "$478", "2016-03-31": "$516", "2015-12-31": "$478", "2015-09-30": "$540", "2015-06-30": "$432", "2015-03-31": "$480", "2014-12-31": "$457", "2014-09-30": "$533", "2014-06-30": "$449", "2014-03-31": "$537", "2013-12-31": "$431", "2013-09-30": "$499", "2013-06-30": "$484", "2013-03-31": "$580", "2012-12-31": "$569", "2012-09-30": "$397", "2012-06-30": "$584", "2012-03-31": "$570", "2011-12-31": "$491", "2011-09-30": "$617", "2011-06-30": "$534", "2011-03-31": "$572", "2010-12-31": "$512", "2010-09-30": "$577", "2010-06-30": "$487", "2010-03-31": "$564", "2009-12-31": "$488", "2009-09-30": "$504", "2009-06-30": "$451", "2009-03-31": "$461", "2008-12-31": "$479", "2008-09-30": "$537", "2008-06-30": "$492", "2008-03-31": "$502", "2007-12-31": "$484", "2007-09-30": "$468", "2007-06-30": "$416", "2007-03-31": "$517", "2006-12-31": "$401", "2006-09-30": "$452", "2006-06-30": "$387", "2006-03-31": "$460", "2005-12-31": "$400", "2005-09-30": "$389", "2005-06-30": "$342", "2005-03-31": "$426"}}, "net-income": {"CenterPoint Energy Annual Net Income (Millions of US $)": {"2019": "$674", "2018": "$333", "2017": "$1,792", "2016": "$432", "2015": "$-692", "2014": "$611", "2013": "$311", "2012": "$417", "2011": "$1,357", "2010": "$442", "2009": "$372", "2008": "$446", "2007": "$395", "2006": "$432", "2005": "$252"}, "CenterPoint Energy Quarterly Net Income (Millions of US $)": {"2020-09-30": "$69", "2020-06-30": "$59", "2020-03-31": "$-1,228", "2019-12-31": "$128", "2019-09-30": "$241", "2019-06-30": "$165", "2019-03-31": "$140", "2018-12-31": "$90", "2018-09-30": "$153", "2018-06-30": "$-75", "2018-03-31": "$165", "2017-12-31": "$1,296", "2017-09-30": "$169", "2017-06-30": "$135", "2017-03-31": "$192", "2016-12-31": "$101", "2016-09-30": "$179", "2016-06-30": "$-2", "2016-03-31": "$154", "2015-12-31": "$-509", "2015-09-30": "$-391", "2015-06-30": "$77", "2015-03-31": "$131", "2014-12-31": "$176", "2014-09-30": "$143", "2014-06-30": "$107", "2014-03-31": "$185", "2013-12-31": "$113", "2013-09-30": "$151", "2013-06-30": "$-100", "2013-03-31": "$147", "2012-12-31": "$134", "2012-09-30": "$10", "2012-06-30": "$126", "2012-03-31": "$147", "2011-12-31": "$117", "2011-09-30": "$973", "2011-06-30": "$119", "2011-03-31": "$148", "2010-12-31": "$124", "2010-09-30": "$123", "2010-06-30": "$81", "2010-03-31": "$114", "2009-12-31": "$105", "2009-09-30": "$114", "2009-06-30": "$86", "2009-03-31": "$67", "2008-12-31": "$87", "2008-09-30": "$136", "2008-06-30": "$101", "2008-03-31": "$122", "2007-12-31": "$104", "2007-09-30": "$91", "2007-06-30": "$70", "2007-03-31": "$130", "2006-12-31": "$67", "2006-09-30": "$83", "2006-06-30": "$194", "2006-03-31": "$88", "2005-12-31": "$81", "2005-09-30": "$50", "2005-06-30": "$54", "2005-03-31": "$67"}}, "eps-earnings-per-share-diluted": {"CenterPoint Energy Annual EPS": {"2019": "$1.33", "2018": "$0.74", "2017": "$4.13", "2016": "$1.00", "2015": "$-1.61", "2014": "$1.42", "2013": "$0.72", "2012": "$0.97", "2011": "$3.17", "2010": "$1.07", "2009": "$1.01", "2008": "$1.30", "2007": "$1.15", "2006": "$1.33", "2005": "$0.75"}, "CenterPoint Energy Quarterly EPS": {"2020-09-30": "$0.13", "2020-06-30": "$0.11", "2020-03-31": "$-2.44", "2019-12-31": "$0.25", "2019-09-30": "$0.47", "2019-06-30": "$0.33", "2019-03-31": "$0.28", "2018-12-31": "$0.18", "2018-09-30": "$0.35", "2018-06-30": "$-0.17", "2018-03-31": "$0.38", "2017-12-31": "$2.99", "2017-09-30": "$0.39", "2017-06-30": "$0.31", "2017-03-31": "$0.44", "2016-12-31": "$0.24", "2016-09-30": "$0.41", "2016-06-30": "$-0.01", "2016-03-31": "$0.36", "2015-12-31": "$-1.18", "2015-09-30": "$-0.91", "2015-06-30": "$0.18", "2015-03-31": "$0.30", "2014-12-31": "$0.41", "2014-09-30": "$0.33", "2014-06-30": "$0.25", "2014-03-31": "$0.43", "2013-12-31": "$0.26", "2013-09-30": "$0.35", "2013-06-30": "$-0.23", "2013-03-31": "$0.34", "2012-12-31": "$0.32", "2012-09-30": "$0.02", "2012-06-30": "$0.29", "2012-03-31": "$0.34", "2011-12-31": "$0.27", "2011-09-30": "$2.27", "2011-06-30": "$0.28", "2011-03-31": "$0.35", "2010-12-31": "$0.29", "2010-09-30": "$0.29", "2010-06-30": "$0.20", "2010-03-31": "$0.29", "2009-12-31": "$0.27", "2009-09-30": "$0.31", "2009-06-30": "$0.24", "2009-03-31": "$0.19", "2008-12-31": "$0.25", "2008-09-30": "$0.39", "2008-06-30": "$0.30", "2008-03-31": "$0.36", "2007-12-31": "$0.30", "2007-09-30": "$0.27", "2007-06-30": "$0.20", "2007-03-31": "$0.38", "2006-12-31": "$0.18", "2006-09-30": "$0.26", "2006-06-30": "$0.61", "2006-03-31": "$0.28", "2005-12-31": "$0.24", "2005-09-30": "$0.15", "2005-06-30": "$0.16", "2005-03-31": "$0.20"}}, "shares-outstanding": {"CenterPoint Energy Annual Shares Outstanding (Millions of Shares)": {"2019": "505", "2018": "452", "2017": "434", "2016": "434", "2015": "430", "2014": "432", "2013": "431", "2012": "430", "2011": "429", "2010": "413", "2009": "368", "2008": "344", "2007": "343", "2006": "344", "2005": "346"}, "CenterPoint Energy Quarterly Shares Outstanding (Millions of Shares)": {"2020-09-30": "548", "2020-06-30": "531", "2020-03-31": "502", "2019-12-31": "505", "2019-09-30": "505", "2019-06-30": "505", "2019-03-31": "504", "2018-12-31": "452", "2018-09-30": "435", "2018-06-30": "432", "2018-03-31": "434", "2017-12-31": "434", "2017-09-30": "434", "2017-06-30": "434", "2017-03-31": "433", "2016-12-31": "434", "2016-09-30": "433", "2016-06-30": "431", "2016-03-31": "433", "2015-12-31": "430", "2015-09-30": "430", "2015-06-30": "432", "2015-03-31": "431", "2014-12-31": "432", "2014-09-30": "432", "2014-06-30": "431", "2014-03-31": "431", "2013-12-31": "431", "2013-09-30": "431", "2013-06-30": "431", "2013-03-31": "430", "2012-12-31": "430", "2012-09-30": "430", "2012-06-30": "430", "2012-03-31": "428", "2011-12-31": "429", "2011-09-30": "429", "2011-06-30": "428", "2011-03-31": "427", "2010-12-31": "413", "2010-09-30": "425", "2010-06-30": "402", "2010-03-31": "395", "2009-12-31": "368", "2009-09-30": "372", "2009-06-30": "354", "2009-03-31": "349", "2008-12-31": "344", "2008-09-30": "345", "2008-06-30": "342", "2008-03-31": "339", "2007-12-31": "343", "2007-09-30": "341", "2007-06-30": "344", "2007-03-31": "340", "2006-12-31": "344", "2006-09-30": "325", "2006-06-30": "317", "2006-03-31": "311", "2005-12-31": "346", "2005-09-30": "347", "2005-06-30": "361", "2005-03-31": "361"}}, "total-assets": {"CenterPoint Energy Annual Total Assets (Millions of US $)": {"2019": "$35,439", "2018": "$27,009", "2017": "$22,736", "2016": "$21,829", "2015": "$21,290", "2014": "$23,200", "2013": "$21,870", "2012": "$22,871", "2011": "$21,703", "2010": "$20,111", "2009": "$19,773", "2008": "$19,676", "2007": "$17,872", "2006": "$17,633", "2005": "$17,116"}, "CenterPoint Energy Quarterly Total Assets (Millions of US $)": {"2020-09-30": "$32,705", "2020-06-30": "$32,148", "2020-03-31": "$33,395", "2019-12-31": "$35,529", "2019-09-30": "$34,642", "2019-06-30": "$34,189", "2019-03-31": "$33,902", "2018-12-31": "$27,009", "2018-09-30": "$22,228", "2018-06-30": "$22,108", "2018-03-31": "$22,410", "2017-12-31": "$22,736", "2017-09-30": "$22,135", "2017-06-30": "$22,045", "2017-03-31": "$21,931", "2016-12-31": "$21,829", "2016-09-30": "$21,286", "2016-06-30": "$21,012", "2016-03-31": "$21,004", "2015-12-31": "$21,290", "2015-09-30": "$21,778", "2015-06-30": "$22,602", "2015-03-31": "$22,670", "2014-12-31": "$23,200", "2014-09-30": "$22,048", "2014-06-30": "$21,920", "2014-03-31": "$22,264", "2013-12-31": "$21,870", "2013-09-30": "$21,575", "2013-06-30": "$21,658", "2013-03-31": "$22,370", "2012-12-31": "$22,871", "2012-09-30": "$22,477", "2012-06-30": "$22,475", "2012-03-31": "$22,351", "2011-12-31": "$21,703", "2011-09-30": "$20,951", "2011-06-30": "$19,677", "2011-03-31": "$19,594", "2010-12-31": "$20,111", "2010-09-30": "$19,399", "2010-06-30": "$19,521", "2010-03-31": "$19,351", "2009-12-31": "$19,773", "2009-09-30": "$18,653", "2009-06-30": "$18,717", "2009-03-31": "$18,810", "2008-12-31": "$19,676", "2008-09-30": "$19,032", "2008-06-30": "$18,076", "2008-03-31": "$17,535", "2007-12-31": "$17,872", "2007-09-30": "$17,303", "2007-06-30": "$17,275", "2007-03-31": "$17,206", "2006-12-31": "$17,633", "2006-09-30": "$16,973", "2006-06-30": "$16,709", "2006-03-31": "$16,416", "2005-12-31": "$17,116", "2005-09-30": "$16,512", "2005-06-30": "$15,890", "2005-03-31": "$17,555"}}, "cash-on-hand": {"CenterPoint Energy Annual Cash on Hand (Millions of US $)": {"2019": "$1,063", "2018": "$4,771", "2017": "$1,220", "2016": "$1,294", "2015": "$1,069", "2014": "$1,228", "2013": "$975", "2012": "$1,186", "2011": "$606", "2010": "$566", "2009": "$1,040", "2008": "$385", "2007": "$486", "2006": "$598", "2005": "$451"}, "CenterPoint Energy Quarterly Cash on Hand (Millions of US $)": {"2020-09-30": "$1,021", "2020-06-30": "$921", "2020-03-31": "$898", "2019-12-31": "$1,063", "2019-09-30": "$1,005", "2019-06-30": "$958", "2019-03-31": "$878", "2018-12-31": "$4,771", "2018-09-30": "$920", "2018-06-30": "$912", "2018-03-31": "$1,163", "2017-12-31": "$1,220", "2017-09-30": "$1,258", "2017-06-30": "$1,268", "2017-03-31": "$1,251", "2016-12-31": "$1,294", "2016-09-30": "$1,084", "2016-06-30": "$1,008", "2016-03-31": "$1,112", "2015-12-31": "$1,069", "2015-09-30": "$1,053", "2015-06-30": "$1,205", "2015-03-31": "$1,147", "2014-12-31": "$1,228", "2014-09-30": "$1,070", "2014-06-30": "$1,015", "2014-03-31": "$1,116", "2013-12-31": "$975", "2013-09-30": "$908", "2013-06-30": "$1,132", "2013-03-31": "$859", "2012-12-31": "$1,186", "2012-09-30": "$1,244", "2012-06-30": "$1,568", "2012-03-31": "$1,528", "2011-12-31": "$606", "2011-09-30": "$440", "2011-06-30": "$607", "2011-03-31": "$494", "2010-12-31": "$566", "2010-09-30": "$434", "2010-06-30": "$899", "2010-03-31": "$667", "2009-12-31": "$1,040", "2009-09-30": "$347", "2009-06-30": "$390", "2009-03-31": "$249", "2008-12-31": "$385", "2008-09-30": "$368", "2008-06-30": "$470", "2008-03-31": "$373", "2007-12-31": "$486", "2007-09-30": "$451", "2007-06-30": "$567", "2007-03-31": "$487", "2006-12-31": "$598", "2006-09-30": "$680", "2006-06-30": "$771", "2006-03-31": "$476", "2005-12-31": "$451", "2005-09-30": "$554", "2005-06-30": "$770", "2005-03-31": "$685"}}, "long-term-debt": {"CenterPoint Energy Annual Long Term Debt (Millions of US $)": {"2019": "$14,244", "2018": "$8,682", "2017": "$8,195", "2016": "$7,532", "2015": "$7,866", "2014": "$8,009", "2013": "$7,817", "2012": "$8,357", "2011": "$8,641", "2010": "$9,001", "2009": "$9,119", "2008": "$10,181", "2007": "$8,364", "2006": "$7,802", "2005": "$8,568"}, "CenterPoint Energy Quarterly Long Term Debt (Millions of US $)": {"2020-09-30": "$11,946", "2020-06-30": "$10,937", "2020-03-31": "$13,830", "2019-12-31": "$14,244", "2019-09-30": "$14,014", "2019-06-30": "$14,121", "2019-03-31": "$13,759", "2018-12-31": "$8,682", "2018-09-30": "$7,252", "2018-06-30": "$7,760", "2018-03-31": "$8,176", "2017-12-31": "$8,195", "2017-09-30": "$7,531", "2017-06-30": "$7,587", "2017-03-31": "$7,892", "2016-12-31": "$7,532", "2016-09-30": "$7,736", "2016-06-30": "$7,780", "2016-03-31": "$7,354", "2015-12-31": "$7,866", "2015-09-30": "$7,662", "2015-06-30": "$7,614", "2015-03-31": "$7,767", "2014-12-31": "$8,009", "2014-09-30": "$7,797", "2014-06-30": "$7,755", "2014-03-31": "$8,056", "2013-12-31": "$7,817", "2013-09-30": "$7,758", "2013-06-30": "$7,919", "2013-03-31": "$8,130", "2012-12-31": "$8,357", "2012-09-30": "$8,415", "2012-06-30": "$8,583", "2012-03-31": "$9,005", "2011-12-31": "$8,641", "2011-09-30": "$8,497", "2011-06-30": "$8,510", "2011-03-31": "$8,732", "2010-12-31": "$9,001", "2010-09-30": "$8,267", "2010-06-30": "$8,410", "2010-03-31": "$8,410", "2009-12-31": "$9,119", "2009-09-30": "$8,827", "2009-06-30": "$9,631", "2009-03-31": "$9,875", "2008-12-31": "$10,181", "2008-09-30": "$9,797", "2008-06-30": "$9,354", "2008-03-31": "$8,546", "2007-12-31": "$8,364", "2007-09-30": "$8,191", "2007-06-30": "$8,171", "2007-03-31": "$7,818", "2006-12-31": "$7,802", "2006-09-30": "$7,905", "2006-06-30": "$8,555", "2006-03-31": "$8,231", "2005-12-31": "$8,568", "2005-09-30": "$6,494", "2005-06-30": "$7,051", "2005-03-31": "$7,643"}}, "total-liabilities": {"CenterPoint Energy Annual Total Liabilities (Millions of US $)": {"2019": "$27,080", "2018": "$18,951", "2017": "$18,048", "2016": "$18,369", "2015": "$17,829", "2014": "$18,652", "2013": "$17,541", "2012": "$18,570", "2011": "$17,481", "2010": "$16,913", "2009": "$17,134", "2008": "$17,654", "2007": "$16,062", "2006": "$16,077", "2005": "$15,820"}, "CenterPoint Energy Quarterly Total Liabilities (Millions of US $)": {"2020-09-30": "$24,317", "2020-06-30": "$23,756", "2020-03-31": "$26,425", "2019-12-31": "$27,170", "2019-09-30": "$26,296", "2019-06-30": "$25,932", "2019-03-31": "$25,686", "2018-12-31": "$18,951", "2018-09-30": "$16,720", "2018-06-30": "$17,438", "2018-03-31": "$17,553", "2017-12-31": "$18,048", "2017-09-30": "$18,517", "2017-06-30": "$18,482", "2017-03-31": "$18,394", "2016-12-31": "$18,369", "2016-09-30": "$17,814", "2016-06-30": "$17,615", "2016-03-31": "$17,498", "2015-12-31": "$17,829", "2015-09-30": "$17,720", "2015-06-30": "$18,052", "2015-03-31": "$18,096", "2014-12-31": "$18,652", "2014-09-30": "$17,575", "2014-06-30": "$17,495", "2014-03-31": "$17,850", "2013-12-31": "$17,541", "2013-09-30": "$17,314", "2013-06-30": "$17,467", "2013-03-31": "$17,999", "2012-12-31": "$18,570", "2012-09-30": "$18,220", "2012-06-30": "$18,143", "2012-03-31": "$18,065", "2011-12-31": "$17,481", "2011-09-30": "$16,744", "2011-06-30": "$16,364", "2011-03-31": "$16,328", "2010-12-31": "$16,913", "2010-09-30": "$16,270", "2010-06-30": "$16,460", "2010-03-31": "$16,642", "2009-12-31": "$17,134", "2009-09-30": "$16,065", "2009-06-30": "$16,480", "2009-03-31": "$16,741", "2008-12-31": "$17,654", "2008-09-30": "$16,973", "2008-06-30": "$16,111", "2008-03-31": "$15,655", "2007-12-31": "$16,062", "2007-09-30": "$15,567", "2007-06-30": "$15,589", "2007-03-31": "$15,559", "2006-12-31": "$16,077", "2006-09-30": "$15,406", "2006-06-30": "$15,205", "2006-03-31": "$15,071", "2005-12-31": "$15,820", "2005-09-30": "$15,294", "2005-06-30": "$14,709", "2005-03-31": "$16,420"}}, "total-share-holder-equity": {"CenterPoint Energy Annual Share Holder Equity (Millions of US $)": {"2019": "$8,359", "2018": "$8,058", "2017": "$4,688", "2016": "$3,460", "2015": "$3,461", "2014": "$4,548", "2013": "$4,329", "2012": "$4,301", "2011": "$4,222", "2010": "$3,198", "2009": "$2,639", "2008": "$2,022", "2007": "$1,810", "2006": "$1,556", "2005": "$1,296"}, "CenterPoint Energy Quarterly Share Holder Equity (Millions of US $)": {"2020-09-30": "$8,388", "2020-06-30": "$8,392", "2020-03-31": "$6,970", "2019-12-31": "$8,359", "2019-09-30": "$8,346", "2019-06-30": "$8,257", "2019-03-31": "$8,216", "2018-12-31": "$8,058", "2018-09-30": "$5,508", "2018-06-30": "$4,670", "2018-03-31": "$4,857", "2017-12-31": "$4,688", "2017-09-30": "$3,618", "2017-06-30": "$3,563", "2017-03-31": "$3,537", "2016-12-31": "$3,460", "2016-09-30": "$3,472", "2016-06-30": "$3,397", "2016-03-31": "$3,506", "2015-12-31": "$3,461", "2015-09-30": "$4,058", "2015-06-30": "$4,550", "2015-03-31": "$4,574", "2014-12-31": "$4,548", "2014-09-30": "$4,473", "2014-06-30": "$4,425", "2014-03-31": "$4,414", "2013-12-31": "$4,329", "2013-09-30": "$4,261", "2013-06-30": "$4,191", "2013-03-31": "$4,371", "2012-12-31": "$4,301", "2012-09-30": "$4,257", "2012-06-30": "$4,332", "2012-03-31": "$4,286", "2011-12-31": "$4,222", "2011-09-30": "$4,207", "2011-06-30": "$3,313", "2011-03-31": "$3,266", "2010-12-31": "$3,198", "2010-09-30": "$3,129", "2010-06-30": "$3,061", "2010-03-31": "$2,709", "2009-12-31": "$2,639", "2009-09-30": "$2,588", "2009-06-30": "$2,237", "2009-03-31": "$2,069", "2008-12-31": "$2,022", "2008-09-30": "$2,059", "2008-06-30": "$1,965", "2008-03-31": "$1,880", "2007-12-31": "$1,810", "2007-09-30": "$1,736", "2007-06-30": "$1,686", "2007-03-31": "$1,647", "2006-12-31": "$1,556", "2006-09-30": "$1,567", "2006-06-30": "$1,504", "2006-03-31": "$1,345", "2005-12-31": "$1,296", "2005-09-30": "$1,218", "2005-06-30": "$1,181", "2005-03-31": "$1,135"}}, "profit-margins": {"current": "-9.49%"}, "gross margin": {"2020-09-30": "54.84%", "2020-06-30": "54.83%", "2020-03-31": "54.73%", "2019-12-31": "53.56%", "2019-09-30": "61.50%", "2019-06-30": "55.65%", "2019-03-31": "51.28%", "2018-12-31": "45.47%", "2018-09-30": "48.67%", "2018-06-30": "48.69%", "2018-03-31": "47.93%", "2017-12-31": "49.10%", "2017-09-30": "50.49%", "2017-06-30": "52.20%", "2017-03-31": "55.39%", "2016-12-31": "60.60%", "2016-09-30": "62.38%", "2016-06-30": "63.22%", "2016-03-31": "62.52%", "2015-12-31": "58.00%", "2015-09-30": "53.48%", "2015-06-30": "52.35%", "2015-03-31": "50.19%", "2014-12-31": "46.66%", "2014-09-30": "46.98%", "2014-06-30": "46.71%", "2014-03-31": "46.77%", "2013-12-31": "51.79%", "2013-09-30": "53.90%", "2013-06-30": "55.70%", "2013-03-31": "59.67%", "2012-12-31": "61.45%", "2012-09-30": "60.26%", "2012-06-30": "58.36%", "2012-03-31": "55.35%", "2011-12-31": "52.01%", "2011-09-30": "51.90%", "2011-06-30": "51.19%", "2011-03-31": "50.71%", "2010-12-31": "47.93%", "2010-09-30": "46.46%", "2010-06-30": "47.02%", "2010-03-31": "47.10%", "2009-12-31": "47.22%", "2009-09-30": "44.36%", "2009-06-30": "39.95%", "2009-03-31": "36.02%", "2008-12-31": "34.06%", "2008-09-30": "34.34%", "2008-06-30": "35.53%", "2008-03-31": "36.86%", "2007-12-31": "37.70%", "2007-09-30": "37.04%", "2007-06-30": "36.68%", "2007-03-31": "37.25%", "2006-12-31": "36.59%", "2006-09-30": "34.10%", "2006-06-30": "32.85%", "2006-03-31": "32.17%", "2005-12-31": "33.05%"}, "operating margin": {"2020-09-30": "9.76%", "2020-06-30": "10.18%", "2020-03-31": "10.07%", "2019-12-31": "9.97%", "2019-09-30": "11.23%", "2019-06-30": "9.12%", "2019-03-31": "8.19%", "2018-12-31": "7.85%", "2018-09-30": "9.54%", "2018-06-30": "10.35%", "2018-03-31": "10.92%", "2017-12-31": "11.82%", "2017-09-30": "12.53%", "2017-06-30": "12.68%", "2017-03-31": "12.85%", "2016-12-31": "13.59%", "2016-09-30": "13.01%", "2016-06-30": "13.23%", "2016-03-31": "13.36%", "2015-12-31": "12.63%", "2015-09-30": "11.65%", "2015-06-30": "11.00%", "2015-03-31": "10.55%", "2014-12-31": "10.13%", "2014-09-30": "10.23%", "2014-06-30": "10.55%", "2014-03-31": "10.96%", "2013-12-31": "12.46%", "2013-09-30": "13.76%", "2013-06-30": "11.73%", "2013-03-31": "13.31%", "2012-12-31": "13.93%", "2012-09-30": "13.43%", "2012-06-30": "16.65%", "2012-03-31": "16.01%", "2011-12-31": "15.36%", "2011-09-30": "15.78%", "2011-06-30": "15.37%", "2011-03-31": "15.04%", "2010-12-31": "14.22%", "2010-09-30": "13.87%", "2010-06-30": "13.94%", "2010-03-31": "14.01%", "2009-12-31": "13.57%", "2009-09-30": "12.88%", "2009-06-30": "12.15%", "2009-03-31": "11.39%", "2008-12-31": "11.24%", "2008-09-30": "11.42%", "2008-06-30": "11.63%", "2008-03-31": "11.82%", "2007-12-31": "12.31%", "2007-09-30": "11.78%", "2007-06-30": "11.68%", "2007-03-31": "11.68%", "2006-12-31": "11.21%", "2006-09-30": "10.55%", "2006-06-30": "9.83%", "2006-03-31": "9.50%", "2005-12-31": "9.66%"}, "ebitda margin": {"2020-09-30": "19.83%", "2020-06-30": "20.52%", "2020-03-31": "20.70%", "2019-12-31": "20.86%", "2019-09-30": "26.42%", "2019-06-30": "23.31%", "2019-03-31": "21.64%", "2018-12-31": "20.04%", "2018-09-30": "22.38%", "2018-06-30": "22.68%", "2018-03-31": "22.36%", "2017-12-31": "22.84%", "2017-09-30": "23.87%", "2017-06-30": "24.91%", "2017-03-31": "26.36%", "2016-12-31": "28.89%", "2016-09-30": "28.82%", "2016-06-30": "28.83%", "2016-03-31": "28.34%", "2015-12-31": "26.13%", "2015-09-30": "23.96%", "2015-06-30": "23.35%", "2015-03-31": "22.59%", "2014-12-31": "21.42%", "2014-09-30": "21.58%", "2014-06-30": "21.60%", "2014-03-31": "21.97%", "2013-12-31": "24.60%", "2013-09-30": "26.45%", "2013-06-30": "24.98%", "2013-03-31": "27.46%", "2012-12-31": "28.45%", "2012-09-30": "27.38%", "2012-06-30": "29.63%", "2012-03-31": "27.83%", "2011-12-31": "26.20%", "2011-09-30": "26.60%", "2011-06-30": "26.04%", "2011-03-31": "25.73%", "2010-12-31": "24.36%", "2010-09-30": "23.55%", "2010-06-30": "23.61%", "2010-03-31": "23.51%", "2009-12-31": "22.99%", "2009-09-30": "21.64%", "2009-06-30": "19.89%", "2009-03-31": "18.36%", "2008-12-31": "17.75%", "2008-09-30": "18.07%", "2008-06-30": "18.50%", "2008-03-31": "18.93%", "2007-12-31": "19.59%", "2007-09-30": "19.00%", "2007-06-30": "18.73%", "2007-03-31": "18.80%", "2006-12-31": "18.24%", "2006-09-30": "16.88%", "2006-06-30": "16.03%", "2006-03-31": "15.59%", "2005-12-31": "16.02%"}, "pre tax profit margin": {"2020-09-30": "-6.68%", "2020-06-30": "-5.18%", "2020-03-31": "-5.13%", "2019-12-31": "7.55%", "2019-09-30": "9.33%", "2019-06-30": "7.81%", "2019-03-31": "4.75%", "2018-12-31": "4.85%", "2018-09-30": "6.07%", "2018-06-30": "6.72%", "2018-03-31": "9.73%", "2017-12-31": "11.06%", "2017-09-30": "10.37%", "2017-06-30": "10.71%", "2017-03-31": "9.00%", "2016-12-31": "9.11%", "2016-09-30": "-4.06%", "2016-06-30": "-17.27%", "2016-03-31": "-15.84%", "2015-12-31": "-15.30%", "2015-09-30": "-1.29%", "2015-06-30": "9.15%", "2015-03-31": "9.42%", "2014-12-31": "9.59%", "2014-09-30": "9.42%", "2014-06-30": "9.77%", "2014-03-31": "9.48%", "2013-12-31": "9.63%", "2013-09-30": "10.12%", "2013-06-30": "8.80%", "2013-03-31": "9.94%", "2012-12-31": "10.16%", "2012-09-30": "9.47%", "2012-06-30": "15.30%", "2012-03-31": "14.57%", "2011-12-31": "13.89%", "2011-09-30": "14.03%", "2011-06-30": "9.35%", "2011-03-31": "8.67%", "2010-12-31": "8.03%", "2010-09-30": "7.71%", "2010-06-30": "7.46%", "2010-03-31": "7.60%", "2009-12-31": "6.62%", "2009-09-30": "6.26%", "2009-06-30": "6.28%", "2009-03-31": "5.99%", "2008-12-31": "6.39%", "2008-09-30": "6.40%", "2008-06-30": "6.14%", "2008-03-31": "5.89%", "2007-12-31": "6.11%", "2007-09-30": "5.79%", "2007-06-30": "5.83%", "2007-03-31": "5.73%", "2006-12-31": "5.30%", "2006-09-30": "4.99%", "2006-06-30": "4.32%", "2006-03-31": "4.00%", "2005-12-31": "3.89%"}, "net profit margin": {"2020-09-30": "-8.02%", "2020-06-30": "-6.58%", "2020-03-31": "-5.67%", "2019-12-31": "5.48%", "2019-09-30": "7.41%", "2019-06-30": "6.00%", "2019-03-31": "3.19%", "2018-12-31": "3.14%", "2018-09-30": "15.10%", "2018-06-30": "15.43%", "2018-03-31": "17.59%", "2017-12-31": "18.64%", "2017-09-30": "6.59%", "2017-06-30": "6.86%", "2017-03-31": "5.68%", "2016-12-31": "5.74%", "2016-09-30": "-2.46%", "2016-06-30": "-10.72%", "2016-03-31": "-9.64%", "2015-12-31": "-9.37%", "2015-09-30": "-0.09%", "2015-06-30": "6.47%", "2015-03-31": "6.56%", "2014-12-31": "6.62%", "2014-09-30": "6.06%", "2014-06-30": "6.27%", "2014-03-31": "3.93%", "2013-12-31": "3.84%", "2013-09-30": "4.12%", "2013-06-30": "2.35%", "2013-03-31": "5.38%", "2012-12-31": "5.60%", "2012-09-30": "5.36%", "2012-06-30": "17.85%", "2012-03-31": "17.06%", "2011-12-31": "16.06%", "2011-09-30": "16.23%", "2011-06-30": "6.10%", "2011-03-31": "5.70%", "2010-12-31": "5.03%", "2010-09-30": "4.71%", "2010-06-30": "4.78%", "2010-03-31": "4.91%", "2009-12-31": "4.49%", "2009-09-30": "4.04%", "2009-06-30": "3.88%", "2009-03-31": "3.65%", "2008-12-31": "3.94%", "2008-09-30": "4.15%", "2008-06-30": "3.97%", "2008-03-31": "3.92%", "2007-12-31": "4.10%", "2007-09-30": "3.77%", "2007-06-30": "3.67%", "2007-03-31": "5.07%", "2006-12-31": "4.64%", "2006-09-30": "4.43%", "2006-06-30": "4.05%", "2006-03-31": "2.68%", "2005-12-31": "2.59%"}, "pe ratio": {"current": "14.27", "2021-02-05": "0.00", "2020-09-30": "0.00", "2020-06-30": "0.00", "2020-03-31": "0.00", "2019-12-31": "19.83", "2019-09-30": "22.90", "2019-06-30": "24.01", "2019-03-31": "45.41", "2018-12-31": "35.78", "2018-09-30": "7.23", "2018-06-30": "7.10", "2018-03-31": "6.12", "2017-12-31": "6.18", "2017-09-30": "19.02", "2017-06-30": "17.41", "2017-03-31": "22.55", "2016-12-31": "21.56", "2016-09-30": "0.00", "2016-06-30": "0.00", "2016-03-31": "0.00", "2015-12-31": "0.00", "2015-09-30": "0.00", "2015-06-30": "12.53", "2015-03-31": "12.55", "2014-12-31": "12.94", "2014-09-30": "14.97", "2014-06-30": "15.23", "2014-03-31": "22.28", "2013-12-31": "24.27", "2013-09-30": "23.28", "2013-06-30": "39.57", "2013-03-31": "18.34", "2012-12-31": "14.59", "2012-09-30": "16.67", "2012-06-30": "4.65", "2012-03-31": "4.41", "2011-12-31": "4.43", "2011-09-30": "4.25", "2011-06-30": "10.94", "2011-03-31": "10.52", "2010-12-31": "9.82", "2010-09-30": "9.89", "2010-06-30": "8.02", "2010-03-31": "8.32", "2009-12-31": "9.11", "2009-09-30": "7.84", "2009-06-30": "6.37", "2009-03-31": "5.57", "2008-12-31": "5.78", "2008-09-30": "6.23", "2008-06-30": "7.44", "2008-03-31": "7.11", "2007-12-31": "8.29", "2007-09-30": "8.56", "2007-06-30": "9.28", "2007-03-31": "6.80", "2006-12-31": "6.69"}, "price sales": {"2021-02-05": "0.91", "2020-09-30": "0.81", "2020-06-30": "0.77", "2020-03-31": "0.62", "2019-12-31": "1.08", "2019-09-30": "1.63", "2019-06-30": "1.40", "2019-03-31": "1.37", "2018-12-31": "1.10", "2018-09-30": "1.09", "2018-06-30": "1.10", "2018-03-31": "1.08", "2017-12-31": "1.15", "2017-09-30": "1.25", "2017-06-30": "1.19", "2017-03-31": "1.26", "2016-12-31": "1.23", "2016-09-30": "1.19", "2016-06-30": "1.26", "2016-03-31": "1.09", "2015-12-31": "0.88", "2015-09-30": "0.79", "2015-06-30": "0.81", "2015-03-31": "0.82", "2014-12-31": "0.86", "2014-09-30": "0.91", "2014-06-30": "0.95", "2014-03-31": "0.88", "2013-12-31": "0.93", "2013-09-30": "0.96", "2013-06-30": "0.92", "2013-03-31": "0.98", "2012-12-31": "0.81", "2012-09-30": "0.88", "2012-06-30": "0.83", "2012-03-31": "0.75", "2011-12-31": "0.71", "2011-09-30": "0.68", "2011-06-30": "0.66", "2011-03-31": "0.59", "2010-12-31": "0.49", "2010-09-30": "0.46", "2010-06-30": "0.38", "2010-03-31": "0.41", "2009-12-31": "0.40", "2009-09-30": "0.31", "2009-06-30": "0.24", "2009-03-31": "0.20", "2008-12-31": "0.23", "2008-09-30": "0.26", "2008-06-30": "0.30", "2008-03-31": "0.28", "2007-12-31": "0.34", "2007-09-30": "0.32", "2007-06-30": "0.34", "2007-03-31": "0.35", "2006-12-31": "0.31"}, "price book": {"current": "1.97", "2021-02-05": "1.39", "2020-09-30": "1.25", "2020-06-30": "1.20", "2020-03-31": "1.09", "2019-12-31": "1.58", "2019-09-30": "1.74", "2019-06-30": "1.66", "2019-03-31": "1.78", "2018-12-31": "1.65", "2018-09-30": "2.01", "2018-06-30": "2.35", "2018-03-31": "2.21", "2017-12-31": "2.35", "2017-09-30": "3.10", "2017-06-30": "2.93", "2017-03-31": "2.94", "2016-12-31": "2.66", "2016-09-30": "2.47", "2016-06-30": "2.58", "2016-03-31": "2.15", "2015-12-31": "1.88", "2015-09-30": "1.56", "2015-06-30": "1.45", "2015-03-31": "1.52", "2014-12-31": "1.74", "2014-09-30": "1.83", "2014-06-30": "1.91", "2014-03-31": "1.76", "2013-12-31": "1.73", "2013-09-30": "1.80", "2013-06-30": "1.78", "2013-03-31": "1.73", "2012-12-31": "1.39", "2012-09-30": "1.54", "2012-06-30": "1.45", "2012-03-31": "1.39", "2011-12-31": "1.42", "2011-09-30": "1.37", "2011-06-30": "1.70", "2011-03-31": "1.55", "2010-12-31": "1.40", "2010-09-30": "1.40", "2010-06-30": "1.18", "2010-03-31": "1.34", "2009-12-31": "1.36", "2009-09-30": "1.17", "2009-06-30": "1.11", "2009-03-31": "1.06", "2008-12-31": "1.45", "2008-09-30": "1.42", "2008-06-30": "1.53", "2008-03-31": "1.43", "2007-12-31": "1.73", "2007-09-30": "1.66", "2007-06-30": "1.84", "2007-03-31": "1.92", "2006-12-31": "1.82", "2006-09-30": "1.54", "2006-06-30": "1.38", "2006-03-31": "1.46"}, "price fcf": {"2021-02-05": "", "2020-09-30": "$-1.07", "2020-06-30": "$-0.71", "2020-03-31": "$-1.19", "2019-12-31": "$-1.71", "2019-09-30": "$-1.67", "2019-06-30": "$-1.02", "2019-03-31": "$0.26", "2018-12-31": "$1.07", "2018-09-30": "$1.18", "2018-06-30": "$0.83", "2018-03-31": "$0.25", "2017-12-31": "$-0.02", "2017-09-30": "$0.31", "2017-06-30": "$0.36", "2017-03-31": "$0.48", "2016-12-31": "$1.17", "2016-09-30": "$0.71", "2016-06-30": "$0.59", "2016-03-31": "$0.62", "2015-12-31": "$0.67", "2015-09-30": "$0.67", "2015-06-30": "$0.81", "2015-03-31": "$0.63", "2014-12-31": "$0.06", "2014-09-30": "$0.54", "2014-06-30": "$0.49", "2014-03-31": "$0.33", "2013-12-31": "$0.76", "2013-09-30": "$0.71", "2013-06-30": "$1.04", "2013-03-31": "$1.74", "2012-12-31": "$1.51", "2012-09-30": "$1.53", "2012-06-30": "$1.12", "2012-03-31": "$1.05", "2011-12-31": "$1.36", "2011-09-30": "$1.01", "2011-06-30": "$0.65", "2011-03-31": "$-0.06", "2010-12-31": "$-0.30", "2010-09-30": "$-0.00", "2010-06-30": "$0.52", "2010-03-31": "$1.80", "2009-12-31": "$1.85", "2009-09-30": "$0.93", "2009-06-30": "$-0.24", "2009-03-31": "$-1.12", "2008-12-31": "$-0.49", "2008-09-30": "$0.33", "2008-06-30": "$1.01", "2008-03-31": "$0.52", "2007-12-31": "$-0.99", "2007-09-30": "$-1.37", "2007-06-30": "$-1.17", "2007-03-31": "$-0.86", "2006-12-31": "$-0.05"}, "net worth": {"value": "$11.66B"}, "current ratio": {"current": "0.73", "2020-09-30": "0.73", "2020-06-30": "0.58", "2020-03-31": "1.03", "2019-12-31": "0.99", "2019-09-30": "1.00", "2019-06-30": "1.11", "2019-03-31": "1.09", "2018-12-31": "2.13", "2018-09-30": "1.06", "2018-06-30": "0.95", "2018-03-31": "1.17", "2017-12-31": "1.11", "2017-09-30": "0.91", "2017-06-30": "0.94", "2017-03-31": "1.10", "2016-12-31": "0.95", "2016-09-30": "1.06", "2016-06-30": "1.01", "2016-03-31": "0.92", "2015-12-31": "1.09", "2015-09-30": "0.75", "2015-06-30": "0.80", "2015-03-31": "0.84", "2014-12-31": "1.17", "2014-09-30": "0.86", "2014-06-30": "0.84", "2014-03-31": "0.97", "2013-12-31": "0.88", "2013-09-30": "0.89", "2013-06-30": "0.93", "2013-03-31": "0.76", "2012-12-31": "0.80", "2012-09-30": "0.82", "2012-06-30": "0.92", "2012-03-31": "1.09", "2011-12-31": "0.90", "2011-09-30": "0.86", "2011-06-30": "0.87", "2011-03-31": "0.92", "2010-12-31": "0.99", "2010-09-30": "0.74", "2010-06-30": "0.78", "2010-03-31": "0.75", "2009-12-31": "0.96", "2009-09-30": "0.86", "2009-06-30": "0.92", "2009-03-31": "0.95", "2008-12-31": "1.07", "2008-09-30": "0.99", "2008-06-30": "0.92", "2008-03-31": "0.72", "2007-12-31": "0.74", "2007-09-30": "0.69", "2007-06-30": "0.69", "2007-03-31": "0.65", "2006-12-31": "0.71", "2006-09-30": "0.76", "2006-06-30": "0.93", "2006-03-31": "0.82", "2005-12-31": "0.96", "2005-09-30": "0.53", "2005-06-30": "0.55", "2005-03-31": "0.53"}, "quick ratio": {"2020-09-30": "0.59", "2020-06-30": "0.47", "2020-03-31": "0.94", "2019-12-31": "0.87", "2019-09-30": "0.83", "2019-06-30": "0.95", "2019-03-31": "0.97", "2018-12-31": "2.01", "2018-09-30": "0.90", "2018-06-30": "0.83", "2018-03-31": "1.07", "2017-12-31": "0.98", "2017-09-30": "0.77", "2017-06-30": "0.81", "2017-03-31": "0.98", "2016-12-31": "0.85", "2016-09-30": "0.91", "2016-06-30": "0.89", "2016-03-31": "0.83", "2015-12-31": "0.95", "2015-09-30": "0.65", "2015-06-30": "0.72", "2015-03-31": "0.78", "2014-12-31": "1.04", "2014-09-30": "0.72", "2014-06-30": "0.74", "2014-03-31": "0.91", "2013-12-31": "0.79", "2013-09-30": "0.75", "2013-06-30": "0.82", "2013-03-31": "0.69", "2012-12-31": "0.71", "2012-09-30": "0.71", "2012-06-30": "0.84", "2012-03-31": "0.99", "2011-12-31": "0.77", "2011-09-30": "0.67", "2011-06-30": "0.73", "2011-03-31": "0.83", "2010-12-31": "0.84", "2010-09-30": "0.60", "2010-06-30": "0.68", "2010-03-31": "0.69", "2009-12-31": "0.85", "2009-09-30": "0.70", "2009-06-30": "0.81", "2009-03-31": "0.88", "2008-12-31": "0.87", "2008-09-30": "0.74", "2008-06-30": "0.77", "2008-03-31": "0.67", "2007-12-31": "0.61", "2007-09-30": "0.53", "2007-06-30": "0.58", "2007-03-31": "0.60", "2006-12-31": "0.62", "2006-09-30": "0.65", "2006-06-30": "0.82", "2006-03-31": "0.75", "2005-12-31": "0.83", "2005-09-30": "0.44", "2005-06-30": "0.48", "2005-03-31": "0.50"}, "debt equity ratio": {"current": "2.01", "2020-09-30": "2.90", "2020-06-30": "2.83", "2020-03-31": "3.79", "2019-12-31": "3.25", "2019-09-30": "3.15", "2019-06-30": "3.14", "2019-03-31": "3.13", "2018-12-31": "2.35", "2018-09-30": "3.04", "2018-06-30": "3.73", "2018-03-31": "3.61", "2017-12-31": "3.85", "2017-09-30": "5.12", "2017-06-30": "5.19", "2017-03-31": "5.20", "2016-12-31": "5.31", "2016-09-30": "5.13", "2016-06-30": "5.19", "2016-03-31": "4.99", "2015-12-31": "5.15", "2015-09-30": "4.37", "2015-06-30": "3.97", "2015-03-31": "3.96", "2014-12-31": "4.10", "2014-09-30": "3.93", "2014-06-30": "3.95", "2014-03-31": "4.04", "2013-12-31": "4.05", "2013-09-30": "4.06", "2013-06-30": "4.17", "2013-03-31": "4.12", "2012-12-31": "4.32", "2012-09-30": "4.28", "2012-06-30": "4.19", "2012-03-31": "4.22", "2011-12-31": "4.14", "2011-09-30": "3.98", "2011-06-30": "4.94", "2011-03-31": "5.00", "2010-12-31": "5.29", "2010-09-30": "5.20", "2010-06-30": "5.38", "2010-03-31": "6.14", "2009-12-31": "6.49", "2009-09-30": "6.21", "2009-06-30": "7.37", "2009-03-31": "8.09", "2008-12-31": "8.73", "2008-09-30": "8.24", "2008-06-30": "8.20", "2008-03-31": "8.33", "2007-12-31": "8.87", "2007-09-30": "8.97", "2007-06-30": "9.25", "2007-03-31": "9.45", "2006-12-31": "10.33", "2006-09-30": "9.83", "2006-06-30": "10.11", "2006-03-31": "11.21", "2005-12-31": "12.21", "2005-09-30": "12.56", "2005-06-30": "12.46", "2005-03-31": "14.47"}, "return on equity": {"2020-09-30": "-12.11%", "2020-06-30": "-9.98%", "2020-03-31": "-8.69%", "2019-12-31": "8.13%", "2019-09-30": "7.74%", "2019-06-30": "7.30%", "2019-03-31": "4.66%", "2018-12-31": "5.77%", "2018-09-30": "31.21%", "2018-06-30": "34.88%", "2018-03-31": "42.21%", "2017-12-31": "46.53%", "2017-09-30": "16.84%", "2017-06-30": "17.30%", "2017-03-31": "13.56%", "2016-12-31": "12.49%", "2016-09-30": "-5.15%", "2016-06-30": "-20.75%", "2016-03-31": "-17.18%", "2015-12-31": "-16.63%", "2015-09-30": "-0.16%", "2015-06-30": "11.62%", "2015-03-31": "12.36%", "2014-12-31": "13.68%", "2014-09-30": "12.43%", "2014-06-30": "12.76%", "2014-03-31": "8.12%", "2013-12-31": "7.25%", "2013-09-30": "7.76%", "2013-06-30": "4.46%", "2013-03-31": "9.66%", "2012-12-31": "9.71%", "2012-09-30": "9.36%", "2012-06-30": "31.98%", "2012-03-31": "33.84%", "2011-12-31": "36.17%", "2011-09-30": "39.02%", "2011-06-30": "15.93%", "2011-03-31": "15.05%", "2010-12-31": "14.62%", "2010-09-30": "14.66%", "2010-06-30": "15.06%", "2010-03-31": "16.47%", "2009-12-31": "15.61%", "2009-09-30": "15.88%", "2009-06-30": "17.93%", "2009-03-31": "19.27%", "2008-12-31": "22.51%", "2008-09-30": "24.01%", "2008-06-30": "22.62%", "2008-03-31": "21.77%", "2007-12-31": "22.97%", "2007-09-30": "21.62%", "2007-06-30": "21.69%", "2007-03-31": "30.22%", "2006-12-31": "28.94%", "2006-09-30": "31.23%", "2006-06-30": "30.80%", "2006-03-31": "21.67%", "2005-12-31": "20.87%"}, "return on assets": {"2020-09-30": "-2.91%", "2020-06-30": "-2.36%", "2020-03-31": "-2.02%", "2019-12-31": "1.95%", "2019-09-30": "1.96%", "2019-06-30": "1.87%", "2019-03-31": "1.17%", "2018-12-31": "1.42%", "2018-09-30": "6.88%", "2018-06-30": "6.96%", "2018-03-31": "7.90%", "2017-12-31": "8.07%", "2017-09-30": "2.72%", "2017-06-30": "2.79%", "2017-03-31": "2.18%", "2016-12-31": "2.03%", "2016-09-30": "-0.84%", "2016-06-30": "-3.52%", "2016-03-31": "-3.09%", "2015-12-31": "-3.13%", "2015-09-30": "-0.03%", "2015-06-30": "2.33%", "2015-03-31": "2.48%", "2014-12-31": "2.73%", "2014-09-30": "2.49%", "2014-06-30": "2.54%", "2014-03-31": "1.60%", "2013-12-31": "1.42%", "2013-09-30": "1.50%", "2013-06-30": "0.85%", "2013-03-31": "1.85%", "2012-12-31": "1.85%", "2012-09-30": "1.80%", "2012-06-30": "6.23%", "2012-03-31": "6.41%", "2011-12-31": "6.63%", "2011-09-30": "6.79%", "2011-06-30": "2.61%", "2011-03-31": "2.42%", "2010-12-31": "2.26%", "2010-09-30": "2.17%", "2010-06-30": "2.14%", "2010-03-31": "2.19%", "2009-12-31": "1.96%", "2009-09-30": "1.87%", "2009-06-30": "1.97%", "2009-03-31": "2.07%", "2008-12-31": "2.40%", "2008-09-30": "2.55%", "2008-06-30": "2.36%", "2008-03-31": "2.21%", "2007-12-31": "2.27%", "2007-09-30": "2.06%", "2007-06-30": "2.03%", "2007-03-31": "2.77%", "2006-12-31": "2.55%", "2006-09-30": "2.65%", "2006-06-30": "2.47%", "2006-03-31": "1.66%", "2005-12-31": "1.50%"}, "return on investments": {"2020-09-30": "5.70%", "2020-06-30": "5.82%", "2020-03-31": "5.59%", "2019-12-31": "5.49%", "2019-09-30": "4.62%", "2019-06-30": "4.51%", "2019-03-31": "4.95%", "2018-12-31": "6.05%", "2018-09-30": "7.61%", "2018-06-30": "8.43%", "2018-03-31": "9.09%", "2017-12-31": "9.75%", "2017-09-30": "10.15%", "2017-06-30": "10.02%", "2017-03-31": "9.50%", "2016-12-31": "9.25%", "2016-09-30": "8.45%", "2016-06-30": "8.19%", "2016-03-31": "8.05%", "2015-12-31": "7.85%", "2015-09-30": "7.61%", "2015-06-30": "7.27%", "2015-03-31": "7.26%", "2014-12-31": "7.56%", "2014-09-30": "7.54%", "2014-06-30": "7.67%", "2014-03-31": "7.98%", "2013-12-31": "8.28%", "2013-09-30": "9.00%", "2013-06-30": "7.63%", "2013-03-31": "8.13%", "2012-12-31": "8.06%", "2012-09-30": "7.75%", "2012-06-30": "9.82%", "2012-03-31": "10.04%", "2011-12-31": "10.51%", "2011-09-30": "10.89%", "2011-06-30": "10.93%", "2011-03-31": "10.67%", "2010-12-31": "10.82%", "2010-09-30": "10.90%", "2010-06-30": "10.54%", "2010-03-31": "10.36%", "2009-12-31": "9.57%", "2009-09-30": "9.51%", "2009-06-30": "9.84%", "2009-03-31": "10.33%", "2008-12-31": "11.12%", "2008-09-30": "11.63%", "2008-06-30": "11.69%", "2008-03-31": "11.57%", "2007-12-31": "12.02%", "2007-09-30": "11.57%", "2007-06-30": "11.68%", "2007-03-31": "11.39%", "2006-12-31": "10.87%", "2006-09-30": "10.90%", "2006-06-30": "10.78%", "2006-03-31": "10.95%", "2005-12-31": "10.86%"}, "return on tangible equity": {"2020-09-30": "-29.60%", "2020-06-30": "-26.11%", "2020-03-31": "-24.63%", "2019-12-31": "23.20%", "2019-09-30": "16.66%", "2019-06-30": "12.82%", "2019-03-31": "6.77%", "2018-12-31": "6.81%", "2018-09-30": "37.87%", "2018-06-30": "43.30%", "2018-03-31": "53.25%", "2017-12-31": "60.04%", "2017-09-30": "22.29%", "2017-06-30": "22.96%", "2017-03-31": "18.05%", "2016-12-31": "16.60%", "2016-09-30": "-6.82%", "2016-06-30": "-27.10%", "2016-03-31": "-21.91%", "2015-12-31": "-20.84%", "2015-09-30": "-0.19%", "2015-06-30": "14.26%", "2015-03-31": "15.20%", "2014-12-31": "16.86%", "2014-09-30": "15.35%", "2014-06-30": "15.81%", "2014-03-31": "10.09%", "2013-12-31": "9.45%", "2013-09-30": "10.62%", "2013-06-30": "6.43%", "2013-03-31": "14.94%", "2012-12-31": "15.38%", "2012-09-30": "15.18%", "2012-06-30": "53.12%", "2012-03-31": "58.68%", "2011-12-31": "66.00%", "2011-09-30": "75.78%", "2011-06-30": "33.58%", "2011-03-31": "32.44%", "2010-12-31": "33.28%", "2010-09-30": "35.59%", "2010-06-30": "39.31%", "2010-03-31": "49.45%", "2009-12-31": "54.13%", "2009-09-30": "66.42%", "2009-06-30": "93.82%", "2009-03-31": "117.51%", "2008-12-31": "156.22%", "2008-09-30": "199.14%", "2008-06-30": "279.60%", "2008-03-31": "505.88%", "2007-12-31": "2633.33%", "2007-09-30": "-705.42%", "2007-06-30": "-332.54%", "2007-03-31": "-288.15%", "2006-12-31": "-170.08%", "2006-09-30": "-139.38%", "2006-06-30": "-98.63%", "2006-03-31": "-53.66%", "2005-12-31": "-44.25%"}, "dividend yield history": {"last payout": "$0.60", "last yield": "2.80%"}}