{"ticker": "CDAY", "price": {"title": "Ceridian HCM Holding Historical Annual Stock Price Data", "value": 101.84, "historical": {"2020": {"Average Stock Price": "75.8953", "Year Open": "70.0200", "Year High": "110.1600", "Year Low": "39.2100", "Year Close": "106.5600", "Annual % Change": "56.98%"}, "2019": {"Average Stock Price": "50.6515", "Year Open": "33.7600", "Year High": "68.0100", "Year Low": "33.2300", "Year Close": "67.8800", "Annual % Change": "96.81%"}, "2018": {"Average Stock Price": "36.4951", "Year Open": "31.2100", "Year High": "44.2900", "Year Low": "30.5200", "Year Close": "34.4900", "Annual % Change": "0.00%"}}}, "market cap": {"value": "$15.05B"}, "income statement": {"Revenue": {"2019-12-31": "824.10000", "2018-12-31": "740.70000", "2017-12-31": "676.20000", "2016-12-31": "623.40000", "2015-12-31": "693.90000"}, "Cost Of Goods Sold": {"2019-12-31": "455.90000", "2018-12-31": "425.80000", "2017-12-31": "406.70000", "2016-12-31": "396.40000", "2015-12-31": "413.10000"}, "Gross Profit": {"2019-12-31": "368.20000", "2018-12-31": "314.90000", "2017-12-31": "269.50000", "2016-12-31": "227.00000", "2015-12-31": "280.80000"}, "Research And Development Expenses": {"2019-12-31": "", "2018-12-31": "", "2017-12-31": "", "2016-12-31": "", "2015-12-31": ""}, "SG&A Expenses": {"2019-12-31": "295.90000", "2018-12-31": "258.80000", "2017-12-31": "214.10000", "2016-12-31": "225.30000", "2015-12-31": "245.50000"}, "Other Operating Income Or Expenses": {"2019-12-31": "", "2018-12-31": "", "2017-12-31": "", "2016-12-31": "-12.90000", "2015-12-31": "-27.80000"}, "Operating Expenses": {"2019-12-31": "751.80000", "2018-12-31": "684.60000", "2017-12-31": "620.80000", "2016-12-31": "634.60000", "2015-12-31": "686.40000"}, "Operating Income": {"2019-12-31": "72.30000", "2018-12-31": "56.10000", "2017-12-31": "55.40000", "2016-12-31": "-11.20000", "2015-12-31": "7.50010"}, "Total Non-Operating Income/Expense": {"2019-12-31": "-38.00000", "2018-12-31": "-83.00000", "2017-12-31": "-95.90000", "2016-12-31": "-87.40000", "2015-12-31": "-87.80000"}, "Pre-Tax Income": {"2019-12-31": "34.30000", "2018-12-31": "-26.90000", "2017-12-31": "-40.50000", "2016-12-31": "-98.60000", "2015-12-31": "-80.30000"}, "Income Taxes": {"2019-12-31": "-44.40000", "2018-12-31": "8.40000", "2017-12-31": "-48.50000", "2016-12-31": "6.70000", "2015-12-31": "8.60000"}, "Income After Taxes": {"2019-12-31": "78.70000", "2018-12-31": "-35.30000", "2017-12-31": "8.00000", "2016-12-31": "-105.30000", "2015-12-31": "-88.90000"}, "Other Income": {"2019-12-31": "", "2018-12-31": "", "2017-12-31": "", "2016-12-31": "", "2015-12-31": ""}, "Income From Continuous Operations": {"2019-12-31": "78.70000", "2018-12-31": "-35.30000", "2017-12-31": "8.00000", "2016-12-31": "-105.30000", "2015-12-31": "-88.90000"}, "Income From Discontinued Operations": {"2019-12-31": "", "2018-12-31": "-25.80000", "2017-12-31": "-6.00000", "2016-12-31": "12.50000", "2015-12-31": "-15.80000"}, "Net Income": {"2019-12-31": "78.70000", "2018-12-31": "-60.60000", "2017-12-31": "3.30000", "2016-12-31": "-92.90000", "2015-12-31": "-104.70000"}, "EBITDA": {"2019-12-31": "130.60000", "2018-12-31": "114.80000", "2017-12-31": "112.90000", "2016-12-31": "45.50000", "2015-12-31": "66.70010"}, "EBIT": {"2019-12-31": "72.30000", "2018-12-31": "56.10000", "2017-12-31": "55.40000", "2016-12-31": "-11.20000", "2015-12-31": "7.50010"}, "Basic Shares Outstanding": {"2019-12-31": "142.04900", "2018-12-31": "114.05000", "2017-12-31": "65.20500", "2016-12-31": "64.98800", "2015-12-31": "64.92500"}, "Shares Outstanding": {"2019-12-31": "148.75700", "2018-12-31": "114.05000", "2017-12-31": "65.20500", "2016-12-31": "64.98800", "2015-12-31": "64.92500"}, "Basic EPS": {"2019-12-31": "0.55000", "2018-12-31": "-0.60000", "2017-12-31": "-0.26000", "2016-12-31": "-1.65000", "2015-12-31": "-1.61000"}, "EPS - Earnings Per Share": {"2019-12-31": "0.53000", "2018-12-31": "-0.60000", "2017-12-31": "-0.26000", "2016-12-31": "-1.65000", "2015-12-31": "-1.61000"}}, "income statement, quarterly": {"Revenue": {"2020-09-30": "204.40000", "2020-06-30": "192.60000", "2020-03-31": "222.70000", "2019-12-31": "221.80000", "2019-09-30": "202.30000", "2019-06-30": "196.30000", "2019-03-31": "203.70000", "2018-12-31": "194.80000", "2018-09-30": "178.10000", "2018-06-30": "179.00000", "2018-03-31": "188.80000", "2017-12-31": "168.20000", "2017-09-30": "163.50000", "2017-06-30": "157.50000", "2017-03-31": "187.00000", "2016-12-31": "", "2015-12-31": ""}, "Cost Of Goods Sold": {"2020-09-30": "127.70000", "2020-06-30": "114.00000", "2020-03-31": "122.20000", "2019-12-31": "124.00000", "2019-09-30": "113.50000", "2019-06-30": "108.30000", "2019-03-31": "110.10000", "2018-12-31": "108.80000", "2018-09-30": "104.60000", "2018-06-30": "106.50000", "2018-03-31": "105.90000", "2017-12-31": "91.50000", "2017-09-30": "102.20000", "2017-06-30": "99.80000", "2017-03-31": "113.20000", "2016-12-31": "", "2015-12-31": ""}, "Gross Profit": {"2020-09-30": "76.70000", "2020-06-30": "78.60000", "2020-03-31": "100.50000", "2019-12-31": "97.80000", "2019-09-30": "88.80000", "2019-06-30": "88.00000", "2019-03-31": "93.60000", "2018-12-31": "86.00000", "2018-09-30": "73.50000", "2018-06-30": "72.50000", "2018-03-31": "82.90000", "2017-12-31": "76.70000", "2017-09-30": "61.30000", "2017-06-30": "57.70000", "2017-03-31": "73.80000", "2016-12-31": "", "2015-12-31": ""}, "Research And Development Expenses": {"2020-09-30": "", "2020-06-30": "", "2020-03-31": "", "2019-12-31": "", "2019-09-30": "", "2019-06-30": "", "2019-03-31": "", "2018-12-31": "", "2018-09-30": "", "2018-06-30": "", "2018-03-31": "", "2017-12-31": "0.00000", "2017-09-30": "", "2017-06-30": "", "2017-03-31": "", "2016-12-31": "", "2015-12-31": ""}, "SG&A Expenses": {"2020-09-30": "77.30000", "2020-06-30": "74.60000", "2020-03-31": "74.20000", "2019-12-31": "78.10000", "2019-09-30": "82.30000", "2019-06-30": "69.30000", "2019-03-31": "66.20000", "2018-12-31": "65.70000", "2018-09-30": "57.30000", "2018-06-30": "80.90000", "2018-03-31": "54.90000", "2017-12-31": "39.50000", "2017-09-30": "52.40000", "2017-06-30": "54.80000", "2017-03-31": "60.70000", "2016-12-31": "", "2015-12-31": ""}, "Other Operating Income Or Expenses": {"2020-09-30": "", "2020-06-30": "", "2020-03-31": "", "2019-12-31": "", "2019-09-30": "", "2019-06-30": "", "2019-03-31": "", "2018-12-31": "", "2018-09-30": "", "2018-06-30": "", "2018-03-31": "", "2017-12-31": "", "2017-09-30": "-3.80000", "2017-06-30": "-2.00000", "2017-03-31": "-0.90000", "2016-12-31": "", "2015-12-31": ""}, "Operating Expenses": {"2020-09-30": "205.00000", "2020-06-30": "188.60000", "2020-03-31": "196.40000", "2019-12-31": "202.10000", "2019-09-30": "195.80000", "2019-06-30": "177.60000", "2019-03-31": "176.30000", "2018-12-31": "174.50000", "2018-09-30": "161.90000", "2018-06-30": "187.40000", "2018-03-31": "160.80000", "2017-12-31": "131.00000", "2017-09-30": "158.40000", "2017-06-30": "156.60000", "2017-03-31": "174.80000", "2016-12-31": "", "2015-12-31": ""}, "Operating Income": {"2020-09-30": "-0.60000", "2020-06-30": "4.00000", "2020-03-31": "26.30000", "2019-12-31": "19.70000", "2019-09-30": "6.50000", "2019-06-30": "18.70000", "2019-03-31": "27.40000", "2018-12-31": "20.30000", "2018-09-30": "16.20000", "2018-06-30": "-8.40000", "2018-03-31": "28.00000", "2017-12-31": "37.20000", "2017-09-30": "5.10000", "2017-06-30": "0.90000", "2017-03-31": "12.20000", "2016-12-31": "", "2015-12-31": ""}, "Total Non-Operating Income/Expense": {"2020-09-30": "-5.70000", "2020-06-30": "-6.90000", "2020-03-31": "-9.50000", "2019-12-31": "-8.10000", "2019-09-30": "-9.40000", "2019-06-30": "-10.00000", "2019-03-31": "-10.50000", "2018-12-31": "-9.30000", "2018-09-30": "-9.70000", "2018-06-30": "-44.00000", "2018-03-31": "-20.00000", "2017-12-31": "-30.60000", "2017-09-30": "-21.90000", "2017-06-30": "-22.00000", "2017-03-31": "-21.40000", "2016-12-31": "", "2015-12-31": ""}, "Pre-Tax Income": {"2020-09-30": "-6.30000", "2020-06-30": "-2.90000", "2020-03-31": "16.80000", "2019-12-31": "11.60000", "2019-09-30": "-2.90000", "2019-06-30": "8.70000", "2019-03-31": "16.90000", "2018-12-31": "11.00000", "2018-09-30": "6.50000", "2018-06-30": "-52.40000", "2018-03-31": "8.00000", "2017-12-31": "6.60000", "2017-09-30": "-16.80000", "2017-06-30": "-21.10000", "2017-03-31": "-9.20000", "2016-12-31": "", "2015-12-31": ""}, "Income Taxes": {"2020-09-30": "-5.50000", "2020-06-30": "-8.40000", "2020-03-31": "8.20000", "2019-12-31": "13.10000", "2019-09-30": "-65.60000", "2019-06-30": "2.40000", "2019-03-31": "5.70000", "2018-12-31": "2.10000", "2018-09-30": "-0.70000", "2018-06-30": "1.20000", "2018-03-31": "5.80000", "2017-12-31": "-53.80000", "2017-09-30": "0.90000", "2017-06-30": "1.90000", "2017-03-31": "2.50000", "2016-12-31": "", "2015-12-31": ""}, "Income After Taxes": {"2020-09-30": "-0.80000", "2020-06-30": "5.50000", "2020-03-31": "8.60000", "2019-12-31": "-1.50000", "2019-09-30": "62.70000", "2019-06-30": "6.30000", "2019-03-31": "11.20000", "2018-12-31": "8.90000", "2018-09-30": "7.20000", "2018-06-30": "-53.60000", "2018-03-31": "2.20000", "2017-12-31": "60.40000", "2017-09-30": "-17.70000", "2017-06-30": "-23.00000", "2017-03-31": "-11.70000", "2016-12-31": "", "2015-12-31": ""}, "Other Income": {"2020-09-30": "", "2020-06-30": "", "2020-03-31": "", "2019-12-31": "", "2019-09-30": "", "2019-06-30": "", "2019-03-31": "", "2018-12-31": "", "2018-09-30": "", "2018-06-30": "", "2018-03-31": "", "2017-12-31": "0.00000", "2017-09-30": "", "2017-06-30": "", "2017-03-31": "", "2016-12-31": "", "2015-12-31": ""}, "Income From Continuous Operations": {"2020-09-30": "-0.80000", "2020-06-30": "5.50000", "2020-03-31": "8.60000", "2019-12-31": "-1.50000", "2019-09-30": "62.70000", "2019-06-30": "6.30000", "2019-03-31": "11.20000", "2018-12-31": "8.90000", "2018-09-30": "7.20000", "2018-06-30": "-53.60000", "2018-03-31": "2.20000", "2017-12-31": "60.40000", "2017-09-30": "-17.70000", "2017-06-30": "-23.00000", "2017-03-31": "-11.70000", "2016-12-31": "", "2015-12-31": ""}, "Income From Discontinued Operations": {"2020-09-30": "", "2020-06-30": "", "2020-03-31": "", "2019-12-31": "", "2019-09-30": "", "2019-06-30": "", "2019-03-31": "", "2018-12-31": "-11.00000", "2018-09-30": "-3.00000", "2018-06-30": "-9.70000", "2018-03-31": "-2.10000", "2017-12-31": "-3.80000", "2017-09-30": "-2.90000", "2017-06-30": "0.20000", "2017-03-31": "0.50000", "2016-12-31": "", "2015-12-31": ""}, "Net Income": {"2020-09-30": "-0.80000", "2020-06-30": "5.50000", "2020-03-31": "8.60000", "2019-12-31": "-1.50000", "2019-09-30": "62.70000", "2019-06-30": "6.30000", "2019-03-31": "11.20000", "2018-12-31": "5.60000", "2018-09-30": "4.20000", "2018-06-30": "-65.70000", "2018-03-31": "-4.70000", "2017-12-31": "57.50000", "2017-09-30": "-20.10000", "2017-06-30": "-22.90000", "2017-03-31": "-11.20000", "2016-12-31": "", "2015-12-31": ""}, "EBITDA": {"2020-09-30": "12.70000", "2020-06-30": "16.40000", "2020-03-31": "38.40000", "2019-12-31": "33.30000", "2019-09-30": "21.60000", "2019-06-30": "33.60000", "2019-03-31": "42.10000", "2018-12-31": "34.70000", "2018-09-30": "30.80000", "2018-06-30": "6.40000", "2018-03-31": "42.90000", "2017-12-31": "56.40000", "2017-09-30": "19.60000", "2017-06-30": "13.90000", "2017-03-31": "27.10000", "2016-12-31": "", "2015-12-31": ""}, "EBIT": {"2020-09-30": "-0.60000", "2020-06-30": "4.00000", "2020-03-31": "26.30000", "2019-12-31": "19.70000", "2019-09-30": "6.50000", "2019-06-30": "18.70000", "2019-03-31": "27.40000", "2018-12-31": "20.30000", "2018-09-30": "16.20000", "2018-06-30": "-8.40000", "2018-03-31": "28.00000", "2017-12-31": "37.20000", "2017-09-30": "5.10000", "2017-06-30": "0.90000", "2017-03-31": "12.20000", "2016-12-31": "", "2015-12-31": ""}, "Basic Shares Outstanding": {"2020-09-30": "147.14100", "2020-06-30": "145.59300", "2020-03-31": "144.64500", "2019-12-31": "142.04900", "2019-09-30": "142.78100", "2019-06-30": "141.14900", "2019-03-31": "140.14900", "2018-12-31": "114.05000", "2018-09-30": "137.76900", "2018-06-30": "113.31100", "2018-03-31": "65.31450", "2017-12-31": "65.20500", "2017-09-30": "65.28200", "2017-06-30": "65.22500", "2017-03-31": "65.03400", "2016-12-31": "", "2015-12-31": ""}, "Shares Outstanding": {"2020-09-30": "147.14100", "2020-06-30": "151.44500", "2020-03-31": "151.17900", "2019-12-31": "148.75700", "2019-09-30": "149.15300", "2019-06-30": "148.33200", "2019-03-31": "147.04200", "2018-12-31": "114.05000", "2018-09-30": "145.06500", "2018-06-30": "113.31100", "2018-03-31": "65.31450", "2017-12-31": "65.20500", "2017-09-30": "65.28200", "2017-06-30": "65.22500", "2017-03-31": "65.03400", "2016-12-31": "", "2015-12-31": ""}, "Basic EPS": {"2020-09-30": "-0.01000", "2020-06-30": "0.04000", "2020-03-31": "0.06000", "2019-12-31": "-0.01000", "2019-09-30": "0.44000", "2019-06-30": "0.04000", "2019-03-31": "0.08000", "2018-12-31": "0.02000", "2018-09-30": "0.03000", "2018-06-30": "-0.58000", "2018-03-31": "-0.07000", "2017-12-31": "0.80000", "2017-09-30": "-0.39000", "2017-06-30": "-0.43000", "2017-03-31": "-0.24000", "2016-12-31": "", "2015-12-31": ""}, "EPS - Earnings Per Share": {"2020-09-30": "-0.01000", "2020-06-30": "0.04000", "2020-03-31": "0.06000", "2019-12-31": "-0.01000", "2019-09-30": "0.42000", "2019-06-30": "0.04000", "2019-03-31": "0.08000", "2018-12-31": "0.02000", "2018-09-30": "0.03000", "2018-06-30": "-0.58000", "2018-03-31": "-0.07000", "2017-12-31": "0.80000", "2017-09-30": "-0.39000", "2017-06-30": "-0.43000", "2017-03-31": "-0.24000", "2016-12-31": "0.00000", "2015-12-31": "0.00000"}}, "balance sheet": {"Cash On Hand": {"2019-12-31": "281.30000", "2018-12-31": "217.80000", "2017-12-31": "94.20000", "2016-12-31": "131.40000", "2015-12-31": ""}, "Receivables": {"2019-12-31": "80.40000", "2018-12-31": "63.90000", "2017-12-31": "66.60000", "2016-12-31": "78.10000", "2015-12-31": ""}, "Inventory": {"2019-12-31": "", "2018-12-31": "", "2017-12-31": "", "2016-12-31": "", "2015-12-31": ""}, "Pre-Paid Expenses": {"2019-12-31": "57.90000", "2018-12-31": "48.90000", "2017-12-31": "36.40000", "2016-12-31": "31.70000", "2015-12-31": ""}, "Other Current Assets": {"2019-12-31": "3204.10000", "2018-12-31": "2603.50000", "2017-12-31": "4105.00000", "2016-12-31": "3703.80000", "2015-12-31": ""}, "Total Current Assets": {"2019-12-31": "3623.70000", "2018-12-31": "2934.10000", "2017-12-31": "4458.40000", "2016-12-31": "3945.00000", "2015-12-31": ""}, "Property, Plant, And Equipment": {"2019-12-31": "128.30000", "2018-12-31": "104.40000", "2017-12-31": "102.00000", "2016-12-31": "86.90000", "2015-12-31": ""}, "Long-Term Investments": {"2019-12-31": "", "2018-12-31": "", "2017-12-31": "", "2016-12-31": "", "2015-12-31": ""}, "Goodwill And Intangible Assets": {"2019-12-31": "2151.40000", "2018-12-31": "2114.90000", "2017-12-31": "2167.50000", "2016-12-31": "2290.90000", "2015-12-31": "0.00000"}, "Other Long-Term Assets": {"2019-12-31": "150.30000", "2018-12-31": "94.40000", "2017-12-31": "2.00000", "2016-12-31": "3.20000", "2015-12-31": ""}, "Total Long-Term Assets": {"2019-12-31": "2462.00000", "2018-12-31": "2313.70000", "2017-12-31": "2271.50000", "2016-12-31": "2381.00000", "2015-12-31": ""}, "Total Assets": {"2019-12-31": "6085.70000", "2018-12-31": "5247.80000", "2017-12-31": "6729.90000", "2016-12-31": "6326.00000", "2015-12-31": "0.00000"}, "Total Current Liabilities": {"2019-12-31": "3371.70000", "2018-12-31": "2769.60000", "2017-12-31": "4283.20000", "2016-12-31": "3879.00000", "2015-12-31": ""}, "Long Term Debt": {"2019-12-31": "666.30000", "2018-12-31": "663.50000", "2017-12-31": "1119.80000", "2016-12-31": "1139.80000", "2015-12-31": ""}, "Other Non-Current Liabilities": {"2019-12-31": "18.10000", "2018-12-31": "45.90000", "2017-12-31": "45.50000", "2016-12-31": "119.20000", "2015-12-31": ""}, "Total Long Term Liabilities": {"2019-12-31": "831.70000", "2018-12-31": "862.70000", "2017-12-31": "1317.70000", "2016-12-31": "1441.10000", "2015-12-31": ""}, "Total Liabilities": {"2019-12-31": "4203.40000", "2018-12-31": "3632.30000", "2017-12-31": "5600.90000", "2016-12-31": "5320.10000", "2015-12-31": "0.00000"}, "Common Stock Net": {"2019-12-31": "1.40000", "2018-12-31": "1.40000", "2017-12-31": "0.70000", "2016-12-31": "0.70000", "2015-12-31": "0.00000"}, "Retained Earnings (Accumulated Deficit)": {"2019-12-31": "-229.80000", "2018-12-31": "-335.60000", "2017-12-31": "-348.20000", "2016-12-31": "-318.50000", "2015-12-31": ""}, "Comprehensive Income": {"2019-12-31": "-338.40000", "2018-12-31": "-375.90000", "2017-12-31": "-312.10000", "2016-12-31": "-351.50000", "2015-12-31": ""}, "Other Share Holders Equity": {"2019-12-31": "", "2018-12-31": "", "2017-12-31": "", "2016-12-31": "-75.20000", "2015-12-31": "0.00000"}, "Share Holder Equity": {"2019-12-31": "1882.30000", "2018-12-31": "1615.50000", "2017-12-31": "1129.00000", "2016-12-31": "1005.90000", "2015-12-31": "0.00000"}, "Total Liabilities And Share Holders Equity": {"2019-12-31": "6085.70000", "2018-12-31": "5247.80000", "2017-12-31": "6729.90000", "2016-12-31": "6326.00000", "2015-12-31": "0.00000"}}, "balance sheet, quarterly": {"Cash On Hand": {"2020-09-30": "554.60000", "2020-06-30": "526.90000", "2020-03-31": "255.30000", "2019-12-31": "281.30000", "2019-09-30": "270.90000", "2019-06-30": "237.90000", "2019-03-31": "206.30000", "2018-12-31": "217.80000", "2018-09-30": "188.00000", "2018-06-30": "171.80000", "2018-03-31": "62.20000", "2017-12-31": "94.20000", "2017-09-30": "", "2017-06-30": "", "2017-03-31": "", "2016-12-31": "131.40000", "2015-12-31": ""}, "Receivables": {"2020-09-30": "91.40000", "2020-06-30": "92.90000", "2020-03-31": "82.80000", "2019-12-31": "80.40000", "2019-09-30": "69.50000", "2019-06-30": "67.80000", "2019-03-31": "68.80000", "2018-12-31": "63.90000", "2018-09-30": "62.60000", "2018-06-30": "63.90000", "2018-03-31": "81.10000", "2017-12-31": "66.60000", "2017-09-30": "", "2017-06-30": "", "2017-03-31": "", "2016-12-31": "78.10000", "2015-12-31": ""}, "Inventory": {"2020-09-30": "", "2020-06-30": "", "2020-03-31": "", "2019-12-31": "", "2019-09-30": "", "2019-06-30": "", "2019-03-31": "", "2018-12-31": "", "2018-09-30": "", "2018-06-30": "", "2018-03-31": "", "2017-12-31": "", "2017-09-30": "", "2017-06-30": "", "2017-03-31": "", "2016-12-31": "", "2015-12-31": ""}, "Pre-Paid Expenses": {"2020-09-30": "78.70000", "2020-06-30": "70.40000", "2020-03-31": "68.90000", "2019-12-31": "57.90000", "2019-09-30": "59.90000", "2019-06-30": "59.40000", "2019-03-31": "55.30000", "2018-12-31": "48.90000", "2018-09-30": "38.70000", "2018-06-30": "42.00000", "2018-03-31": "49.20000", "2017-12-31": "36.40000", "2017-09-30": "", "2017-06-30": "", "2017-03-31": "", "2016-12-31": "", "2015-12-31": ""}, "Other Current Assets": {"2020-09-30": "2646.60000", "2020-06-30": "2659.80000", "2020-03-31": "3649.50000", "2019-12-31": "3204.10000", "2019-09-30": "2604.00000", "2019-06-30": "3986.70000", "2019-03-31": "4559.70000", "2018-12-31": "2603.50000", "2018-09-30": "3429.00000", "2018-06-30": "3706.60000", "2018-03-31": "4295.70000", "2017-12-31": "4105.00000", "2017-09-30": "", "2017-06-30": "", "2017-03-31": "", "2016-12-31": "3735.50000", "2015-12-31": ""}, "Total Current Assets": {"2020-09-30": "3371.30000", "2020-06-30": "3350.00000", "2020-03-31": "4056.50000", "2019-12-31": "3623.70000", "2019-09-30": "3004.30000", "2019-06-30": "4351.80000", "2019-03-31": "4890.10000", "2018-12-31": "2934.10000", "2018-09-30": "3718.30000", "2018-06-30": "3984.30000", "2018-03-31": "4488.20000", "2017-12-31": "4458.40000", "2017-09-30": "", "2017-06-30": "", "2017-03-31": "", "2016-12-31": "3945.00000", "2015-12-31": ""}, "Property, Plant, And Equipment": {"2020-09-30": "132.20000", "2020-06-30": "129.60000", "2020-03-31": "124.60000", "2019-12-31": "128.30000", "2019-09-30": "108.80000", "2019-06-30": "106.30000", "2019-03-31": "103.90000", "2018-12-31": "104.40000", "2018-09-30": "100.60000", "2018-06-30": "100.10000", "2018-03-31": "103.40000", "2017-12-31": "102.00000", "2017-09-30": "", "2017-06-30": "", "2017-03-31": "", "2016-12-31": "319.30000", "2015-12-31": ""}, "Long-Term Investments": {"2020-09-30": "", "2020-06-30": "", "2020-03-31": "", "2019-12-31": "", "2019-09-30": "", "2019-06-30": "", "2019-03-31": "", "2018-12-31": "", "2018-09-30": "", "2018-06-30": "", "2018-03-31": "", "2017-12-31": "", "2017-09-30": "", "2017-06-30": "", "2017-03-31": "", "2016-12-31": "", "2015-12-31": ""}, "Goodwill And Intangible Assets": {"2020-09-30": "2208.60000", "2020-06-30": "2200.00000", "2020-03-31": "2116.00000", "2019-12-31": "2151.40000", "2019-09-30": "2142.90000", "2019-06-30": "2132.70000", "2019-03-31": "2129.20000", "2018-12-31": "2114.90000", "2018-09-30": "2142.10000", "2018-06-30": "2139.20000", "2018-03-31": "2282.40000", "2017-12-31": "2167.50000", "2017-09-30": "0.00000", "2017-06-30": "0.00000", "2017-03-31": "0.00000", "2016-12-31": "2290.90000", "2015-12-31": "0.00000"}, "Other Long-Term Assets": {"2020-09-30": "168.40000", "2020-06-30": "136.70000", "2020-03-31": "138.20000", "2019-12-31": "150.30000", "2019-09-30": "143.40000", "2019-06-30": "99.00000", "2019-03-31": "96.00000", "2018-12-31": "94.40000", "2018-09-30": "1.80000", "2018-06-30": "1.80000", "2018-03-31": "5.50000", "2017-12-31": "2.00000", "2017-09-30": "", "2017-06-30": "", "2017-03-31": "", "2016-12-31": "3.20000", "2015-12-31": ""}, "Total Long-Term Assets": {"2020-09-30": "2546.70000", "2020-06-30": "2503.90000", "2020-03-31": "2413.60000", "2019-12-31": "2462.00000", "2019-09-30": "2431.90000", "2019-06-30": "2377.50000", "2019-03-31": "2369.00000", "2018-12-31": "2313.70000", "2018-09-30": "2244.50000", "2018-06-30": "2241.10000", "2018-03-31": "2391.30000", "2017-12-31": "2271.50000", "2017-09-30": "", "2017-06-30": "", "2017-03-31": "", "2016-12-31": "2613.40000", "2015-12-31": ""}, "Total Assets": {"2020-09-30": "5918.00000", "2020-06-30": "5853.90000", "2020-03-31": "6470.10000", "2019-12-31": "6085.70000", "2019-09-30": "5436.20000", "2019-06-30": "6729.30000", "2019-03-31": "7259.10000", "2018-12-31": "5247.80000", "2018-09-30": "5962.80000", "2018-06-30": "6225.40000", "2018-03-31": "6879.50000", "2017-12-31": "6729.90000", "2017-09-30": "0.00000", "2017-06-30": "0.00000", "2017-03-31": "0.00000", "2016-12-31": "6326.00000", "2015-12-31": "0.00000"}, "Total Current Liabilities": {"2020-09-30": "2741.40000", "2020-06-30": "2744.50000", "2020-03-31": "3752.70000", "2019-12-31": "3371.70000", "2019-09-30": "2743.20000", "2019-06-30": "4093.30000", "2019-03-31": "4683.70000", "2018-12-31": "2769.60000", "2018-09-30": "3596.30000", "2018-06-30": "3863.60000", "2018-03-31": "4454.40000", "2017-12-31": "4283.20000", "2017-09-30": "", "2017-06-30": "", "2017-03-31": "", "2016-12-31": "3879.00000", "2015-12-31": ""}, "Long Term Debt": {"2020-09-30": "957.20000", "2020-06-30": "958.60000", "2020-03-31": "665.00000", "2019-12-31": "666.30000", "2019-09-30": "659.30000", "2019-06-30": "660.70000", "2019-03-31": "662.10000", "2018-12-31": "663.50000", "2018-09-30": "665.00000", "2018-06-30": "666.40000", "2018-03-31": "1120.50000", "2017-12-31": "1119.80000", "2017-09-30": "", "2017-06-30": "", "2017-03-31": "", "2016-12-31": "1139.80000", "2015-12-31": ""}, "Other Non-Current Liabilities": {"2020-09-30": "40.80000", "2020-06-30": "19.50000", "2020-03-31": "20.10000", "2019-12-31": "18.10000", "2019-09-30": "19.70000", "2019-06-30": "41.00000", "2019-03-31": "42.70000", "2018-12-31": "45.90000", "2018-09-30": "38.40000", "2018-06-30": "40.20000", "2018-03-31": "53.80000", "2017-12-31": "45.50000", "2017-09-30": "", "2017-06-30": "", "2017-03-31": "", "2016-12-31": "301.30000", "2015-12-31": ""}, "Total Long Term Liabilities": {"2020-09-30": "1140.30000", "2020-06-30": "1123.70000", "2020-03-31": "831.80000", "2019-12-31": "831.70000", "2019-09-30": "839.90000", "2019-06-30": "878.90000", "2019-03-31": "888.60000", "2018-12-31": "862.70000", "2018-09-30": "828.00000", "2018-06-30": "848.00010", "2018-03-31": "1321.60000", "2017-12-31": "1317.70000", "2017-09-30": "", "2017-06-30": "", "2017-03-31": "", "2016-12-31": "1441.10000", "2015-12-31": ""}, "Total Liabilities": {"2020-09-30": "3881.70000", "2020-06-30": "3868.20000", "2020-03-31": "4584.50000", "2019-12-31": "4203.40000", "2019-09-30": "3583.10000", "2019-06-30": "4972.20000", "2019-03-31": "5572.30000", "2018-12-31": "3632.30000", "2018-09-30": "4424.30000", "2018-06-30": "4711.60000", "2018-03-31": "5776.00000", "2017-12-31": "5600.90000", "2017-09-30": "0.00000", "2017-06-30": "0.00000", "2017-03-31": "0.00000", "2016-12-31": "5320.10000", "2015-12-31": "0.00000"}, "Common Stock Net": {"2020-09-30": "1.50000", "2020-06-30": "1.50000", "2020-03-31": "1.40000", "2019-12-31": "1.40000", "2019-09-30": "1.40000", "2019-06-30": "1.40000", "2019-03-31": "1.40000", "2018-12-31": "1.40000", "2018-09-30": "1.40000", "2018-06-30": "1.40000", "2018-03-31": "0.70000", "2017-12-31": "0.70000", "2017-09-30": "0.00000", "2017-06-30": "0.00000", "2017-03-31": "0.00000", "2016-12-31": "0.70000", "2015-12-31": "0.00000"}, "Retained Earnings (Accumulated Deficit)": {"2020-09-30": "-216.50000", "2020-06-30": "-215.70000", "2020-03-31": "-221.20000", "2019-12-31": "-229.80000", "2019-09-30": "-228.30000", "2019-06-30": "-291.00000", "2019-03-31": "-297.30000", "2018-12-31": "-335.60000", "2018-09-30": "-419.10000", "2018-06-30": "-423.50000", "2018-03-31": "-355.60000", "2017-12-31": "-348.20000", "2017-09-30": "", "2017-06-30": "", "2017-03-31": "", "2016-12-31": "-318.50000", "2015-12-31": ""}, "Comprehensive Income": {"2020-09-30": "-314.20000", "2020-06-30": "-328.50000", "2020-03-31": "-367.60000", "2019-12-31": "-338.40000", "2019-09-30": "-348.30000", "2019-06-30": "-338.60000", "2019-03-31": "-369.00000", "2018-12-31": "-375.90000", "2018-09-30": "-341.10000", "2018-06-30": "-348.70000", "2018-03-31": "-337.70000", "2017-12-31": "-312.10000", "2017-09-30": "", "2017-06-30": "", "2017-03-31": "", "2016-12-31": "", "2015-12-31": ""}, "Other Share Holders Equity": {"2020-09-30": "", "2020-06-30": "", "2020-03-31": "", "2019-12-31": "", "2019-09-30": "", "2019-06-30": "", "2019-03-31": "", "2018-12-31": "", "2018-09-30": "", "2018-06-30": "", "2018-03-31": "", "2017-12-31": "", "2017-09-30": "0.00000", "2017-06-30": "0.00000", "2017-03-31": "0.00000", "2016-12-31": "-388.00000", "2015-12-31": "0.00000"}, "Share Holder Equity": {"2020-09-30": "2036.30000", "2020-06-30": "1985.70000", "2020-03-31": "1885.60000", "2019-12-31": "1882.30000", "2019-09-30": "1853.10000", "2019-06-30": "1757.10000", "2019-03-31": "1686.80000", "2018-12-31": "1615.50000", "2018-09-30": "1538.50000", "2018-06-30": "1513.80000", "2018-03-31": "1103.50000", "2017-12-31": "1129.00000", "2017-09-30": "0.00000", "2017-06-30": "0.00000", "2017-03-31": "0.00000", "2016-12-31": "1005.90000", "2015-12-31": "0.00000"}, "Total Liabilities And Share Holders Equity": {"2020-09-30": "5918.00000", "2020-06-30": "5853.90000", "2020-03-31": "6470.10000", "2019-12-31": "6085.70000", "2019-09-30": "5436.20000", "2019-06-30": "6729.30000", "2019-03-31": "7259.10000", "2018-12-31": "5247.80000", "2018-09-30": "5962.80000", "2018-06-30": "6225.40000", "2018-03-31": "6879.50000", "2017-12-31": "6729.90000", "2017-09-30": "0.00000", "2017-06-30": "0.00000", "2017-03-31": "0.00000", "2016-12-31": "6326.00000", "2015-12-31": "0.00000"}}, "cash flow statement": {"Net Income/Loss": {"2019-12-31": "78.70000", "2018-12-31": "-61.10000", "2017-12-31": "2.00000", "2016-12-31": "-92.80000", "2015-12-31": "-104.70000"}, "Total Depreciation And Amortization - Cash Flow": {"2019-12-31": "58.30000", "2018-12-31": "58.70000", "2017-12-31": "57.50000", "2016-12-31": "56.70000", "2015-12-31": "59.20000"}, "Other Non-Cash Items": {"2019-12-31": "-24.90000", "2018-12-31": "60.40000", "2017-12-31": "-48.50000", "2016-12-31": "9.90000", "2015-12-31": "67.80000"}, "Total Non-Cash Items": {"2019-12-31": "33.40000", "2018-12-31": "119.10000", "2017-12-31": "9.00000", "2016-12-31": "66.60000", "2015-12-31": "127.00000"}, "Change In Accounts Receivable": {"2019-12-31": "-16.40000", "2018-12-31": "-3.60000", "2017-12-31": "5.70000", "2016-12-31": "-5.80000", "2015-12-31": "-7.50000"}, "Change In Inventories": {"2019-12-31": "", "2018-12-31": "", "2017-12-31": "", "2016-12-31": "", "2015-12-31": ""}, "Change In Accounts Payable": {"2019-12-31": "", "2018-12-31": "", "2017-12-31": "", "2016-12-31": "", "2015-12-31": ""}, "Change In Assets/Liabilities": {"2019-12-31": "-37.80000", "2018-12-31": "-46.90000", "2017-12-31": "-49.90000", "2016-12-31": "-53.80000", "2015-12-31": "-35.30000"}, "Total Change In Assets/Liabilities": {"2019-12-31": "-61.50000", "2018-12-31": "-48.50000", "2017-12-31": "-50.80000", "2016-12-31": "-49.30000", "2015-12-31": "-40.60000"}, "Cash Flow From Operating Activities": {"2019-12-31": "50.60000", "2018-12-31": "9.50000", "2017-12-31": "-39.80000", "2016-12-31": "-75.50000", "2015-12-31": "-18.30000"}, "Net Change In Property, Plant, And Equipment": {"2019-12-31": "-55.20000", "2018-12-31": "-40.20000", "2017-12-31": "-50.60000", "2016-12-31": "-32.90000", "2015-12-31": "-34.50000"}, "Net Change In Intangible Assets": {"2019-12-31": "", "2018-12-31": "", "2017-12-31": "", "2016-12-31": "", "2015-12-31": ""}, "Net Acquisitions/Divestitures": {"2019-12-31": "-30.20000", "2018-12-31": "", "2017-12-31": "-0.50000", "2016-12-31": "101.60000", "2015-12-31": ""}, "Net Change In Short-term Investments": {"2019-12-31": "", "2018-12-31": "", "2017-12-31": "", "2016-12-31": "", "2015-12-31": ""}, "Net Change In Long-Term Investments": {"2019-12-31": "-33.90000", "2018-12-31": "-10.90000", "2017-12-31": "11.70000", "2016-12-31": "-22.10000", "2015-12-31": "-53.60000"}, "Net Change In Investments - Total": {"2019-12-31": "-33.90000", "2018-12-31": "-10.90000", "2017-12-31": "11.70000", "2016-12-31": "-22.10000", "2015-12-31": "-53.60000"}, "Investing Activities - Other": {"2019-12-31": "", "2018-12-31": "", "2017-12-31": "-0.20000", "2016-12-31": "716.40000", "2015-12-31": "412.00000"}, "Cash Flow From Investing Activities": {"2019-12-31": "-119.30000", "2018-12-31": "-51.10000", "2017-12-31": "-39.60000", "2016-12-31": "763.00000", "2015-12-31": "323.90000"}, "Net Long-Term Debt": {"2019-12-31": "-7.20000", "2018-12-31": "-454.00000", "2017-12-31": "-25.90000", "2016-12-31": "-11.80000", "2015-12-31": "-7.00000"}, "Net Current Debt": {"2019-12-31": "", "2018-12-31": "", "2017-12-31": "", "2016-12-31": "", "2015-12-31": ""}, "Debt Issuance/Retirement Net - Total": {"2019-12-31": "-7.20000", "2018-12-31": "-454.00000", "2017-12-31": "-25.90000", "2016-12-31": "-11.80000", "2015-12-31": "-7.00000"}, "Net Common Equity Issued/Repurchased": {"2019-12-31": "87.00000", "2018-12-31": "640.80000", "2017-12-31": "76.60000", "2016-12-31": "75.00000", "2015-12-31": ""}, "Net Total Equity Issued/Repurchased": {"2019-12-31": "87.00000", "2018-12-31": "640.80000", "2017-12-31": "76.60000", "2016-12-31": "75.00000", "2015-12-31": ""}, "Total Common And Preferred Stock Dividends Paid": {"2019-12-31": "", "2018-12-31": "", "2017-12-31": "", "2016-12-31": "", "2015-12-31": ""}, "Financial Activities - Other": {"2019-12-31": "529.90000", "2018-12-31": "-1438.40000", "2017-12-31": "356.10000", "2016-12-31": "-693.90000", "2015-12-31": "-361.20000"}, "Cash Flow From Financial Activities": {"2019-12-31": "609.70000", "2018-12-31": "-1251.60000", "2017-12-31": "406.80000", "2016-12-31": "-630.70000", "2015-12-31": "-368.20000"}, "Net Cash Flow": {"2019-12-31": "552.30000", "2018-12-31": "-1305.50000", "2017-12-31": "343.60000", "2016-12-31": "57.60000", "2015-12-31": "-72.90000"}, "Stock-Based Compensation": {"2019-12-31": "36.50000", "2018-12-31": "23.20000", "2017-12-31": "16.10000", "2016-12-31": "12.50000", "2015-12-31": "12.80000"}, "Common Stock Dividends Paid": {"2019-12-31": "", "2018-12-31": "", "2017-12-31": "", "2016-12-31": "", "2015-12-31": ""}}, "cash flow statement, quarterly": {"Net Income/Loss": {"2020-09-30": -0.8, "2020-06-30": 5.5, "2020-03-31": "8.60000", "2019-12-31": -1.5, "2019-09-30": 62.7, "2019-06-30": 6.3, "2019-03-31": "11.20000", "2018-12-31": -2.1, "2018-09-30": 4.2, "2018-06-30": -63.3, "2018-03-31": "0.10000", "2017-12-31": 44.1, "2017-09-30": -20.6, "2017-06-30": -22.8, "2017-03-31": "-11.20000", "2016-12-31": 11.9, "2015-12-31": -104.7}, "Total Depreciation And Amortization - Cash Flow": {"2020-09-30": 13.3, "2020-06-30": 12.4, "2020-03-31": "12.10000", "2019-12-31": 13.6, "2019-09-30": 15.1, "2019-06-30": 14.9, "2019-03-31": "14.70000", "2018-12-31": 14.4, "2018-09-30": 14.6, "2018-06-30": 14.8, "2018-03-31": "14.90000", "2017-12-31": 19.2, "2017-09-30": 14.5, "2017-06-30": 13, "2017-03-31": "14.90000", "2016-12-31": 1.6, "2015-12-31": 59.2}, "Other Non-Cash Items": {"2020-09-30": 18.7, "2020-06-30": 12.5, "2020-03-31": "18.20000", "2019-12-31": 19.3, "2019-09-30": -58.4, "2019-06-30": 8.3, "2019-03-31": "5.90000", "2018-12-31": 12.7, "2018-09-30": 4.1, "2018-06-30": 39.7, "2018-03-31": "3.90000", "2017-12-31": -48.2, "2017-09-30": 1.6, "2017-06-30": -0.4, "2017-03-31": "2.90000", "2016-12-31": -54.4, "2015-12-31": 29.8}, "Total Non-Cash Items": {"2020-09-30": 32, "2020-06-30": 24.9, "2020-03-31": "30.30000", "2019-12-31": 32.9, "2019-09-30": -43.3, "2019-06-30": 23.2, "2019-03-31": "20.60000", "2018-12-31": 27.1, "2018-09-30": 18.7, "2018-06-30": 54.5, "2018-03-31": "18.80000", "2017-12-31": 15.1, "2017-09-30": 16.1, "2017-06-30": 12.6, "2017-03-31": "17.80000", "2016-12-31": -52.8, "2015-12-31": 89}, "Change In Accounts Receivable": {"2020-09-30": 1.3, "2020-06-30": 0.7, "2020-03-31": "-4.50000", "2019-12-31": -5.8, "2019-09-30": -7.2, "2019-06-30": 0.4, "2019-03-31": "-3.80000", "2018-12-31": -7.8, "2018-09-30": 3.1, "2018-06-30": 2.4, "2018-03-31": "-1.30000", "2017-12-31": -7.2, "2017-09-30": -1.7, "2017-06-30": 10.6, "2017-03-31": "4.00000", "2016-12-31": 0, "2015-12-31": 0}, "Change In Inventories": {"2020-09-30": 0, "2020-06-30": 0, "2020-03-31": "", "2019-12-31": 0, "2019-09-30": 0, "2019-06-30": 0, "2019-03-31": "", "2018-12-31": 0, "2018-09-30": 0, "2018-06-30": 0, "2018-03-31": "", "2017-12-31": 0, "2017-09-30": 0, "2017-06-30": 0, "2017-03-31": "", "2016-12-31": 0, "2015-12-31": 0}, "Change In Accounts Payable": {"2020-09-30": 0, "2020-06-30": 0, "2020-03-31": "", "2019-12-31": 0, "2019-09-30": 0, "2019-06-30": 0, "2019-03-31": "", "2018-12-31": 0, "2018-09-30": 0, "2018-06-30": 0, "2018-03-31": "", "2017-12-31": 0, "2017-09-30": 0, "2017-06-30": 0, "2017-03-31": "", "2016-12-31": 0, "2015-12-31": 0}, "Change In Assets/Liabilities": {"2020-09-30": 6.1, "2020-06-30": -4.2, "2020-03-31": "-31.90000", "2019-12-31": -5.2, "2019-09-30": 1.3, "2019-06-30": -11, "2019-03-31": "-22.90000", "2018-12-31": 5.2, "2018-09-30": -6.1, "2018-06-30": -0.7, "2018-03-31": "-45.30000", "2017-12-31": 0, "2017-09-30": -15, "2017-06-30": 6.4, "2017-03-31": "-41.30000", "2016-12-31": 0, "2015-12-31": 0}, "Total Change In Assets/Liabilities": {"2020-09-30": -7.8, "2020-06-30": -7.9, "2020-03-31": "-37.50000", "2019-12-31": -5.4, "2019-09-30": -5, "2019-06-30": -10.5, "2019-03-31": "-40.60000", "2018-12-31": 2.6, "2018-09-30": -5.8, "2018-06-30": -3, "2018-03-31": "-42.30000", "2017-12-31": 13, "2017-09-30": -21.6, "2017-06-30": 16.3, "2017-03-31": "-51.30000", "2016-12-31": -20.1, "2015-12-31": -40.6}, "Cash Flow From Operating Activities": {"2020-09-30": 23.4, "2020-06-30": 22.5, "2020-03-31": "1.40000", "2019-12-31": 26, "2019-09-30": 14.4, "2019-06-30": 19, "2019-03-31": "-8.80000", "2018-12-31": 27.6, "2018-09-30": 17.1, "2018-06-30": -11.8, "2018-03-31": "-23.40000", "2017-12-31": 24.9, "2017-09-30": -26.1, "2017-06-30": 6.1, "2017-03-31": "-44.70000", "2016-12-31": -57.2, "2015-12-31": -18.3}, "Net Change In Property, Plant, And Equipment": {"2020-09-30": -14.5, "2020-06-30": -14.1, "2020-03-31": "-15.60000", "2019-12-31": -16.8, "2019-09-30": -12, "2019-06-30": -12.5, "2019-03-31": "-13.90000", "2018-12-31": -11.5, "2018-09-30": -9.9, "2018-06-30": -8.5, "2018-03-31": "-10.30000", "2017-12-31": -18.7, "2017-09-30": -12.9, "2017-06-30": -10.4, "2017-03-31": "-8.80000", "2016-12-31": 1.3, "2015-12-31": -34.5}, "Net Change In Intangible Assets": {"2020-09-30": 0, "2020-06-30": 0, "2020-03-31": "", "2019-12-31": 0, "2019-09-30": 0, "2019-06-30": 0, "2019-03-31": "", "2018-12-31": 0, "2018-09-30": 0, "2018-06-30": 0, "2018-03-31": "", "2017-12-31": 0, "2017-09-30": 0, "2017-06-30": 0, "2017-03-31": "", "2016-12-31": 0, "2015-12-31": 0}, "Net Acquisitions/Divestitures": {"2020-09-30": 0, "2020-06-30": -58.3, "2020-03-31": "", "2019-12-31": -0.8, "2019-09-30": -19.2, "2019-06-30": 0, "2019-03-31": "-10.20000", "2018-12-31": 0, "2018-09-30": 0, "2018-06-30": 0, "2018-03-31": "", "2017-12-31": -1.4, "2017-09-30": 0, "2017-06-30": 0, "2017-03-31": "0.90000", "2016-12-31": 102.8, "2015-12-31": 0}, "Net Change In Short-term Investments": {"2020-09-30": 0, "2020-06-30": 0, "2020-03-31": "", "2019-12-31": 0, "2019-09-30": 0, "2019-06-30": 0, "2019-03-31": "", "2018-12-31": 0, "2018-09-30": 0, "2018-06-30": 0, "2018-03-31": "", "2017-12-31": 0, "2017-09-30": 0, "2017-06-30": 0, "2017-03-31": "", "2016-12-31": 0, "2015-12-31": 0}, "Net Change In Long-Term Investments": {"2020-09-30": 89.6, "2020-06-30": 164.3, "2020-03-31": "24.90000", "2019-12-31": 23.1, "2019-09-30": 8.3, "2019-06-30": 28.2, "2019-03-31": "-93.50000", "2018-12-31": -24, "2018-09-30": 13.7, "2018-06-30": 344.6, "2018-03-31": "-345.20000", "2017-12-31": -14.7, "2017-09-30": 5.2, "2017-06-30": 73.1, "2017-03-31": "-51.90000", "2016-12-31": 0, "2015-12-31": 0}, "Net Change In Investments - Total": {"2020-09-30": 89.6, "2020-06-30": 164.3, "2020-03-31": "24.90000", "2019-12-31": 23.1, "2019-09-30": 8.3, "2019-06-30": 28.2, "2019-03-31": "-93.50000", "2018-12-31": -24, "2018-09-30": 13.7, "2018-06-30": 344.6, "2018-03-31": "-345.20000", "2017-12-31": -14.7, "2017-09-30": 5.2, "2017-06-30": 73.1, "2017-03-31": "-51.90000", "2016-12-31": 31.49, "2015-12-31": -53.59}, "Investing Activities - Other": {"2020-09-30": 0, "2020-06-30": 0, "2020-03-31": "", "2019-12-31": 0, "2019-09-30": 0, "2019-06-30": 0, "2019-03-31": "", "2018-12-31": 0, "2018-09-30": 0, "2018-06-30": 0, "2018-03-31": "", "2017-12-31": -620, "2017-09-30": 289.2, "2017-06-30": 823.1, "2017-03-31": "-860.10000", "2016-12-31": 303.5, "2015-12-31": 412}, "Cash Flow From Investing Activities": {"2020-09-30": 75.1, "2020-06-30": 91.9, "2020-03-31": "9.30000", "2019-12-31": 5.5, "2019-09-30": -22.9, "2019-06-30": 15.7, "2019-03-31": "-117.60000", "2018-12-31": -35.5, "2018-09-30": 3.8, "2018-06-30": 336.1, "2018-03-31": "-355.50000", "2017-12-31": -654.8, "2017-09-30": 281.5, "2017-06-30": 885.8, "2017-03-31": "-919.90000", "2016-12-31": 439.1, "2015-12-31": 323.9}, "Net Long-Term Debt": {"2020-09-30": -2.5, "2020-06-30": 292.3, "2020-03-31": "-2.70000", "2019-12-31": -2.1, "2019-09-30": -1.7, "2019-06-30": -1.7, "2019-03-31": "-1.70000", "2018-12-31": -1.7, "2018-09-30": 0, "2018-06-30": -452, "2018-03-31": "-0.30000", "2017-12-31": 0, "2017-09-30": -25.9, "2017-06-30": 0, "2017-03-31": "", "2016-12-31": 0, "2015-12-31": 0}, "Net Current Debt": {"2020-09-30": 0, "2020-06-30": 0, "2020-03-31": "", "2019-12-31": 0, "2019-09-30": 0, "2019-06-30": 0, "2019-03-31": "", "2018-12-31": 0, "2018-09-30": 0, "2018-06-30": 0, "2018-03-31": "", "2017-12-31": 0, "2017-09-30": 0, "2017-06-30": 0, "2017-03-31": "", "2016-12-31": 0, "2015-12-31": 0}, "Debt Issuance/Retirement Net - Total": {"2020-09-30": -2.5, "2020-06-30": 292.3, "2020-03-31": "-2.70000", "2019-12-31": -2.1, "2019-09-30": -1.7, "2019-06-30": -1.7, "2019-03-31": "-1.70000", "2018-12-31": -1.7, "2018-09-30": 0, "2018-06-30": -452, "2018-03-31": "-0.30000", "2017-12-31": 0, "2017-09-30": -25.9, "2017-06-30": 0, "2017-03-31": "", "2016-12-31": -4.8, "2015-12-31": -7}, "Net Common Equity Issued/Repurchased": {"2020-09-30": 18.7, "2020-06-30": 40.1, "2020-03-31": "11.40000", "2019-12-31": 10.3, "2019-09-30": 32.6, "2019-06-30": 24, "2019-03-31": "20.10000", "2018-12-31": 23.6, "2018-09-30": 7.8, "2018-06-30": 609.4, "2018-03-31": "", "2017-12-31": 0, "2017-09-30": 0, "2017-06-30": 78.4, "2017-03-31": "-1.80000", "2016-12-31": 0, "2015-12-31": 0}, "Net Total Equity Issued/Repurchased": {"2020-09-30": 18.7, "2020-06-30": 40.1, "2020-03-31": "11.40000", "2019-12-31": 10.3, "2019-09-30": 32.6, "2019-06-30": 24, "2019-03-31": "20.10000", "2018-12-31": 23.6, "2018-09-30": 7.8, "2018-06-30": 609.4, "2018-03-31": "", "2017-12-31": 0, "2017-09-30": 0, "2017-06-30": 78.4, "2017-03-31": "-1.80000", "2016-12-31": 75, "2015-12-31": 0}, "Total Common And Preferred Stock Dividends Paid": {"2020-09-30": 0, "2020-06-30": 0, "2020-03-31": "", "2019-12-31": 0, "2019-09-30": 0, "2019-06-30": 0, "2019-03-31": "", "2018-12-31": 0, "2018-09-30": 0, "2018-06-30": 0, "2018-03-31": "", "2017-12-31": 0, "2017-09-30": 0, "2017-06-30": 0, "2017-03-31": "", "2016-12-31": 0, "2015-12-31": 0}, "Financial Activities - Other": {"2020-09-30": -30, "2020-06-30": -1052.2, "2020-03-31": "480.80000", "2019-12-31": 584.4, "2019-09-30": -1363.4, "2019-06-30": -607.2, "2019-03-31": "1916.10000", "2018-12-31": -789.6, "2018-09-30": -286.6, "2018-06-30": -592.6, "2018-03-31": "230.40000", "2017-12-31": 634.9, "2017-09-30": -294.4, "2017-06-30": -896.4, "2017-03-31": "912.00000", "2016-12-31": -332.7, "2015-12-31": -361.2}, "Cash Flow From Financial Activities": {"2020-09-30": -13.8, "2020-06-30": -719.8, "2020-03-31": "489.50000", "2019-12-31": 592.6, "2019-09-30": -1332.5, "2019-06-30": -584.9, "2019-03-31": "1934.50000", "2018-12-31": -767.7, "2018-09-30": -278.8, "2018-06-30": -435.2, "2018-03-31": "230.10000", "2017-12-31": 634.9, "2017-09-30": -320.3, "2017-06-30": -818, "2017-03-31": "910.20000", "2016-12-31": -262.5, "2015-12-31": -368.2}, "Net Cash Flow": {"2020-09-30": 89.2, "2020-06-30": -603.3, "2020-03-31": "485.70000", "2019-12-31": 628.2, "2019-09-30": -1341.2, "2019-06-30": -546.7, "2019-03-31": "1812.00000", "2018-12-31": -786.2, "2018-09-30": -255.8, "2018-06-30": -111.2, "2018-03-31": "-152.30000", "2017-12-31": 4, "2017-09-30": -59.5, "2017-06-30": 77.4, "2017-03-31": "-53.70000", "2016-12-31": 141.1, "2015-12-31": -72.9}, "Stock-Based Compensation": {"2020-09-30": 18.5, "2020-06-30": 15.3, "2020-03-31": "12.50000", "2019-12-31": 10.5, "2019-09-30": 10.4, "2019-06-30": 9.6, "2019-03-31": "6.00000", "2018-12-31": 5.2, "2018-09-30": 4.8, "2018-06-30": 10.5, "2018-03-31": "2.70000", "2017-12-31": 3.3, "2017-09-30": 4.3, "2017-06-30": 4, "2017-03-31": "4.50000", "2016-12-31": 0, "2015-12-31": 0}, "Common Stock Dividends Paid": {"2020-09-30": 0, "2020-06-30": 0, "2020-03-31": "", "2019-12-31": 0, "2019-09-30": 0, "2019-06-30": 0, "2019-03-31": "", "2018-12-31": 0, "2018-09-30": 0, "2018-06-30": 0, "2018-03-31": "", "2017-12-31": 0, "2017-09-30": 0, "2017-06-30": 0, "2017-03-31": "", "2016-12-31": 0, "2015-12-31": 0}}, "financial ratios": {"Current Ratio": {"2019-12-31": "1.07470", "2018-12-31": "1.05940", "2017-12-31": "1.04090", "2016-12-31": "1.01700", "2015-12-31": ""}, "Long-term Debt / Capital": {"2019-12-31": "0.26140", "2018-12-31": "0.29110", "2017-12-31": "0.49800", "2016-12-31": "0.53120", "2015-12-31": ""}, "Debt/Equity Ratio": {"2019-12-31": "0.35970", "2018-12-31": "0.41490", "2017-12-31": "0.99190", "2016-12-31": "1.13540", "2015-12-31": ""}, "Gross Margin": {"2019-12-31": "44.67910", "2018-12-31": "42.51380", "2017-12-31": "39.85510", "2016-12-31": "36.41320", "2015-12-31": "40.46690"}, "Operating Margin": {"2019-12-31": "8.77320", "2018-12-31": "7.57390", "2017-12-31": "8.19280", "2016-12-31": "-1.79660", "2015-12-31": "1.08090"}, "EBIT Margin": {"2019-12-31": "8.77320", "2018-12-31": "7.57390", "2017-12-31": "8.19280", "2016-12-31": "-1.79660", "2015-12-31": "1.08090"}, "EBITDA Margin": {"2019-12-31": "15.84760", "2018-12-31": "15.49890", "2017-12-31": "16.69630", "2016-12-31": "7.29870", "2015-12-31": "9.61230"}, "Pre-Tax Profit Margin": {"2019-12-31": "4.16210", "2018-12-31": "-3.63170", "2017-12-31": "-5.98940", "2016-12-31": "-15.81650", "2015-12-31": "-11.57230"}, "Net Profit Margin": {"2019-12-31": "9.54980", "2018-12-31": "-8.18150", "2017-12-31": "0.48800", "2016-12-31": "-14.90220", "2015-12-31": "-15.08860"}, "Asset Turnover": {"2019-12-31": "0.13540", "2018-12-31": "0.14110", "2017-12-31": "0.10050", "2016-12-31": "0.09850", "2015-12-31": ""}, "Inventory Turnover Ratio": {"2019-12-31": "", "2018-12-31": "", "2017-12-31": "", "2016-12-31": "", "2015-12-31": ""}, "Receiveable Turnover": {"2019-12-31": "10.25000", "2018-12-31": "11.59160", "2017-12-31": "10.15320", "2016-12-31": "7.98210", "2015-12-31": ""}, "Days Sales In Receivables": {"2019-12-31": "35.60980", "2018-12-31": "31.48850", "2017-12-31": "35.94940", "2016-12-31": "45.72750", "2015-12-31": ""}, "ROE - Return On Equity": {"2019-12-31": "4.18110", "2018-12-31": "-2.18510", "2017-12-31": "0.84780", "2016-12-31": "-12.52080", "2015-12-31": ""}, "Return On Tangible Equity": {"2019-12-31": "-29.24570", "2018-12-31": "7.06850", "2017-12-31": "-0.77030", "2016-12-31": "8.19460", "2015-12-31": ""}, "ROA - Return On Assets": {"2019-12-31": "1.29320", "2018-12-31": "-0.67270", "2017-12-31": "0.11890", "2016-12-31": "-1.66460", "2015-12-31": ""}, "ROI - Return On Investment": {"2019-12-31": "3.08800", "2018-12-31": "-1.54890", "2017-12-31": "0.35570", "2016-12-31": "-4.90750", "2015-12-31": ""}, "Book Value Per Share": {"2019-12-31": "13.03660", "2018-12-31": "11.58450", "2017-12-31": "17.29310", "2016-12-31": "15.47520", "2015-12-31": ""}, "Operating Cash Flow Per Share": {"2019-12-31": 0.2569, "2018-12-31": 0.6937, "2017-12-31": 0.5514, "2016-12-31": -0.8799, "2015-12-31": -0.2819}, "Free Cash Flow Per Share": {"2019-12-31": 0.2383, "2018-12-31": 1.1172, "2017-12-31": 0.2816, "2016-12-31": -0.8548, "2015-12-31": -0.8132}}, "financial ratios, quarterly": {"Current Ratio": {"2020-09-30": "1.22980", "2020-06-30": "1.22060", "2020-03-31": "1.08100", "2019-12-31": "1.07470", "2019-09-30": "1.09520", "2019-06-30": "1.06320", "2019-03-31": "1.04410", "2018-12-31": "1.05940", "2018-09-30": "1.03390", "2018-06-30": "1.03120", "2018-03-31": "1.00760", "2017-12-31": "1.04090", "2017-09-30": "", "2017-06-30": "", "2017-03-31": "", "2016-12-31": "", "2015-12-31": ""}, "Long-term Debt / Capital": {"2020-09-30": "0.31980", "2020-06-30": "0.32560", "2020-03-31": "0.26070", "2019-12-31": "0.26140", "2019-09-30": "0.26240", "2019-06-30": "0.27330", "2019-03-31": "0.28190", "2018-12-31": "0.29110", "2018-09-30": "0.30180", "2018-06-30": "0.30570", "2018-03-31": "0.50380", "2017-12-31": "0.49800", "2017-09-30": "", "2017-06-30": "", "2017-03-31": "", "2016-12-31": "", "2015-12-31": ""}, "Debt/Equity Ratio": {"2020-09-30": "0.47380", "2020-06-30": "0.48710", "2020-03-31": "0.35780", "2019-12-31": "0.35970", "2019-09-30": "0.35950", "2019-06-30": "0.37990", "2019-03-31": "0.39650", "2018-12-31": "0.41490", "2018-09-30": "0.43670", "2018-06-30": "0.44360", "2018-03-31": "1.01540", "2017-12-31": "0.99190", "2017-09-30": "", "2017-06-30": "", "2017-03-31": "", "2016-12-31": "", "2015-12-31": ""}, "Gross Margin": {"2020-09-30": "37.52450", "2020-06-30": "40.81000", "2020-03-31": "45.12800", "2019-12-31": "44.09380", "2019-09-30": "43.89520", "2019-06-30": "44.82930", "2019-03-31": "45.94990", "2018-12-31": "44.14790", "2018-09-30": "41.26900", "2018-06-30": "40.50280", "2018-03-31": "43.90890", "2017-12-31": "59.57190", "2017-09-30": "37.49240", "2017-06-30": "36.63490", "2017-03-31": "39.46520", "2016-12-31": "", "2015-12-31": ""}, "Operating Margin": {"2020-09-30": "-0.29350", "2020-06-30": "2.07680", "2020-03-31": "11.80960", "2019-12-31": "8.88190", "2019-09-30": "3.21310", "2019-06-30": "9.52620", "2019-03-31": "13.45120", "2018-12-31": "10.42100", "2018-09-30": "9.09600", "2018-06-30": "-4.69270", "2018-03-31": "14.83050", "2017-12-31": "22.11650", "2017-09-30": "3.11930", "2017-06-30": "0.57140", "2017-03-31": "6.52410", "2016-12-31": "", "2015-12-31": ""}, "EBIT Margin": {"2020-09-30": "-0.29350", "2020-06-30": "2.07680", "2020-03-31": "11.80960", "2019-12-31": "8.88190", "2019-09-30": "3.21310", "2019-06-30": "9.52620", "2019-03-31": "13.45120", "2018-12-31": "10.42100", "2018-09-30": "9.09600", "2018-06-30": "-4.69270", "2018-03-31": "14.83050", "2017-12-31": "22.11650", "2017-09-30": "3.11930", "2017-06-30": "0.57140", "2017-03-31": "6.52410", "2016-12-31": "", "2015-12-31": ""}, "EBITDA Margin": {"2020-09-30": "", "2020-06-30": "", "2020-03-31": "", "2019-12-31": "", "2019-09-30": "", "2019-06-30": "", "2019-03-31": "", "2018-12-31": "", "2018-09-30": "", "2018-06-30": "", "2018-03-31": "", "2017-12-31": "", "2017-09-30": "", "2017-06-30": "", "2017-03-31": "", "2016-12-31": "", "2015-12-31": ""}, "Pre-Tax Profit Margin": {"2020-09-30": "-3.08220", "2020-06-30": "-1.50570", "2020-03-31": "7.54380", "2019-12-31": "5.22990", "2019-09-30": "-1.43350", "2019-06-30": "4.43200", "2019-03-31": "8.29650", "2018-12-31": "5.64680", "2018-09-30": "3.64960", "2018-06-30": "-29.27370", "2018-03-31": "4.23730", "2017-12-31": "3.92390", "2017-09-30": "-10.27520", "2017-06-30": "-13.39680", "2017-03-31": "-4.91980", "2016-12-31": "", "2015-12-31": ""}, "Net Profit Margin": {"2020-09-30": "-0.39140", "2020-06-30": "2.85570", "2020-03-31": "3.86170", "2019-12-31": "-0.67630", "2019-09-30": "30.99360", "2019-06-30": "3.20940", "2019-03-31": "5.49830", "2018-12-31": "2.87470", "2018-09-30": "2.35820", "2018-06-30": "-36.70390", "2018-03-31": "-2.48940", "2017-12-31": "34.18550", "2017-09-30": "-12.29360", "2017-06-30": "-14.53970", "2017-03-31": "-5.98930", "2016-12-31": "", "2015-12-31": ""}, "Asset Turnover": {"2020-09-30": "0.03450", "2020-06-30": "0.03290", "2020-03-31": "0.03440", "2019-12-31": "0.03640", "2019-09-30": "0.03720", "2019-06-30": "0.02920", "2019-03-31": "0.02810", "2018-12-31": "0.03710", "2018-09-30": "0.02990", "2018-06-30": "0.02880", "2018-03-31": "0.02740", "2017-12-31": "0.02500", "2017-09-30": "", "2017-06-30": "", "2017-03-31": "", "2016-12-31": "", "2015-12-31": ""}, "Inventory Turnover Ratio": {"2020-09-30": "", "2020-06-30": "", "2020-03-31": "", "2019-12-31": "", "2019-09-30": "", "2019-06-30": "", "2019-03-31": "", "2018-12-31": "", "2018-09-30": "", "2018-06-30": "", "2018-03-31": "", "2017-12-31": "", "2017-09-30": "", "2017-06-30": "", "2017-03-31": "", "2016-12-31": "", "2015-12-31": ""}, "Receiveable Turnover": {"2020-09-30": "2.23630", "2020-06-30": "2.07320", "2020-03-31": "2.68960", "2019-12-31": "2.75870", "2019-09-30": "2.91080", "2019-06-30": "2.89530", "2019-03-31": "2.96080", "2018-12-31": "3.04850", "2018-09-30": "2.84500", "2018-06-30": "2.80130", "2018-03-31": "2.32800", "2017-12-31": "2.52550", "2017-09-30": "", "2017-06-30": "", "2017-03-31": "", "2016-12-31": "", "2015-12-31": ""}, "Days Sales In Receivables": {"2020-09-30": "40.24460", "2020-06-30": "43.41120", "2020-03-31": "33.46210", "2019-12-31": "32.62400", "2019-09-30": "30.91940", "2019-06-30": "31.08510", "2019-03-31": "30.39770", "2018-12-31": "29.52260", "2018-09-30": "31.63390", "2018-06-30": "32.12850", "2018-03-31": "38.66000", "2017-12-31": "35.63620", "2017-09-30": "", "2017-06-30": "", "2017-03-31": "", "2016-12-31": "", "2015-12-31": ""}, "ROE - Return On Equity": {"2020-09-30": "-0.03930", "2020-06-30": "0.27700", "2020-03-31": "0.45610", "2019-12-31": "-0.07970", "2019-09-30": "3.38350", "2019-06-30": "0.35850", "2019-03-31": "0.66400", "2018-12-31": "0.55090", "2018-09-30": "0.46800", "2018-06-30": "-3.54080", "2018-03-31": "0.24100", "2017-12-31": "6.40100", "2017-09-30": "", "2017-06-30": "", "2017-03-31": "", "2016-12-31": "", "2015-12-31": ""}, "Return On Tangible Equity": {"2020-09-30": "0.46430", "2020-06-30": "-2.56650", "2020-03-31": "-3.73260", "2019-12-31": "0.55740", "2019-09-30": "-21.63560", "2019-06-30": "-1.67730", "2019-03-31": "-2.53160", "2018-12-31": "-1.78210", "2018-09-30": "-1.19280", "2018-06-30": "8.57050", "2018-03-31": "-0.18660", "2017-12-31": "-5.81610", "2017-09-30": "", "2017-06-30": "", "2017-03-31": "", "2016-12-31": "", "2015-12-31": ""}, "ROA - Return On Assets": {"2020-09-30": "-0.01350", "2020-06-30": "0.09400", "2020-03-31": "0.13290", "2019-12-31": "-0.02460", "2019-09-30": "1.15340", "2019-06-30": "0.09360", "2019-03-31": "0.15430", "2018-12-31": "0.16960", "2018-09-30": "0.12070", "2018-06-30": "-0.86100", "2018-03-31": "0.03200", "2017-12-31": "0.89750", "2017-09-30": "", "2017-06-30": "", "2017-03-31": "", "2016-12-31": "", "2015-12-31": ""}, "ROI - Return On Investment": {"2020-09-30": "-0.02670", "2020-06-30": "0.18680", "2020-03-31": "0.33720", "2019-12-31": "-0.05890", "2019-09-30": "2.49560", "2019-06-30": "0.26060", "2019-03-31": "0.47680", "2018-12-31": "0.39050", "2018-09-30": "0.32680", "2018-06-30": "-2.45850", "2018-03-31": "0.09890", "2017-12-31": "2.68590", "2017-09-30": "", "2017-06-30": "", "2017-03-31": "", "2016-12-31": "", "2015-12-31": ""}, "Book Value Per Share": {"2020-09-30": "13.79170", "2020-06-30": "13.52620", "2020-03-31": "13.00970", "2019-12-31": "13.03650", "2019-09-30": "12.88350", "2019-06-30": "12.37900", "2019-03-31": "11.99080", "2018-12-31": "11.58450", "2018-09-30": "11.14460", "2018-06-30": "11.01230", "2018-03-31": "16.87980", "2017-12-31": "17.29310", "2017-09-30": "", "2017-06-30": "", "2017-03-31": "", "2016-12-31": "", "2015-12-31": ""}, "Operating Cash Flow Per Share": {"2020-09-30": 0.1637, "2020-06-30": 0.1485, "2020-03-31": "0.00930", "2019-12-31": 0.1753, "2019-09-30": 0.0961, "2019-06-30": 0.1286, "2019-03-31": "-0.05980", "2018-12-31": 0.2081, "2018-09-30": 0.1858, "2018-06-30": 0.0477, "2018-03-31": "-0.35830", "2017-12-31": 0.3807, "2017-09-30": -0.3993, "2017-06-30": 0.0955, "2017-03-31": "-0.68730", "2016-12-31": 0, "2015-12-31": 0}, "Free Cash Flow Per Share": {"2020-09-30": 0.0594, "2020-06-30": 0.0556, "2020-03-31": "-0.09390", "2019-12-31": 0.0616, "2019-09-30": 0.0167, "2019-06-30": 0.0452, "2019-03-31": "-0.15440", "2018-12-31": 0.0534, "2018-09-30": 0.154, "2018-06-30": 0.0394, "2018-03-31": "-0.51600", "2017-12-31": 0.0933, "2017-09-30": -0.5966, "2017-06-30": -0.0636, "2017-03-31": "-0.82260", "2016-12-31": 0, "2015-12-31": 0}}, "revenue": {"Ceridian HCM Holding Annual Revenue (Millions of US $)": {"2019": "$824", "2018": "$741", "2017": "$676", "2016": "$623", "2015": "$694"}, "Ceridian HCM Holding Quarterly Revenue (Millions of US $)": {"2020-09-30": "$204", "2020-06-30": "$193", "2020-03-31": "$223", "2019-12-31": "$222", "2019-09-30": "$202", "2019-06-30": "$196", "2019-03-31": "$204", "2018-12-31": "$195", "2018-09-30": "$178", "2018-06-30": "$179", "2018-03-31": "$189", "2017-12-31": "$168", "2017-09-30": "$164", "2017-06-30": "$158", "2017-03-31": "$187", "2016-12-31": "", "2015-12-31": ""}}, "gross-profit": {"Ceridian HCM Holding Annual Gross Profit (Millions of US $)": {"2019": "$368", "2018": "$315", "2017": "$270", "2016": "$227", "2015": "$281"}, "Ceridian HCM Holding Quarterly Gross Profit (Millions of US $)": {"2020-09-30": "$77", "2020-06-30": "$79", "2020-03-31": "$101", "2019-12-31": "$98", "2019-09-30": "$89", "2019-06-30": "$88", "2019-03-31": "$94", "2018-12-31": "$86", "2018-09-30": "$74", "2018-06-30": "$73", "2018-03-31": "$83", "2017-12-31": "$77", "2017-09-30": "$61", "2017-06-30": "$58", "2017-03-31": "$74", "2016-12-31": "", "2015-12-31": ""}}, "operating-income": {"Ceridian HCM Holding Annual Operating Income (Millions of US $)": {"2019": "$72", "2018": "$56", "2017": "$55", "2016": "$-11", "2015": "$8"}, "Ceridian HCM Holding Quarterly Operating Income (Millions of US $)": {"2020-09-30": "$-1", "2020-06-30": "$4", "2020-03-31": "$26", "2019-12-31": "$20", "2019-09-30": "$7", "2019-06-30": "$19", "2019-03-31": "$27", "2018-12-31": "$20", "2018-09-30": "$16", "2018-06-30": "$-8", "2018-03-31": "$28", "2017-12-31": "$37", "2017-09-30": "$5", "2017-06-30": "$1", "2017-03-31": "$12", "2016-12-31": "", "2015-12-31": ""}}, "ebitda": {"Ceridian HCM Holding Annual EBITDA (Millions of US $)": {"2019": "$131", "2018": "$115", "2017": "$113", "2016": "$46", "2015": "$67"}, "Ceridian HCM Holding Quarterly EBITDA (Millions of US $)": {"2020-09-30": "$13", "2020-06-30": "$16", "2020-03-31": "$38", "2019-12-31": "$33", "2019-09-30": "$22", "2019-06-30": "$34", "2019-03-31": "$42", "2018-12-31": "$35", "2018-09-30": "$31", "2018-06-30": "$6", "2018-03-31": "$43", "2017-12-31": "$56", "2017-09-30": "$20", "2017-06-30": "$14", "2017-03-31": "$27", "2016-12-31": "", "2015-12-31": ""}}, "net-income": {"Ceridian HCM Holding Annual Net Income (Millions of US $)": {"2019": "$79", "2018": "$-61", "2017": "$3", "2016": "$-93", "2015": "$-105"}, "Ceridian HCM Holding Quarterly Net Income (Millions of US $)": {"2020-09-30": "$-1", "2020-06-30": "$6", "2020-03-31": "$9", "2019-12-31": "$-2", "2019-09-30": "$63", "2019-06-30": "$6", "2019-03-31": "$11", "2018-12-31": "$6", "2018-09-30": "$4", "2018-06-30": "$-66", "2018-03-31": "$-5", "2017-12-31": "$58", "2017-09-30": "$-20", "2017-06-30": "$-23", "2017-03-31": "$-11", "2016-12-31": "", "2015-12-31": ""}}, "eps-earnings-per-share-diluted": {"Ceridian HCM Holding Annual EPS": {"2019": "$0.53", "2018": "$-0.60", "2017": "$-0.26", "2016": "$-1.65", "2015": "$-1.61"}, "Ceridian HCM Holding Quarterly EPS": {"2020-09-30": "$-0.01", "2020-06-30": "$0.04", "2020-03-31": "$0.06", "2019-12-31": "$-0.01", "2019-09-30": "$0.42", "2019-06-30": "$0.04", "2019-03-31": "$0.08", "2018-12-31": "$0.02", "2018-09-30": "$0.03", "2018-06-30": "$-0.58", "2018-03-31": "$-0.07", "2017-12-31": "$0.80", "2017-09-30": "$-0.39", "2017-06-30": "$-0.43", "2017-03-31": "$-0.24", "2016-12-31": "$0.00", "2015-12-31": "$0.00"}}, "shares-outstanding": {"Ceridian HCM Holding Annual Shares Outstanding (Millions of Shares)": {"2019": "149", "2018": "114", "2017": "65", "2016": "65", "2015": "65"}, "Ceridian HCM Holding Quarterly Shares Outstanding (Millions of Shares)": {"2020-09-30": "147", "2020-06-30": "151", "2020-03-31": "151", "2019-12-31": "149", "2019-09-30": "149", "2019-06-30": "148", "2019-03-31": "147", "2018-12-31": "114", "2018-09-30": "145", "2018-06-30": "113", "2018-03-31": "65", "2017-12-31": "65", "2017-09-30": "65", "2017-06-30": "65", "2017-03-31": "65", "2016-12-31": "", "2015-12-31": ""}}, "total-assets": {"Ceridian HCM Holding Annual Total Assets (Millions of US $)": {"2019": "$6,086", "2018": "$5,248", "2017": "$6,730", "2016": "$6,326", "2015": "$0"}, "Ceridian HCM Holding Quarterly Total Assets (Millions of US $)": {"2020-09-30": "$5,918", "2020-06-30": "$5,854", "2020-03-31": "$6,470", "2019-12-31": "$6,086", "2019-09-30": "$5,436", "2019-06-30": "$6,729", "2019-03-31": "$7,259", "2018-12-31": "$5,248", "2018-09-30": "$5,963", "2018-06-30": "$6,225", "2018-03-31": "$6,880", "2017-12-31": "$6,730", "2017-09-30": "$0", "2017-06-30": "$0", "2017-03-31": "$0", "2016-12-31": "$6,326", "2015-12-31": "$0"}}, "cash-on-hand": {"Ceridian HCM Holding Annual Cash on Hand (Millions of US $)": {"2019": "$281", "2018": "$218", "2017": "$94", "2016": "$131", "2015": "$"}, "Ceridian HCM Holding Quarterly Cash on Hand (Millions of US $)": {"2020-09-30": "$555", "2020-06-30": "$527", "2020-03-31": "$255", "2019-12-31": "$281", "2019-09-30": "$271", "2019-06-30": "$238", "2019-03-31": "$206", "2018-12-31": "$218", "2018-09-30": "$188", "2018-06-30": "$172", "2018-03-31": "$62", "2017-12-31": "$94", "2017-09-30": "", "2017-06-30": "", "2017-03-31": "", "2016-12-31": "$131", "2015-12-31": ""}}, "long-term-debt": {"Ceridian HCM Holding Annual Long Term Debt (Millions of US $)": {"2019": "$666", "2018": "$664", "2017": "$1,120", "2016": "$1,140", "2015": "$"}, "Ceridian HCM Holding Quarterly Long Term Debt (Millions of US $)": {"2020-09-30": "$957", "2020-06-30": "$959", "2020-03-31": "$665", "2019-12-31": "$666", "2019-09-30": "$659", "2019-06-30": "$661", "2019-03-31": "$662", "2018-12-31": "$664", "2018-09-30": "$665", "2018-06-30": "$666", "2018-03-31": "$1,121", "2017-12-31": "$1,120", "2017-09-30": "", "2017-06-30": "", "2017-03-31": "", "2016-12-31": "$1,140", "2015-12-31": ""}}, "total-liabilities": {"Ceridian HCM Holding Annual Total Liabilities (Millions of US $)": {"2019": "$4,203", "2018": "$3,632", "2017": "$5,601", "2016": "$5,320", "2015": "$0"}, "Ceridian HCM Holding Quarterly Total Liabilities (Millions of US $)": {"2020-09-30": "$3,882", "2020-06-30": "$3,868", "2020-03-31": "$4,585", "2019-12-31": "$4,203", "2019-09-30": "$3,583", "2019-06-30": "$4,972", "2019-03-31": "$5,572", "2018-12-31": "$3,632", "2018-09-30": "$4,424", "2018-06-30": "$4,712", "2018-03-31": "$5,776", "2017-12-31": "$5,601", "2017-09-30": "$0", "2017-06-30": "$0", "2017-03-31": "$0", "2016-12-31": "$5,320", "2015-12-31": "$0"}}, "total-share-holder-equity": {"Ceridian HCM Holding Annual Share Holder Equity (Millions of US $)": {"2019": "$1,882", "2018": "$1,616", "2017": "$1,129", "2016": "$1,006", "2015": "$0"}, "Ceridian HCM Holding Quarterly Share Holder Equity (Millions of US $)": {"2020-09-30": "$2,036", "2020-06-30": "$1,986", "2020-03-31": "$1,886", "2019-12-31": "$1,882", "2019-09-30": "$1,853", "2019-06-30": "$1,757", "2019-03-31": "$1,687", "2018-12-31": "$1,616", "2018-09-30": "$1,539", "2018-06-30": "$1,514", "2018-03-31": "$1,104", "2017-12-31": "$1,129", "2017-09-30": "$0", "2017-06-30": "$0", "2017-03-31": "$0", "2016-12-31": "$1,006", "2015-12-31": "$0"}}, "profit-margins": {"current": "1.4%"}, "gross margin": {"2020-09-30": "42.16%", "2020-06-30": "43.69%", "2020-03-31": "44.60%", "2019-12-31": "44.78%", "2019-09-30": "44.79%", "2019-06-30": "44.24%", "2019-03-31": "43.25%", "2018-12-31": "42.65%", "2018-09-30": "43.00%", "2018-06-30": "42.00%", "2018-03-31": "41.09%", "2017-12-31": "39.88%"}, "operating margin": {"2020-09-30": "5.82%", "2020-06-30": "6.79%", "2020-03-31": "8.54%", "2019-12-31": "8.86%", "2019-09-30": "9.16%", "2019-06-30": "10.61%", "2019-03-31": "7.28%", "2018-12-31": "7.56%", "2018-09-30": "10.22%", "2018-06-30": "8.86%", "2018-03-31": "10.46%", "2017-12-31": "8.12%"}, "ebitda margin": {"2020-09-30": "11.88%", "2020-06-30": "12.98%", "2020-03-31": "15.07%", "2019-12-31": "15.90%", "2019-09-30": "16.69%", "2019-06-30": "18.37%", "2019-03-31": "15.08%", "2018-12-31": "15.52%", "2018-09-30": "19.05%", "2018-06-30": "17.86%", "2018-03-31": "19.59%", "2017-12-31": "17.28%"}, "pre tax profit margin": {"2020-09-30": "2.38%", "2020-06-30": "2.74%", "2020-03-31": "4.15%", "2019-12-31": "4.25%", "2019-09-30": "4.27%", "2019-06-30": "5.69%", "2019-03-31": "-2.25%", "2018-12-31": "-3.51%", "2018-09-30": "-4.20%", "2018-06-30": "-7.71%", "2018-03-31": "-3.39%", "2017-12-31": "-5.91%"}, "net profit margin": {"2020-09-30": "1.43%", "2020-06-30": "9.05%", "2020-03-31": "9.02%", "2019-12-31": "9.47%", "2019-09-30": "10.79%", "2019-06-30": "3.49%", "2019-03-31": "-5.95%", "2018-12-31": "-8.23%", "2018-09-30": "-1.26%", "2018-06-30": "-4.71%", "2018-03-31": "1.47%", "2017-12-31": "0.59%"}, "pe ratio": {"current": "565.78", "2021-02-05": "1273.00", "2020-09-30": "1033.13", "2020-06-30": "155.43", "2020-03-31": "98.18", "2019-12-31": "128.08", "2019-09-30": "80.93", "2019-06-30": "228.18", "2019-03-31": "0.00"}, "price sales": {"2021-02-05": "18.10", "2020-09-30": "14.69", "2020-06-30": "14.18", "2020-03-31": "8.87", "2019-12-31": "12.22", "2019-09-30": "8.55", "2019-06-30": "8.89", "2019-03-31": "8.69"}, "price book": {"current": "7.39", "2021-02-05": "7.38", "2020-09-30": "5.99", "2020-06-30": "5.86", "2020-03-31": "3.85", "2019-12-31": "5.21", "2019-09-30": "3.83", "2019-06-30": "4.06", "2019-03-31": "4.28", "2018-12-31": "2.98", "2018-09-30": "3.77", "2018-06-30": "3.01"}, "price fcf": {"2021-02-05": "", "2020-09-30": "$0.08", "2020-06-30": "$0.04", "2020-03-31": "$0.03", "2019-12-31": "$-0.03", "2019-09-30": "$-0.04", "2019-06-30": "$0.10", "2019-03-31": "$-0.42"}, "net worth": {"value": "$15.05B"}, "current ratio": {"current": "1.23", "2020-09-30": "1.23", "2020-06-30": "1.22", "2020-03-31": "1.08", "2019-12-31": "1.08", "2019-09-30": "1.10", "2019-06-30": "1.06", "2019-03-31": "1.04", "2018-12-31": "1.06", "2018-09-30": "1.03", "2018-06-30": "1.03", "2018-03-31": "1.01", "2017-12-31": "1.04", "2017-09-30": "0.00", "2017-06-30": "0.00", "2017-03-31": "0.00", "2016-12-31": "1.02", "2015-12-31": "0.00"}, "quick ratio": {"2020-09-30": "0.00", "2020-06-30": "0.00", "2020-03-31": "0.00", "2019-12-31": "0.00", "2019-09-30": "0.00", "2019-06-30": "0.00", "2019-03-31": "0.00", "2018-12-31": "0.00", "2018-09-30": "0.00", "2018-06-30": "0.00", "2018-03-31": "0.00", "2017-12-31": "0.00", "2017-09-30": "0.00", "2017-06-30": "0.00", "2017-03-31": "0.00", "2016-12-31": "0.00", "2015-12-31": "0.00"}, "debt equity ratio": {"current": "0.47", "2020-09-30": "1.91", "2020-06-30": "1.95", "2020-03-31": "2.43", "2019-12-31": "2.23", "2019-09-30": "1.93", "2019-06-30": "2.83", "2019-03-31": "3.30", "2018-12-31": "2.25", "2018-09-30": "2.88", "2018-06-30": "3.11", "2018-03-31": "5.23", "2017-12-31": "4.96", "2017-09-30": "0.00", "2017-06-30": "0.00", "2017-03-31": "0.00", "2016-12-31": "5.29", "2015-12-31": "0.00"}, "return on equity": {"2020-09-30": "0.62%", "2020-06-30": "4.00%", "2020-03-31": "4.12%", "2019-12-31": "4.35%", "2019-09-30": "4.98%", "2019-06-30": "1.64%", "2019-03-31": "-2.83%", "2018-12-31": "-4.23%", "2018-09-30": "-0.68%", "2018-06-30": "-3.52%", "2018-03-31": "1.79%", "2017-12-31": "1.42%"}, "return on assets": {"2020-09-30": "0.20%", "2020-06-30": "1.27%", "2020-03-31": "1.23%", "2019-12-31": "1.22%", "2019-09-30": "1.39%", "2019-06-30": "0.43%", "2019-03-31": "-0.73%", "2018-12-31": "-1.00%", "2018-09-30": "-0.14%", "2018-06-30": "-0.67%", "2018-03-31": "0.29%", "2017-12-31": "0.24%"}, "return on investments": {"2020-09-30": "1.78%", "2020-06-30": "2.16%", "2020-03-31": "2.87%", "2019-12-31": "2.97%", "2019-09-30": "3.06%", "2019-06-30": "3.55%", "2019-03-31": "2.44%", "2018-12-31": "2.52%", "2018-09-30": "3.30%", "2018-06-30": "3.73%", "2018-03-31": "6.35%", "2017-12-31": "9.78%"}, "return on tangible equity": {"2020-09-30": "-5.42%", "2020-06-30": "-30.31%", "2020-03-31": "-26.09%", "2019-12-31": "-22.66%", "2019-09-30": "-21.41%", "2019-06-30": "-5.62%", "2019-03-31": "8.29%", "2018-12-31": "8.39%", "2018-09-30": "1.04%", "2018-06-30": "4.64%", "2018-03-31": "-1.80%", "2017-12-31": "-1.54%"}, "dividend yield history": {"last payout": "$0.00", "last yield": "0.00%"}}