{"ticker": "CERN", "price": {"title": "Cerner Historical Annual Stock Price Data", "value": 75.9, "historical": {"2021": {"Average Stock Price": "79.6636", "Year Open": "77.7400", "Year High": "83.3000", "Year Low": "75.9000", "Year Close": "75.9000", "Annual % Change": "-3.29%"}, "2020": {"Average Stock Price": "71.3047", "Year Open": "73.6200", "Year High": "80.2300", "Year Low": "54.7000", "Year Close": "78.4800", "Annual % Change": "6.94%"}, "2019": {"Average Stock Price": "65.8833", "Year Open": "51.8700", "Year High": "76.1500", "Year Low": "50.7000", "Year Close": "73.3900", "Annual % Change": "39.95%"}, "2018": {"Average Stock Price": "61.3968", "Year Open": "68.5700", "Year High": "72.9000", "Year Low": "48.9000", "Year Close": "52.4400", "Annual % Change": "-22.18%"}, "2017": {"Average Stock Price": "63.3868", "Year Open": "49.4000", "Year High": "73.5700", "Year Low": "47.5500", "Year Close": "67.3900", "Annual % Change": "42.26%"}, "2016": {"Average Stock Price": "56.6316", "Year Open": "58.1600", "Year High": "67.3300", "Year Low": "47.3700", "Year Close": "47.3700", "Annual % Change": "-21.27%"}, "2015": {"Average Stock Price": "66.4698", "Year Open": "65.0300", "Year High": "75.0000", "Year Low": "56.5500", "Year Close": "60.1700", "Annual % Change": "-6.94%"}, "2014": {"Average Stock Price": "57.1863", "Year Open": "55.0700", "Year High": "66.1000", "Year Low": "49.4300", "Year Close": "64.6600", "Annual % Change": "16.00%"}, "2013": {"Average Stock Price": "49.0696", "Year Open": "40.2250", "Year High": "58.2400", "Year Low": "39.5300", "Year Close": "55.7400", "Annual % Change": "43.83%"}, "2012": {"Average Stock Price": "37.3752", "Year Open": "31.2750", "Year High": "43.4550", "Year Low": "29.8900", "Year Close": "38.7550", "Annual % Change": "26.55%"}, "2011": {"Average Stock Price": "29.3919", "Year Open": "23.9750", "Year High": "36.4400", "Year Low": "23.5900", "Year Close": "30.6250", "Annual % Change": "29.30%"}, "2010": {"Average Stock Price": "20.8929", "Year Open": "21.0675", "Year High": "24.2525", "Year Low": "18.2125", "Year Close": "23.6850", "Annual % Change": "14.92%"}, "2009": {"Average Stock Price": "14.8448", "Year Open": "9.7950", "Year High": "21.3775", "Year Low": "8.4300", "Year Close": "20.6100", "Annual % Change": "114.41%"}, "2008": {"Average Stock Price": "10.9368", "Year Open": "14.1800", "Year High": "14.8975", "Year Low": "7.8950", "Year Close": "9.6125", "Annual % Change": "-31.83%"}, "2007": {"Average Stock Price": "13.8631", "Year Open": "11.3000", "Year High": "16.3625", "Year Low": "11.1725", "Year Close": "14.1000", "Annual % Change": "23.96%"}, "2006": {"Average Stock Price": "10.9490", "Year Open": "11.4963", "Year High": "12.5675", "Year Low": "8.5000", "Year Close": "11.3750", "Annual % Change": "0.10%"}, "2005": {"Average Stock Price": "8.7532", "Year Open": "6.5513", "Year High": "12.2638", "Year Low": "5.9375", "Year Close": "11.3638", "Annual % Change": "70.98%"}, "2004": {"Average Stock Price": "5.6177", "Year Open": "4.8138", "Year High": "6.6988", "Year Low": "4.6700", "Year Close": "6.6463", "Annual % Change": "40.48%"}, "2003": {"Average Stock Price": "3.9481", "Year Open": "4.0063", "Year High": "5.7650", "Year Low": "2.0625", "Year Close": "4.7313", "Annual % Change": "21.08%"}, "2002": {"Average Stock Price": "5.3353", "Year Open": "6.2438", "Year High": "7.1250", "Year Low": "3.4563", "Year Close": "3.9075", "Annual % Change": "-37.39%"}, "2001": {"Average Stock Price": "6.0143", "Year Open": "5.3913", "Year High": "7.5163", "Year Low": "3.6875", "Year Close": "6.2413", "Annual % Change": "7.96%"}, "2000": {"Average Stock Price": "4.4083", "Year Open": "2.5550", "Year High": "7.7425", "Year Low": "2.2975", "Year Close": "5.7813", "Annual % Change": "134.89%"}, "1999": {"Average Stock Price": "2.1800", "Year Open": "3.3750", "Year High": "3.4063", "Year Low": "1.5625", "Year Close": "2.4613", "Annual % Change": "-26.39%"}, "1998": {"Average Stock Price": "3.1137", "Year Open": "2.7500", "Year High": "3.9300", "Year Low": "2.3825", "Year Close": "3.3438", "Annual % Change": "26.60%"}, "1997": {"Average Stock Price": "2.6753", "Year Open": "1.9375", "Year High": "4.1100", "Year Low": "1.4850", "Year Close": "2.6413", "Annual % Change": "36.33%"}, "1996": {"Average Stock Price": "2.3032", "Year Open": "2.7813", "Year High": "3.2656", "Year Low": "1.3438", "Year Close": "1.9375", "Annual % Change": "-24.39%"}, "1995": {"Average Stock Price": "3.4299", "Year Open": "2.6719", "Year High": "4.4688", "Year Low": "2.5625", "Year Close": "2.5625", "Annual % Change": "-7.07%"}, "1994": {"Average Stock Price": "2.4253", "Year Open": "2.7888", "Year High": "3.0625", "Year Low": "1.5700", "Year Close": "2.7575", "Annual % Change": "1.42%"}, "1993": {"Average Stock Price": "1.7656", "Year Open": "1.7306", "Year High": "2.8125", "Year Low": "1.0313", "Year Close": "2.7188", "Annual % Change": "57.47%"}, "1992": {"Average Stock Price": "0.8879", "Year Open": "0.3828", "Year High": "1.7266", "Year Low": "0.3711", "Year Close": "1.7266", "Annual % Change": "342.04%"}, "1991": {"Average Stock Price": "0.2549", "Year Open": "0.1484", "Year High": "0.3906", "Year Low": "0.1484", "Year Close": "0.3906", "Annual % Change": "156.47%"}}}, "market cap": {"value": "$24.23B"}, "income statement": {"Revenue": {"2019-12-31": "5692.59800", "2018-12-31": "5366.32500", "2017-12-31": "5142.27200", "2016-12-31": "4796.47300", "2015-12-31": "4425.26700", "2014-12-31": "3402.70300", "2013-12-31": "2910.74800", "2012-12-31": "2665.43600", "2011-12-31": "2203.15300", "2010-12-31": "1850.22200", "2009-12-31": "1671.86400", "2008-12-31": "1676.02800", "2007-12-31": "1519.87700", "2006-12-31": "1378.03800", "2005-12-31": "1160.78500"}, "Cost Of Goods Sold": {"2019-12-31": "1071.04100", "2018-12-31": "937.34800", "2017-12-31": "854.09100", "2016-12-31": "779.11600", "2015-12-31": "750.78100", "2014-12-31": "604.37700", "2013-12-31": "514.72200", "2012-12-31": "608.19700", "2011-12-31": "441.67200", "2010-12-31": "320.35600", "2009-12-31": "281.19800", "2008-12-31": "296.06300", "2007-12-31": "280.11000", "2006-12-31": "290.97000", "2005-12-31": "254.68600"}, "Gross Profit": {"2019-12-31": "4621.55700", "2018-12-31": "4428.97700", "2017-12-31": "4288.18100", "2016-12-31": "4017.35700", "2015-12-31": "3674.48600", "2014-12-31": "2798.32600", "2013-12-31": "2396.02600", "2012-12-31": "2057.23900", "2011-12-31": "1761.48100", "2010-12-31": "1529.86600", "2009-12-31": "1390.66600", "2008-12-31": "1379.96500", "2007-12-31": "1239.76700", "2006-12-31": "1087.06800", "2005-12-31": "906.09910"}, "Research And Development Expenses": {"2019-12-31": "737.13600", "2018-12-31": "683.66300", "2017-12-31": "605.04600", "2016-12-31": "", "2015-12-31": "539.79900", "2014-12-31": "392.80500", "2013-12-31": "338.78600", "2012-12-31": "301.37000", "2011-12-31": "286.80100", "2010-12-31": "272.85100", "2009-12-31": "271.05100", "2008-12-31": "272.51900", "2007-12-31": "270.57600", "2006-12-31": "246.97000", "2005-12-31": "211.45500"}, "SG&A Expenses": {"2019-12-31": "3195.93500", "2018-12-31": "2883.16500", "2017-12-31": "2632.08800", "2016-12-31": "2464.38000", "2015-12-31": "2262.02400", "2014-12-31": "1628.96100", "2013-12-31": "1468.43400", "2012-12-31": "1184.20700", "2011-12-31": "1014.88200", "2010-12-31": "897.68200", "2009-12-31": "827.60900", "2008-12-31": "828.56100", "2007-12-31": "765.10800", "2006-12-31": "673.93100", "2005-12-31": "547.82600"}, "Other Operating Income Or Expenses": {"2019-12-31": "", "2018-12-31": "", "2017-12-31": "", "2016-12-31": "-551.41800", "2015-12-31": "", "2014-12-31": "", "2013-12-31": "", "2012-12-31": "", "2011-12-31": "", "2010-12-31": "", "2009-12-31": "", "2008-12-31": "", "2007-12-31": "", "2006-12-31": "", "2005-12-31": "-6.38200"}, "Operating Expenses": {"2019-12-31": "5091.92900", "2018-12-31": "4591.54000", "2017-12-31": "4181.80100", "2016-12-31": "3885.46000", "2015-12-31": "3644.13100", "2014-12-31": "2639.61900", "2013-12-31": "2334.73600", "2012-12-31": "2093.77400", "2011-12-31": "1743.35500", "2010-12-31": "1490.88900", "2009-12-31": "1379.85800", "2008-12-31": "1397.14300", "2007-12-31": "1315.79400", "2006-12-31": "1211.87100", "2005-12-31": "1020.34900"}, "Operating Income": {"2019-12-31": "600.66890", "2018-12-31": "774.78520", "2017-12-31": "960.47120", "2016-12-31": "911.01290", "2015-12-31": "781.13620", "2014-12-31": "763.08370", "2013-12-31": "576.01220", "2012-12-31": "571.66210", "2011-12-31": "459.79810", "2010-12-31": "359.33300", "2009-12-31": "292.00600", "2008-12-31": "278.88490", "2007-12-31": "204.08300", "2006-12-31": "166.16700", "2005-12-31": "140.43600"}, "Total Non-Operating Income/Expense": {"2019-12-31": "53.84300", "2018-12-31": "26.06600", "2017-12-31": "6.65800", "2016-12-31": "7.42100", "2015-12-31": "0.24400", "2014-12-31": "11.09000", "2013-12-31": "12.04200", "2012-12-31": "16.04600", "2011-12-31": "9.89600", "2010-12-31": "2.87900", "2009-12-31": "0.67500", "2008-12-31": "2.54600", "2007-12-31": "-0.11600", "2006-12-31": "1.37700", "2005-12-31": "-5.19200"}, "Pre-Tax Income": {"2019-12-31": "654.51200", "2018-12-31": "800.85100", "2017-12-31": "967.12900", "2016-12-31": "918.43400", "2015-12-31": "781.38000", "2014-12-31": "774.17400", "2013-12-31": "588.05400", "2012-12-31": "587.70800", "2011-12-31": "469.69400", "2010-12-31": "362.21200", "2009-12-31": "292.68100", "2008-12-31": "281.43100", "2007-12-31": "203.96700", "2006-12-31": "167.54400", "2005-12-31": "135.24400"}, "Income Taxes": {"2019-12-31": "125.05800", "2018-12-31": "170.79200", "2017-12-31": "100.15100", "2016-12-31": "281.95000", "2015-12-31": "242.01800", "2014-12-31": "248.74100", "2013-12-31": "189.70000", "2012-12-31": "190.47600", "2011-12-31": "163.06700", "2010-12-31": "124.94000", "2009-12-31": "99.21600", "2008-12-31": "92.77300", "2007-12-31": "76.84200", "2006-12-31": "57.65300", "2005-12-31": "48.99300"}, "Income After Taxes": {"2019-12-31": "529.45400", "2018-12-31": "630.05900", "2017-12-31": "866.97800", "2016-12-31": "636.48400", "2015-12-31": "539.36200", "2014-12-31": "525.43300", "2013-12-31": "398.35400", "2012-12-31": "397.23200", "2011-12-31": "306.62700", "2010-12-31": "237.27200", "2009-12-31": "193.46500", "2008-12-31": "188.65800", "2007-12-31": "127.12500", "2006-12-31": "109.89100", "2005-12-31": "86.25100"}, "Other Income": {"2019-12-31": "", "2018-12-31": "", "2017-12-31": "", "2016-12-31": "", "2015-12-31": "", "2014-12-31": "", "2013-12-31": "", "2012-12-31": "", "2011-12-31": "", "2010-12-31": "", "2009-12-31": "", "2008-12-31": "", "2007-12-31": "", "2006-12-31": "", "2005-12-31": ""}, "Income From Continuous Operations": {"2019-12-31": "529.45400", "2018-12-31": "630.05900", "2017-12-31": "866.97800", "2016-12-31": "636.48400", "2015-12-31": "539.36200", "2014-12-31": "525.43300", "2013-12-31": "398.35400", "2012-12-31": "397.23200", "2011-12-31": "306.62700", "2010-12-31": "237.27200", "2009-12-31": "193.46500", "2008-12-31": "188.65800", "2007-12-31": "127.12500", "2006-12-31": "109.89100", "2005-12-31": "86.25100"}, "Income From Discontinued Operations": {"2019-12-31": "", "2018-12-31": "", "2017-12-31": "", "2016-12-31": "", "2015-12-31": "", "2014-12-31": "", "2013-12-31": "", "2012-12-31": "", "2011-12-31": "", "2010-12-31": "", "2009-12-31": "", "2008-12-31": "", "2007-12-31": "", "2006-12-31": "", "2005-12-31": ""}, "Net Income": {"2019-12-31": "529.45400", "2018-12-31": "630.05900", "2017-12-31": "866.97800", "2016-12-31": "636.48400", "2015-12-31": "539.36200", "2014-12-31": "525.43300", "2013-12-31": "398.35400", "2012-12-31": "397.23200", "2011-12-31": "306.62700", "2010-12-31": "237.27200", "2009-12-31": "193.46500", "2008-12-31": "188.65800", "2007-12-31": "127.12500", "2006-12-31": "109.89100", "2005-12-31": "86.25100"}, "EBITDA": {"2019-12-31": "1288.63500", "2018-12-31": "1417.37600", "2017-12-31": "1541.19400", "2016-12-31": "1415.24900", "2015-12-31": "1233.36100", "2014-12-31": "1065.43700", "2013-12-31": "839.55020", "2012-12-31": "794.24210", "2011-12-31": "672.35410", "2010-12-31": "552.67000", "2009-12-31": "481.60900", "2008-12-31": "449.35090", "2007-12-31": "356.90000", "2006-12-31": "291.42100", "2005-12-31": "254.49100"}, "EBIT": {"2019-12-31": "600.66890", "2018-12-31": "774.78520", "2017-12-31": "960.47120", "2016-12-31": "911.01290", "2015-12-31": "781.13620", "2014-12-31": "763.08370", "2013-12-31": "576.01220", "2012-12-31": "571.66210", "2011-12-31": "459.79810", "2010-12-31": "359.33300", "2009-12-31": "292.00600", "2008-12-31": "278.88490", "2007-12-31": "204.08300", "2006-12-31": "166.16700", "2005-12-31": "140.43600"}, "Basic Shares Outstanding": {"2019-12-31": "318.22900", "2018-12-31": "330.08400", "2017-12-31": "331.37300", "2016-12-31": "337.74000", "2015-12-31": "343.17800", "2014-12-31": "342.15000", "2013-12-31": "343.63600", "2012-12-31": "341.86100", "2011-12-31": "337.26700", "2010-12-31": "329.83200", "2009-12-31": "323.92600", "2008-12-31": "322.19600", "2007-12-31": "317.58000", "2006-12-31": "310.76400", "2005-12-31": "296.57600"}, "Shares Outstanding": {"2019-12-31": "321.23500", "2018-12-31": "333.57200", "2017-12-31": "337.99900", "2016-12-31": "343.65300", "2015-12-31": "350.90800", "2014-12-31": "350.38600", "2013-12-31": "352.28100", "2012-12-31": "351.39400", "2011-12-31": "347.73400", "2010-12-31": "341.69400", "2009-12-31": "335.52800", "2008-12-31": "333.74000", "2007-12-31": "332.87200", "2006-12-31": "326.89200", "2005-12-31": "312.36000"}, "Basic EPS": {"2019-12-31": "1.66000", "2018-12-31": "1.91000", "2017-12-31": "2.62000", "2016-12-31": "1.88000", "2015-12-31": "1.57000", "2014-12-31": "1.54000", "2013-12-31": "1.16000", "2012-12-31": "1.16000", "2011-12-31": "0.91000", "2010-12-31": "0.72000", "2009-12-31": "0.59500", "2008-12-31": "0.58500", "2007-12-31": "0.40000", "2006-12-31": "0.35250", "2005-12-31": "0.29000"}, "EPS - Earnings Per Share": {"2019-12-31": "1.65000", "2018-12-31": "1.89000", "2017-12-31": "2.57000", "2016-12-31": "1.85000", "2015-12-31": "1.54000", "2014-12-31": "1.50000", "2013-12-31": "1.13000", "2012-12-31": "1.13000", "2011-12-31": "0.88000", "2010-12-31": "0.69500", "2009-12-31": "0.57500", "2008-12-31": "0.56500", "2007-12-31": "0.38250", "2006-12-31": "0.33500", "2005-12-31": "0.27500"}}, "income statement, quarterly": {"Revenue": {"2020-09-30": "1368.67300", "2020-06-30": "1330.34900", "2020-03-31": "1411.74100", "2019-12-31": "1442.23200", "2019-09-30": "1429.42800", "2019-06-30": "1431.06100", "2019-03-31": "1389.87700", "2018-12-31": "1365.66400", "2018-09-30": "1340.07300", "2018-06-30": "1367.72700", "2018-03-31": "1292.86100", "2017-12-31": "1313.78500", "2017-09-30": "1276.00700", "2017-06-30": "1291.99400", "2017-03-31": "1260.48600", "2016-12-31": "1257.81900", "2016-09-30": "1184.55700", "2016-06-30": "1215.96200", "2016-03-31": "1138.13500", "2015-12-31": "1175.29400", "2015-09-30": "1127.88700", "2015-06-30": "1125.99700", "2015-03-31": "996.08900", "2014-12-31": "926.03100", "2014-09-30": "840.14900", "2014-06-30": "851.76200", "2014-03-31": "784.76100", "2013-12-31": "795.32790", "2013-09-30": "727.83000", "2013-06-30": "707.56100", "2013-03-31": "680.02900", "2012-12-31": "710.38420", "2012-09-30": "676.48200", "2012-06-30": "637.35800", "2012-03-31": "641.21200", "2011-12-31": "615.62600", "2011-09-30": "571.64000", "2011-06-30": "524.22300", "2011-03-31": "491.66400", "2010-12-31": "500.20110", "2010-09-30": "462.68300", "2010-06-30": "456.00100", "2010-03-31": "431.33700", "2009-12-31": "466.32100", "2009-09-30": "409.41500", "2009-06-30": "403.80600", "2009-03-31": "392.32200", "2008-12-31": "465.73490", "2008-09-30": "422.72800", "2008-06-30": "402.80000", "2008-03-31": "384.76500", "2007-12-31": "394.50090", "2007-09-30": "372.93600", "2007-06-30": "386.58800", "2007-03-31": "365.85200", "2006-12-31": "380.78990", "2006-09-30": "345.45200", "2006-06-30": "330.57200", "2006-03-31": "321.22400", "2005-12-31": "325.81400", "2005-09-30": "294.62200", "2005-06-30": "277.81500", "2005-03-31": "262.53400"}, "Cost Of Goods Sold": {"2020-09-30": "231.88900", "2020-06-30": "211.96300", "2020-03-31": "891.06500", "2019-12-31": "-362.80100", "2019-09-30": "271.77800", "2019-06-30": "268.67300", "2019-03-31": "893.39100", "2018-12-31": "236.95500", "2018-09-30": "230.33200", "2018-06-30": "238.78300", "2018-03-31": "231.27800", "2017-12-31": "229.13100", "2017-09-30": "202.90400", "2017-06-30": "223.06300", "2017-03-31": "198.99300", "2016-12-31": "214.99700", "2016-09-30": "182.97000", "2016-06-30": "205.55600", "2016-03-31": "175.59300", "2015-12-31": "199.21600", "2015-09-30": "190.58300", "2015-06-30": "192.32200", "2015-03-31": "168.66000", "2014-12-31": "172.84390", "2014-09-30": "140.06500", "2014-06-30": "162.36900", "2014-03-31": "129.09900", "2013-12-31": "142.11600", "2013-09-30": "119.57700", "2013-06-30": "125.80000", "2013-03-31": "127.22900", "2012-12-31": "153.11090", "2012-09-30": "149.57800", "2012-06-30": "147.50000", "2012-03-31": "158.00800", "2011-12-31": "132.04600", "2011-09-30": "120.46400", "2011-06-30": "98.48200", "2011-03-31": "90.68000", "2010-12-31": "94.91300", "2010-09-30": "79.14800", "2010-06-30": "78.21100", "2010-03-31": "68.08400", "2009-12-31": "79.29900", "2009-09-30": "69.47900", "2009-06-30": "66.88900", "2009-03-31": "65.53100", "2008-12-31": "87.58600", "2008-09-30": "72.31700", "2008-06-30": "71.78600", "2008-03-31": "64.37400", "2007-12-31": "68.87600", "2007-09-30": "57.80900", "2007-06-30": "80.96200", "2007-03-31": "72.46300", "2006-12-31": "88.95700", "2006-09-30": "69.80300", "2006-06-30": "64.19200", "2006-03-31": "68.01800", "2005-12-31": "74.37200", "2005-09-30": "65.30500", "2005-06-30": "59.60100", "2005-03-31": "55.40800"}, "Gross Profit": {"2020-09-30": "1136.78400", "2020-06-30": "1118.38600", "2020-03-31": "520.67600", "2019-12-31": "1805.03300", "2019-09-30": "1157.65000", "2019-06-30": "1162.38800", "2019-03-31": "496.48600", "2018-12-31": "1128.70900", "2018-09-30": "1109.74100", "2018-06-30": "1128.94400", "2018-03-31": "1061.58300", "2017-12-31": "1084.65400", "2017-09-30": "1073.10300", "2017-06-30": "1068.93100", "2017-03-31": "1061.49300", "2016-12-31": "1042.82200", "2016-09-30": "1001.58700", "2016-06-30": "1010.40600", "2016-03-31": "962.54200", "2015-12-31": "976.07830", "2015-09-30": "937.30400", "2015-06-30": "933.67490", "2015-03-31": "827.42900", "2014-12-31": "753.18710", "2014-09-30": "700.08400", "2014-06-30": "689.39300", "2014-03-31": "655.66200", "2013-12-31": "653.21200", "2013-09-30": "608.25300", "2013-06-30": "581.76100", "2013-03-31": "552.80000", "2012-12-31": "557.27330", "2012-09-30": "526.90400", "2012-06-30": "489.85800", "2012-03-31": "483.20400", "2011-12-31": "483.58000", "2011-09-30": "451.17600", "2011-06-30": "425.74100", "2011-03-31": "400.98400", "2010-12-31": "405.28810", "2010-09-30": "383.53500", "2010-06-30": "377.79000", "2010-03-31": "363.25300", "2009-12-31": "387.02200", "2009-09-30": "339.93600", "2009-06-30": "336.91700", "2009-03-31": "326.79100", "2008-12-31": "378.14890", "2008-09-30": "350.41100", "2008-06-30": "331.01400", "2008-03-31": "320.39100", "2007-12-31": "325.62490", "2007-09-30": "315.12700", "2007-06-30": "305.62600", "2007-03-31": "293.38900", "2006-12-31": "291.83290", "2006-09-30": "275.64900", "2006-06-30": "266.38000", "2006-03-31": "253.20600", "2005-12-31": "251.44200", "2005-09-30": "229.31700", "2005-06-30": "218.21400", "2005-03-31": "207.12600"}, "Research And Development Expenses": {"2020-09-30": "186.82600", "2020-06-30": "178.95500", "2020-03-31": "185.32000", "2019-12-31": "188.20200", "2019-09-30": "187.52600", "2019-06-30": "181.04700", "2019-03-31": "180.36100", "2018-12-31": "181.47100", "2018-09-30": "172.29700", "2018-06-30": "168.27800", "2018-03-31": "161.61700", "2017-12-31": "162.47600", "2017-09-30": "153.83400", "2017-06-30": "142.83500", "2017-03-31": "145.90100", "2016-12-31": "", "2016-09-30": "136.75500", "2016-06-30": "135.16400", "2016-03-31": "133.53200", "2015-12-31": "141.26300", "2015-09-30": "132.81400", "2015-06-30": "138.45100", "2015-03-31": "127.27100", "2014-12-31": "106.90800", "2014-09-30": "97.02600", "2014-06-30": "97.32600", "2014-03-31": "91.54500", "2013-12-31": "92.44300", "2013-09-30": "82.99800", "2013-06-30": "82.28200", "2013-03-31": "81.06300", "2012-12-31": "78.62400", "2012-09-30": "78.09400", "2012-06-30": "73.50700", "2012-03-31": "71.14500", "2011-12-31": "73.32300", "2011-09-30": "72.54400", "2011-06-30": "69.79000", "2011-03-31": "71.14400", "2010-12-31": "70.82700", "2010-09-30": "67.25700", "2010-06-30": "67.98800", "2010-03-31": "66.77900", "2009-12-31": "74.47300", "2009-09-30": "66.75200", "2009-06-30": "65.09000", "2009-03-31": "64.73600", "2008-12-31": "69.37300", "2008-09-30": "68.09200", "2008-06-30": "65.89000", "2008-03-31": "69.16400", "2007-12-31": "72.22000", "2007-09-30": "68.04300", "2007-06-30": "63.71500", "2007-03-31": "66.59800", "2006-12-31": "64.90500", "2006-09-30": "62.16000", "2006-06-30": "60.88800", "2006-03-31": "59.01700", "2005-12-31": "59.45600", "2005-09-30": "53.96800", "2005-06-30": "48.70200", "2005-03-31": "49.32900"}, "SG&A Expenses": {"2020-09-30": "742.21800", "2020-06-30": "779.41900", "2020-03-31": "139.85200", "2019-12-31": "1410.99200", "2019-09-30": "860.06400", "2019-06-30": "828.68300", "2019-03-31": "96.19600", "2018-12-31": "761.61920", "2018-09-30": "708.73500", "2018-06-30": "730.56900", "2018-03-31": "682.24200", "2017-12-31": "680.67680", "2017-09-30": "648.79900", "2017-06-30": "654.02000", "2017-03-31": "648.59200", "2016-12-31": "662.38520", "2016-09-30": "599.74200", "2016-06-30": "610.29200", "2016-03-31": "591.96100", "2015-12-31": "583.46500", "2015-09-30": "564.58600", "2015-06-30": "598.98000", "2015-03-31": "514.99300", "2014-12-31": "434.34800", "2014-09-30": "411.29400", "2014-06-30": "397.20500", "2014-03-31": "386.11400", "2013-12-31": "464.22600", "2013-09-30": "356.01700", "2013-06-30": "333.02300", "2013-03-31": "315.16800", "2012-12-31": "318.20500", "2012-09-30": "301.11400", "2012-06-30": "280.26800", "2012-03-31": "284.62000", "2011-12-31": "272.52300", "2011-09-30": "258.24000", "2011-06-30": "247.97800", "2011-03-31": "236.14100", "2010-12-31": "231.12800", "2010-09-30": "222.28600", "2010-06-30": "223.45000", "2010-03-31": "220.81800", "2009-12-31": "219.38900", "2009-09-30": "202.47400", "2009-06-30": "205.67100", "2009-03-31": "200.07500", "2008-12-31": "207.32900", "2008-09-30": "214.56800", "2008-06-30": "211.90300", "2008-03-31": "194.76100", "2007-12-31": "194.84790", "2007-09-30": "192.91600", "2007-06-30": "193.73100", "2007-03-31": "183.61300", "2006-12-31": "176.54500", "2006-09-30": "169.61200", "2006-06-30": "165.57900", "2006-03-31": "162.19500", "2005-12-31": "145.60800", "2005-09-30": "138.15200", "2005-06-30": "135.30400", "2005-03-31": "128.76200"}, "Other Operating Income Or Expenses": {"2020-09-30": "216.86900", "2020-06-30": "", "2020-03-31": "", "2019-12-31": "", "2019-09-30": "", "2019-06-30": "", "2019-03-31": "", "2018-12-31": "", "2018-09-30": "", "2018-06-30": "", "2018-03-31": "", "2017-12-31": "", "2017-09-30": "", "2017-06-30": "", "2017-03-31": "", "2016-12-31": "", "2016-09-30": "", "2016-06-30": "", "2016-03-31": "", "2015-12-31": "", "2015-09-30": "", "2015-06-30": "", "2015-03-31": "", "2014-12-31": "", "2014-09-30": "", "2014-06-30": "", "2014-03-31": "", "2013-12-31": "", "2013-09-30": "", "2013-06-30": "", "2013-03-31": "", "2012-12-31": "", "2012-09-30": "", "2012-06-30": "", "2012-03-31": "", "2011-12-31": "", "2011-09-30": "", "2011-06-30": "", "2011-03-31": "", "2010-12-31": "", "2010-09-30": "", "2010-06-30": "", "2010-03-31": "", "2009-12-31": "", "2009-09-30": "", "2009-06-30": "", "2009-03-31": "", "2008-12-31": "", "2008-09-30": "", "2008-06-30": "", "2008-03-31": "", "2007-12-31": "", "2007-09-30": "", "2007-06-30": "", "2007-03-31": "", "2006-12-31": "", "2006-09-30": "", "2006-06-30": "", "2006-03-31": "", "2005-12-31": "", "2005-09-30": "", "2005-06-30": "", "2005-03-31": "-6.38200"}, "Operating Expenses": {"2020-09-30": "956.85300", "2020-06-30": "1183.45100", "2020-03-31": "1233.36500", "2019-12-31": "1259.40100", "2019-09-30": "1340.65100", "2019-06-30": "1299.94400", "2019-03-31": "1191.93300", "2018-12-31": "1201.53700", "2018-09-30": "1132.91700", "2018-06-30": "1159.44000", "2018-03-31": "1097.64600", "2017-12-31": "1094.73400", "2017-09-30": "1028.10100", "2017-06-30": "1042.60600", "2017-03-31": "1016.36000", "2016-12-31": "1045.79100", "2016-09-30": "942.33200", "2016-06-30": "974.65000", "2016-03-31": "922.68700", "2015-12-31": "948.15990", "2015-09-30": "912.53300", "2015-06-30": "954.26100", "2015-03-31": "829.17700", "2014-12-31": "720.73710", "2014-09-30": "651.99500", "2014-06-30": "660.12900", "2014-03-31": "606.75800", "2013-12-31": "711.57880", "2013-09-30": "558.59200", "2013-06-30": "541.10500", "2013-03-31": "523.46000", "2012-12-31": "549.93990", "2012-09-30": "528.78600", "2012-06-30": "501.27500", "2012-03-31": "513.77300", "2011-12-31": "477.89190", "2011-09-30": "451.24800", "2011-06-30": "416.25000", "2011-03-31": "397.96500", "2010-12-31": "396.86800", "2010-09-30": "368.69100", "2010-06-30": "369.64900", "2010-03-31": "355.68100", "2009-12-31": "373.16110", "2009-09-30": "338.70500", "2009-06-30": "337.65000", "2009-03-31": "330.34200", "2008-12-31": "364.28800", "2008-09-30": "354.97700", "2008-06-30": "349.57900", "2008-03-31": "328.29900", "2007-12-31": "335.94390", "2007-09-30": "318.76800", "2007-06-30": "338.40800", "2007-03-31": "322.67400", "2006-12-31": "330.40700", "2006-09-30": "301.57500", "2006-06-30": "290.65900", "2006-03-31": "289.23000", "2005-12-31": "279.43600", "2005-09-30": "257.42500", "2005-06-30": "243.60700", "2005-03-31": "239.88100"}, "Operating Income": {"2020-09-30": "411.81990", "2020-06-30": "146.89810", "2020-03-31": "178.37600", "2019-12-31": "182.83040", "2019-09-30": "88.77700", "2019-06-30": "131.11710", "2019-03-31": "197.94400", "2018-12-31": "164.12710", "2018-09-30": "207.15600", "2018-06-30": "208.28710", "2018-03-31": "195.21500", "2017-12-31": "219.05130", "2017-09-30": "247.90590", "2017-06-30": "249.38810", "2017-03-31": "244.12600", "2016-12-31": "212.02800", "2016-09-30": "242.22500", "2016-06-30": "241.31200", "2016-03-31": "215.44800", "2015-12-31": "227.13440", "2015-09-30": "215.35390", "2015-06-30": "171.73600", "2015-03-31": "166.91200", "2014-12-31": "205.29390", "2014-09-30": "188.15400", "2014-06-30": "191.63300", "2014-03-31": "178.00300", "2013-12-31": "83.74920", "2013-09-30": "169.23800", "2013-06-30": "166.45600", "2013-03-31": "156.56900", "2012-12-31": "160.44430", "2012-09-30": "147.69600", "2012-06-30": "136.08290", "2012-03-31": "127.43900", "2011-12-31": "137.73410", "2011-09-30": "120.39200", "2011-06-30": "107.97300", "2011-03-31": "93.69900", "2010-12-31": "103.33310", "2010-09-30": "93.99200", "2010-06-30": "86.35200", "2010-03-31": "75.65600", "2009-12-31": "93.15990", "2009-09-30": "70.71000", "2009-06-30": "66.15600", "2009-03-31": "61.98000", "2008-12-31": "101.44690", "2008-09-30": "67.75100", "2008-06-30": "53.22100", "2008-03-31": "56.46600", "2007-12-31": "58.55700", "2007-09-30": "54.16800", "2007-06-30": "48.18000", "2007-03-31": "43.17800", "2006-12-31": "50.38290", "2006-09-30": "43.87700", "2006-06-30": "39.91300", "2006-03-31": "31.99400", "2005-12-31": "46.37800", "2005-09-30": "37.19700", "2005-06-30": "34.20800", "2005-03-31": "22.65300"}, "Total Non-Operating Income/Expense": {"2020-09-30": "48.02000", "2020-06-30": "24.63200", "2020-03-31": "5.59500", "2019-12-31": "8.87000", "2019-09-30": "13.53500", "2019-06-30": "23.00600", "2019-03-31": "8.43200", "2018-12-31": "7.66200", "2018-09-30": "6.94300", "2018-06-30": "6.59700", "2018-03-31": "4.86400", "2017-12-31": "2.60400", "2017-09-30": "2.50900", "2017-06-30": "2.66100", "2017-03-31": "-1.11600", "2016-12-31": "3.68700", "2016-09-30": "-0.41700", "2016-06-30": "2.47000", "2016-03-31": "1.68100", "2015-12-31": "0.79800", "2015-09-30": "0.31700", "2015-06-30": "-1.07900", "2015-03-31": "0.20800", "2014-12-31": "3.18200", "2014-09-30": "2.18100", "2014-06-30": "2.73700", "2014-03-31": "2.99000", "2013-12-31": "2.75600", "2013-09-30": "3.50900", "2013-06-30": "2.73300", "2013-03-31": "3.04400", "2012-12-31": "7.25700", "2012-09-30": "3.35100", "2012-06-30": "2.81400", "2012-03-31": "2.62400", "2011-12-31": "2.23000", "2011-09-30": "2.77500", "2011-06-30": "2.88000", "2011-03-31": "2.01100", "2010-12-31": "1.15400", "2010-09-30": "0.09200", "2010-06-30": "-0.07400", "2010-03-31": "1.70700", "2009-12-31": "0.54800", "2009-09-30": "0.17700", "2009-06-30": "0.06700", "2009-03-31": "-0.11700", "2008-12-31": "1.02000", "2008-09-30": "0.20700", "2008-06-30": "0.50200", "2008-03-31": "0.81700", "2007-12-31": "0.66900", "2007-09-30": "-0.59200", "2007-06-30": "0.00900", "2007-03-31": "-0.20200", "2006-12-31": "0.53600", "2006-09-30": "-0.04600", "2006-06-30": "-0.54500", "2006-03-31": "1.43200", "2005-12-31": "-1.11300", "2005-09-30": "-1.04800", "2005-06-30": "-1.31900", "2005-03-31": "-1.71200"}, "Pre-Tax Income": {"2020-09-30": "459.84000", "2020-06-30": "171.53000", "2020-03-31": "183.97100", "2019-12-31": "191.70100", "2019-09-30": "102.31200", "2019-06-30": "154.12300", "2019-03-31": "206.37600", "2018-12-31": "171.78900", "2018-09-30": "214.09900", "2018-06-30": "214.88400", "2018-03-31": "200.07900", "2017-12-31": "221.65500", "2017-09-30": "250.41500", "2017-06-30": "252.04900", "2017-03-31": "243.01000", "2016-12-31": "215.71510", "2016-09-30": "241.80800", "2016-06-30": "243.78200", "2016-03-31": "217.12900", "2015-12-31": "227.93200", "2015-09-30": "215.67100", "2015-06-30": "170.65700", "2015-03-31": "167.12000", "2014-12-31": "208.47600", "2014-09-30": "190.33500", "2014-06-30": "194.37000", "2014-03-31": "180.99300", "2013-12-31": "86.50500", "2013-09-30": "172.74700", "2013-06-30": "169.18900", "2013-03-31": "159.61300", "2012-12-31": "167.70100", "2012-09-30": "151.04700", "2012-06-30": "138.89700", "2012-03-31": "130.06300", "2011-12-31": "139.96400", "2011-09-30": "123.16700", "2011-06-30": "110.85300", "2011-03-31": "95.71000", "2010-12-31": "104.48700", "2010-09-30": "94.08400", "2010-06-30": "86.27800", "2010-03-31": "77.36300", "2009-12-31": "93.70800", "2009-09-30": "70.88700", "2009-06-30": "66.22300", "2009-03-31": "61.86300", "2008-12-31": "102.46700", "2008-09-30": "67.95800", "2008-06-30": "53.72300", "2008-03-31": "57.28300", "2007-12-31": "59.22600", "2007-09-30": "53.57600", "2007-06-30": "48.18900", "2007-03-31": "42.97600", "2006-12-31": "50.91900", "2006-09-30": "43.83100", "2006-06-30": "39.36800", "2006-03-31": "33.42600", "2005-12-31": "45.26500", "2005-09-30": "36.14900", "2005-06-30": "32.88900", "2005-03-31": "20.94100"}, "Income Taxes": {"2020-09-30": "103.16400", "2020-06-30": "36.78200", "2020-03-31": "36.81200", "2019-12-31": "37.37000", "2019-09-30": "20.37700", "2019-06-30": "27.15400", "2019-03-31": "40.15700", "2018-12-31": "40.46900", "2018-09-30": "44.71800", "2018-06-30": "45.52700", "2018-03-31": "40.07800", "2017-12-31": "-115.00300", "2017-09-30": "72.99100", "2017-06-30": "72.36600", "2017-03-31": "69.79700", "2016-12-31": "66.02400", "2016-09-30": "71.82900", "2016-06-30": "77.32800", "2016-03-31": "66.76900", "2015-12-31": "61.82400", "2015-09-30": "68.38900", "2015-06-30": "55.61900", "2015-03-31": "56.18600", "2014-12-31": "60.60400", "2014-09-30": "61.33300", "2014-06-30": "65.33700", "2014-03-31": "61.46700", "2013-12-31": "26.44200", "2013-09-30": "57.40300", "2013-06-30": "56.28200", "2013-03-31": "49.57300", "2012-12-31": "55.89300", "2012-09-30": "52.16000", "2012-06-30": "41.06800", "2012-03-31": "41.35500", "2011-12-31": "48.77200", "2011-09-30": "44.33200", "2011-06-30": "38.80900", "2011-03-31": "31.15400", "2010-12-31": "33.85000", "2010-09-30": "33.21200", "2010-06-30": "30.80100", "2010-03-31": "27.07700", "2009-12-31": "33.21200", "2009-09-30": "22.49300", "2009-06-30": "22.47800", "2009-03-31": "21.03300", "2008-12-31": "30.92700", "2008-09-30": "22.94400", "2008-06-30": "18.43600", "2008-03-31": "20.46600", "2007-12-31": "17.89500", "2007-09-30": "22.34200", "2007-06-30": "21.34000", "2007-03-31": "15.26500", "2006-12-31": "11.77300", "2006-09-30": "17.10300", "2006-06-30": "15.49500", "2006-03-31": "13.28200", "2005-12-31": "17.89300", "2005-09-30": "9.59300", "2005-06-30": "13.08600", "2005-03-31": "8.42100"}, "Income After Taxes": {"2020-09-30": "356.67600", "2020-06-30": "134.74800", "2020-03-31": "147.15900", "2019-12-31": "154.33100", "2019-09-30": "81.93500", "2019-06-30": "126.96900", "2019-03-31": "166.21900", "2018-12-31": "131.32010", "2018-09-30": "169.38100", "2018-06-30": "169.35700", "2018-03-31": "160.00100", "2017-12-31": "336.65800", "2017-09-30": "177.42400", "2017-06-30": "179.68300", "2017-03-31": "173.21300", "2016-12-31": "149.69100", "2016-09-30": "169.97900", "2016-06-30": "166.45400", "2016-03-31": "150.36000", "2015-12-31": "166.10800", "2015-09-30": "147.28200", "2015-06-30": "115.03800", "2015-03-31": "110.93400", "2014-12-31": "147.87200", "2014-09-30": "129.00200", "2014-06-30": "129.03300", "2014-03-31": "119.52600", "2013-12-31": "60.06300", "2013-09-30": "115.34400", "2013-06-30": "112.90700", "2013-03-31": "110.04000", "2012-12-31": "111.80800", "2012-09-30": "98.88700", "2012-06-30": "97.82900", "2012-03-31": "88.70800", "2011-12-31": "91.19200", "2011-09-30": "78.83500", "2011-06-30": "72.04400", "2011-03-31": "64.55600", "2010-12-31": "70.63700", "2010-09-30": "60.87200", "2010-06-30": "55.47700", "2010-03-31": "50.28600", "2009-12-31": "60.49600", "2009-09-30": "48.39400", "2009-06-30": "43.74500", "2009-03-31": "40.83000", "2008-12-31": "71.54000", "2008-09-30": "45.01400", "2008-06-30": "35.28700", "2008-03-31": "36.81700", "2007-12-31": "41.33100", "2007-09-30": "31.23400", "2007-06-30": "26.84900", "2007-03-31": "27.71100", "2006-12-31": "39.14600", "2006-09-30": "26.72800", "2006-06-30": "23.87300", "2006-03-31": "20.14400", "2005-12-31": "27.37200", "2005-09-30": "26.55600", "2005-06-30": "19.80300", "2005-03-31": "12.52000"}, "Other Income": {"2020-09-30": "", "2020-06-30": "", "2020-03-31": "", "2019-12-31": "", "2019-09-30": "", "2019-06-30": "", "2019-03-31": "", "2018-12-31": "", "2018-09-30": "", "2018-06-30": "", "2018-03-31": "", "2017-12-31": "", "2017-09-30": "", "2017-06-30": "", "2017-03-31": "", "2016-12-31": "", "2016-09-30": "", "2016-06-30": "", "2016-03-31": "", "2015-12-31": "", "2015-09-30": "", "2015-06-30": "", "2015-03-31": "", "2014-12-31": "", "2014-09-30": "", "2014-06-30": "", "2014-03-31": "", "2013-12-31": "", "2013-09-30": "", "2013-06-30": "", "2013-03-31": "", "2012-12-31": "", "2012-09-30": "", "2012-06-30": "", "2012-03-31": "", "2011-12-31": "", "2011-09-30": "", "2011-06-30": "", "2011-03-31": "", "2010-12-31": "", "2010-09-30": "", "2010-06-30": "", "2010-03-31": "", "2009-12-31": "", "2009-09-30": "", "2009-06-30": "", "2009-03-31": "", "2008-12-31": "", "2008-09-30": "", "2008-06-30": "", "2008-03-31": "", "2007-12-31": "", "2007-09-30": "", "2007-06-30": "", "2007-03-31": "", "2006-12-31": "", "2006-09-30": "", "2006-06-30": "", "2006-03-31": "", "2005-12-31": "", "2005-09-30": "", "2005-06-30": "", "2005-03-31": ""}, "Income From Continuous Operations": {"2020-09-30": "356.67600", "2020-06-30": "134.74800", "2020-03-31": "147.15900", "2019-12-31": "154.33100", "2019-09-30": "81.93500", "2019-06-30": "126.96900", "2019-03-31": "166.21900", "2018-12-31": "131.32010", "2018-09-30": "169.38100", "2018-06-30": "169.35700", "2018-03-31": "160.00100", "2017-12-31": "336.65800", "2017-09-30": "177.42400", "2017-06-30": "179.68300", "2017-03-31": "173.21300", "2016-12-31": "149.69100", "2016-09-30": "169.97900", "2016-06-30": "166.45400", "2016-03-31": "150.36000", "2015-12-31": "166.10800", "2015-09-30": "147.28200", "2015-06-30": "115.03800", "2015-03-31": "110.93400", "2014-12-31": "147.87200", "2014-09-30": "129.00200", "2014-06-30": "129.03300", "2014-03-31": "119.52600", "2013-12-31": "60.06300", "2013-09-30": "115.34400", "2013-06-30": "112.90700", "2013-03-31": "110.04000", "2012-12-31": "111.80800", "2012-09-30": "98.88700", "2012-06-30": "97.82900", "2012-03-31": "88.70800", "2011-12-31": "91.19200", "2011-09-30": "78.83500", "2011-06-30": "72.04400", "2011-03-31": "64.55600", "2010-12-31": "70.63700", "2010-09-30": "60.87200", "2010-06-30": "55.47700", "2010-03-31": "50.28600", "2009-12-31": "60.49600", "2009-09-30": "48.39400", "2009-06-30": "43.74500", "2009-03-31": "40.83000", "2008-12-31": "71.54000", "2008-09-30": "45.01400", "2008-06-30": "35.28700", "2008-03-31": "36.81700", "2007-12-31": "41.33100", "2007-09-30": "31.23400", "2007-06-30": "26.84900", "2007-03-31": "27.71100", "2006-12-31": "39.14600", "2006-09-30": "26.72800", "2006-06-30": "23.87300", "2006-03-31": "20.14400", "2005-12-31": "27.37200", "2005-09-30": "26.55600", "2005-06-30": "19.80300", "2005-03-31": "12.52000"}, "Income From Discontinued Operations": {"2020-09-30": "", "2020-06-30": "", "2020-03-31": "", "2019-12-31": "", "2019-09-30": "", "2019-06-30": "", "2019-03-31": "", "2018-12-31": "", "2018-09-30": "", "2018-06-30": "", "2018-03-31": "", "2017-12-31": "", "2017-09-30": "", "2017-06-30": "", "2017-03-31": "", "2016-12-31": "", "2016-09-30": "", "2016-06-30": "", "2016-03-31": "", "2015-12-31": "", "2015-09-30": "", "2015-06-30": "", "2015-03-31": "", "2014-12-31": "", "2014-09-30": "", "2014-06-30": "", "2014-03-31": "", "2013-12-31": "", "2013-09-30": "", "2013-06-30": "", "2013-03-31": "", "2012-12-31": "", "2012-09-30": "", "2012-06-30": "", "2012-03-31": "", "2011-12-31": "", "2011-09-30": "", "2011-06-30": "", "2011-03-31": "", "2010-12-31": "", "2010-09-30": "", "2010-06-30": "", "2010-03-31": "", "2009-12-31": "", "2009-09-30": "", "2009-06-30": "", "2009-03-31": "", "2008-12-31": "", "2008-09-30": "", "2008-06-30": "", "2008-03-31": "", "2007-12-31": "", "2007-09-30": "", "2007-06-30": "", "2007-03-31": "", "2006-12-31": "", "2006-09-30": "", "2006-06-30": "", "2006-03-31": "", "2005-12-31": "", "2005-09-30": "", "2005-06-30": "", "2005-03-31": ""}, "Net Income": {"2020-09-30": "356.67600", "2020-06-30": "134.74800", "2020-03-31": "147.15900", "2019-12-31": "154.33100", "2019-09-30": "81.93500", "2019-06-30": "126.96900", "2019-03-31": "166.21900", "2018-12-31": "131.32000", "2018-09-30": "169.38100", "2018-06-30": "169.35700", "2018-03-31": "160.00100", "2017-12-31": "336.65800", "2017-09-30": "177.42400", "2017-06-30": "179.68300", "2017-03-31": "173.21300", "2016-12-31": "149.69100", "2016-09-30": "169.97900", "2016-06-30": "166.45400", "2016-03-31": "150.36000", "2015-12-31": "166.10800", "2015-09-30": "147.28200", "2015-06-30": "115.03800", "2015-03-31": "110.93400", "2014-12-31": "147.87190", "2014-09-30": "129.00200", "2014-06-30": "129.03300", "2014-03-31": "119.52600", "2013-12-31": "60.06300", "2013-09-30": "115.34400", "2013-06-30": "112.90700", "2013-03-31": "110.04000", "2012-12-31": "111.80800", "2012-09-30": "98.88700", "2012-06-30": "97.82900", "2012-03-31": "88.70800", "2011-12-31": "91.19200", "2011-09-30": "78.83500", "2011-06-30": "72.04400", "2011-03-31": "64.55600", "2010-12-31": "70.63700", "2010-09-30": "60.87200", "2010-06-30": "55.47700", "2010-03-31": "50.28600", "2009-12-31": "60.49600", "2009-09-30": "48.39400", "2009-06-30": "43.74500", "2009-03-31": "40.83000", "2008-12-31": "71.54000", "2008-09-30": "45.01400", "2008-06-30": "35.28700", "2008-03-31": "36.81700", "2007-12-31": "41.33100", "2007-09-30": "31.23400", "2007-06-30": "26.84900", "2007-03-31": "27.71100", "2006-12-31": "39.14600", "2006-09-30": "26.72800", "2006-06-30": "23.87300", "2006-03-31": "20.14400", "2005-12-31": "27.37200", "2005-09-30": "26.55600", "2005-06-30": "19.80300", "2005-03-31": "12.52000"}, "EBITDA": {"2020-09-30": "586.86600", "2020-06-30": "318.19310", "2020-03-31": "351.02200", "2019-12-31": "361.23750", "2019-09-30": "261.85000", "2019-06-30": "300.93210", "2019-03-31": "364.61500", "2018-12-31": "332.97010", "2018-09-30": "368.25900", "2018-06-30": "368.34010", "2018-03-31": "347.80690", "2017-12-31": "374.53330", "2017-09-30": "394.25790", "2017-06-30": "393.44410", "2017-03-31": "378.95900", "2016-12-31": "344.87890", "2016-09-30": "369.51400", "2016-06-30": "366.28200", "2016-03-31": "334.57400", "2015-12-31": "350.28440", "2015-09-30": "330.91600", "2015-06-30": "284.80400", "2015-03-31": "267.35700", "2014-12-31": "290.43490", "2014-09-30": "263.56000", "2014-06-30": "263.34500", "2014-03-31": "248.09700", "2013-12-31": "157.82710", "2013-09-30": "236.46600", "2013-06-30": "229.34700", "2013-03-31": "215.91000", "2012-12-31": "220.68830", "2012-09-30": "203.81700", "2012-06-30": "189.50890", "2012-03-31": "180.22800", "2011-12-31": "193.44910", "2011-09-30": "174.56300", "2011-06-30": "160.50300", "2011-03-31": "143.83900", "2010-12-31": "155.79910", "2010-09-30": "143.41200", "2010-06-30": "132.99900", "2010-03-31": "120.46000", "2009-12-31": "145.14290", "2009-09-30": "119.24700", "2009-06-30": "112.51200", "2009-03-31": "104.70700", "2008-12-31": "148.18190", "2008-09-30": "111.03400", "2008-06-30": "95.04100", "2008-03-31": "95.09400", "2007-12-31": "100.43700", "2007-09-30": "93.13100", "2007-06-30": "85.48300", "2007-03-31": "77.84900", "2006-12-31": "86.54990", "2006-09-30": "73.57400", "2006-06-30": "69.39600", "2006-03-31": "61.90100", "2005-12-31": "77.36800", "2005-09-30": "66.21200", "2005-06-30": "61.57500", "2005-03-31": "49.33600"}, "EBIT": {"2020-09-30": "411.81990", "2020-06-30": "146.89810", "2020-03-31": "178.37600", "2019-12-31": "182.83090", "2019-09-30": "88.77700", "2019-06-30": "131.11710", "2019-03-31": "197.94400", "2018-12-31": "164.12710", "2018-09-30": "207.15600", "2018-06-30": "208.28710", "2018-03-31": "195.21500", "2017-12-31": "219.05130", "2017-09-30": "247.90590", "2017-06-30": "249.38810", "2017-03-31": "244.12600", "2016-12-31": "212.02800", "2016-09-30": "242.22500", "2016-06-30": "241.31200", "2016-03-31": "215.44800", "2015-12-31": "227.13430", "2015-09-30": "215.35390", "2015-06-30": "171.73600", "2015-03-31": "166.91200", "2014-12-31": "205.29380", "2014-09-30": "188.15400", "2014-06-30": "191.63300", "2014-03-31": "178.00300", "2013-12-31": "83.74930", "2013-09-30": "169.23800", "2013-06-30": "166.45600", "2013-03-31": "156.56900", "2012-12-31": "160.44420", "2012-09-30": "147.69600", "2012-06-30": "136.08290", "2012-03-31": "127.43900", "2011-12-31": "137.73410", "2011-09-30": "120.39200", "2011-06-30": "107.97300", "2011-03-31": "93.69900", "2010-12-31": "103.33290", "2010-09-30": "93.99200", "2010-06-30": "86.35200", "2010-03-31": "75.65600", "2009-12-31": "93.16000", "2009-09-30": "70.71000", "2009-06-30": "66.15600", "2009-03-31": "61.98000", "2008-12-31": "101.44690", "2008-09-30": "67.75100", "2008-06-30": "53.22100", "2008-03-31": "56.46600", "2007-12-31": "58.55700", "2007-09-30": "54.16800", "2007-06-30": "48.18000", "2007-03-31": "43.17800", "2006-12-31": "50.38300", "2006-09-30": "43.87700", "2006-06-30": "39.91300", "2006-03-31": "31.99400", "2005-12-31": "46.37800", "2005-09-30": "37.19700", "2005-06-30": "34.20800", "2005-03-31": "22.65300"}, "Basic Shares Outstanding": {"2020-09-30": "305.75900", "2020-06-30": "304.77600", "2020-03-31": "309.65700", "2019-12-31": "318.22900", "2019-09-30": "315.87600", "2019-06-30": "321.28000", "2019-03-31": "324.57300", "2018-12-31": "330.08400", "2018-09-30": "329.34200", "2018-06-30": "330.20600", "2018-03-31": "332.39500", "2017-12-31": "331.37300", "2017-09-30": "331.99300", "2017-06-30": "331.05600", "2017-03-31": "329.97300", "2016-12-31": "337.74000", "2016-09-30": "338.68400", "2016-06-30": "337.75900", "2016-03-31": "339.51800", "2015-12-31": "343.17800", "2015-09-30": "344.04000", "2015-06-30": "344.43100", "2015-03-31": "343.21600", "2014-12-31": "342.15000", "2014-09-30": "341.18800", "2014-06-30": "341.78800", "2014-03-31": "343.70100", "2013-12-31": "343.63600", "2013-09-30": "342.99200", "2013-06-30": "343.80000", "2013-03-31": "344.06300", "2012-12-31": "341.86100", "2012-09-30": "342.50200", "2012-06-30": "341.42600", "2012-03-31": "339.93600", "2011-12-31": "337.26700", "2011-09-30": "338.28000", "2011-06-30": "336.59800", "2011-03-31": "334.22000", "2010-12-31": "329.83200", "2010-09-30": "330.19000", "2010-06-30": "329.33800", "2010-03-31": "327.82800", "2009-12-31": "323.92600", "2009-09-30": "324.90000", "2009-06-30": "322.76400", "2009-03-31": "321.33200", "2008-12-31": "322.19600", "2008-09-30": "323.12800", "2008-06-30": "322.47200", "2008-03-31": "321.52800", "2007-12-31": "317.58000", "2007-09-30": "318.53600", "2007-06-30": "316.89200", "2007-03-31": "314.84400", "2006-12-31": "310.76400", "2006-09-30": "311.37600", "2006-06-30": "310.09600", "2006-03-31": "308.62400", "2005-12-31": "296.57600", "2005-09-30": "303.11200", "2005-06-30": "297.25600", "2005-03-31": "293.92000"}, "Shares Outstanding": {"2020-09-30": "308.36600", "2020-06-30": "306.71700", "2020-03-31": "312.24000", "2019-12-31": "321.23500", "2019-09-30": "319.11300", "2019-06-30": "324.66200", "2019-03-31": "327.00300", "2018-12-31": "333.57200", "2018-09-30": "332.93700", "2018-06-30": "333.56200", "2018-03-31": "336.53400", "2017-12-31": "337.99900", "2017-09-30": "338.78000", "2017-06-30": "337.89800", "2017-03-31": "336.19000", "2016-12-31": "343.65300", "2016-09-30": "344.81700", "2016-06-30": "344.02600", "2016-03-31": "345.90000", "2015-12-31": "350.90800", "2015-09-30": "351.36400", "2015-06-30": "352.45000", "2015-03-31": "351.65900", "2014-12-31": "350.38600", "2014-09-30": "349.32600", "2014-06-30": "349.79400", "2014-03-31": "352.23000", "2013-12-31": "352.28100", "2013-09-30": "351.44900", "2013-06-30": "352.48500", "2013-03-31": "352.82500", "2012-12-31": "351.39400", "2012-09-30": "351.73900", "2012-06-30": "351.26800", "2012-03-31": "350.05400", "2011-12-31": "347.73400", "2011-09-30": "348.56600", "2011-06-30": "347.18200", "2011-03-31": "345.30600", "2010-12-31": "341.69400", "2010-09-30": "341.44200", "2010-06-30": "341.34600", "2010-03-31": "340.42000", "2009-12-31": "335.52800", "2009-09-30": "336.68800", "2009-06-30": "334.36000", "2009-03-31": "331.42800", "2008-12-31": "333.74000", "2008-09-30": "334.72400", "2008-06-30": "334.32400", "2008-03-31": "334.11600", "2007-12-31": "332.87200", "2007-09-30": "333.52800", "2007-06-30": "332.36800", "2007-03-31": "330.59200", "2006-12-31": "326.89200", "2006-09-30": "327.18400", "2006-06-30": "325.65200", "2006-03-31": "325.62400", "2005-12-31": "312.36000", "2005-09-30": "319.17600", "2005-06-30": "311.88800", "2005-03-31": "306.35200"}, "Basic EPS": {"2020-09-30": "1.17000", "2020-06-30": "0.44000", "2020-03-31": "0.48000", "2019-12-31": "0.49000", "2019-09-30": "0.26000", "2019-06-30": "0.40000", "2019-03-31": "0.51000", "2018-12-31": "0.41000", "2018-09-30": "0.51000", "2018-06-30": "0.51000", "2018-03-31": "0.48000", "2017-12-31": "1.03000", "2017-09-30": "0.53000", "2017-06-30": "0.54000", "2017-03-31": "0.52000", "2016-12-31": "0.45000", "2016-09-30": "0.50000", "2016-06-30": "0.49000", "2016-03-31": "0.44000", "2015-12-31": "0.49000", "2015-09-30": "0.43000", "2015-06-30": "0.33000", "2015-03-31": "0.32000", "2014-12-31": "0.43000", "2014-09-30": "0.38000", "2014-06-30": "0.38000", "2014-03-31": "0.35000", "2013-12-31": "0.17000", "2013-09-30": "0.34000", "2013-06-30": "0.33000", "2013-03-31": "0.32000", "2012-12-31": "0.32000", "2012-09-30": "0.29000", "2012-06-30": "0.29000", "2012-03-31": "0.26000", "2011-12-31": "0.27000", "2011-09-30": "0.23500", "2011-06-30": "0.21500", "2011-03-31": "0.19000", "2010-12-31": "0.21250", "2010-09-30": "0.18500", "2010-06-30": "0.17000", "2010-03-31": "0.15250", "2009-12-31": "0.18250", "2009-09-30": "0.15000", "2009-06-30": "0.13500", "2009-03-31": "0.12750", "2008-12-31": "0.22000", "2008-09-30": "0.14000", "2008-06-30": "0.11000", "2008-03-31": "0.11500", "2007-12-31": "0.13000", "2007-09-30": "0.09750", "2007-06-30": "0.08500", "2007-03-31": "0.08750", "2006-12-31": "0.12500", "2006-09-30": "0.08500", "2006-06-30": "0.07750", "2006-03-31": "0.06500", "2005-12-31": "0.09250", "2005-09-30": "0.08750", "2005-06-30": "0.06750", "2005-03-31": "0.04250"}, "EPS - Earnings Per Share": {"2020-09-30": "1.16000", "2020-06-30": "0.44000", "2020-03-31": "0.47000", "2019-12-31": "0.49000", "2019-09-30": "0.26000", "2019-06-30": "0.39000", "2019-03-31": "0.51000", "2018-12-31": "0.39000", "2018-09-30": "0.51000", "2018-06-30": "0.51000", "2018-03-31": "0.48000", "2017-12-31": "1.00000", "2017-09-30": "0.52000", "2017-06-30": "0.53000", "2017-03-31": "0.52000", "2016-12-31": "0.45000", "2016-09-30": "0.49000", "2016-06-30": "0.48000", "2016-03-31": "0.43000", "2015-12-31": "0.47000", "2015-09-30": "0.42000", "2015-06-30": "0.33000", "2015-03-31": "0.32000", "2014-12-31": "0.42000", "2014-09-30": "0.37000", "2014-06-30": "0.37000", "2014-03-31": "0.34000", "2013-12-31": "0.17000", "2013-09-30": "0.33000", "2013-06-30": "0.32000", "2013-03-31": "0.31000", "2012-12-31": "0.31500", "2012-09-30": "0.28000", "2012-06-30": "0.28000", "2012-03-31": "0.25500", "2011-12-31": "0.26000", "2011-09-30": "0.22500", "2011-06-30": "0.21000", "2011-03-31": "0.18500", "2010-12-31": "0.20250", "2010-09-30": "0.18000", "2010-06-30": "0.16500", "2010-03-31": "0.14750", "2009-12-31": "0.18000", "2009-09-30": "0.14250", "2009-06-30": "0.13000", "2009-03-31": "0.12250", "2008-12-31": "0.21500", "2008-09-30": "0.13500", "2008-06-30": "0.10500", "2008-03-31": "0.11000", "2007-12-31": "0.12500", "2007-09-30": "0.09250", "2007-06-30": "0.08000", "2007-03-31": "0.08500", "2006-12-31": "0.11750", "2006-09-30": "0.08250", "2006-06-30": "0.07250", "2006-03-31": "0.06250", "2005-12-31": "0.09000", "2005-09-30": "0.08250", "2005-06-30": "0.06250", "2005-03-31": "0.04000"}}, "balance sheet": {"Cash On Hand": {"2019-12-31": "541.77400", "2018-12-31": "775.41100", "2017-12-31": "805.76700", "2016-12-31": "356.44900", "2015-12-31": "513.18100", "2014-12-31": "1420.86600", "2013-12-31": "879.38100", "2012-12-31": "1036.78500", "2011-12-31": "774.78100", "2010-12-31": "571.01200", "2009-12-31": "558.83600", "2008-12-31": "308.89400", "2007-12-31": "344.51400", "2006-12-31": "308.78400", "2005-12-31": "274.28700"}, "Receivables": {"2019-12-31": "1139.59500", "2018-12-31": "1183.49400", "2017-12-31": "1042.78100", "2016-12-31": "944.94300", "2015-12-31": "1034.08400", "2014-12-31": "672.77800", "2013-12-31": "582.92600", "2012-12-31": "577.84800", "2011-12-31": "563.20900", "2010-12-31": "476.90500", "2009-12-31": "461.41100", "2008-12-31": "468.92800", "2007-12-31": "391.06000", "2006-12-31": "361.42400", "2005-12-31": "316.96500"}, "Inventory": {"2019-12-31": "23.18200", "2018-12-31": "25.02900", "2017-12-31": "15.74900", "2016-12-31": "14.74000", "2015-12-31": "15.78800", "2014-12-31": "23.78900", "2013-12-31": "32.29900", "2012-12-31": "23.68100", "2011-12-31": "23.29600", "2010-12-31": "11.03600", "2009-12-31": "11.24200", "2008-12-31": "10.09600", "2007-12-31": "10.74400", "2006-12-31": "18.08400", "2005-12-31": "9.58500"}, "Pre-Paid Expenses": {"2019-12-31": "392.07300", "2018-12-31": "334.87000", "2017-12-31": "515.93000", "2016-12-31": "303.22900", "2015-12-31": "264.78000", "2014-12-31": "209.27800", "2013-12-31": "175.48800", "2012-12-31": "113.57200", "2011-12-31": "94.23200", "2010-12-31": "83.27200", "2009-12-31": "106.79100", "2008-12-31": "69.55300", "2007-12-31": "61.87800", "2006-12-31": "60.31500", "2005-12-31": "42.68500"}, "Other Current Assets": {"2019-12-31": "", "2018-12-31": "", "2017-12-31": "", "2016-12-31": "", "2015-12-31": "", "2014-12-31": "", "2013-12-31": "", "2012-12-31": "", "2011-12-31": "", "2010-12-31": "", "2009-12-31": "", "2008-12-31": "", "2007-12-31": "", "2006-12-31": "", "2005-12-31": ""}, "Total Current Assets": {"2019-12-31": "2096.62400", "2018-12-31": "2318.80400", "2017-12-31": "2380.22700", "2016-12-31": "1619.36100", "2015-12-31": "1827.83300", "2014-12-31": "2348.78600", "2013-12-31": "1761.70800", "2012-12-31": "1790.50600", "2011-12-31": "1502.31300", "2010-12-31": "1146.06100", "2009-12-31": "1146.33500", "2008-12-31": "858.87300", "2007-12-31": "818.56400", "2006-12-31": "751.03000", "2005-12-31": "651.63100"}, "Property, Plant, And Equipment": {"2019-12-31": "1858.77200", "2018-12-31": "1743.57500", "2017-12-31": "1603.31900", "2016-12-31": "1552.52400", "2015-12-31": "1309.21400", "2014-12-31": "924.26000", "2013-12-31": "792.78100", "2012-12-31": "569.70800", "2011-12-31": "488.99600", "2010-12-31": "498.82900", "2009-12-31": "509.17800", "2008-12-31": "483.39900", "2007-12-31": "462.83900", "2006-12-31": "357.94200", "2005-12-31": "292.60800"}, "Long-Term Investments": {"2019-12-31": "419.41900", "2018-12-31": "300.04600", "2017-12-31": "196.83700", "2016-12-31": "109.37400", "2015-12-31": "173.07300", "2014-12-31": "231.14700", "2013-12-31": "554.87300", "2012-12-31": "509.46700", "2011-12-31": "359.32400", "2010-12-31": "264.46700", "2009-12-31": "", "2008-12-31": "105.30000", "2007-12-31": "", "2006-12-31": "", "2005-12-31": ""}, "Goodwill And Intangible Assets": {"2019-12-31": "1247.59700", "2018-12-31": "1252.84900", "2017-12-31": "1332.75800", "2016-12-31": "1410.24700", "2015-12-31": "1487.24000", "2014-12-31": "447.17400", "2013-12-31": "451.55400", "2012-12-31": "379.66100", "2011-12-31": "287.19200", "2010-12-31": "199.84200", "2009-12-31": "185.19800", "2008-12-31": "198.59100", "2007-12-31": "190.77800", "2006-12-31": "183.24700", "2005-12-31": "176.59000"}, "Other Long-Term Assets": {"2019-12-31": "209.19600", "2018-12-31": "198.85000", "2017-12-31": "134.01100", "2016-12-31": "219.24800", "2015-12-31": "202.06500", "2014-12-31": "158.99900", "2013-12-31": "190.37100", "2012-12-31": "187.81900", "2011-12-31": "113.78300", "2010-12-31": "68.74300", "2009-12-31": "74.59100", "2008-12-31": "16.01400", "2007-12-31": "17.39500", "2006-12-31": "16.42600", "2005-12-31": "10.25200"}, "Total Long-Term Assets": {"2019-12-31": "4797.99800", "2018-12-31": "4389.83200", "2017-12-31": "4089.08400", "2016-12-31": "4010.60200", "2015-12-31": "3734.15100", "2014-12-31": "2181.77900", "2013-12-31": "2336.65600", "2012-12-31": "1913.96200", "2011-12-31": "1498.04500", "2010-12-31": "1276.72900", "2009-12-31": "1002.23200", "2008-12-31": "1022.11500", "2007-12-31": "871.39200", "2006-12-31": "745.40300", "2005-12-31": "651.99800"}, "Total Assets": {"2019-12-31": "6894.62200", "2018-12-31": "6708.63600", "2017-12-31": "6469.31100", "2016-12-31": "5629.96300", "2015-12-31": "5561.98400", "2014-12-31": "4530.56500", "2013-12-31": "4098.36400", "2012-12-31": "3704.46800", "2011-12-31": "3000.35800", "2010-12-31": "2422.79000", "2009-12-31": "2148.56700", "2008-12-31": "1880.98800", "2007-12-31": "1689.95600", "2006-12-31": "1496.43300", "2005-12-31": "1303.62900"}, "Total Current Liabilities": {"2019-12-31": "1027.44800", "2018-12-31": "962.69000", "2017-12-31": "789.59500", "2016-12-31": "845.40100", "2015-12-31": "777.86600", "2014-12-31": "634.31500", "2013-12-31": "640.43200", "2012-12-31": "580.11200", "2011-12-31": "438.72000", "2010-12-31": "305.93200", "2009-12-31": "358.10300", "2008-12-31": "341.22300", "2007-12-31": "288.12300", "2006-12-31": "312.17400", "2005-12-31": "260.09000"}, "Long Term Debt": {"2019-12-31": "1038.38200", "2018-12-31": "438.80200", "2017-12-31": "515.13000", "2016-12-31": "537.55200", "2015-12-31": "563.35300", "2014-12-31": "62.86800", "2013-12-31": "111.71700", "2012-12-31": "136.55700", "2011-12-31": "86.82100", "2010-12-31": "67.92300", "2009-12-31": "95.50600", "2008-12-31": "111.37000", "2007-12-31": "177.60600", "2006-12-31": "187.39100", "2005-12-31": "194.26500"}, "Other Non-Current Liabilities": {"2019-12-31": "133.80700", "2018-12-31": "42.37600", "2017-12-31": "42.79200", "2016-12-31": "", "2015-12-31": "", "2014-12-31": "", "2013-12-31": "", "2012-12-31": "", "2011-12-31": "", "2010-12-31": "", "2009-12-31": "", "2008-12-31": "", "2007-12-31": "", "2006-12-31": "", "2005-12-31": ""}, "Total Long Term Liabilities": {"2019-12-31": "1549.84600", "2018-12-31": "817.55700", "2017-12-31": "894.36800", "2016-12-31": "856.61500", "2015-12-31": "913.73400", "2014-12-31": "330.28200", "2013-12-31": "290.26800", "2012-12-31": "290.70600", "2011-12-31": "250.83700", "2010-12-31": "211.44100", "2009-12-31": "209.66600", "2008-12-31": "227.47000", "2007-12-31": "269.40500", "2006-12-31": "261.96500", "2005-12-31": "283.00600"}, "Total Liabilities": {"2019-12-31": "2577.29400", "2018-12-31": "1780.24700", "2017-12-31": "1683.96300", "2016-12-31": "1702.01600", "2015-12-31": "1691.60000", "2014-12-31": "964.59700", "2013-12-31": "930.70000", "2012-12-31": "870.81800", "2011-12-31": "689.55700", "2010-12-31": "517.37300", "2009-12-31": "567.76900", "2008-12-31": "568.69300", "2007-12-31": "557.52800", "2006-12-31": "574.13900", "2005-12-31": "543.09600"}, "Common Stock Net": {"2019-12-31": "3.67600", "2018-12-31": "3.62200", "2017-12-31": "3.59200", "2016-12-31": "3.53700", "2015-12-31": "3.50300", "2014-12-31": "3.47000", "2013-12-31": "3.44300", "2012-12-31": "3.44200", "2011-12-31": "1.69600", "2010-12-31": "1.66500", "2009-12-31": "0.82600", "2008-12-31": "0.81000", "2007-12-31": "0.80100", "2006-12-31": "0.78400", "2005-12-31": "0.77000"}, "Retained Earnings (Accumulated Deficit)": {"2019-12-31": "5934.90900", "2018-12-31": "5576.52500", "2017-12-31": "4938.86600", "2016-12-31": "4094.32700", "2015-12-31": "3457.84300", "2014-12-31": "2918.48100", "2013-12-31": "2393.04800", "2012-12-31": "1994.69400", "2011-12-31": "1597.46200", "2010-12-31": "1290.83500", "2009-12-31": "1053.56300", "2008-12-31": "860.09800", "2007-12-31": "671.44000", "2006-12-31": "544.31500", "2005-12-31": "430.26200"}, "Comprehensive Income": {"2019-12-31": "-118.66000", "2018-12-31": "-103.55200", "2017-12-31": "-73.38200", "2016-12-31": "-110.16500", "2015-12-31": "-76.35400", "2014-12-31": "-44.09600", "2013-12-31": "-13.42900", "2012-12-31": "-5.25500", "2011-12-31": "-11.96700", "2010-12-31": "-4.19100", "2009-12-31": "-3.25400", "2008-12-31": "-12.97700", "2007-12-31": "8.31100", "2006-12-31": "0.60000", "2005-12-31": "4.36700"}, "Other Share Holders Equity": {"2019-12-31": "", "2018-12-31": "", "2017-12-31": "", "2016-12-31": "", "2015-12-31": "", "2014-12-31": "", "2013-12-31": "", "2012-12-31": "", "2011-12-31": "", "2010-12-31": "", "2009-12-31": "", "2008-12-31": "", "2007-12-31": "", "2006-12-31": "", "2005-12-31": ""}, "Share Holder Equity": {"2019-12-31": "4317.32800", "2018-12-31": "4928.38900", "2017-12-31": "4785.34800", "2016-12-31": "3927.94700", "2015-12-31": "3870.38400", "2014-12-31": "3565.96800", "2013-12-31": "3167.66400", "2012-12-31": "2833.65000", "2011-12-31": "2310.80100", "2010-12-31": "1905.41700", "2009-12-31": "1580.79800", "2008-12-31": "1312.29500", "2007-12-31": "1132.42800", "2006-12-31": "922.29400", "2005-12-31": "760.53300"}, "Total Liabilities And Share Holders Equity": {"2019-12-31": "6894.62200", "2018-12-31": "6708.63600", "2017-12-31": "6469.31100", "2016-12-31": "5629.96300", "2015-12-31": "5561.98400", "2014-12-31": "4530.56500", "2013-12-31": "4098.36400", "2012-12-31": "3704.46800", "2011-12-31": "3000.35800", "2010-12-31": "2422.79000", "2009-12-31": "2148.56700", "2008-12-31": "1880.98800", "2007-12-31": "1689.95600", "2006-12-31": "1496.43300", "2005-12-31": "1303.62900"}}, "balance sheet, quarterly": {"Cash On Hand": {"2020-09-30": "892.47700", "2020-06-30": "441.01800", "2020-03-31": "398.77500", "2019-12-31": "541.77400", "2019-09-30": "632.69600", "2019-06-30": "953.51900", "2019-03-31": "903.67000", "2018-12-31": "775.41100", "2018-09-30": "813.54600", "2018-06-30": "885.56400", "2018-03-31": "921.36400", "2017-12-31": "805.76700", "2017-09-30": "852.05000", "2017-06-30": "636.99300", "2017-03-31": "531.91000", "2016-12-31": "356.44900", "2016-09-30": "692.68200", "2016-06-30": "629.89100", "2016-03-31": "503.44900", "2015-12-31": "513.18100", "2015-09-30": "464.53700", "2015-06-30": "558.05300", "2015-03-31": "684.16200", "2014-12-31": "1420.86600", "2014-09-30": "1331.76300", "2014-06-30": "988.79200", "2014-03-31": "1031.25500", "2013-12-31": "879.38100", "2013-09-30": "921.82800", "2013-06-30": "969.51810", "2013-03-31": "1005.15100", "2012-12-31": "1036.78500", "2012-09-30": "1038.99600", "2012-06-30": "980.00200", "2012-03-31": "893.84200", "2011-12-31": "774.78100", "2011-09-30": "755.20500", "2011-06-30": "682.02200", "2011-03-31": "610.88100", "2010-12-31": "571.01200", "2010-09-30": "565.26300", "2010-06-30": "632.50700", "2010-03-31": "608.91400", "2009-12-31": "558.83600", "2009-09-30": "434.65000", "2009-06-30": "384.09500", "2009-03-31": "346.99600", "2008-12-31": "308.89400", "2008-09-30": "297.27000", "2008-06-30": "291.39500", "2008-03-31": "250.50900", "2007-12-31": "344.51400", "2007-09-30": "308.42700", "2007-06-30": "281.85200", "2007-03-31": "276.77600", "2006-12-31": "308.78400", "2006-09-30": "287.44300", "2006-06-30": "276.68800", "2006-03-31": "278.81900", "2005-12-31": "274.28700", "2005-09-30": "134.18600", "2005-06-30": "132.33500", "2005-03-31": "126.68000"}, "Receivables": {"2020-09-30": "1219.22700", "2020-06-30": "1183.98800", "2020-03-31": "1151.02800", "2019-12-31": "1139.59500", "2019-09-30": "1154.98000", "2019-06-30": "1228.98500", "2019-03-31": "1159.21500", "2018-12-31": "1183.49400", "2018-09-30": "1210.61600", "2018-06-30": "1151.86000", "2018-03-31": "1040.74100", "2017-12-31": "1042.78100", "2017-09-30": "1020.70700", "2017-06-30": "1036.98000", "2017-03-31": "986.35400", "2016-12-31": "944.94300", "2016-09-30": "985.16400", "2016-06-30": "983.31000", "2016-03-31": "941.79200", "2015-12-31": "1034.08400", "2015-09-30": "1053.13400", "2015-06-30": "1003.14300", "2015-03-31": "940.57100", "2014-12-31": "672.77800", "2014-09-30": "617.20400", "2014-06-30": "614.93000", "2014-03-31": "564.08600", "2013-12-31": "582.92600", "2013-09-30": "529.30300", "2013-06-30": "527.89600", "2013-03-31": "512.07800", "2012-12-31": "577.84800", "2012-09-30": "542.41500", "2012-06-30": "492.52900", "2012-03-31": "535.50400", "2011-12-31": "563.20900", "2011-09-30": "548.04800", "2011-06-30": "504.29000", "2011-03-31": "469.18000", "2010-12-31": "476.90500", "2010-09-30": "463.36800", "2010-06-30": "441.56700", "2010-03-31": "423.03500", "2009-12-31": "461.41100", "2009-09-30": "470.07100", "2009-06-30": "444.69900", "2009-03-31": "436.90700", "2008-12-31": "468.92800", "2008-09-30": "431.39200", "2008-06-30": "398.37100", "2008-03-31": "388.25700", "2007-12-31": "391.06000", "2007-09-30": "365.70900", "2007-06-30": "364.65600", "2007-03-31": "358.27900", "2006-12-31": "361.42400", "2006-09-30": "351.61600", "2006-06-30": "331.31600", "2006-03-31": "320.43900", "2005-12-31": "316.96500", "2005-09-30": "316.71800", "2005-06-30": "299.67300", "2005-03-31": "284.10700"}, "Inventory": {"2020-09-30": "15.76800", "2020-06-30": "18.52500", "2020-03-31": "23.45700", "2019-12-31": "23.18200", "2019-09-30": "23.15500", "2019-06-30": "23.16300", "2019-03-31": "24.10400", "2018-12-31": "25.02900", "2018-09-30": "24.74400", "2018-06-30": "15.34500", "2018-03-31": "14.30100", "2017-12-31": "15.74900", "2017-09-30": "15.68700", "2017-06-30": "14.55000", "2017-03-31": "19.01300", "2016-12-31": "14.74000", "2016-09-30": "19.70500", "2016-06-30": "16.69400", "2016-03-31": "22.57900", "2015-12-31": "15.78800", "2015-09-30": "23.70200", "2015-06-30": "28.63300", "2015-03-31": "22.55300", "2014-12-31": "23.78900", "2014-09-30": "28.60400", "2014-06-30": "31.71000", "2014-03-31": "28.25700", "2013-12-31": "32.29900", "2013-09-30": "28.23400", "2013-06-30": "23.83500", "2013-03-31": "22.10600", "2012-12-31": "23.68100", "2012-09-30": "24.30800", "2012-06-30": "22.52100", "2012-03-31": "14.14100", "2011-12-31": "23.29600", "2011-09-30": "12.28600", "2011-06-30": "13.07600", "2011-03-31": "13.65700", "2010-12-31": "11.03600", "2010-09-30": "8.05800", "2010-06-30": "9.17600", "2010-03-31": "10.10600", "2009-12-31": "11.24200", "2009-09-30": "12.53200", "2009-06-30": "12.59400", "2009-03-31": "12.59500", "2008-12-31": "10.09600", "2008-09-30": "11.36800", "2008-06-30": "12.74100", "2008-03-31": "12.25300", "2007-12-31": "10.74400", "2007-09-30": "12.86100", "2007-06-30": "12.44300", "2007-03-31": "12.99600", "2006-12-31": "18.08400", "2006-09-30": "18.10800", "2006-06-30": "18.06900", "2006-03-31": "12.29700", "2005-12-31": "9.58500", "2005-09-30": "8.60400", "2005-06-30": "11.10200", "2005-03-31": "8.29000"}, "Pre-Paid Expenses": {"2020-09-30": "397.48700", "2020-06-30": "410.01600", "2020-03-31": "390.34600", "2019-12-31": "392.07300", "2019-09-30": "402.24700", "2019-06-30": "396.80300", "2019-03-31": "336.81700", "2018-12-31": "334.87000", "2018-09-30": "337.90400", "2018-06-30": "326.62300", "2018-03-31": "388.80900", "2017-12-31": "515.93000", "2017-09-30": "343.06000", "2017-06-30": "323.70300", "2017-03-31": "288.83300", "2016-12-31": "303.22900", "2016-09-30": "300.76400", "2016-06-30": "303.81300", "2016-03-31": "260.81800", "2015-12-31": "264.78000", "2015-09-30": "245.12200", "2015-06-30": "272.36800", "2015-03-31": "242.46200", "2014-12-31": "209.27800", "2014-09-30": "181.10300", "2014-06-30": "175.07400", "2014-03-31": "198.96100", "2013-12-31": "175.48800", "2013-09-30": "181.20800", "2013-06-30": "152.74300", "2013-03-31": "149.40600", "2012-12-31": "113.57200", "2012-09-30": "128.54100", "2012-06-30": "118.30400", "2012-03-31": "100.56400", "2011-12-31": "94.23200", "2011-09-30": "97.03300", "2011-06-30": "105.19700", "2011-03-31": "101.52500", "2010-12-31": "83.27200", "2010-09-30": "98.74100", "2010-06-30": "94.75500", "2010-03-31": "89.98500", "2009-12-31": "106.79100", "2009-09-30": "90.19400", "2009-06-30": "90.46300", "2009-03-31": "74.29700", "2008-12-31": "69.55300", "2008-09-30": "71.98600", "2008-06-30": "65.98000", "2008-03-31": "69.79600", "2007-12-31": "61.87800", "2007-09-30": "54.77000", "2007-06-30": "57.20200", "2007-03-31": "60.87900", "2006-12-31": "60.31500", "2006-09-30": "51.34100", "2006-06-30": "50.11500", "2006-03-31": "49.84400", "2005-12-31": "42.68500", "2005-09-30": "54.43900", "2005-06-30": "37.40100", "2005-03-31": "36.71800"}, "Other Current Assets": {"2020-09-30": "", "2020-06-30": "", "2020-03-31": "", "2019-12-31": "", "2019-09-30": "", "2019-06-30": "", "2019-03-31": "", "2018-12-31": "", "2018-09-30": "", "2018-06-30": "", "2018-03-31": "", "2017-12-31": "", "2017-09-30": "", "2017-06-30": "", "2017-03-31": "", "2016-12-31": "", "2016-09-30": "", "2016-06-30": "", "2016-03-31": "", "2015-12-31": "", "2015-09-30": "", "2015-06-30": "", "2015-03-31": "", "2014-12-31": "", "2014-09-30": "", "2014-06-30": "", "2014-03-31": "", "2013-12-31": "", "2013-09-30": "", "2013-06-30": "", "2013-03-31": "", "2012-12-31": "", "2012-09-30": "", "2012-06-30": "", "2012-03-31": "", "2011-12-31": "", "2011-09-30": "", "2011-06-30": "", "2011-03-31": "", "2010-12-31": "", "2010-09-30": "", "2010-06-30": "", "2010-03-31": "", "2009-12-31": "", "2009-09-30": "", "2009-06-30": "", "2009-03-31": "", "2008-12-31": "", "2008-09-30": "", "2008-06-30": "", "2008-03-31": "", "2007-12-31": "", "2007-09-30": "", "2007-06-30": "", "2007-03-31": "", "2006-12-31": "", "2006-09-30": "", "2006-06-30": "", "2006-03-31": "", "2005-12-31": "", "2005-09-30": "", "2005-06-30": "", "2005-03-31": ""}, "Total Current Assets": {"2020-09-30": "2524.95900", "2020-06-30": "2053.54700", "2020-03-31": "1963.60600", "2019-12-31": "2096.62400", "2019-09-30": "2213.07800", "2019-06-30": "2602.47000", "2019-03-31": "2423.80600", "2018-12-31": "2318.80400", "2018-09-30": "2386.81000", "2018-06-30": "2379.39200", "2018-03-31": "2365.21500", "2017-12-31": "2380.22700", "2017-09-30": "2231.50400", "2017-06-30": "2012.22600", "2017-03-31": "1826.11000", "2016-12-31": "1619.36100", "2016-09-30": "1998.31500", "2016-06-30": "1933.70800", "2016-03-31": "1728.63800", "2015-12-31": "1827.83300", "2015-09-30": "1803.76200", "2015-06-30": "1883.70700", "2015-03-31": "1911.28100", "2014-12-31": "2348.78600", "2014-09-30": "2235.47700", "2014-06-30": "1903.26900", "2014-03-31": "1915.18100", "2013-12-31": "1761.70800", "2013-09-30": "1701.09400", "2013-06-30": "1713.29600", "2013-03-31": "1727.56000", "2012-12-31": "1790.50600", "2012-09-30": "1745.78000", "2012-06-30": "1660.78100", "2012-03-31": "1591.47100", "2011-12-31": "1502.31300", "2011-09-30": "1423.13200", "2011-06-30": "1313.32200", "2011-03-31": "1203.81600", "2010-12-31": "1146.06100", "2010-09-30": "1137.71500", "2010-06-30": "1185.99000", "2010-03-31": "1139.94300", "2009-12-31": "1146.33500", "2009-09-30": "1012.60900", "2009-06-30": "937.50100", "2009-03-31": "876.41200", "2008-12-31": "858.87300", "2008-09-30": "820.55800", "2008-06-30": "778.70500", "2008-03-31": "731.13300", "2007-12-31": "818.56400", "2007-09-30": "743.95000", "2007-06-30": "718.43500", "2007-03-31": "714.55600", "2006-12-31": "751.03000", "2006-09-30": "716.34000", "2006-06-30": "683.70700", "2006-03-31": "668.73700", "2005-12-31": "651.63100", "2005-09-30": "513.94700", "2005-06-30": "480.51100", "2005-03-31": "455.79500"}, "Property, Plant, And Equipment": {"2020-09-30": "1867.60000", "2020-06-30": "1870.77900", "2020-03-31": "1835.13800", "2019-12-31": "1858.77200", "2019-09-30": "1865.92400", "2019-06-30": "1866.14200", "2019-03-31": "1790.11600", "2018-12-31": "1743.57500", "2018-09-30": "1697.24900", "2018-06-30": "1666.30900", "2018-03-31": "1600.87600", "2017-12-31": "1603.31900", "2017-09-30": "1587.03500", "2017-06-30": "1593.99900", "2017-03-31": "1569.02300", "2016-12-31": "1552.52400", "2016-09-30": "1476.12600", "2016-06-30": "1437.82500", "2016-03-31": "1366.47900", "2015-12-31": "1309.21400", "2015-09-30": "1187.11400", "2015-06-30": "1155.15300", "2015-03-31": "1103.40000", "2014-12-31": "924.26000", "2014-09-30": "889.48700", "2014-06-30": "863.68400", "2014-03-31": "845.10400", "2013-12-31": "792.78100", "2013-09-30": "724.88600", "2013-06-30": "674.62600", "2013-03-31": "606.44900", "2012-12-31": "569.70800", "2012-09-30": "551.66300", "2012-06-30": "534.61100", "2012-03-31": "495.91800", "2011-12-31": "488.99600", "2011-09-30": "493.59400", "2011-06-30": "497.77000", "2011-03-31": "495.60000", "2010-12-31": "498.82900", "2010-09-30": "500.66700", "2010-06-30": "507.04500", "2010-03-31": "515.60900", "2009-12-31": "509.17800", "2009-09-30": "506.33100", "2009-06-30": "501.06600", "2009-03-31": "498.25800", "2008-12-31": "483.39900", "2008-09-30": "472.65500", "2008-06-30": "470.70100", "2008-03-31": "479.87200", "2007-12-31": "462.83900", "2007-09-30": "478.22700", "2007-06-30": "443.26500", "2007-03-31": "397.28800", "2006-12-31": "357.94200", "2006-09-30": "331.78500", "2006-06-30": "321.89000", "2006-03-31": "309.31300", "2005-12-31": "292.60800", "2005-09-30": "268.01200", "2005-06-30": "258.90900", "2005-03-31": "234.54100"}, "Long-Term Investments": {"2020-09-30": "423.31500", "2020-06-30": "388.67500", "2020-03-31": "411.79300", "2019-12-31": "419.41900", "2019-09-30": "403.43500", "2019-06-30": "320.61600", "2019-03-31": "283.59600", "2018-12-31": "300.04600", "2018-09-30": "338.23300", "2018-06-30": "118.28600", "2018-03-31": "172.00700", "2017-12-31": "196.83700", "2017-09-30": "112.40100", "2017-06-30": "110.87500", "2017-03-31": "77.20600", "2016-12-31": "109.37400", "2016-09-30": "143.85900", "2016-06-30": "89.93000", "2016-03-31": "203.26800", "2015-12-31": "173.07300", "2015-09-30": "301.02300", "2015-06-30": "298.50100", "2015-03-31": "204.52000", "2014-12-31": "231.14700", "2014-09-30": "226.37100", "2014-06-30": "478.96300", "2014-03-31": "436.99500", "2013-12-31": "554.87300", "2013-09-30": "577.49300", "2013-06-30": "513.76200", "2013-03-31": "515.85800", "2012-12-31": "509.46700", "2012-09-30": "462.99900", "2012-06-30": "412.24400", "2012-03-31": "375.03900", "2011-12-31": "359.32400", "2011-09-30": "334.76500", "2011-06-30": "329.99000", "2011-03-31": "337.85200", "2010-12-31": "264.46700", "2010-09-30": "205.32300", "2010-06-30": "45.12900", "2010-03-31": "", "2009-12-31": "", "2009-09-30": "95.25000", "2009-06-30": "99.15000", "2009-03-31": "99.60000", "2008-12-31": "105.30000", "2008-09-30": "101.73800", "2008-06-30": "101.64900", "2008-03-31": "101.38800", "2007-12-31": "", "2007-09-30": "", "2007-06-30": "", "2007-03-31": "", "2006-12-31": "", "2006-09-30": "", "2006-06-30": "", "2006-03-31": "", "2005-12-31": "", "2005-09-30": "", "2005-06-30": "", "2005-03-31": ""}, "Goodwill And Intangible Assets": {"2020-09-30": "1237.94200", "2020-06-30": "1258.34100", "2020-03-31": "1231.27900", "2019-12-31": "1247.59700", "2019-09-30": "1192.30200", "2019-06-30": "1214.01000", "2019-03-31": "1231.86800", "2018-12-31": "1252.84900", "2018-09-30": "1268.77900", "2018-06-30": "1289.45400", "2018-03-31": "1314.39800", "2017-12-31": "1332.75800", "2017-09-30": "1353.26000", "2017-06-30": "1372.46000", "2017-03-31": "1388.55700", "2016-12-31": "1410.24700", "2016-09-30": "1439.89900", "2016-06-30": "1461.38800", "2016-03-31": "1489.72500", "2015-12-31": "1487.24000", "2015-09-30": "1505.63100", "2015-06-30": "1486.62900", "2015-03-31": "1508.38400", "2014-12-31": "447.17400", "2014-09-30": "453.92500", "2014-06-30": "461.17700", "2014-03-31": "445.77700", "2013-12-31": "451.55400", "2013-09-30": "447.76800", "2013-06-30": "451.09200", "2013-03-31": "457.34800", "2012-12-31": "379.66100", "2012-09-30": "278.27000", "2012-06-30": "281.16100", "2012-03-31": "284.96500", "2011-12-31": "287.19200", "2011-09-30": "243.18000", "2011-06-30": "245.34000", "2011-03-31": "202.15300", "2010-12-31": "199.84200", "2010-09-30": "200.31400", "2010-06-30": "198.71600", "2010-03-31": "200.65400", "2009-12-31": "185.19800", "2009-09-30": "190.88200", "2009-06-30": "193.36100", "2009-03-31": "195.31000", "2008-12-31": "198.59100", "2008-09-30": "200.61600", "2008-06-30": "203.08100", "2008-03-31": "188.44600", "2007-12-31": "190.77800", "2007-09-30": "194.51100", "2007-06-30": "198.20700", "2007-03-31": "202.70300", "2006-12-31": "183.24700", "2006-09-30": "184.15000", "2006-06-30": "173.59400", "2006-03-31": "176.98500", "2005-12-31": "176.59000", "2005-09-30": "181.11800", "2005-06-30": "171.02000", "2005-03-31": "171.71400"}, "Other Long-Term Assets": {"2020-09-30": "205.68800", "2020-06-30": "212.30000", "2020-03-31": "212.31800", "2019-12-31": "209.19600", "2019-09-30": "205.77500", "2019-06-30": "208.93400", "2019-03-31": "219.84000", "2018-12-31": "198.85000", "2018-09-30": "212.07200", "2018-06-30": "208.27400", "2018-03-31": "211.15800", "2017-12-31": "134.01100", "2017-09-30": "145.18200", "2017-06-30": "184.73400", "2017-03-31": "190.60700", "2016-12-31": "219.24800", "2016-09-30": "199.35600", "2016-06-30": "204.21400", "2016-03-31": "200.45100", "2015-12-31": "202.06500", "2015-09-30": "193.31000", "2015-06-30": "169.00500", "2015-03-31": "168.54700", "2014-12-31": "158.99900", "2014-09-30": "184.60600", "2014-06-30": "173.36900", "2014-03-31": "181.61500", "2013-12-31": "190.37100", "2013-09-30": "191.28600", "2013-06-30": "191.32800", "2013-03-31": "178.41800", "2012-12-31": "187.81900", "2012-09-30": "170.86800", "2012-06-30": "154.28200", "2012-03-31": "139.57800", "2011-12-31": "113.78300", "2011-09-30": "101.86000", "2011-06-30": "86.67600", "2011-03-31": "75.38600", "2010-12-31": "68.74300", "2010-09-30": "69.51200", "2010-06-30": "67.44400", "2010-03-31": "69.98100", "2009-12-31": "74.59100", "2009-09-30": "14.49200", "2009-06-30": "15.18400", "2009-03-31": "15.49500", "2008-12-31": "16.01400", "2008-09-30": "16.43600", "2008-06-30": "17.15200", "2008-03-31": "17.04500", "2007-12-31": "17.39500", "2007-09-30": "17.59600", "2007-06-30": "17.39700", "2007-03-31": "17.64000", "2006-12-31": "16.42600", "2006-09-30": "13.93300", "2006-06-30": "11.29900", "2006-03-31": "10.71000", "2005-12-31": "10.25200", "2005-09-30": "10.40500", "2005-06-30": "7.70700", "2005-03-31": "8.16200"}, "Total Long-Term Assets": {"2020-09-30": "4835.85300", "2020-06-30": "4825.79400", "2020-03-31": "4772.82400", "2019-12-31": "4797.99800", "2019-09-30": "4724.35200", "2019-06-30": "4673.83900", "2019-03-31": "4574.70600", "2018-12-31": "4389.83200", "2018-09-30": "4398.59000", "2018-06-30": "4149.60700", "2018-03-31": "4146.42300", "2017-12-31": "4089.08400", "2017-09-30": "4000.75200", "2017-06-30": "4046.41500", "2017-03-31": "3977.09800", "2016-12-31": "4010.60200", "2016-09-30": "3950.21200", "2016-06-30": "3845.84300", "2016-03-31": "3865.85400", "2015-12-31": "3734.15100", "2015-09-30": "3719.16300", "2015-06-30": "3601.12600", "2015-03-31": "3441.32400", "2014-12-31": "2181.77900", "2014-09-30": "2157.16100", "2014-06-30": "2362.00600", "2014-03-31": "2276.16700", "2013-12-31": "2336.65600", "2013-09-30": "2265.27600", "2013-06-30": "2130.64500", "2013-03-31": "2037.58900", "2012-12-31": "1913.96200", "2012-09-30": "1724.67600", "2012-06-30": "1638.26300", "2012-03-31": "1548.08800", "2011-12-31": "1498.04500", "2011-09-30": "1420.43600", "2011-06-30": "1407.48500", "2011-03-31": "1357.72800", "2010-12-31": "1276.72900", "2010-09-30": "1220.66800", "2010-06-30": "1059.68500", "2010-03-31": "1023.76000", "2009-12-31": "1002.23200", "2009-09-30": "1039.09300", "2009-06-30": "1037.39000", "2009-03-31": "1032.53800", "2008-12-31": "1022.11500", "2008-09-30": "1006.36600", "2008-06-30": "1004.07100", "2008-03-31": "994.13700", "2007-12-31": "871.39200", "2007-09-30": "887.85000", "2007-06-30": "852.42700", "2007-03-31": "807.98900", "2006-12-31": "745.40300", "2006-09-30": "716.62600", "2006-06-30": "689.56810", "2006-03-31": "674.05500", "2005-12-31": "651.99800", "2005-09-30": "628.56010", "2005-06-30": "603.27100", "2005-03-31": "576.56500"}, "Total Assets": {"2020-09-30": "7360.81200", "2020-06-30": "6879.34100", "2020-03-31": "6736.43000", "2019-12-31": "6894.62200", "2019-09-30": "6937.43000", "2019-06-30": "7276.30900", "2019-03-31": "6998.51200", "2018-12-31": "6708.63600", "2018-09-30": "6785.40000", "2018-06-30": "6528.99900", "2018-03-31": "6511.63800", "2017-12-31": "6469.31100", "2017-09-30": "6232.25600", "2017-06-30": "6058.64100", "2017-03-31": "5803.20800", "2016-12-31": "5629.96300", "2016-09-30": "5948.52700", "2016-06-30": "5779.55100", "2016-03-31": "5594.49200", "2015-12-31": "5561.98400", "2015-09-30": "5522.92500", "2015-06-30": "5484.83300", "2015-03-31": "5352.60500", "2014-12-31": "4530.56500", "2014-09-30": "4392.63800", "2014-06-30": "4265.27500", "2014-03-31": "4191.34800", "2013-12-31": "4098.36400", "2013-09-30": "3966.37000", "2013-06-30": "3843.94100", "2013-03-31": "3765.14900", "2012-12-31": "3704.46800", "2012-09-30": "3470.45600", "2012-06-30": "3299.04400", "2012-03-31": "3139.55900", "2011-12-31": "3000.35800", "2011-09-30": "2843.56800", "2011-06-30": "2720.80700", "2011-03-31": "2561.54400", "2010-12-31": "2422.79000", "2010-09-30": "2358.38300", "2010-06-30": "2245.67500", "2010-03-31": "2163.70300", "2009-12-31": "2148.56700", "2009-09-30": "2051.70200", "2009-06-30": "1974.89100", "2009-03-31": "1908.95000", "2008-12-31": "1880.98800", "2008-09-30": "1826.92400", "2008-06-30": "1782.77600", "2008-03-31": "1725.27000", "2007-12-31": "1689.95600", "2007-09-30": "1631.80000", "2007-06-30": "1570.86200", "2007-03-31": "1522.54500", "2006-12-31": "1496.43300", "2006-09-30": "1432.96600", "2006-06-30": "1373.27500", "2006-03-31": "1342.79200", "2005-12-31": "1303.62900", "2005-09-30": "1142.50700", "2005-06-30": "1083.78200", "2005-03-31": "1032.36000"}, "Total Current Liabilities": {"2020-09-30": "1101.57600", "2020-06-30": "1006.80200", "2020-03-31": "1018.48600", "2019-12-31": "1027.44800", "2019-09-30": "1001.59600", "2019-06-30": "1031.36600", "2019-03-31": "940.62400", "2018-12-31": "962.69000", "2018-09-30": "907.02500", "2018-06-30": "835.68700", "2018-03-31": "802.94200", "2017-12-31": "789.59500", "2017-09-30": "806.86500", "2017-06-30": "841.70900", "2017-03-31": "833.53900", "2016-12-31": "845.40100", "2016-09-30": "828.06000", "2016-06-30": "815.09300", "2016-03-31": "775.93200", "2015-12-31": "777.86600", "2015-09-30": "839.33500", "2015-06-30": "777.85100", "2015-03-31": "792.29900", "2014-12-31": "634.31500", "2014-09-30": "671.12000", "2014-06-30": "672.52200", "2014-03-31": "611.66700", "2013-12-31": "640.43200", "2013-09-30": "584.44000", "2013-06-30": "605.44000", "2013-03-31": "572.42300", "2012-12-31": "580.11200", "2012-09-30": "496.00700", "2012-06-30": "465.12600", "2012-03-31": "443.52000", "2011-12-31": "438.72000", "2011-09-30": "377.50200", "2011-06-30": "350.95100", "2011-03-31": "314.82900", "2010-12-31": "305.93200", "2010-09-30": "324.93400", "2010-06-30": "323.47100", "2010-03-31": "304.59200", "2009-12-31": "358.10300", "2009-09-30": "306.85000", "2009-06-30": "303.77900", "2009-03-31": "320.12500", "2008-12-31": "341.22300", "2008-09-30": "293.72700", "2008-06-30": "291.22500", "2008-03-31": "281.52200", "2007-12-31": "288.12300", "2007-09-30": "266.09800", "2007-06-30": "268.43100", "2007-03-31": "273.28800", "2006-12-31": "312.17400", "2006-09-30": "281.30000", "2006-06-30": "264.06700", "2006-03-31": "261.06100", "2005-12-31": "260.09000", "2005-09-30": "278.19100", "2005-06-30": "268.87600", "2005-03-31": "210.04600"}, "Long Term Debt": {"2020-09-30": "1336.01800", "2020-06-30": "1338.46700", "2020-03-31": "1338.41700", "2019-12-31": "1038.38200", "2019-09-30": "1038.56700", "2019-06-30": "1038.53000", "2019-03-31": "438.82300", "2018-12-31": "438.80200", "2018-09-30": "438.78100", "2018-06-30": "438.76000", "2018-03-31": "438.77300", "2017-12-31": "515.13000", "2017-09-30": "521.01600", "2017-06-30": "524.92100", "2017-03-31": "532.74700", "2016-12-31": "537.55200", "2016-09-30": "535.92000", "2016-06-30": "546.17400", "2016-03-31": "553.68000", "2015-12-31": "563.35300", "2015-09-30": "572.82800", "2015-06-30": "567.31200", "2015-03-31": "564.33900", "2014-12-31": "62.86800", "2014-09-30": "86.75600", "2014-06-30": "96.08400", "2014-03-31": "104.82700", "2013-12-31": "111.71700", "2013-09-30": "131.03000", "2013-06-30": "132.97100", "2013-03-31": "135.47000", "2012-12-31": "136.55700", "2012-09-30": "141.67800", "2012-06-30": "125.95100", "2012-03-31": "107.85600", "2011-12-31": "86.82100", "2011-09-30": "99.28100", "2011-06-30": "84.87100", "2011-03-31": "74.31400", "2010-12-31": "67.92300", "2010-09-30": "93.28200", "2010-06-30": "90.66500", "2010-03-31": "90.80700", "2009-12-31": "95.50600", "2009-09-30": "118.92700", "2009-06-30": "122.94500", "2009-03-31": "114.35900", "2008-12-31": "111.37000", "2008-09-30": "159.98500", "2008-06-30": "170.82000", "2008-03-31": "177.45400", "2007-12-31": "177.60600", "2007-09-30": "190.97000", "2007-06-30": "183.97400", "2007-03-31": "187.97600", "2006-12-31": "187.39100", "2006-09-30": "190.34300", "2006-06-30": "186.71600", "2006-03-31": "191.55500", "2005-12-31": "194.26500", "2005-09-30": "90.04400", "2005-06-30": "91.04300", "2005-03-31": "130.61400"}, "Other Non-Current Liabilities": {"2020-09-30": "125.14100", "2020-06-30": "134.13000", "2020-03-31": "137.91800", "2019-12-31": "133.80700", "2019-09-30": "132.28900", "2019-06-30": "141.48600", "2019-03-31": "146.12800", "2018-12-31": "42.37600", "2018-09-30": "", "2018-06-30": "", "2018-03-31": "", "2017-12-31": "42.79200", "2017-09-30": "", "2017-06-30": "", "2017-03-31": "", "2016-12-31": "", "2016-09-30": "", "2016-06-30": "", "2016-03-31": "", "2015-12-31": "", "2015-09-30": "", "2015-06-30": "", "2015-03-31": "", "2014-12-31": "", "2014-09-30": "", "2014-06-30": "", "2014-03-31": "", "2013-12-31": "", "2013-09-30": "", "2013-06-30": "", "2013-03-31": "", "2012-12-31": "", "2012-09-30": "", "2012-06-30": "", "2012-03-31": "", "2011-12-31": "", "2011-09-30": "", "2011-06-30": "", "2011-03-31": "", "2010-12-31": "", "2010-09-30": "", "2010-06-30": "", "2010-03-31": "", "2009-12-31": "", "2009-09-30": "", "2009-06-30": "", "2009-03-31": "", "2008-12-31": "", "2008-09-30": "", "2008-06-30": "", "2008-03-31": "", "2007-12-31": "", "2007-09-30": "", "2007-06-30": "", "2007-03-31": "", "2006-12-31": "", "2006-09-30": "", "2006-06-30": "", "2006-03-31": "", "2005-12-31": "", "2005-09-30": "", "2005-06-30": "", "2005-03-31": ""}, "Total Long Term Liabilities": {"2020-09-30": "1852.94900", "2020-06-30": "1854.52300", "2020-03-31": "1854.86500", "2019-12-31": "1549.84600", "2019-09-30": "1524.56700", "2019-06-30": "1527.67400", "2019-03-31": "928.73900", "2018-12-31": "817.55700", "2018-09-30": "812.64500", "2018-06-30": "814.45800", "2018-03-31": "808.20200", "2017-12-31": "894.36800", "2017-09-30": "861.38790", "2017-06-30": "861.42900", "2017-03-31": "856.79300", "2016-12-31": "856.61500", "2016-09-30": "842.43200", "2016-06-30": "910.48200", "2016-03-31": "902.23300", "2015-12-31": "913.73400", "2015-09-30": "846.26500", "2015-06-30": "842.98900", "2015-03-31": "849.88500", "2014-12-31": "330.28200", "2014-09-30": "325.30800", "2014-06-30": "332.98400", "2014-03-31": "333.28400", "2013-12-31": "290.26800", "2013-09-30": "304.54000", "2013-06-30": "287.49400", "2013-03-31": "293.48600", "2012-12-31": "290.70600", "2012-09-30": "277.77200", "2012-06-30": "265.39800", "2012-03-31": "252.18700", "2011-12-31": "250.83700", "2011-09-30": "258.71200", "2011-06-30": "239.72000", "2011-03-31": "224.02900", "2010-12-31": "211.44100", "2010-09-30": "224.08800", "2010-06-30": "214.47900", "2010-03-31": "213.33100", "2009-12-31": "209.66600", "2009-09-30": "239.04100", "2009-06-30": "242.85900", "2009-03-31": "233.10400", "2008-12-31": "227.47000", "2008-09-30": "266.69900", "2008-06-30": "268.33200", "2008-03-31": "266.71100", "2007-12-31": "269.40500", "2007-09-30": "284.73400", "2007-06-30": "277.39300", "2007-03-31": "275.96400", "2006-12-31": "261.96500", "2006-09-30": "281.17600", "2006-06-30": "282.19300", "2006-03-31": "283.92400", "2005-12-31": "283.00600", "2005-09-30": "168.55900", "2005-06-30": "170.18700", "2005-03-31": "208.25700"}, "Total Liabilities": {"2020-09-30": "2954.52500", "2020-06-30": "2861.32500", "2020-03-31": "2873.35100", "2019-12-31": "2577.29400", "2019-09-30": "2526.16300", "2019-06-30": "2559.04000", "2019-03-31": "1869.36300", "2018-12-31": "1780.24700", "2018-09-30": "1719.67000", "2018-06-30": "1650.14500", "2018-03-31": "1611.14400", "2017-12-31": "1683.96300", "2017-09-30": "1668.25300", "2017-06-30": "1703.13800", "2017-03-31": "1690.33200", "2016-12-31": "1702.01600", "2016-09-30": "1670.49200", "2016-06-30": "1725.57500", "2016-03-31": "1678.16500", "2015-12-31": "1691.60000", "2015-09-30": "1685.60000", "2015-06-30": "1620.84000", "2015-03-31": "1642.18400", "2014-12-31": "964.59700", "2014-09-30": "996.42800", "2014-06-30": "1005.50600", "2014-03-31": "944.95100", "2013-12-31": "930.70000", "2013-09-30": "888.98000", "2013-06-30": "892.93400", "2013-03-31": "865.90900", "2012-12-31": "870.81800", "2012-09-30": "773.77900", "2012-06-30": "730.52400", "2012-03-31": "695.70700", "2011-12-31": "689.55700", "2011-09-30": "636.21400", "2011-06-30": "590.67100", "2011-03-31": "538.85800", "2010-12-31": "517.37300", "2010-09-30": "549.02200", "2010-06-30": "537.95000", "2010-03-31": "517.92300", "2009-12-31": "567.76900", "2009-09-30": "545.89100", "2009-06-30": "546.63800", "2009-03-31": "553.22900", "2008-12-31": "568.69300", "2008-09-30": "560.42600", "2008-06-30": "559.55700", "2008-03-31": "548.23300", "2007-12-31": "557.52800", "2007-09-30": "550.83200", "2007-06-30": "545.82400", "2007-03-31": "549.25200", "2006-12-31": "574.13900", "2006-09-30": "562.47600", "2006-06-30": "546.26000", "2006-03-31": "544.98500", "2005-12-31": "543.09600", "2005-09-30": "446.75000", "2005-06-30": "439.06300", "2005-03-31": "418.30300"}, "Common Stock Net": {"2020-09-30": "3.72300", "2020-06-30": "3.71200", "2020-03-31": "3.70200", "2019-12-31": "3.67600", "2019-09-30": "3.66200", "2019-06-30": "3.64700", "2019-03-31": "3.62900", "2018-12-31": "3.62200", "2018-09-30": "3.61900", "2018-06-30": "3.60500", "2018-03-31": "3.59900", "2017-12-31": "3.59200", "2017-09-30": "3.56800", "2017-06-30": "3.55600", "2017-03-31": "3.54500", "2016-12-31": "3.53700", "2016-09-30": "3.53600", "2016-06-30": "3.51600", "2016-03-31": "3.51100", "2015-12-31": "3.50300", "2015-09-30": "3.49900", "2015-06-30": "3.49500", "2015-03-31": "3.48600", "2014-12-31": "3.47000", "2014-09-30": "3.46100", "2014-06-30": "3.45700", "2014-03-31": "3.45200", "2013-12-31": "3.44300", "2013-09-30": "3.43700", "2013-06-30": "3.43000", "2013-03-31": "1.72600", "2012-12-31": "3.44200", "2012-09-30": "1.71500", "2012-06-30": "1.71200", "2012-03-31": "1.70400", "2011-12-31": "1.69600", "2011-09-30": "1.69400", "2011-06-30": "1.68900", "2011-03-31": "0.84700", "2010-12-31": "1.66500", "2010-09-30": "0.83600", "2010-06-30": "0.83300", "2010-03-31": "0.82900", "2009-12-31": "0.82600", "2009-09-30": "0.82300", "2009-06-30": "0.81800", "2009-03-31": "0.81200", "2008-12-31": "0.81000", "2008-09-30": "0.81000", "2008-06-30": "0.80800", "2008-03-31": "0.80500", "2007-12-31": "0.80100", "2007-09-30": "0.79800", "2007-06-30": "0.79400", "2007-03-31": "0.79100", "2006-12-31": "0.78400", "2006-09-30": "0.78100", "2006-06-30": "0.77600", "2006-03-31": "0.77400", "2005-12-31": "0.77000", "2005-09-30": "0.39700", "2005-06-30": "0.38900", "2005-03-31": "0.38400"}, "Retained Earnings (Accumulated Deficit)": {"2020-09-30": "6402.22000", "2020-06-30": "6101.40200", "2020-03-31": "6022.25600", "2019-12-31": "5934.90900", "2019-09-30": "5836.98400", "2019-06-30": "5812.03100", "2019-03-31": "5742.74400", "2018-12-31": "5576.52500", "2018-09-30": "5445.20500", "2018-06-30": "5275.82400", "2018-03-31": "5106.46700", "2017-12-31": "4938.86600", "2017-09-30": "4602.20800", "2017-06-30": "4424.78400", "2017-03-31": "4245.10100", "2016-12-31": "4094.32700", "2016-09-30": "3944.63600", "2016-06-30": "3774.65700", "2016-03-31": "3608.20300", "2015-12-31": "3457.84300", "2015-09-30": "3291.73500", "2015-06-30": "3144.45300", "2015-03-31": "3029.41500", "2014-12-31": "2918.48100", "2014-09-30": "2770.60900", "2014-06-30": "2641.60700", "2014-03-31": "2512.57400", "2013-12-31": "2393.04800", "2013-09-30": "2332.98500", "2013-06-30": "2217.64100", "2013-03-31": "2104.73400", "2012-12-31": "1994.69400", "2012-09-30": "1882.88600", "2012-06-30": "1783.99900", "2012-03-31": "1686.17000", "2011-12-31": "1597.46200", "2011-09-30": "1506.27000", "2011-06-30": "1427.43500", "2011-03-31": "1355.39100", "2010-12-31": "1290.83500", "2010-09-30": "1220.19800", "2010-06-30": "1159.32600", "2010-03-31": "1103.84900", "2009-12-31": "1053.56300", "2009-09-30": "993.06700", "2009-06-30": "944.67300", "2009-03-31": "900.92800", "2008-12-31": "860.09800", "2008-09-30": "788.55900", "2008-06-30": "743.54500", "2008-03-31": "708.25700", "2007-12-31": "671.44000", "2007-09-30": "634.68900", "2007-06-30": "598.84800", "2007-03-31": "567.73300", "2006-12-31": "544.31500", "2006-09-30": "501.00700", "2006-06-30": "474.27900", "2006-03-31": "450.40600", "2005-12-31": "430.26200", "2005-09-30": "402.89000", "2005-06-30": "376.33500", "2005-03-31": "356.53100"}, "Comprehensive Income": {"2020-09-30": "-138.01500", "2020-06-30": "-149.67100", "2020-03-31": "-159.36300", "2019-12-31": "-118.66000", "2019-09-30": "-128.55000", "2019-06-30": "-112.84800", "2019-03-31": "-100.59400", "2018-12-31": "-103.55200", "2018-09-30": "-101.00900", "2018-06-30": "-92.65500", "2018-03-31": "-71.48600", "2017-12-31": "-73.38200", "2017-09-30": "-72.74100", "2017-06-30": "-83.54500", "2017-03-31": "-99.64900", "2016-12-31": "-110.16500", "2016-09-30": "-84.74700", "2016-06-30": "-82.35400", "2016-03-31": "-67.68400", "2015-12-31": "-76.35400", "2015-09-30": "-64.64200", "2015-06-30": "-56.81600", "2015-03-31": "-62.22000", "2014-12-31": "-44.09600", "2014-09-30": "-23.42900", "2014-06-30": "-5.34800", "2014-03-31": "-10.30500", "2013-12-31": "-13.42900", "2013-09-30": "-12.92400", "2013-06-30": "-24.32000", "2013-03-31": "-14.28700", "2012-12-31": "-5.25500", "2012-09-30": "-6.17400", "2012-06-30": "-12.93200", "2012-03-31": "-3.99900", "2011-12-31": "-11.96700", "2011-09-30": "-11.65600", "2011-06-30": "11.70200", "2011-03-31": "7.50000", "2010-12-31": "-4.19100", "2010-09-30": "-2.10900", "2010-06-30": "-21.93700", "2010-03-31": "-9.91600", "2009-12-31": "-3.25400", "2009-09-30": "-3.91500", "2009-06-30": "-8.30500", "2009-03-31": "-18.25400", "2008-12-31": "-12.97700", "2008-09-30": "-4.04000", "2008-06-30": "3.29000", "2008-03-31": "2.50100", "2007-12-31": "8.31100", "2007-09-30": "7.12600", "2007-06-30": "3.26900", "2007-03-31": "0.99200", "2006-12-31": "0.60000", "2006-09-30": "0.54200", "2006-06-30": "-0.09900", "2006-03-31": "5.23100", "2005-12-31": "4.36700", "2005-09-30": "5.39000", "2005-06-30": "5.98000", "2005-03-31": "7.30800"}, "Other Share Holders Equity": {"2020-09-30": "", "2020-06-30": "", "2020-03-31": "", "2019-12-31": "", "2019-09-30": "", "2019-06-30": "", "2019-03-31": "", "2018-12-31": "", "2018-09-30": "", "2018-06-30": "", "2018-03-31": "", "2017-12-31": "", "2017-09-30": "", "2017-06-30": "", "2017-03-31": "", "2016-12-31": "", "2016-09-30": "", "2016-06-30": "", "2016-03-31": "", "2015-12-31": "", "2015-09-30": "", "2015-06-30": "", "2015-03-31": "", "2014-12-31": "", "2014-09-30": "", "2014-06-30": "", "2014-03-31": "", "2013-12-31": "", "2013-09-30": "", "2013-06-30": "", "2013-03-31": "", "2012-12-31": "", "2012-09-30": "", "2012-06-30": "", "2012-03-31": "", "2011-12-31": "", "2011-09-30": "", "2011-06-30": "", "2011-03-31": "", "2010-12-31": "", "2010-09-30": "", "2010-06-30": "", "2010-03-31": "", "2009-12-31": "", "2009-09-30": "", "2009-06-30": "", "2009-03-31": "", "2008-12-31": "", "2008-09-30": "", "2008-06-30": "", "2008-03-31": "", "2007-12-31": "", "2007-09-30": "", "2007-06-30": "", "2007-03-31": "", "2006-12-31": "", "2006-09-30": "", "2006-06-30": "", "2006-03-31": "", "2005-12-31": "", "2005-09-30": "", "2005-06-30": "", "2005-03-31": ""}, "Share Holder Equity": {"2020-09-30": "4406.28700", "2020-06-30": "4018.01600", "2020-03-31": "3863.07900", "2019-12-31": "4317.32800", "2019-09-30": "4411.26700", "2019-06-30": "4717.26900", "2019-03-31": "5129.14900", "2018-12-31": "4928.38900", "2018-09-30": "5065.73000", "2018-06-30": "4878.85400", "2018-03-31": "4900.49400", "2017-12-31": "4785.34800", "2017-09-30": "4564.00300", "2017-06-30": "4355.50300", "2017-03-31": "4112.87600", "2016-12-31": "3927.94700", "2016-09-30": "4278.03500", "2016-06-30": "4053.97600", "2016-03-31": "3916.32700", "2015-12-31": "3870.38400", "2015-09-30": "3837.32500", "2015-06-30": "3863.99300", "2015-03-31": "3710.42100", "2014-12-31": "3565.96800", "2014-09-30": "3396.21000", "2014-06-30": "3259.76900", "2014-03-31": "3246.39700", "2013-12-31": "3167.66400", "2013-09-30": "3077.39000", "2013-06-30": "2951.00700", "2013-03-31": "2899.24000", "2012-12-31": "2833.65000", "2012-09-30": "2696.67700", "2012-06-30": "2568.52000", "2012-03-31": "2443.85200", "2011-12-31": "2310.80100", "2011-09-30": "2207.35400", "2011-06-30": "2130.13600", "2011-03-31": "2022.68600", "2010-12-31": "1905.41700", "2010-09-30": "1809.36100", "2010-06-30": "1707.72500", "2010-03-31": "1645.78000", "2009-12-31": "1580.79800", "2009-09-30": "1505.81100", "2009-06-30": "1428.25300", "2009-03-31": "1355.72100", "2008-12-31": "1312.29500", "2008-09-30": "1266.49800", "2008-06-30": "1223.21900", "2008-03-31": "1177.03700", "2007-12-31": "1132.42800", "2007-09-30": "1080.96800", "2007-06-30": "1025.03800", "2007-03-31": "973.29300", "2006-12-31": "922.29400", "2006-09-30": "870.49000", "2006-06-30": "827.01500", "2006-03-31": "797.80700", "2005-12-31": "760.53300", "2005-09-30": "695.75700", "2005-06-30": "644.71900", "2005-03-31": "614.05700"}, "Total Liabilities And Share Holders Equity": {"2020-09-30": "7360.81200", "2020-06-30": "6879.34100", "2020-03-31": "6736.43000", "2019-12-31": "6894.62200", "2019-09-30": "6937.43000", "2019-06-30": "7276.30900", "2019-03-31": "6998.51200", "2018-12-31": "6708.63600", "2018-09-30": "6785.40000", "2018-06-30": "6528.99900", "2018-03-31": "6511.63800", "2017-12-31": "6469.31100", "2017-09-30": "6232.25600", "2017-06-30": "6058.64100", "2017-03-31": "5803.20800", "2016-12-31": "5629.96300", "2016-09-30": "5948.52700", "2016-06-30": "5779.55100", "2016-03-31": "5594.49200", "2015-12-31": "5561.98400", "2015-09-30": "5522.92500", "2015-06-30": "5484.83300", "2015-03-31": "5352.60500", "2014-12-31": "4530.56500", "2014-09-30": "4392.63800", "2014-06-30": "4265.27500", "2014-03-31": "4191.34800", "2013-12-31": "4098.36400", "2013-09-30": "3966.37000", "2013-06-30": "3843.94100", "2013-03-31": "3765.14900", "2012-12-31": "3704.46800", "2012-09-30": "3470.45600", "2012-06-30": "3299.04400", "2012-03-31": "3139.55900", "2011-12-31": "3000.35800", "2011-09-30": "2843.56800", "2011-06-30": "2720.80700", "2011-03-31": "2561.54400", "2010-12-31": "2422.79000", "2010-09-30": "2358.38300", "2010-06-30": "2245.67500", "2010-03-31": "2163.70300", "2009-12-31": "2148.56700", "2009-09-30": "2051.70200", "2009-06-30": "1974.89100", "2009-03-31": "1908.95000", "2008-12-31": "1880.98800", "2008-09-30": "1826.92400", "2008-06-30": "1782.77600", "2008-03-31": "1725.27000", "2007-12-31": "1689.95600", "2007-09-30": "1631.80000", "2007-06-30": "1570.86200", "2007-03-31": "1522.54500", "2006-12-31": "1496.43300", "2006-09-30": "1432.96600", "2006-06-30": "1373.27500", "2006-03-31": "1342.79200", "2005-12-31": "1303.62900", "2005-09-30": "1142.50700", "2005-06-30": "1083.78200", "2005-03-31": "1032.36000"}}, "cash flow statement": {"Net Income/Loss": {"2019-12-31": "529.45400", "2018-12-31": "630.05900", "2017-12-31": "866.97800", "2016-12-31": "636.48400", "2015-12-31": "539.36200", "2014-12-31": "525.43300", "2013-12-31": "398.35400", "2012-12-31": "397.23200", "2011-12-31": "306.62700", "2010-12-31": "237.27200", "2009-12-31": "193.46500", "2008-12-31": "188.65800", "2007-12-31": "127.12500", "2006-12-31": "109.89100", "2005-12-31": "86.25100"}, "Total Depreciation And Amortization - Cash Flow": {"2019-12-31": "687.96600", "2018-12-31": "642.59100", "2017-12-31": "580.72300", "2016-12-31": "504.23600", "2015-12-31": "452.22500", "2014-12-31": "302.35300", "2013-12-31": "263.53800", "2012-12-31": "222.58000", "2011-12-31": "212.55600", "2010-12-31": "193.33700", "2009-12-31": "189.60300", "2008-12-31": "170.46600", "2007-12-31": "152.81700", "2006-12-31": "125.25400", "2005-12-31": "114.05500"}, "Other Non-Cash Items": {"2019-12-31": "125.14500", "2018-12-31": "129.85100", "2017-12-31": "130.42800", "2016-12-31": "63.01900", "2015-12-31": "135.36600", "2014-12-31": "166.19700", "2013-12-31": "23.64800", "2012-12-31": "44.45500", "2011-12-31": "5.80600", "2010-12-31": "54.08500", "2009-12-31": "11.64500", "2008-12-31": "12.16200", "2007-12-31": "11.69300", "2006-12-31": "22.37900", "2005-12-31": "29.79700"}, "Total Non-Cash Items": {"2019-12-31": "813.11100", "2018-12-31": "772.44200", "2017-12-31": "711.15100", "2016-12-31": "567.25490", "2015-12-31": "587.59100", "2014-12-31": "468.55000", "2013-12-31": "287.18600", "2012-12-31": "267.03500", "2011-12-31": "218.36200", "2010-12-31": "247.42200", "2009-12-31": "201.24800", "2008-12-31": "182.62800", "2007-12-31": "164.51000", "2006-12-31": "147.63300", "2005-12-31": "143.85200"}, "Change In Accounts Receivable": {"2019-12-31": "58.11300", "2018-12-31": "-207.78500", "2017-12-31": "-32.83600", "2016-12-31": "78.25800", "2015-12-31": "-160.12400", "2014-12-31": "-74.78600", "2013-12-31": "-9.59900", "2012-12-31": "-83.70500", "2011-12-31": "-128.97900", "2010-12-31": "-17.37000", "2009-12-31": "-46.59900", "2008-12-31": "-108.07200", "2007-12-31": "-22.80200", "2006-12-31": "-38.91800", "2005-12-31": "-22.50200"}, "Change In Inventories": {"2019-12-31": "1.85500", "2018-12-31": "-9.30700", "2017-12-31": "-0.97200", "2016-12-31": "-0.66600", "2015-12-31": "12.95100", "2014-12-31": "8.11700", "2013-12-31": "-8.11100", "2012-12-31": "-0.27900", "2011-12-31": "-12.32900", "2010-12-31": "0.18800", "2009-12-31": "0.29000", "2008-12-31": "-2.54200", "2007-12-31": "5.43500", "2006-12-31": "-8.40500", "2005-12-31": "-2.07800"}, "Change In Accounts Payable": {"2019-12-31": "-8.73400", "2018-12-31": "65.20200", "2017-12-31": "6.96000", "2016-12-31": "-13.19700", "2015-12-31": "0.00700", "2014-12-31": "2.97400", "2013-12-31": "4.13000", "2012-12-31": "35.26500", "2011-12-31": "17.50400", "2010-12-31": "30.81200", "2009-12-31": "-53.41700", "2008-12-31": "2.32000", "2007-12-31": "1.76800", "2006-12-31": "14.46500", "2005-12-31": "14.38200"}, "Change In Assets/Liabilities": {"2019-12-31": "-115.99300", "2018-12-31": "237.75400", "2017-12-31": "-194.48300", "2016-12-31": "-65.10300", "2015-12-31": "-45.91300", "2014-12-31": "-10.27900", "2013-12-31": "-17.98500", "2012-12-31": "31.05300", "2011-12-31": "43.76600", "2010-12-31": "10.76000", "2009-12-31": "1.77700", "2008-12-31": "-3.39000", "2007-12-31": "3.76500", "2006-12-31": "-10.00600", "2005-12-31": "-17.83200"}, "Total Change In Assets/Liabilities": {"2019-12-31": "-29.46600", "2018-12-31": "51.50800", "2017-12-31": "-270.45400", "2016-12-31": "41.89800", "2015-12-31": "-87.02500", "2014-12-31": "-146.95600", "2013-12-31": "10.32500", "2012-12-31": "44.04700", "2011-12-31": "21.30500", "2010-12-31": "-28.25000", "2009-12-31": "-47.42200", "2008-12-31": "-89.48400", "2007-12-31": "-17.07000", "2006-12-31": "-24.80600", "2005-12-31": "-1.23800"}, "Cash Flow From Operating Activities": {"2019-12-31": "1313.09900", "2018-12-31": "1454.00900", "2017-12-31": "1307.67500", "2016-12-31": "1245.63700", "2015-12-31": "1039.92800", "2014-12-31": "847.02700", "2013-12-31": "695.86500", "2012-12-31": "708.31400", "2011-12-31": "546.29400", "2010-12-31": "456.44400", "2009-12-31": "347.29100", "2008-12-31": "281.80200", "2007-12-31": "274.56500", "2006-12-31": "232.71800", "2005-12-31": "228.86500"}, "Net Change In Property, Plant, And Equipment": {"2019-12-31": "-745.38900", "2018-12-31": "-720.62100", "2017-12-31": "-636.23100", "2016-12-31": "-753.12300", "2015-12-31": "-626.78800", "2014-12-31": "-454.38400", "2013-12-31": "-527.52600", "2012-12-31": "-283.61800", "2011-12-31": "-187.73700", "2010-12-31": "-183.29000", "2009-12-31": "-209.01200", "2008-12-31": "-178.19700", "2007-12-31": "-246.78600", "2006-12-31": "-192.70100", "2005-12-31": "-163.10600"}, "Net Change In Intangible Assets": {"2019-12-31": "-35.58700", "2018-12-31": "-36.81900", "2017-12-31": "-29.64600", "2016-12-31": "-18.47200", "2015-12-31": "-21.43200", "2014-12-31": "-13.51700", "2013-12-31": "-56.80500", "2012-12-31": "-22.87000", "2011-12-31": "-20.62000", "2010-12-31": "-10.78000", "2009-12-31": "-12.48500", "2008-12-31": "-4.20100", "2007-12-31": "-3.54200", "2006-12-31": "-0.25400", "2005-12-31": "0.00000"}, "Net Acquisitions/Divestitures": {"2019-12-31": "-74.53900", "2018-12-31": "", "2017-12-31": "", "2016-12-31": "", "2015-12-31": "-1478.12900", "2014-12-31": "-7.47600", "2013-12-31": "-67.87700", "2012-12-31": "-40.54000", "2011-12-31": "-65.34100", "2010-12-31": "-14.48600", "2009-12-31": "-3.52900", "2008-12-31": "-5.71900", "2007-12-31": "-24.06100", "2006-12-31": "-13.73100", "2005-12-31": "-119.68300"}, "Net Change In Short-term Investments": {"2019-12-31": "215.10700", "2018-12-31": "-71.49700", "2017-12-31": "-339.97400", "2016-12-31": "-18.17900", "2015-12-31": "720.40600", "2014-12-31": "190.81000", "2013-12-31": "-36.22100", "2012-12-31": "-354.60290", "2011-12-31": "-291.39300", "2010-12-31": "-312.34000", "2009-12-31": "-169.29500", "2008-12-31": "17.51000", "2007-12-31": "-13.27700", "2006-12-31": "29.12200", "2005-12-31": "-161.17900"}, "Net Change In Long-Term Investments": {"2019-12-31": "", "2018-12-31": "", "2017-12-31": "", "2016-12-31": "", "2015-12-31": "", "2014-12-31": "", "2013-12-31": "", "2012-12-31": "", "2011-12-31": "", "2010-12-31": "", "2009-12-31": "", "2008-12-31": "", "2007-12-31": "", "2006-12-31": "", "2005-12-31": ""}, "Net Change In Investments - Total": {"2019-12-31": "215.10700", "2018-12-31": "-71.49700", "2017-12-31": "-339.97400", "2016-12-31": "-18.17900", "2015-12-31": "720.40600", "2014-12-31": "190.81000", "2013-12-31": "-36.22100", "2012-12-31": "-354.60290", "2011-12-31": "-291.39300", "2010-12-31": "-312.34000", "2009-12-31": "-169.29500", "2008-12-31": "17.51000", "2007-12-31": "-13.27700", "2006-12-31": "29.12200", "2005-12-31": "-161.17900"}, "Investing Activities - Other": {"2019-12-31": "", "2018-12-31": "", "2017-12-31": "", "2016-12-31": "", "2015-12-31": "", "2014-12-31": "", "2013-12-31": "", "2012-12-31": "", "2011-12-31": "", "2010-12-31": "", "2009-12-31": "", "2008-12-31": "", "2007-12-31": "", "2006-12-31": "", "2005-12-31": ""}, "Cash Flow From Investing Activities": {"2019-12-31": "-640.40800", "2018-12-31": "-828.93700", "2017-12-31": "-1005.85100", "2016-12-31": "-789.77400", "2015-12-31": "-1405.94300", "2014-12-31": "-284.56700", "2013-12-31": "-688.42900", "2012-12-31": "-701.63100", "2011-12-31": "-565.09100", "2010-12-31": "-520.89600", "2009-12-31": "-394.32100", "2008-12-31": "-170.60700", "2007-12-31": "-287.66600", "2006-12-31": "-177.54400", "2005-12-31": "-443.96800"}, "Net Long-Term Debt": {"2019-12-31": "600.00000", "2018-12-31": "", "2017-12-31": "", "2016-12-31": "", "2015-12-31": "485.67500", "2014-12-31": "-14.93000", "2013-12-31": "-24.70000", "2012-12-31": "-17.08300", "2011-12-31": "-25.70100", "2010-12-31": "-27.62500", "2009-12-31": "", "2008-12-31": "", "2007-12-31": "", "2006-12-31": "", "2005-12-31": "111.82700"}, "Net Current Debt": {"2019-12-31": "", "2018-12-31": "-75.00000", "2017-12-31": "", "2016-12-31": "", "2015-12-31": "", "2014-12-31": "", "2013-12-31": "", "2012-12-31": "", "2011-12-31": "", "2010-12-31": "", "2009-12-31": "-32.35200", "2008-12-31": "-15.31700", "2007-12-31": "-22.35900", "2006-12-31": "-30.78300", "2005-12-31": "-21.84800"}, "Debt Issuance/Retirement Net - Total": {"2019-12-31": "600.00000", "2018-12-31": "-75.00000", "2017-12-31": "", "2016-12-31": "", "2015-12-31": "485.67500", "2014-12-31": "-14.93000", "2013-12-31": "-24.70000", "2012-12-31": "-17.08300", "2011-12-31": "-25.70100", "2010-12-31": "-27.62500", "2009-12-31": "-32.35200", "2008-12-31": "-15.31700", "2007-12-31": "-22.35900", "2006-12-31": "-30.78300", "2005-12-31": "89.97900"}, "Net Common Equity Issued/Repurchased": {"2019-12-31": "-1062.50600", "2018-12-31": "-531.77800", "2017-12-31": "-96.72900", "2016-12-31": "-636.48100", "2015-12-31": "-293.58200", "2014-12-31": "-185.20300", "2013-12-31": "-138.63900", "2012-12-31": "38.14700", "2011-12-31": "38.90000", "2010-12-31": "34.72400", "2009-12-31": "29.78900", "2008-12-31": "-12.63800", "2007-12-31": "29.08500", "2006-12-31": "21.70400", "2005-12-31": "51.74400"}, "Net Total Equity Issued/Repurchased": {"2019-12-31": "-1062.50600", "2018-12-31": "-531.77800", "2017-12-31": "-96.72900", "2016-12-31": "-636.48100", "2015-12-31": "-293.58200", "2014-12-31": "-185.20300", "2013-12-31": "-138.63900", "2012-12-31": "38.14700", "2011-12-31": "38.90000", "2010-12-31": "34.72400", "2009-12-31": "29.78900", "2008-12-31": "-12.63800", "2007-12-31": "29.08500", "2006-12-31": "21.70400", "2005-12-31": "51.74400"}, "Total Common And Preferred Stock Dividends Paid": {"2019-12-31": "-113.82300", "2018-12-31": "", "2017-12-31": "", "2016-12-31": "", "2015-12-31": "", "2014-12-31": "", "2013-12-31": "", "2012-12-31": "", "2011-12-31": "", "2010-12-31": "", "2009-12-31": "", "2008-12-31": "", "2007-12-31": "", "2006-12-31": "", "2005-12-31": ""}, "Financial Activities - Other": {"2019-12-31": "-25.05100", "2018-12-31": "-3.00900", "2017-12-31": "-14.25500", "2016-12-31": "-40.19600", "2015-12-31": "-48.24600", "2014-12-31": "79.80900", "2013-12-31": "43.95000", "2012-12-31": "44.97000", "2011-12-31": "35.65400", "2010-12-31": "27.74200", "2009-12-31": "19.33300", "2008-12-31": "16.30100", "2007-12-31": "30.35700", "2006-12-31": "8.21500", "2005-12-31": "-0.83200"}, "Cash Flow From Financial Activities": {"2019-12-31": "-601.38000", "2018-12-31": "-609.78700", "2017-12-31": "-110.98400", "2016-12-31": "-676.67700", "2015-12-31": "143.84700", "2014-12-31": "-120.32400", "2013-12-31": "-119.38900", "2012-12-31": "66.03400", "2011-12-31": "48.85300", "2010-12-31": "34.84100", "2009-12-31": "16.77000", "2008-12-31": "-11.65400", "2007-12-31": "37.08300", "2006-12-31": "-0.86500", "2005-12-31": "140.89100"}, "Net Cash Flow": {"2019-12-31": "67.71700", "2018-12-31": "3.20300", "2017-12-31": "200.06200", "2016-12-31": "-231.26100", "2015-12-31": "-233.08100", "2014-12-31": "432.82600", "2013-12-31": "-114.74300", "2012-12-31": "73.97400", "2011-12-31": "28.63500", "2010-12-31": "-27.21200", "2009-12-31": "-28.77100", "2008-12-31": "87.58000", "2007-12-31": "20.36900", "2006-12-31": "49.48800", "2005-12-31": "-76.72700"}, "Stock-Based Compensation": {"2019-12-31": "103.64100", "2018-12-31": "95.42300", "2017-12-31": "83.01900", "2016-12-31": "74.53600", "2015-12-31": "70.12100", "2014-12-31": "59.29200", "2013-12-31": "46.29500", "2012-12-31": "36.11300", "2011-12-31": "27.91900", "2010-12-31": "23.72300", "2009-12-31": "15.78600", "2008-12-31": "14.68300", "2007-12-31": "16.18900", "2006-12-31": "19.02100", "2005-12-31": ""}, "Common Stock Dividends Paid": {"2019-12-31": "-113.82300", "2018-12-31": "0.00000", "2017-12-31": "0.00000", "2016-12-31": "", "2015-12-31": "", "2014-12-31": "", "2013-12-31": "", "2012-12-31": "", "2011-12-31": "", "2010-12-31": "", "2009-12-31": "", "2008-12-31": "", "2007-12-31": "", "2006-12-31": "", "2005-12-31": ""}}, "cash flow statement, quarterly": {"Net Income/Loss": {"2020-09-30": 356.676, "2020-06-30": 134.748, "2020-03-31": "147.15900", "2019-12-31": 154.331, "2019-09-30": 81.935, "2019-06-30": 126.969, "2019-03-31": "166.21900", "2018-12-31": 131.32, "2018-09-30": 169.381, "2018-06-30": 169.357, "2018-03-31": "160.00100", "2017-12-31": 336.658, "2017-09-30": 177.424, "2017-06-30": 179.683, "2017-03-31": "173.21300", "2016-12-31": 149.691, "2016-09-30": 169.979, "2016-06-30": 166.454, "2016-03-31": "150.36000", "2015-12-31": 166.108, "2015-09-30": 147.282, "2015-06-30": 115.038, "2015-03-31": "110.93400", "2014-12-31": 147.872, "2014-09-30": 129.002, "2014-06-30": 129.033, "2014-03-31": "119.52600", "2013-12-31": 60.063, "2013-09-30": 115.344, "2013-06-30": 112.907, "2013-03-31": "110.04000", "2012-12-31": 111.808, "2012-09-30": 98.887, "2012-06-30": 97.829, "2012-03-31": "88.70800", "2011-12-31": 91.192, "2011-09-30": 78.835, "2011-06-30": 72.044, "2011-03-31": "64.55600", "2010-12-31": 70.637, "2010-09-30": 60.872, "2010-06-30": 55.477, "2010-03-31": "50.28600", "2009-12-31": 60.496, "2009-09-30": 48.394, "2009-06-30": 43.745, "2009-03-31": "40.83000", "2008-12-31": 71.54, "2008-09-30": 45.014, "2008-06-30": 35.287, "2008-03-31": "36.81700", "2007-12-31": 41.331, "2007-09-30": 31.234, "2007-06-30": 26.849, "2007-03-31": "27.71100", "2006-12-31": 39.146, "2006-09-30": 26.728, "2006-06-30": 23.873, "2006-03-31": "20.14400", "2005-12-31": 27.372, "2005-09-30": 26.556, "2005-06-30": 19.803, "2005-03-31": "12.52000"}, "Total Depreciation And Amortization - Cash Flow": {"2020-09-30": 175.046, "2020-06-30": 171.295, "2020-03-31": "172.64600", "2019-12-31": 178.407, "2019-09-30": 173.073, "2019-06-30": 169.815, "2019-03-31": "166.67100", "2018-12-31": 168.843, "2018-09-30": 161.103, "2018-06-30": 160.053, "2018-03-31": "152.59200", "2017-12-31": 155.482, "2017-09-30": 146.352, "2017-06-30": 144.056, "2017-03-31": "134.83300", "2016-12-31": 132.851, "2016-09-30": 127.289, "2016-06-30": 124.97, "2016-03-31": "119.12600", "2015-12-31": 123.15, "2015-09-30": 115.562, "2015-06-30": 113.068, "2015-03-31": "100.44500", "2014-12-31": 85.141, "2014-09-30": 75.406, "2014-06-30": 71.712, "2014-03-31": "70.09400", "2013-12-31": 74.078, "2013-09-30": 67.228, "2013-06-30": 62.891, "2013-03-31": "59.34100", "2012-12-31": 60.244, "2012-09-30": 56.121, "2012-06-30": 53.426, "2012-03-31": "52.78900", "2011-12-31": 55.715, "2011-09-30": 54.171, "2011-06-30": 52.53, "2011-03-31": "50.14000", "2010-12-31": 52.466, "2010-09-30": 49.42, "2010-06-30": 46.647, "2010-03-31": "44.80400", "2009-12-31": 51.983, "2009-09-30": 48.537, "2009-06-30": 46.356, "2009-03-31": "42.72700", "2008-12-31": 46.735, "2008-09-30": 43.283, "2008-06-30": 41.82, "2008-03-31": "38.62800", "2007-12-31": 41.88, "2007-09-30": 38.963, "2007-06-30": 37.303, "2007-03-31": "34.67100", "2006-12-31": 36.167, "2006-09-30": 29.697, "2006-06-30": 29.483, "2006-03-31": "29.90700", "2005-12-31": 30.99, "2005-09-30": 29.015, "2005-06-30": 27.367, "2005-03-31": "26.68300"}, "Other Non-Cash Items": {"2020-09-30": -219.703, "2020-06-30": 14.051, "2020-03-31": "45.00300", "2019-12-31": 53.162, "2019-09-30": 29.454, "2019-06-30": 18.671, "2019-03-31": "23.85800", "2018-12-31": 39.091, "2018-09-30": 39.885, "2018-06-30": 28.987, "2018-03-31": "21.88800", "2017-12-31": 34.544, "2017-09-30": 30.676, "2017-06-30": 36.494, "2017-03-31": "28.71400", "2016-12-31": 32.045, "2016-09-30": -26.557, "2016-06-30": 31.742, "2016-03-31": "25.78900", "2015-12-31": 77.369, "2015-09-30": 20.68, "2015-06-30": 17.658, "2015-03-31": "19.65900", "2014-12-31": 101.155, "2014-09-30": 34.086, "2014-06-30": 14.817, "2014-03-31": "16.13900", "2013-12-31": -29.575, "2013-09-30": 30.63, "2013-06-30": 10.572, "2013-03-31": "12.02100", "2012-12-31": -2.528, "2012-09-30": 40.88, "2012-06-30": 3.082, "2012-03-31": "3.02100", "2011-12-31": -23.803, "2011-09-30": 8.609, "2011-06-30": 8.057, "2011-03-31": "12.94300", "2010-12-31": 18.233, "2010-09-30": 18.934, "2010-06-30": 8.025, "2010-03-31": "8.89300", "2009-12-31": -7.71, "2009-09-30": 3.899, "2009-06-30": 8.215, "2009-03-31": "7.24100", "2008-12-31": -0.545, "2008-09-30": 3.072, "2008-06-30": 4.126, "2008-03-31": "5.50900", "2007-12-31": -0.818, "2007-09-30": 5.513, "2007-06-30": -0.553, "2007-03-31": "7.55100", "2006-12-31": 2.549, "2006-09-30": 4.967, "2006-06-30": 7.668, "2006-03-31": "7.19500", "2005-12-31": 21.104, "2005-09-30": 0.294, "2005-06-30": 1.146, "2005-03-31": "7.25300"}, "Total Non-Cash Items": {"2020-09-30": -44.657, "2020-06-30": 185.346, "2020-03-31": "217.64900", "2019-12-31": 231.5691, "2019-09-30": 202.5269, "2019-06-30": 188.486, "2019-03-31": "190.52900", "2018-12-31": 207.934, "2018-09-30": 200.988, "2018-06-30": 189.04, "2018-03-31": "174.48000", "2017-12-31": 190.026, "2017-09-30": 177.028, "2017-06-30": 180.55, "2017-03-31": "163.54700", "2016-12-31": 164.8959, "2016-09-30": 100.732, "2016-06-30": 156.712, "2016-03-31": "144.91500", "2015-12-31": 200.519, "2015-09-30": 136.242, "2015-06-30": 130.726, "2015-03-31": "120.10400", "2014-12-31": 186.296, "2014-09-30": 109.492, "2014-06-30": 86.529, "2014-03-31": "86.23300", "2013-12-31": 44.503, "2013-09-30": 97.858, "2013-06-30": 73.463, "2013-03-31": "71.36200", "2012-12-31": 57.716, "2012-09-30": 97.001, "2012-06-30": 56.508, "2012-03-31": "55.81000", "2011-12-31": 31.912, "2011-09-30": 62.78, "2011-06-30": 60.587, "2011-03-31": "63.08300", "2010-12-31": 70.699, "2010-09-30": 68.354, "2010-06-30": 54.672, "2010-03-31": "53.69700", "2009-12-31": 44.273, "2009-09-30": 52.436, "2009-06-30": 54.571, "2009-03-31": "49.96800", "2008-12-31": 46.19, "2008-09-30": 46.355, "2008-06-30": 45.946, "2008-03-31": "44.13700", "2007-12-31": 41.062, "2007-09-30": 44.476, "2007-06-30": 36.75, "2007-03-31": "42.22200", "2006-12-31": 38.716, "2006-09-30": 34.664, "2006-06-30": 37.151, "2006-03-31": "37.10200", "2005-12-31": 52.094, "2005-09-30": 29.309, "2005-06-30": 28.513, "2005-03-31": "33.93600"}, "Change In Accounts Receivable": {"2020-09-30": -30.269, "2020-06-30": -25.652, "2020-03-31": "-22.77400", "2019-12-31": 33.555, "2019-09-30": 72.397, "2019-06-30": -61.628, "2019-03-31": "13.78900", "2018-12-31": 42.257, "2018-09-30": -64.003, "2018-06-30": -115.431, "2018-03-31": "-70.60800", "2017-12-31": -13.756, "2017-09-30": 60.643, "2017-06-30": -45.487, "2017-03-31": "-34.23600", "2016-12-31": 34.559, "2016-09-30": 3.017, "2016-06-30": -61.105, "2016-03-31": "101.78700", "2015-12-31": 15.996, "2015-09-30": -45.878, "2015-06-30": -58.667, "2015-03-31": "-71.57500", "2014-12-31": -38.224, "2014-09-30": -21.344, "2014-06-30": -40.062, "2014-03-31": "24.84400", "2013-12-31": -50.88, "2013-09-30": 2.296, "2013-06-30": -32.959, "2013-03-31": "71.94400", "2012-12-31": -52.603, "2012-09-30": -62.384, "2012-06-30": 24.303, "2012-03-31": "6.97900", "2011-12-31": -25.15, "2011-09-30": -68.111, "2011-06-30": -42.636, "2011-03-31": "6.91800", "2010-12-31": -14.455, "2010-09-30": -15.59, "2010-06-30": -21.37, "2010-03-31": "34.04500", "2009-12-31": -54.031, "2009-09-30": -24.558, "2009-06-30": -0.13, "2009-03-31": "32.12000", "2008-12-31": -56.713, "2008-09-30": -41.653, "2008-06-30": -9.659, "2008-03-31": "-0.04700", "2007-12-31": -26.175, "2007-09-30": 1.704, "2007-06-30": -3.808, "2007-03-31": "5.47700", "2006-12-31": -6.91, "2006-09-30": -19.504, "2006-06-30": -8.913, "2006-03-31": "-3.59100", "2005-12-31": 0.283, "2005-09-30": -17.478, "2005-06-30": -13.67, "2005-03-31": "8.36300"}, "Change In Inventories": {"2020-09-30": 2.697, "2020-06-30": 5.805, "2020-03-31": "-0.29600", "2019-12-31": -0.022, "2019-09-30": 0.002, "2019-06-30": 0.947, "2019-03-31": "0.92800", "2018-12-31": -0.301, "2018-09-30": -9.396, "2018-06-30": -1.055, "2018-03-31": "1.44500", "2017-12-31": -0.063, "2017-09-30": -1.12, "2017-06-30": 4.477, "2017-03-31": "-4.26600", "2016-12-31": 4.924, "2016-09-30": -3.044, "2016-06-30": 5.906, "2016-03-31": "-8.45200", "2015-12-31": 7.786, "2015-09-30": 4.742, "2015-06-30": -7.253, "2015-03-31": "7.67600", "2014-12-31": 4.602, "2014-09-30": 2.936, "2014-06-30": -3.324, "2014-03-31": "3.90300", "2013-12-31": -4.224, "2013-09-30": -4.337, "2013-06-30": -1.655, "2013-03-31": "2.10500", "2012-12-31": 0.628, "2012-09-30": -1.785, "2012-06-30": -8.385, "2012-03-31": "9.26300", "2011-12-31": -11.129, "2011-09-30": 0.769, "2011-06-30": 0.64, "2011-03-31": "-2.60900", "2010-12-31": -2.986, "2010-09-30": 1.15, "2010-06-30": 0.909, "2010-03-31": "1.11500", "2009-12-31": 1.3, "2009-09-30": 1.474, "2009-06-30": 0.053, "2009-03-31": "-2.53700", "2008-12-31": 1.208, "2008-09-30": -0.871, "2008-06-30": -0.483, "2008-03-31": "-2.39600", "2007-12-31": -1.244, "2007-09-30": 0.92, "2007-06-30": 0.604, "2007-03-31": "5.15500", "2006-12-31": 0.074, "2006-09-30": -0.048, "2006-06-30": -5.733, "2006-03-31": "-2.69800", "2005-12-31": -1.019, "2005-09-30": 2.498, "2005-06-30": -2.812, "2005-03-31": "-0.74500"}, "Change In Accounts Payable": {"2020-09-30": -29.097, "2020-06-30": -40.25, "2020-03-31": "8.53900", "2019-12-31": -5.388, "2019-09-30": -28.326, "2019-06-30": 35.871, "2019-03-31": "-10.89100", "2018-12-31": 43.44, "2018-09-30": -21.602, "2018-06-30": 35.756, "2018-03-31": "7.60800", "2017-12-31": 19.611, "2017-09-30": -46.298, "2017-06-30": 55.555, "2017-03-31": "-21.90800", "2016-12-31": 6.369, "2016-09-30": -14.338, "2016-06-30": 17.832, "2016-03-31": "-23.06000", "2015-12-31": 7.639, "2015-09-30": -3.563, "2015-06-30": -10.369, "2015-03-31": "6.30000", "2014-12-31": -17.163, "2014-09-30": 20.655, "2014-06-30": 29.013, "2014-03-31": "-29.53100", "2013-12-31": 23.439, "2013-09-30": -24.78, "2013-06-30": 16.654, "2013-03-31": "-11.18300", "2012-12-31": 4.669, "2012-09-30": 15.537, "2012-06-30": -5.428, "2012-03-31": "20.48700", "2011-12-31": 9.478, "2011-09-30": 5.113, "2011-06-30": 2.913, "2011-03-31": "", "2010-12-31": 6.357, "2010-09-30": 9.555, "2010-06-30": 9.087, "2010-03-31": "5.81300", "2009-12-31": -7.153, "2009-09-30": -10.358, "2009-06-30": -30.797, "2009-03-31": "-5.10900", "2008-12-31": 21.67, "2008-09-30": -15.883, "2008-06-30": 8.198, "2008-03-31": "-11.66500", "2007-12-31": 33.953, "2007-09-30": -12.425, "2007-06-30": -12.328, "2007-03-31": "-7.43200", "2006-12-31": 15.4, "2006-09-30": -0.569, "2006-06-30": 0.518, "2006-03-31": "-0.88400", "2005-12-31": 7.929, "2005-09-30": 4.899, "2005-06-30": 7.876, "2005-03-31": "-6.32200"}, "Change In Assets/Liabilities": {"2020-09-30": 33.833, "2020-06-30": -46.577, "2020-03-31": "-55.99100", "2019-12-31": 48.598, "2019-09-30": -10.453, "2019-06-30": -79.273, "2019-03-31": "-74.86500", "2018-12-31": 41.385, "2018-09-30": 55.466, "2018-06-30": 22.558, "2018-03-31": "118.34500", "2017-12-31": -195.324, "2017-09-30": -11.601, "2017-06-30": -39.097, "2017-03-31": "51.53900", "2016-12-31": -29.522, "2016-09-30": 15.925, "2016-06-30": -14.446, "2016-03-31": "-37.06000", "2015-12-31": -1.164, "2015-09-30": -7.937, "2015-06-30": -59.604, "2015-03-31": "22.79200", "2014-12-31": -27.502, "2014-09-30": -12.295, "2014-06-30": 24.062, "2014-03-31": "5.45600", "2013-12-31": 24.865, "2013-09-30": -2.682, "2013-06-30": -13.624, "2013-03-31": "-26.54400", "2012-12-31": 23.042, "2012-09-30": 13.769, "2012-06-30": -14.697, "2012-03-31": "8.93900", "2011-12-31": 23.365, "2011-09-30": 17.092, "2011-06-30": 5.708, "2011-03-31": "-2.39900", "2010-12-31": 8.865, "2010-09-30": 6.96, "2010-06-30": -18.997, "2010-03-31": "13.93200", "2009-12-31": 23.824, "2009-09-30": -8.055, "2009-06-30": -10.878, "2009-03-31": "-3.11400", "2008-12-31": -5.869, "2008-09-30": 5.621, "2008-06-30": 4.257, "2008-03-31": "-7.39900", "2007-12-31": 3.133, "2007-09-30": -4.447, "2007-06-30": 12.382, "2007-03-31": "-7.30300", "2006-12-31": -3.185, "2006-09-30": -5.767, "2006-06-30": -0.013, "2006-03-31": "-1.04100", "2005-12-31": 7.97, "2005-09-30": -11.19, "2005-06-30": -9.007, "2005-03-31": "-5.60500"}, "Total Change In Assets/Liabilities": {"2020-09-30": 69.93, "2020-06-30": -61.504, "2020-03-31": "-81.30200", "2019-12-31": 51.675, "2019-09-30": 66.986, "2019-06-30": -108.645, "2019-03-31": "-39.48200", "2018-12-31": 67.635, "2018-09-30": -31.915, "2018-06-30": -58.696, "2018-03-31": "74.48400", "2017-12-31": -177.774, "2017-09-30": 8.485, "2017-06-30": -67.99, "2017-03-31": "-33.17500", "2016-12-31": 23.352, "2016-09-30": 40.353, "2016-06-30": -62.737, "2016-03-31": "40.93000", "2015-12-31": 78.87, "2015-09-30": -12.004, "2015-06-30": -137.1, "2015-03-31": "-16.79100", "2014-12-31": -110.72, "2014-09-30": -18.973, "2014-06-30": 32.709, "2014-03-31": "-49.97200", "2013-12-31": 36.914, "2013-09-30": -48.972, "2013-06-30": -9.863, "2013-03-31": "32.24600", "2012-12-31": 11.03, "2012-09-30": -13.675, "2012-06-30": 28.502, "2012-03-31": "18.19000", "2011-12-31": 45.385, "2011-09-30": -12.438, "2011-06-30": -10.504, "2011-03-31": "-1.13800", "2010-12-31": -19.589, "2010-09-30": -10.27, "2010-06-30": 0.089, "2010-03-31": "1.52000", "2009-12-31": 3.364, "2009-09-30": -27.428, "2009-06-30": -30.386, "2009-03-31": "7.02800", "2008-12-31": -19.547, "2008-09-30": -43.747, "2008-06-30": 4.164, "2008-03-31": "-30.35400", "2007-12-31": 9.974, "2007-09-30": 2.021, "2007-06-30": -1.535, "2007-03-31": "-27.53000", "2006-12-31": -8.921, "2006-09-30": -8.485, "2006-06-30": -1.343, "2006-03-31": "-6.05700", "2005-12-31": 13.811, "2005-09-30": -8.934, "2005-06-30": -3.983, "2005-03-31": "-2.13200"}, "Cash Flow From Operating Activities": {"2020-09-30": 381.949, "2020-06-30": 258.59, "2020-03-31": "283.50600", "2019-12-31": 437.575, "2019-09-30": 351.448, "2019-06-30": 206.81, "2019-03-31": "317.26600", "2018-12-31": 406.889, "2018-09-30": 338.454, "2018-06-30": 299.701, "2018-03-31": "408.96500", "2017-12-31": 348.91, "2017-09-30": 362.937, "2017-06-30": 292.243, "2017-03-31": "303.58500", "2016-12-31": 337.939, "2016-09-30": 311.064, "2016-06-30": 260.429, "2016-03-31": "336.20500", "2015-12-31": 445.497, "2015-09-30": 271.52, "2015-06-30": 108.664, "2015-03-31": "214.24700", "2014-12-31": 223.448, "2014-09-30": 219.521, "2014-06-30": 248.271, "2014-03-31": "155.78700", "2013-12-31": 141.48, "2013-09-30": 164.23, "2013-06-30": 176.507, "2013-03-31": "213.64800", "2012-12-31": 180.554, "2012-09-30": 182.213, "2012-06-30": 182.839, "2012-03-31": "162.70800", "2011-12-31": 168.489, "2011-09-30": 129.177, "2011-06-30": 122.127, "2011-03-31": "126.50100", "2010-12-31": 121.747, "2010-09-30": 118.956, "2010-06-30": 110.238, "2010-03-31": "105.50300", "2009-12-31": 108.133, "2009-09-30": 73.402, "2009-06-30": 67.93, "2009-03-31": "97.82600", "2008-12-31": 98.183, "2008-09-30": 47.622, "2008-06-30": 85.396, "2008-03-31": "50.60100", "2007-12-31": 92.367, "2007-09-30": 77.731, "2007-06-30": 62.064, "2007-03-31": "42.40300", "2006-12-31": 68.941, "2006-09-30": 52.907, "2006-06-30": 59.681, "2006-03-31": "51.18900", "2005-12-31": 93.277, "2005-09-30": 46.931, "2005-06-30": 44.333, "2005-03-31": "44.32400"}, "Net Change In Property, Plant, And Equipment": {"2020-09-30": -145.074, "2020-06-30": -194.586, "2020-03-31": "-123.10300", "2019-12-31": -145.517, "2019-09-30": -177.096, "2019-06-30": -228.964, "2019-03-31": "-193.81200", "2018-12-31": -205.548, "2018-09-30": -183.128, "2018-06-30": -178.632, "2018-03-31": "-153.31300", "2017-12-31": -163.826, "2017-09-30": -140.067, "2017-06-30": -173.181, "2017-03-31": "-159.15700", "2016-12-31": -196.459, "2016-09-30": -183.894, "2016-06-30": -198.079, "2016-03-31": "-174.69100", "2015-12-31": -166.705, "2015-09-30": -160.085, "2015-06-30": -154.667, "2015-03-31": "-145.33100", "2014-12-31": -123.251, "2014-09-30": -112.47, "2014-06-30": -104.458, "2014-03-31": "-114.20500", "2013-12-31": -183.169, "2013-09-30": -131.463, "2013-06-30": -129.109, "2013-03-31": "-83.78500", "2012-12-31": -81.146, "2012-09-30": -77.461, "2012-06-30": -75.568, "2012-03-31": "-49.44300", "2011-12-31": -50.308, "2011-09-30": -44.697, "2011-06-30": -50.894, "2011-03-31": "-41.83800", "2010-12-31": -46.166, "2010-09-30": -39.865, "2010-06-30": -44.635, "2010-03-31": "-52.62400", "2009-12-31": -60.451, "2009-09-30": -44.25, "2009-06-30": -42.85, "2009-03-31": "-61.46100", "2008-12-31": -52.211, "2008-09-30": -37.069, "2008-06-30": -40.988, "2008-03-31": "-47.92900", "2007-12-31": -50.694, "2007-09-30": -63.527, "2007-06-30": -67.047, "2007-03-31": "-65.51800", "2006-12-31": -53.295, "2006-09-30": -39.852, "2006-06-30": -46.124, "2006-03-31": "-53.43000", "2005-12-31": -51.224, "2005-09-30": -36.865, "2005-06-30": -45.413, "2005-03-31": "-29.60400"}, "Net Change In Intangible Assets": {"2020-09-30": -9.042, "2020-06-30": -10.974, "2020-03-31": "-9.68200", "2019-12-31": -9.793, "2019-09-30": -8.337, "2019-06-30": -8.463, "2019-03-31": "-8.99400", "2018-12-31": -12.515, "2018-09-30": -7.931, "2018-06-30": -7.901, "2018-03-31": "-8.47200", "2017-12-31": -7.46, "2017-09-30": -8.15, "2017-06-30": -7.651, "2017-03-31": "-6.38500", "2016-12-31": -5.25, "2016-09-30": -5.861, "2016-06-30": -3.769, "2016-03-31": "-3.59200", "2015-12-31": -3.34, "2015-09-30": -11.197, "2015-06-30": -3.599, "2015-03-31": "-3.29600", "2014-12-31": -3.279, "2014-09-30": -3.048, "2014-06-30": -3.889, "2014-03-31": "-3.30100", "2013-12-31": -17.008, "2013-09-30": -4.025, "2013-06-30": -12.465, "2013-03-31": "-23.30700", "2012-12-31": -15.658, "2012-09-30": -1.626, "2012-06-30": -2.687, "2012-03-31": "-2.89900", "2011-12-31": -12.225, "2011-09-30": -3.297, "2011-06-30": -1.87, "2011-03-31": "-3.22800", "2010-12-31": -2.746, "2010-09-30": -5.483, "2010-06-30": -0.318, "2010-03-31": "-2.23300", "2009-12-31": -3.569, "2009-09-30": -2.934, "2009-06-30": -4.013, "2009-03-31": "-1.96900", "2008-12-31": -2.614, "2008-09-30": -0.692, "2008-06-30": -0.648, "2008-03-31": "-0.24700", "2007-12-31": -2.556, "2007-09-30": -0.421, "2007-06-30": -0.23, "2007-03-31": "-0.33500", "2006-12-31": -0.254, "2006-09-30": 0, "2006-06-30": 0, "2006-03-31": "0.00000", "2005-12-31": 0, "2005-09-30": 0, "2005-06-30": 0, "2005-03-31": "0.00000"}, "Net Acquisitions/Divestitures": {"2020-09-30": 229.471, "2020-06-30": -35.022, "2020-03-31": "-0.74400", "2019-12-31": -74.539, "2019-09-30": 0, "2019-06-30": 0, "2019-03-31": "", "2018-12-31": 0, "2018-09-30": 0, "2018-06-30": 0, "2018-03-31": "", "2017-12-31": 0, "2017-09-30": 0, "2017-06-30": 0, "2017-03-31": "", "2016-12-31": 0, "2016-09-30": 0, "2016-06-30": 0, "2016-03-31": "", "2015-12-31": -106.115, "2015-09-30": 0, "2015-06-30": 0, "2015-03-31": "-1372.01400", "2014-12-31": 0, "2014-09-30": 0, "2014-06-30": -7.476, "2014-03-31": "", "2013-12-31": 0, "2013-09-30": -0.075, "2013-06-30": 0, "2013-03-31": "-67.80200", "2012-12-31": -40.54, "2012-09-30": 0, "2012-06-30": 0, "2012-03-31": "", "2011-12-31": -37.272, "2011-09-30": 0, "2011-06-30": -28.069, "2011-03-31": "", "2010-12-31": 0, "2010-09-30": 0, "2010-06-30": 0, "2010-03-31": "-14.48600", "2009-12-31": 0, "2009-09-30": 0, "2009-06-30": 0, "2009-03-31": "-3.52900", "2008-12-31": 0.001, "2008-09-30": -2.539, "2008-06-30": -3.181, "2008-03-31": "", "2007-12-31": -0.104, "2007-09-30": -0.112, "2007-06-30": 1.522, "2007-03-31": "-25.36700", "2006-12-31": 0.005, "2006-09-30": -13.736, "2006-06-30": 0, "2006-03-31": "", "2005-12-31": -0.829, "2005-09-30": -11.544, "2005-06-30": -5.333, "2005-03-31": "-101.97700"}, "Net Change In Short-term Investments": {"2020-09-30": -287.134, "2020-06-30": -7.853, "2020-03-31": "-3.08200", "2019-12-31": 25.828, "2019-09-30": 40.333, "2019-06-30": 129.795, "2019-03-31": "19.15100", "2018-12-31": -48.78, "2018-09-30": -159.853, "2018-06-30": 186.849, "2018-03-31": "-49.71300", "2017-12-31": -240.876, "2017-09-30": -103.969, "2017-06-30": -56.819, "2017-03-31": "61.69000", "2016-12-31": 107.53, "2016-09-30": -67.859, "2016-06-30": 67.421, "2016-03-31": "-125.27100", "2015-12-31": 217.774, "2015-09-30": 54.505, "2015-06-30": -66.702, "2015-03-31": "514.82900", "2014-12-31": 36.685, "2014-09-30": 82.735, "2014-06-30": 91.469, "2014-03-31": "-20.07900", "2013-12-31": 795.818, "2013-09-30": -828.317, "2013-06-30": 12.884, "2013-03-31": "-16.60600", "2012-12-31": 645.0941, "2012-09-30": -791.248, "2012-06-30": -108.348, "2012-03-31": "-100.10100", "2011-12-31": -35.652, "2011-09-30": -74.064, "2011-06-30": -36.478, "2011-03-31": "-145.19900", "2010-12-31": -64.141, "2010-09-30": -138.793, "2010-06-30": -56.275, "2010-03-31": "-53.13100", "2009-12-31": -155.568, "2009-09-30": -32.584, "2009-06-30": -7.39, "2009-03-31": "26.24700", "2008-12-31": 76.943, "2008-09-30": -114.693, "2008-06-30": 0, "2008-03-31": "55.26000", "2007-12-31": -47.02, "2007-09-30": 10.006, "2007-06-30": 23.737, "2007-03-31": "", "2006-12-31": 6.4, "2006-09-30": 5.745, "2006-06-30": 29.749, "2006-03-31": "-12.77200", "2005-12-31": -161.233, "2005-09-30": 0.033, "2005-06-30": 0.001, "2005-03-31": "0.02000"}, "Net Change In Long-Term Investments": {"2020-09-30": 0, "2020-06-30": 0, "2020-03-31": "", "2019-12-31": 0, "2019-09-30": 0, "2019-06-30": 0, "2019-03-31": "", "2018-12-31": 0, "2018-09-30": 0, "2018-06-30": 0, "2018-03-31": "", "2017-12-31": 0, "2017-09-30": 0, "2017-06-30": 0, "2017-03-31": "", "2016-12-31": 0, "2016-09-30": 0, "2016-06-30": 0, "2016-03-31": "", "2015-12-31": 0, "2015-09-30": 0, "2015-06-30": 0, "2015-03-31": "", "2014-12-31": 0, "2014-09-30": 0, "2014-06-30": 0, "2014-03-31": "", "2013-12-31": -825.126, "2013-09-30": 825.126, "2013-06-30": 0, "2013-03-31": "", "2012-12-31": -663.257, "2012-09-30": 663.257, "2012-06-30": 0, "2012-03-31": "", "2011-12-31": 0, "2011-09-30": 0, "2011-06-30": 0, "2011-03-31": "", "2010-12-31": 0, "2010-09-30": 0, "2010-06-30": 0, "2010-03-31": "", "2009-12-31": 0, "2009-09-30": 0, "2009-06-30": 0, "2009-03-31": "", "2008-12-31": 0, "2008-09-30": 0, "2008-06-30": 0, "2008-03-31": "", "2007-12-31": 0, "2007-09-30": 0, "2007-06-30": -16.487, "2007-03-31": "16.48700", "2006-12-31": 0, "2006-09-30": 0, "2006-06-30": 0, "2006-03-31": "", "2005-12-31": 0, "2005-09-30": 0, "2005-06-30": 0, "2005-03-31": ""}, "Net Change In Investments - Total": {"2020-09-30": -287.134, "2020-06-30": -7.853, "2020-03-31": "-3.08200", "2019-12-31": 25.828, "2019-09-30": 40.333, "2019-06-30": 129.795, "2019-03-31": "19.15100", "2018-12-31": -48.78, "2018-09-30": -159.853, "2018-06-30": 186.849, "2018-03-31": "-49.71300", "2017-12-31": -240.876, "2017-09-30": -103.969, "2017-06-30": -56.819, "2017-03-31": "61.69000", "2016-12-31": 107.53, "2016-09-30": -67.859, "2016-06-30": 67.421, "2016-03-31": "-125.27100", "2015-12-31": 217.774, "2015-09-30": 54.505, "2015-06-30": -66.702, "2015-03-31": "514.82900", "2014-12-31": 36.685, "2014-09-30": 82.735, "2014-06-30": 91.469, "2014-03-31": "-20.07900", "2013-12-31": -29.308, "2013-09-30": -3.191, "2013-06-30": 12.884, "2013-03-31": "-16.60600", "2012-12-31": -18.1629, "2012-09-30": -127.991, "2012-06-30": -108.348, "2012-03-31": "-100.10100", "2011-12-31": -35.652, "2011-09-30": -74.064, "2011-06-30": -36.478, "2011-03-31": "-145.19900", "2010-12-31": -64.141, "2010-09-30": -138.793, "2010-06-30": -56.275, "2010-03-31": "-53.13100", "2009-12-31": -155.568, "2009-09-30": -32.584, "2009-06-30": -7.39, "2009-03-31": "26.24700", "2008-12-31": 76.943, "2008-09-30": -114.693, "2008-06-30": 0, "2008-03-31": "55.26000", "2007-12-31": -47.02, "2007-09-30": 10.006, "2007-06-30": 7.25, "2007-03-31": "16.48700", "2006-12-31": 6.4, "2006-09-30": 5.745, "2006-06-30": 29.749, "2006-03-31": "-12.77200", "2005-12-31": -161.233, "2005-09-30": 0.033, "2005-06-30": 0.001, "2005-03-31": "0.02000"}, "Investing Activities - Other": {"2020-09-30": 0, "2020-06-30": 0, "2020-03-31": "", "2019-12-31": 0, "2019-09-30": 0, "2019-06-30": 0, "2019-03-31": "", "2018-12-31": 0, "2018-09-30": 0, "2018-06-30": 0, "2018-03-31": "", "2017-12-31": 0, "2017-09-30": 0, "2017-06-30": 0, "2017-03-31": "", "2016-12-31": 0, "2016-09-30": 0, "2016-06-30": 0, "2016-03-31": "", "2015-12-31": 0, "2015-09-30": 0, "2015-06-30": 0, "2015-03-31": "", "2014-12-31": 0, "2014-09-30": 0, "2014-06-30": 0, "2014-03-31": "", "2013-12-31": 0, "2013-09-30": 0, "2013-06-30": 0, "2013-03-31": "", "2012-12-31": 0, "2012-09-30": 0, "2012-06-30": 0, "2012-03-31": "", "2011-12-31": 0, "2011-09-30": 0, "2011-06-30": 0, "2011-03-31": "", "2010-12-31": 0, "2010-09-30": 0, "2010-06-30": 0, "2010-03-31": "", "2009-12-31": 0, "2009-09-30": 0, "2009-06-30": 0, "2009-03-31": "", "2008-12-31": 0, "2008-09-30": 0, "2008-06-30": 0, "2008-03-31": "", "2007-12-31": 0, "2007-09-30": 0, "2007-06-30": 0, "2007-03-31": "", "2006-12-31": 0, "2006-09-30": 0, "2006-06-30": 0, "2006-03-31": "", "2005-12-31": 0, "2005-09-30": 0, "2005-06-30": 0, "2005-03-31": ""}, "Cash Flow From Investing Activities": {"2020-09-30": -211.779, "2020-06-30": -248.435, "2020-03-31": "-136.61100", "2019-12-31": -204.021, "2019-09-30": -145.1, "2019-06-30": -107.632, "2019-03-31": "-183.65500", "2018-12-31": -266.843, "2018-09-30": -350.912, "2018-06-30": 0.316, "2018-03-31": "-211.49800", "2017-12-31": -412.162, "2017-09-30": -252.186, "2017-06-30": -237.651, "2017-03-31": "-103.85200", "2016-12-31": -94.179, "2016-09-30": -257.614, "2016-06-30": -134.427, "2016-03-31": "-303.55400", "2015-12-31": -58.386, "2015-09-30": -116.777, "2015-06-30": -224.968, "2015-03-31": "-1005.81200", "2014-12-31": -89.845, "2014-09-30": -32.783, "2014-06-30": -24.354, "2014-03-31": "-137.58500", "2013-12-31": -229.485, "2013-09-30": -138.754, "2013-06-30": -128.69, "2013-03-31": "-191.50000", "2012-12-31": -155.507, "2012-09-30": -207.078, "2012-06-30": -186.603, "2012-03-31": "-152.44300", "2011-12-31": -135.457, "2011-09-30": -122.058, "2011-06-30": -117.311, "2011-03-31": "-190.26500", "2010-12-31": -113.053, "2010-09-30": -184.141, "2010-06-30": -101.228, "2010-03-31": "-122.47400", "2009-12-31": -219.588, "2009-09-30": -79.768, "2009-06-30": -54.253, "2009-03-31": "-40.71200", "2008-12-31": 22.119, "2008-09-30": -154.993, "2008-06-30": -44.817, "2008-03-31": "7.08400", "2007-12-31": -100.374, "2007-09-30": -54.054, "2007-06-30": -58.505, "2007-03-31": "-74.73300", "2006-12-31": -47.124, "2006-09-30": -47.843, "2006-06-30": -16.375, "2006-03-31": "-66.20200", "2005-12-31": -213.286, "2005-09-30": -48.376, "2005-06-30": -50.745, "2005-03-31": "-131.56100"}, "Net Long-Term Debt": {"2020-09-30": -2.5, "2020-06-30": 0, "2020-03-31": "300.00000", "2019-12-31": 0, "2019-09-30": 0, "2019-06-30": 600, "2019-03-31": "", "2018-12-31": 0, "2018-09-30": 75, "2018-06-30": -75, "2018-03-31": "", "2017-12-31": 0, "2017-09-30": 0, "2017-06-30": 0, "2017-03-31": "", "2016-12-31": 0, "2016-09-30": 0, "2016-06-30": 0, "2016-03-31": "", "2015-12-31": -14.325, "2015-09-30": 0, "2015-06-30": 0, "2015-03-31": "500.00000", "2014-12-31": -14.855, "2014-09-30": -0.006, "2014-06-30": -0.003, "2014-03-31": "-0.06600", "2013-12-31": -14.944, "2013-09-30": -0.006, "2013-06-30": 0, "2013-03-31": "-9.75000", "2012-12-31": -15.311, "2012-09-30": -0.334, "2012-06-30": -0.468, "2012-03-31": "-0.97000", "2011-12-31": -25.701, "2011-09-30": 0, "2011-06-30": 0, "2011-03-31": "", "2010-12-31": -25.221, "2010-09-30": -0.718, "2010-06-30": -1.467, "2010-03-31": "-0.21900", "2009-12-31": 7.065, "2009-09-30": -0.207, "2009-06-30": -6.76, "2009-03-31": "-0.09800", "2008-12-31": 8.354, "2008-09-30": -1.105, "2008-06-30": -6.925, "2008-03-31": "-0.32400", "2007-12-31": 12.878, "2007-09-30": -0.391, "2007-06-30": -12.487, "2007-03-31": "", "2006-12-31": 0, "2006-09-30": 0, "2006-06-30": 0, "2006-03-31": "", "2005-12-31": 111.827, "2005-09-30": 0, "2005-06-30": 0, "2005-03-31": ""}, "Net Current Debt": {"2020-09-30": 0, "2020-06-30": 0, "2020-03-31": "", "2019-12-31": 0, "2019-09-30": 0, "2019-06-30": 0, "2019-03-31": "", "2018-12-31": 0, "2018-09-30": -75, "2018-06-30": 75, "2018-03-31": "-75.00000", "2017-12-31": 0, "2017-09-30": 0, "2017-06-30": 0, "2017-03-31": "", "2016-12-31": 0, "2016-09-30": 0, "2016-06-30": 0, "2016-03-31": "", "2015-12-31": 0, "2015-09-30": 0, "2015-06-30": 0, "2015-03-31": "", "2014-12-31": 0, "2014-09-30": 0, "2014-06-30": 0, "2014-03-31": "", "2013-12-31": 0, "2013-09-30": 0, "2013-06-30": 0, "2013-03-31": "", "2012-12-31": 0, "2012-09-30": 0, "2012-06-30": 0, "2012-03-31": "", "2011-12-31": 0.715, "2011-09-30": -0.261, "2011-06-30": -0.34, "2011-03-31": "-0.11400", "2010-12-31": 0, "2010-09-30": 0, "2010-06-30": 0, "2010-03-31": "", "2009-12-31": -32.352, "2009-09-30": 0, "2009-06-30": 0, "2009-03-31": "", "2008-12-31": -15.317, "2008-09-30": 0, "2008-06-30": 0, "2008-03-31": "", "2007-12-31": -22.359, "2007-09-30": 0, "2007-06-30": 0.437, "2007-03-31": "-0.43700", "2006-12-31": -7.611, "2006-09-30": -0.85, "2006-06-30": -19.435, "2006-03-31": "-2.88700", "2005-12-31": -20.639, "2005-09-30": -20.79, "2005-06-30": 0.25, "2005-03-31": "19.33100"}, "Debt Issuance/Retirement Net - Total": {"2020-09-30": -2.5, "2020-06-30": 0, "2020-03-31": "300.00000", "2019-12-31": 0, "2019-09-30": 0, "2019-06-30": 600, "2019-03-31": "", "2018-12-31": 0, "2018-09-30": 0, "2018-06-30": 0, "2018-03-31": "-75.00000", "2017-12-31": 0, "2017-09-30": 0, "2017-06-30": 0, "2017-03-31": "", "2016-12-31": 0, "2016-09-30": 0, "2016-06-30": 0, "2016-03-31": "", "2015-12-31": -14.325, "2015-09-30": 0, "2015-06-30": 0, "2015-03-31": "500.00000", "2014-12-31": -14.855, "2014-09-30": -0.006, "2014-06-30": -0.003, "2014-03-31": "-0.06600", "2013-12-31": -14.944, "2013-09-30": -0.006, "2013-06-30": 0, "2013-03-31": "-9.75000", "2012-12-31": -15.311, "2012-09-30": -0.334, "2012-06-30": -0.468, "2012-03-31": "-0.97000", "2011-12-31": -24.986, "2011-09-30": -0.261, "2011-06-30": -0.34, "2011-03-31": "-0.11400", "2010-12-31": -25.221, "2010-09-30": -0.718, "2010-06-30": -1.467, "2010-03-31": "-0.21900", "2009-12-31": -25.287, "2009-09-30": -0.207, "2009-06-30": -6.76, "2009-03-31": "-0.09800", "2008-12-31": -6.963, "2008-09-30": -1.105, "2008-06-30": -6.925, "2008-03-31": "-0.32400", "2007-12-31": -9.481, "2007-09-30": -0.391, "2007-06-30": -12.05, "2007-03-31": "-0.43700", "2006-12-31": -7.611, "2006-09-30": -0.85, "2006-06-30": -19.435, "2006-03-31": "-2.88700", "2005-12-31": 91.188, "2005-09-30": -20.79, "2005-06-30": 0.25, "2005-03-31": "19.33100"}, "Net Common Equity Issued/Repurchased": {"2020-09-30": 45.772, "2020-06-30": 38.705, "2020-03-31": "-531.79700", "2019-12-31": -230.438, "2019-09-30": -336.526, "2019-06-30": -490.281, "2019-03-31": "-5.26100", "2018-12-31": -268.569, "2018-09-30": 3.072, "2018-06-30": -188.693, "2018-03-31": "-77.58800", "2017-12-31": -135.028, "2017-09-30": 0.006, "2017-06-30": 27.61, "2017-03-31": "10.68300", "2016-12-31": -496.892, "2016-09-30": 35.544, "2016-06-30": -35.498, "2016-03-31": "-139.63500", "2015-12-31": -135.999, "2015-09-30": -190.415, "2015-06-30": 13.795, "2015-03-31": "19.03700", "2014-12-31": 12.456, "2014-09-30": 5.248, "2014-06-30": -136.054, "2014-03-31": "-66.85300", "2013-12-31": 7.354, "2013-09-30": -21.177, "2013-06-30": -69.487, "2013-03-31": "-55.32900", "2012-12-31": 7.045, "2012-09-30": 6.058, "2012-06-30": 14.062, "2012-03-31": "10.98200", "2011-12-31": 2.437, "2011-09-30": 6.491, "2011-06-30": 13.631, "2011-03-31": "16.34100", "2010-12-31": 11.458, "2010-09-30": 9.042, "2010-06-30": 6.608, "2010-03-31": "7.61600", "2009-12-31": 5.152, "2009-09-30": 11.828, "2009-06-30": 9.948, "2009-03-31": "2.86100", "2008-12-31": -22.578, "2008-09-30": -0.502, "2008-06-30": 4.572, "2008-03-31": "5.87000", "2007-12-31": 5.131, "2007-09-30": 6.418, "2007-06-30": 6.234, "2007-03-31": "11.30200", "2006-12-31": 4.762, "2006-09-30": 7.382, "2006-06-30": 3.711, "2006-03-31": "5.84900", "2005-12-31": 8.169, "2005-09-30": 25.283, "2005-06-30": 12.572, "2005-03-31": "5.72000"}, "Net Total Equity Issued/Repurchased": {"2020-09-30": 45.772, "2020-06-30": 38.705, "2020-03-31": "-531.79700", "2019-12-31": -230.438, "2019-09-30": -336.526, "2019-06-30": -490.281, "2019-03-31": "-5.26100", "2018-12-31": -268.569, "2018-09-30": 3.072, "2018-06-30": -188.693, "2018-03-31": "-77.58800", "2017-12-31": -135.028, "2017-09-30": 0.006, "2017-06-30": 27.61, "2017-03-31": "10.68300", "2016-12-31": -496.892, "2016-09-30": 35.544, "2016-06-30": -35.498, "2016-03-31": "-139.63500", "2015-12-31": -135.999, "2015-09-30": -190.415, "2015-06-30": 13.795, "2015-03-31": "19.03700", "2014-12-31": 12.456, "2014-09-30": 5.248, "2014-06-30": -136.054, "2014-03-31": "-66.85300", "2013-12-31": 7.354, "2013-09-30": -21.177, "2013-06-30": -69.487, "2013-03-31": "-55.32900", "2012-12-31": 7.045, "2012-09-30": 6.058, "2012-06-30": 14.062, "2012-03-31": "10.98200", "2011-12-31": 2.437, "2011-09-30": 6.491, "2011-06-30": 13.631, "2011-03-31": "16.34100", "2010-12-31": 11.458, "2010-09-30": 9.042, "2010-06-30": 6.608, "2010-03-31": "7.61600", "2009-12-31": 5.152, "2009-09-30": 11.828, "2009-06-30": 9.948, "2009-03-31": "2.86100", "2008-12-31": -22.578, "2008-09-30": -0.502, "2008-06-30": 4.572, "2008-03-31": "5.87000", "2007-12-31": 5.131, "2007-09-30": 6.418, "2007-06-30": 6.234, "2007-03-31": "11.30200", "2006-12-31": 4.762, "2006-09-30": 7.382, "2006-06-30": 3.711, "2006-03-31": "5.84900", "2005-12-31": 8.169, "2005-09-30": 25.283, "2005-06-30": 12.572, "2005-03-31": "5.72000"}, "Total Common And Preferred Stock Dividends Paid": {"2020-09-30": -55.176, "2020-06-30": -55.054, "2020-03-31": "-56.04700", "2019-12-31": -56.53, "2019-09-30": -57.293, "2019-06-30": 0, "2019-03-31": "", "2018-12-31": 0, "2018-09-30": 0, "2018-06-30": 0, "2018-03-31": "", "2017-12-31": 0, "2017-09-30": 0, "2017-06-30": 0, "2017-03-31": "", "2016-12-31": 0, "2016-09-30": 0, "2016-06-30": 0, "2016-03-31": "", "2015-12-31": 0, "2015-09-30": 0, "2015-06-30": 0, "2015-03-31": "", "2014-12-31": 0, "2014-09-30": 0, "2014-06-30": 0, "2014-03-31": "", "2013-12-31": 0, "2013-09-30": 0, "2013-06-30": 0, "2013-03-31": "", "2012-12-31": 0, "2012-09-30": 0, "2012-06-30": 0, "2012-03-31": "", "2011-12-31": 0, "2011-09-30": 0, "2011-06-30": 0, "2011-03-31": "", "2010-12-31": 0, "2010-09-30": 0, "2010-06-30": 0, "2010-03-31": "", "2009-12-31": 0, "2009-09-30": 0, "2009-06-30": 0, "2009-03-31": "", "2008-12-31": 0, "2008-09-30": 0, "2008-06-30": 0, "2008-03-31": "", "2007-12-31": 0, "2007-09-30": 0, "2007-06-30": 0, "2007-03-31": "", "2006-12-31": 0, "2006-09-30": 0, "2006-06-30": 0, "2006-03-31": "", "2005-12-31": 0, "2005-09-30": 0, "2005-06-30": 0, "2005-03-31": ""}, "Financial Activities - Other": {"2020-09-30": -11.054, "2020-06-30": -10.259, "2020-03-31": "-8.11700", "2019-12-31": -1.607, "2019-09-30": -14.134, "2019-06-30": -7.58, "2019-03-31": "-1.73000", "2018-12-31": 4.486, "2018-09-30": 1.504, "2018-06-30": -7.276, "2018-03-31": "-1.72300", "2017-12-31": -3.595, "2017-09-30": -0.017, "2017-06-30": -4.329, "2017-03-31": "-6.31400", "2016-12-31": 0, "2016-09-30": -34.953, "2016-06-30": -4.824, "2016-03-31": "-0.41900", "2015-12-31": -94.131, "2015-09-30": 5.613, "2015-06-30": 6.125, "2015-03-31": "34.14700", "2014-12-31": 13.453, "2014-09-30": -5.18, "2014-06-30": 6.334, "2014-03-31": "65.20200", "2013-12-31": 10.653, "2013-09-30": 11.947, "2013-06-30": 12.702, "2013-03-31": "8.64800", "2012-12-31": 11.939, "2012-09-30": 2.93, "2012-06-30": 13.802, "2012-03-31": "16.29900", "2011-12-31": 2.424, "2011-09-30": 7.439, "2011-06-30": 10.873, "2011-03-31": "14.91800", "2010-12-31": 8.342, "2010-09-30": 4.772, "2010-06-30": 5.485, "2010-03-31": "9.14300", "2009-12-31": 3.862, "2009-09-30": 8.91, "2009-06-30": 5.508, "2009-03-31": "1.05300", "2008-12-31": 2.31, "2008-09-30": 2.824, "2008-06-30": 2.405, "2008-03-31": "8.76200", "2007-12-31": 5.12, "2007-09-30": 5.743, "2007-06-30": 13.36, "2007-03-31": "6.13400", "2006-12-31": 2.929, "2006-09-30": 1.824, "2006-06-30": 0.382, "2006-03-31": "3.08000", "2005-12-31": -0.03, "2005-09-30": -0.209, "2005-06-30": -0.388, "2005-03-31": "-0.20500"}, "Cash Flow From Financial Activities": {"2020-09-30": -22.958, "2020-06-30": -26.608, "2020-03-31": "-295.96100", "2019-12-31": -288.575, "2019-09-30": -407.953, "2019-06-30": 102.139, "2019-03-31": "-6.99100", "2018-12-31": -264.083, "2018-09-30": 4.576, "2018-06-30": -195.969, "2018-03-31": "-154.31100", "2017-12-31": -138.623, "2017-09-30": -0.011, "2017-06-30": 23.281, "2017-03-31": "4.36900", "2016-12-31": -496.892, "2016-09-30": 0.591, "2016-06-30": -40.322, "2016-03-31": "-140.05400", "2015-12-31": -244.455, "2015-09-30": -184.802, "2015-06-30": 19.92, "2015-03-31": "553.18400", "2014-12-31": 11.054, "2014-09-30": 0.062, "2014-06-30": -129.723, "2014-03-31": "-1.71700", "2013-12-31": 3.063, "2013-09-30": -9.236, "2013-06-30": -56.785, "2013-03-31": "-56.43100", "2012-12-31": 3.673, "2012-09-30": 8.654, "2012-06-30": 27.396, "2012-03-31": "26.31100", "2011-12-31": -20.125, "2011-09-30": 13.669, "2011-06-30": 24.164, "2011-03-31": "31.14500", "2010-12-31": -5.421, "2010-09-30": 13.096, "2010-06-30": 10.626, "2010-03-31": "16.54000", "2009-12-31": -16.273, "2009-09-30": 20.531, "2009-06-30": 8.696, "2009-03-31": "3.81600", "2008-12-31": -27.231, "2008-09-30": 1.217, "2008-06-30": 0.052, "2008-03-31": "14.30800", "2007-12-31": 0.77, "2007-09-30": 11.77, "2007-06-30": 7.544, "2007-03-31": "16.99900", "2006-12-31": 0.079, "2006-09-30": 8.356, "2006-06-30": -15.342, "2006-03-31": "6.04200", "2005-12-31": 99.327, "2005-09-30": 4.284, "2005-06-30": 12.434, "2005-03-31": "24.84600"}, "Net Cash Flow": {"2020-09-30": 149.259, "2020-06-30": -15.517, "2020-03-31": "-156.43100", "2019-12-31": -54.587, "2019-09-30": -206.494, "2019-06-30": 199.763, "2019-03-31": "129.03500", "2018-12-31": -124.488, "2018-09-30": -12.354, "2018-06-30": 97.569, "2018-03-31": "42.47600", "2017-12-31": -202.131, "2017-09-30": 112.624, "2017-06-30": 81.978, "2017-03-31": "207.59100", "2016-12-31": -260.636, "2016-09-30": 53.915, "2016-06-30": 81.993, "2016-03-31": "-106.53300", "2015-12-31": 140.365, "2015-09-30": -32.222, "2015-06-30": -96.356, "2015-03-31": "-244.86800", "2014-12-31": 138.709, "2014-09-30": 181.234, "2014-06-30": 95.332, "2014-03-31": "17.55100", "2013-12-31": -85.143, "2013-09-30": 16.756, "2013-06-30": -10.694, "2013-03-31": "-35.66200", "2012-12-31": 29.019, "2012-09-30": -14.687, "2012-06-30": 21.59, "2012-03-31": "38.05200", "2011-12-31": 11.952, "2011-09-30": 17.138, "2011-06-30": 29.489, "2011-03-31": "-29.94400", "2010-12-31": 2.764, "2010-09-30": -44.048, "2010-06-30": 15.588, "2010-03-31": "-1.51600", "2009-12-31": -126.249, "2009-09-30": 14.054, "2009-06-30": 28.738, "2009-03-31": "54.68600", "2008-12-31": 88.236, "2008-09-30": -109.137, "2008-06-30": 40.886, "2008-03-31": "67.59500", "2007-12-31": -11.189, "2007-09-30": 35.825, "2007-06-30": 11.889, "2007-03-31": "-16.15600", "2006-12-31": 23.182, "2006-09-30": 15.204, "2006-06-30": 20.269, "2006-03-31": "-9.16700", "2005-12-31": -21.132, "2005-09-30": 1.854, "2005-06-30": 5.655, "2005-03-31": "-63.10400"}, "Stock-Based Compensation": {"2020-09-30": 37.92, "2020-06-30": 37.549, "2020-03-31": "35.03100", "2019-12-31": 30.22, "2019-09-30": 30.537, "2019-06-30": 23.024, "2019-03-31": "19.86000", "2018-12-31": 21.075, "2018-09-30": 25.209, "2018-06-30": 24.204, "2018-03-31": "24.93500", "2017-12-31": 23.802, "2017-09-30": 19.858, "2017-06-30": 21.859, "2017-03-31": "17.50000", "2016-12-31": 17.64, "2016-09-30": 18.942, "2016-06-30": 20.143, "2016-03-31": "17.81100", "2015-12-31": 16.795, "2015-09-30": 18.875, "2015-06-30": 19.29, "2015-03-31": "15.16100", "2014-12-31": 15.962, "2014-09-30": 15.061, "2014-06-30": 14.62, "2014-03-31": "13.64900", "2013-12-31": 12.645, "2013-09-30": 12.527, "2013-06-30": 10.529, "2013-03-31": "10.59400", "2012-12-31": 9.809, "2012-09-30": 9.721, "2012-06-30": 8.252, "2012-03-31": "8.33100", "2011-12-31": 7.556, "2011-09-30": 7.232, "2011-06-30": 6.187, "2011-03-31": "6.94400", "2010-12-31": 6.673, "2010-09-30": 6.244, "2010-06-30": 5.656, "2010-03-31": "5.15000", "2009-12-31": 4.295, "2009-09-30": 4.52, "2009-06-30": 3.269, "2009-03-31": "3.70200", "2008-12-31": 4.107, "2008-09-30": 3.824, "2008-06-30": 3.307, "2008-03-31": "3.44500", "2007-12-31": 3.481, "2007-09-30": 4.071, "2007-06-30": 4.614, "2007-03-31": "4.02300", "2006-12-31": 4.534, "2006-09-30": 4.688, "2006-06-30": 5.084, "2006-03-31": "4.71500", "2005-12-31": 0, "2005-09-30": 0, "2005-06-30": 0, "2005-03-31": ""}, "Common Stock Dividends Paid": {"2020-09-30": -55.176, "2020-06-30": -55.054, "2020-03-31": "-56.04700", "2019-12-31": -56.53, "2019-09-30": -57.293, "2019-06-30": 0, "2019-03-31": "", "2018-12-31": 0, "2018-09-30": 0, "2018-06-30": 0, "2018-03-31": "", "2017-12-31": 0, "2017-09-30": 0, "2017-06-30": 0, "2017-03-31": "", "2016-12-31": 0, "2016-09-30": 0, "2016-06-30": 0, "2016-03-31": "", "2015-12-31": 0, "2015-09-30": 0, "2015-06-30": 0, "2015-03-31": "", "2014-12-31": 0, "2014-09-30": 0, "2014-06-30": 0, "2014-03-31": "", "2013-12-31": 0, "2013-09-30": 0, "2013-06-30": 0, "2013-03-31": "", "2012-12-31": 0, "2012-09-30": 0, "2012-06-30": 0, "2012-03-31": "", "2011-12-31": 0, "2011-09-30": 0, "2011-06-30": 0, "2011-03-31": "", "2010-12-31": 0, "2010-09-30": 0, "2010-06-30": 0, "2010-03-31": "", "2009-12-31": 0, "2009-09-30": 0, "2009-06-30": 0, "2009-03-31": "", "2008-12-31": 0, "2008-09-30": 0, "2008-06-30": 0, "2008-03-31": "", "2007-12-31": 0, "2007-09-30": 0, "2007-06-30": 0, "2007-03-31": "", "2006-12-31": 0, "2006-09-30": 0, "2006-06-30": 0, "2006-03-31": "", "2005-12-31": 0, "2005-09-30": 0, "2005-06-30": 0, "2005-03-31": ""}}, "financial ratios": {"Current Ratio": {"2019-12-31": "2.04060", "2018-12-31": "2.40870", "2017-12-31": "3.01450", "2016-12-31": "1.91550", "2015-12-31": "2.34980", "2014-12-31": "3.70290", "2013-12-31": "2.75080", "2012-12-31": "3.08650", "2011-12-31": "3.42430", "2010-12-31": "3.74610", "2009-12-31": "3.20110", "2008-12-31": "2.51700", "2007-12-31": "2.84100", "2006-12-31": "2.40580", "2005-12-31": "2.50540"}, "Long-term Debt / Capital": {"2019-12-31": "0.19390", "2018-12-31": "0.08180", "2017-12-31": "0.09720", "2016-12-31": "0.12040", "2015-12-31": "0.12710", "2014-12-31": "0.01730", "2013-12-31": "0.03410", "2012-12-31": "0.04600", "2011-12-31": "0.03620", "2010-12-31": "0.03440", "2009-12-31": "0.05700", "2008-12-31": "0.07820", "2007-12-31": "0.13560", "2006-12-31": "0.16890", "2005-12-31": "0.20350"}, "Debt/Equity Ratio": {"2019-12-31": "0.24050", "2018-12-31": "0.09000", "2017-12-31": "0.11010", "2016-12-31": "0.14350", "2015-12-31": "0.15640", "2014-12-31": "0.03650", "2013-12-31": "0.05230", "2012-12-31": "0.06920", "2011-12-31": "0.05480", "2010-12-31": "0.04870", "2009-12-31": "0.07620", "2008-12-31": "0.10780", "2007-12-31": "0.16940", "2006-12-31": "0.22510", "2005-12-31": "0.29320"}, "Gross Margin": {"2019-12-31": "81.18540", "2018-12-31": "82.53280", "2017-12-31": "83.39080", "2016-12-31": "83.75650", "2015-12-31": "83.03420", "2014-12-31": "82.23830", "2013-12-31": "82.31650", "2012-12-31": "77.18210", "2011-12-31": "79.95270", "2010-12-31": "82.68550", "2009-12-31": "83.18060", "2008-12-31": "82.33540", "2007-12-31": "81.57020", "2006-12-31": "78.88520", "2005-12-31": "78.05920"}, "Operating Margin": {"2019-12-31": "10.55180", "2018-12-31": "14.43790", "2017-12-31": "18.67800", "2016-12-31": "18.99340", "2015-12-31": "17.65170", "2014-12-31": "22.42580", "2013-12-31": "19.78920", "2012-12-31": "21.44720", "2011-12-31": "20.87000", "2010-12-31": "19.42110", "2009-12-31": "17.46590", "2008-12-31": "16.63960", "2007-12-31": "13.42760", "2006-12-31": "12.05820", "2005-12-31": "12.09840"}, "EBIT Margin": {"2019-12-31": "10.55180", "2018-12-31": "14.43790", "2017-12-31": "18.67800", "2016-12-31": "18.99340", "2015-12-31": "17.65170", "2014-12-31": "22.42580", "2013-12-31": "19.78920", "2012-12-31": "21.44720", "2011-12-31": "20.87000", "2010-12-31": "19.42110", "2009-12-31": "17.46590", "2008-12-31": "16.63960", "2007-12-31": "13.42760", "2006-12-31": "12.05820", "2005-12-31": "12.09840"}, "EBITDA Margin": {"2019-12-31": "22.63700", "2018-12-31": "26.41240", "2017-12-31": "29.97110", "2016-12-31": "29.50600", "2015-12-31": "27.87090", "2014-12-31": "31.31150", "2013-12-31": "28.84310", "2012-12-31": "29.79780", "2011-12-31": "30.51780", "2010-12-31": "29.87050", "2009-12-31": "28.80670", "2008-12-31": "26.81050", "2007-12-31": "23.48220", "2006-12-31": "21.14750", "2005-12-31": "21.92400"}, "Pre-Tax Profit Margin": {"2019-12-31": "11.49760", "2018-12-31": "14.92360", "2017-12-31": "18.80740", "2016-12-31": "19.14810", "2015-12-31": "17.65720", "2014-12-31": "22.75170", "2013-12-31": "20.20290", "2012-12-31": "22.04920", "2011-12-31": "21.31920", "2010-12-31": "19.57670", "2009-12-31": "17.50630", "2008-12-31": "16.79160", "2007-12-31": "13.42000", "2006-12-31": "12.15820", "2005-12-31": "11.65110"}, "Net Profit Margin": {"2019-12-31": "9.30070", "2018-12-31": "11.74100", "2017-12-31": "16.85980", "2016-12-31": "13.26980", "2015-12-31": "12.18820", "2014-12-31": "15.44160", "2013-12-31": "13.68560", "2012-12-31": "14.90310", "2011-12-31": "13.91760", "2010-12-31": "12.82400", "2009-12-31": "11.57180", "2008-12-31": "11.25630", "2007-12-31": "8.36420", "2006-12-31": "7.97450", "2005-12-31": "7.43040"}, "Asset Turnover": {"2019-12-31": "0.82570", "2018-12-31": "0.79990", "2017-12-31": "0.79490", "2016-12-31": "0.85200", "2015-12-31": "0.79560", "2014-12-31": "0.75110", "2013-12-31": "0.71020", "2012-12-31": "0.71950", "2011-12-31": "0.73430", "2010-12-31": "0.76370", "2009-12-31": "0.77810", "2008-12-31": "0.89100", "2007-12-31": "0.89940", "2006-12-31": "0.92090", "2005-12-31": "0.89040"}, "Inventory Turnover Ratio": {"2019-12-31": "46.20140", "2018-12-31": "37.45050", "2017-12-31": "54.23150", "2016-12-31": "52.85730", "2015-12-31": "47.55390", "2014-12-31": "25.40570", "2013-12-31": "15.93620", "2012-12-31": "25.68290", "2011-12-31": "18.95910", "2010-12-31": "29.02830", "2009-12-31": "25.01320", "2008-12-31": "29.32480", "2007-12-31": "26.07130", "2006-12-31": "16.08990", "2005-12-31": "26.57130"}, "Receiveable Turnover": {"2019-12-31": "4.99530", "2018-12-31": "4.53430", "2017-12-31": "4.93130", "2016-12-31": "5.07590", "2015-12-31": "4.27940", "2014-12-31": "5.05770", "2013-12-31": "4.99330", "2012-12-31": "4.61270", "2011-12-31": "3.91180", "2010-12-31": "3.87960", "2009-12-31": "3.62340", "2008-12-31": "3.57420", "2007-12-31": "3.88660", "2006-12-31": "3.81280", "2005-12-31": "3.66220"}, "Days Sales In Receivables": {"2019-12-31": "73.06900", "2018-12-31": "80.49740", "2017-12-31": "74.01690", "2016-12-31": "71.90790", "2015-12-31": "85.29220", "2014-12-31": "72.16730", "2013-12-31": "73.09740", "2012-12-31": "79.12950", "2011-12-31": "93.30780", "2010-12-31": "94.08080", "2009-12-31": "100.73490", "2008-12-31": "102.12160", "2007-12-31": "93.91350", "2006-12-31": "95.73010", "2005-12-31": "99.66720"}, "ROE - Return On Equity": {"2019-12-31": "12.26350", "2018-12-31": "12.78430", "2017-12-31": "18.11730", "2016-12-31": "16.20400", "2015-12-31": "13.93560", "2014-12-31": "14.73470", "2013-12-31": "12.57560", "2012-12-31": "14.01840", "2011-12-31": "13.26930", "2010-12-31": "12.45250", "2009-12-31": "12.23840", "2008-12-31": "14.37620", "2007-12-31": "11.22590", "2006-12-31": "11.91500", "2005-12-31": "11.34090"}, "Return On Tangible Equity": {"2019-12-31": "17.24760", "2018-12-31": "17.14190", "2017-12-31": "25.11090", "2016-12-31": "25.28040", "2015-12-31": "22.63240", "2014-12-31": "16.84730", "2013-12-31": "14.66630", "2012-12-31": "16.18720", "2011-12-31": "15.15250", "2010-12-31": "13.91160", "2009-12-31": "13.86250", "2008-12-31": "16.93970", "2007-12-31": "13.50020", "2006-12-31": "14.86930", "2005-12-31": "14.77050"}, "ROA - Return On Assets": {"2019-12-31": "7.67920", "2018-12-31": "9.39180", "2017-12-31": "13.40140", "2016-12-31": "11.30530", "2015-12-31": "9.69730", "2014-12-31": "11.59750", "2013-12-31": "9.71980", "2012-12-31": "10.72310", "2011-12-31": "10.21970", "2010-12-31": "9.79330", "2009-12-31": "9.00440", "2008-12-31": "10.02970", "2007-12-31": "7.52240", "2006-12-31": "7.34350", "2005-12-31": "6.61620"}, "ROI - Return On Investment": {"2019-12-31": "9.88580", "2018-12-31": "11.73910", "2017-12-31": "16.35660", "2016-12-31": "14.25340", "2015-12-31": "12.16500", "2014-12-31": "14.47940", "2013-12-31": "12.14720", "2012-12-31": "13.37390", "2011-12-31": "12.78880", "2010-12-31": "12.02390", "2009-12-31": "11.54120", "2008-12-31": "13.25160", "2007-12-31": "9.70390", "2006-12-31": "9.90290", "2005-12-31": "9.03340"}, "Book Value Per Share": {"2019-12-31": "13.88610", "2018-12-31": "15.19660", "2017-12-31": "14.39370", "2016-12-31": "11.91580", "2015-12-31": "11.38490", "2014-12-31": "10.41670", "2013-12-31": "9.21460", "2012-12-31": "8.23310", "2011-12-31": "6.81390", "2010-12-31": "5.72270", "2009-12-31": "4.83280", "2008-12-31": "4.04810", "2007-12-31": "3.53230", "2006-12-31": "2.94130", "2005-12-31": "2.46890"}, "Operating Cash Flow Per Share": {"2019-12-31": -0.2712, "2018-12-31": 0.49, "2017-12-31": 0.2442, "2016-12-31": 0.6612, "2015-12-31": 0.5461, "2014-12-31": 0.4421, "2013-12-31": -0.0404, "2012-12-31": 0.4447, "2011-12-31": 0.2352, "2010-12-31": 0.3007, "2009-12-31": 0.1907, "2008-12-31": 0.0196, "2007-12-31": 0.1129, "2006-12-31": -0.0208, "2005-12-31": 0.7327}, "Free Cash Flow Per Share": {"2019-12-31": -0.4313, "2018-12-31": 0.2121, "2017-12-31": 0.5533, "2016-12-31": 0.2559, "2015-12-31": 0.0567, "2014-12-31": 0.6427, "2013-12-31": -0.7307, "2012-12-31": 0.1775, "2011-12-31": 0.2317, "2010-12-31": 0.3873, "2009-12-31": 0.1017, "2008-12-31": 0.2269, "2007-12-31": -0.0389, "2006-12-31": -0.0881, "2005-12-31": 0.2105}}, "financial ratios, quarterly": {"Current Ratio": {"2020-09-30": "2.29210", "2020-06-30": "2.03970", "2020-03-31": "1.92800", "2019-12-31": "2.04060", "2019-09-30": "2.20960", "2019-06-30": "2.52330", "2019-03-31": "2.57680", "2018-12-31": "2.40870", "2018-09-30": "2.63150", "2018-06-30": "2.84720", "2018-03-31": "2.94570", "2017-12-31": "3.01450", "2017-09-30": "2.76560", "2017-06-30": "2.39060", "2017-03-31": "2.19080", "2016-12-31": "1.91550", "2016-09-30": "2.41320", "2016-06-30": "2.37240", "2016-03-31": "2.22780", "2015-12-31": "2.34980", "2015-09-30": "2.14900", "2015-06-30": "2.42170", "2015-03-31": "2.41230", "2014-12-31": "3.70290", "2014-09-30": "3.33100", "2014-06-30": "2.83000", "2014-03-31": "3.13110", "2013-12-31": "2.75080", "2013-09-30": "2.91060", "2013-06-30": "2.82980", "2013-03-31": "3.01800", "2012-12-31": "3.08650", "2012-09-30": "3.51970", "2012-06-30": "3.57060", "2012-03-31": "3.58830", "2011-12-31": "3.42430", "2011-09-30": "3.76990", "2011-06-30": "3.74220", "2011-03-31": "3.82370", "2010-12-31": "3.74610", "2010-09-30": "3.50140", "2010-06-30": "3.66640", "2010-03-31": "3.74250", "2009-12-31": "3.20110", "2009-09-30": "3.30000", "2009-06-30": "3.08610", "2009-03-31": "2.73770", "2008-12-31": "2.51700", "2008-09-30": "2.79360", "2008-06-30": "2.67390", "2008-03-31": "2.59710", "2007-12-31": "2.84100", "2007-09-30": "2.79580", "2007-06-30": "2.67640", "2007-03-31": "2.61470", "2006-12-31": "2.40580", "2006-09-30": "2.54650", "2006-06-30": "2.58910", "2006-03-31": "2.56160", "2005-12-31": "2.50540", "2005-09-30": "1.84750", "2005-06-30": "1.78710", "2005-03-31": "2.17000"}, "Long-term Debt / Capital": {"2020-09-30": "0.23270", "2020-06-30": "0.24990", "2020-03-31": "0.25730", "2019-12-31": "0.19390", "2019-09-30": "0.19060", "2019-06-30": "0.18040", "2019-03-31": "0.07880", "2018-12-31": "0.08180", "2018-09-30": "0.07970", "2018-06-30": "0.08250", "2018-03-31": "0.08220", "2017-12-31": "0.09720", "2017-09-30": "0.10250", "2017-06-30": "0.10760", "2017-03-31": "0.11470", "2016-12-31": "0.12040", "2016-09-30": "0.11130", "2016-06-30": "0.11870", "2016-03-31": "0.12390", "2015-12-31": "0.12710", "2015-09-30": "0.12990", "2015-06-30": "0.12800", "2015-03-31": "0.13200", "2014-12-31": "0.01730", "2014-09-30": "0.02490", "2014-06-30": "0.02860", "2014-03-31": "0.03130", "2013-12-31": "0.03410", "2013-09-30": "0.04080", "2013-06-30": "0.04310", "2013-03-31": "0.04460", "2012-12-31": "0.04600", "2012-09-30": "0.04990", "2012-06-30": "0.04670", "2012-03-31": "0.04230", "2011-12-31": "0.03620", "2011-09-30": "0.04300", "2011-06-30": "0.03830", "2011-03-31": "0.03540", "2010-12-31": "0.03440", "2010-09-30": "0.04900", "2010-06-30": "0.05040", "2010-03-31": "0.05230", "2009-12-31": "0.05700", "2009-09-30": "0.07320", "2009-06-30": "0.07930", "2009-03-31": "0.07780", "2008-12-31": "0.07820", "2008-09-30": "0.11220", "2008-06-30": "0.12250", "2008-03-31": "0.13100", "2007-12-31": "0.13560", "2007-09-30": "0.15010", "2007-06-30": "0.15220", "2007-03-31": "0.16190", "2006-12-31": "0.16890", "2006-09-30": "0.17940", "2006-06-30": "0.18420", "2006-03-31": "0.19360", "2005-12-31": "0.20350", "2005-09-30": "0.11460", "2005-06-30": "0.12370", "2005-03-31": "0.17540"}, "Debt/Equity Ratio": {"2020-09-30": "0.30320", "2020-06-30": "0.33310", "2020-03-31": "0.34650", "2019-12-31": "0.24050", "2019-09-30": "0.23540", "2019-06-30": "0.22020", "2019-03-31": "0.08560", "2018-12-31": "0.09000", "2018-09-30": "0.08710", "2018-06-30": "0.09040", "2018-03-31": "0.09090", "2017-12-31": "0.11010", "2017-09-30": "0.11720", "2017-06-30": "0.12480", "2017-03-31": "0.13380", "2016-12-31": "0.14350", "2016-09-30": "0.13380", "2016-06-30": "0.14420", "2016-03-31": "0.15200", "2015-12-31": "0.15640", "2015-09-30": "0.16440", "2015-06-30": "0.16120", "2015-03-31": "0.16880", "2014-12-31": "0.03650", "2014-09-30": "0.04320", "2014-06-30": "0.04770", "2014-03-31": "0.04940", "2013-12-31": "0.05230", "2013-09-30": "0.05940", "2013-06-30": "0.06160", "2013-03-31": "0.06290", "2012-12-31": "0.06920", "2012-09-30": "0.07290", "2012-06-30": "0.06860", "2012-03-31": "0.06250", "2011-12-31": "0.05480", "2011-09-30": "0.06060", "2011-06-30": "0.05380", "2011-03-31": "0.05010", "2010-12-31": "0.04870", "2010-09-30": "0.06580", "2010-06-30": "0.06810", "2010-03-31": "0.07160", "2009-12-31": "0.07620", "2009-09-30": "0.09550", "2009-06-30": "0.10390", "2009-03-31": "0.10670", "2008-12-31": "0.10780", "2008-09-30": "0.13720", "2008-06-30": "0.15100", "2008-03-31": "0.16270", "2007-12-31": "0.16940", "2007-09-30": "0.18960", "2007-06-30": "0.19350", "2007-03-31": "0.21350", "2006-12-31": "0.22510", "2006-09-30": "0.24080", "2006-06-30": "0.25170", "2006-03-31": "0.27590", "2005-12-31": "0.29320", "2005-09-30": "0.18970", "2005-06-30": "0.23720", "2005-03-31": "0.24860"}, "Gross Margin": {"2020-09-30": "83.05740", "2020-06-30": "84.06710", "2020-03-31": "36.88180", "2019-12-31": "125.15550", "2019-09-30": "80.98690", "2019-06-30": "81.22560", "2019-03-31": "35.72160", "2018-12-31": "82.64910", "2018-09-30": "82.81200", "2018-06-30": "82.54160", "2018-03-31": "82.11120", "2017-12-31": "82.55950", "2017-09-30": "84.09850", "2017-06-30": "82.73500", "2017-03-31": "84.21300", "2016-12-31": "82.90720", "2016-09-30": "84.55370", "2016-06-30": "83.09520", "2016-03-31": "84.57190", "2015-12-31": "83.04970", "2015-09-30": "83.10270", "2015-06-30": "82.91990", "2015-03-31": "83.06780", "2014-12-31": "81.33500", "2014-09-30": "83.32860", "2014-06-30": "80.93730", "2014-03-31": "83.54930", "2013-12-31": "82.13120", "2013-09-30": "83.57080", "2013-06-30": "82.22060", "2013-03-31": "81.29070", "2012-12-31": "78.44670", "2012-09-30": "77.88880", "2012-06-30": "76.85760", "2012-03-31": "75.35790", "2011-12-31": "78.55090", "2011-09-30": "78.92660", "2011-06-30": "81.21370", "2011-03-31": "81.55650", "2010-12-31": "81.02500", "2010-09-30": "82.89370", "2010-06-30": "82.84850", "2010-03-31": "84.21560", "2009-12-31": "82.99480", "2009-09-30": "83.02970", "2009-06-30": "83.43540", "2009-03-31": "83.29660", "2008-12-31": "81.19400", "2008-09-30": "82.89280", "2008-06-30": "82.17830", "2008-03-31": "83.26930", "2007-12-31": "82.54100", "2007-09-30": "84.49900", "2007-06-30": "79.05730", "2007-03-31": "80.19340", "2006-12-31": "76.63890", "2006-09-30": "79.79370", "2006-06-30": "80.58150", "2006-03-31": "78.82540", "2005-12-31": "77.17350", "2005-09-30": "77.83430", "2005-06-30": "78.54650", "2005-03-31": "78.89490"}, "Operating Margin": {"2020-09-30": "30.08900", "2020-06-30": "11.04210", "2020-03-31": "12.63520", "2019-12-31": "12.67690", "2019-09-30": "6.21070", "2019-06-30": "9.16220", "2019-03-31": "14.24180", "2018-12-31": "12.01810", "2018-09-30": "15.45860", "2018-06-30": "15.22870", "2018-03-31": "15.09950", "2017-12-31": "16.67330", "2017-09-30": "19.42830", "2017-06-30": "19.30260", "2017-03-31": "19.36760", "2016-12-31": "16.85680", "2016-09-30": "20.44860", "2016-06-30": "19.84540", "2016-03-31": "18.92990", "2015-12-31": "19.32580", "2015-09-30": "19.09360", "2015-06-30": "15.25190", "2015-03-31": "16.75670", "2014-12-31": "22.16920", "2014-09-30": "22.39530", "2014-06-30": "22.49840", "2014-03-31": "22.68250", "2013-12-31": "10.53010", "2013-09-30": "23.25240", "2013-06-30": "23.52530", "2013-03-31": "23.02390", "2012-12-31": "22.58560", "2012-09-30": "21.83300", "2012-06-30": "21.35110", "2012-03-31": "19.87470", "2011-12-31": "22.37300", "2011-09-30": "21.06080", "2011-06-30": "20.59680", "2011-03-31": "19.05750", "2010-12-31": "20.65830", "2010-09-30": "20.31460", "2010-06-30": "18.93680", "2010-03-31": "17.53990", "2009-12-31": "19.97760", "2009-09-30": "17.27100", "2009-06-30": "16.38310", "2009-03-31": "15.79830", "2008-12-31": "21.78210", "2008-09-30": "16.02710", "2008-06-30": "13.21280", "2008-03-31": "14.67550", "2007-12-31": "14.84330", "2007-09-30": "14.52470", "2007-06-30": "12.46290", "2007-03-31": "11.80200", "2006-12-31": "13.23120", "2006-09-30": "12.70130", "2006-06-30": "12.07390", "2006-03-31": "9.96000", "2005-12-31": "14.23450", "2005-09-30": "12.62530", "2005-06-30": "12.31320", "2005-03-31": "8.62860"}, "EBIT Margin": {"2020-09-30": "30.08900", "2020-06-30": "11.04210", "2020-03-31": "12.63520", "2019-12-31": "12.67690", "2019-09-30": "6.21070", "2019-06-30": "9.16220", "2019-03-31": "14.24180", "2018-12-31": "12.01810", "2018-09-30": "15.45860", "2018-06-30": "15.22870", "2018-03-31": "15.09950", "2017-12-31": "16.67330", "2017-09-30": "19.42830", "2017-06-30": "19.30260", "2017-03-31": "19.36760", "2016-12-31": "16.85680", "2016-09-30": "20.44860", "2016-06-30": "19.84540", "2016-03-31": "18.92990", "2015-12-31": "19.32570", "2015-09-30": "19.09360", "2015-06-30": "15.25190", "2015-03-31": "16.75670", "2014-12-31": "22.16920", "2014-09-30": "22.39530", "2014-06-30": "22.49840", "2014-03-31": "22.68250", "2013-12-31": "10.53020", "2013-09-30": "23.25240", "2013-06-30": "23.52530", "2013-03-31": "23.02390", "2012-12-31": "22.58560", "2012-09-30": "21.83300", "2012-06-30": "21.35110", "2012-03-31": "19.87470", "2011-12-31": "22.37300", "2011-09-30": "21.06080", "2011-06-30": "20.59680", "2011-03-31": "19.05750", "2010-12-31": "20.65830", "2010-09-30": "20.31460", "2010-06-30": "18.93680", "2010-03-31": "17.53990", "2009-12-31": "19.97770", "2009-09-30": "17.27100", "2009-06-30": "16.38310", "2009-03-31": "15.79830", "2008-12-31": "21.78210", "2008-09-30": "16.02710", "2008-06-30": "13.21280", "2008-03-31": "14.67550", "2007-12-31": "14.84330", "2007-09-30": "14.52470", "2007-06-30": "12.46290", "2007-03-31": "11.80200", "2006-12-31": "13.23120", "2006-09-30": "12.70130", "2006-06-30": "12.07390", "2006-03-31": "9.96000", "2005-12-31": "14.23450", "2005-09-30": "12.62530", "2005-06-30": "12.31320", "2005-03-31": "8.62860"}, "EBITDA Margin": {"2020-09-30": "", "2020-06-30": "", "2020-03-31": "", "2019-12-31": "", "2019-09-30": "", "2019-06-30": "", "2019-03-31": "", "2018-12-31": "", "2018-09-30": "", "2018-06-30": "", "2018-03-31": "", "2017-12-31": "", "2017-09-30": "", "2017-06-30": "", "2017-03-31": "", "2016-12-31": "", "2016-09-30": "", "2016-06-30": "", "2016-03-31": "", "2015-12-31": "", "2015-09-30": "", "2015-06-30": "", "2015-03-31": "", "2014-12-31": "", "2014-09-30": "", "2014-06-30": "", "2014-03-31": "", "2013-12-31": "", "2013-09-30": "", "2013-06-30": "", "2013-03-31": "", "2012-12-31": "", "2012-09-30": "", "2012-06-30": "", "2012-03-31": "", "2011-12-31": "", "2011-09-30": "", "2011-06-30": "", "2011-03-31": "", "2010-12-31": "", "2010-09-30": "", "2010-06-30": "", "2010-03-31": "", "2009-12-31": "", "2009-09-30": "", "2009-06-30": "", "2009-03-31": "", "2008-12-31": "", "2008-09-30": "", "2008-06-30": "", "2008-03-31": "", "2007-12-31": "", "2007-09-30": "", "2007-06-30": "", "2007-03-31": "", "2006-12-31": "", "2006-09-30": "", "2006-06-30": "", "2006-03-31": "", "2005-12-31": "", "2005-09-30": "", "2005-06-30": "", "2005-03-31": ""}, "Pre-Tax Profit Margin": {"2020-09-30": "33.59750", "2020-06-30": "12.89360", "2020-03-31": "13.03150", "2019-12-31": "13.29200", "2019-09-30": "7.15750", "2019-06-30": "10.76980", "2019-03-31": "14.84850", "2018-12-31": "12.57920", "2018-09-30": "15.97670", "2018-06-30": "15.71100", "2018-03-31": "15.47570", "2017-12-31": "16.87150", "2017-09-30": "19.62490", "2017-06-30": "19.50850", "2017-03-31": "19.27910", "2016-12-31": "17.14990", "2016-09-30": "20.41340", "2016-06-30": "20.04850", "2016-03-31": "19.07760", "2015-12-31": "19.39360", "2015-09-30": "19.12170", "2015-06-30": "15.15610", "2015-03-31": "16.77760", "2014-12-31": "22.51290", "2014-09-30": "22.65490", "2014-06-30": "22.81980", "2014-03-31": "23.06350", "2013-12-31": "10.87670", "2013-09-30": "23.73450", "2013-06-30": "23.91160", "2013-03-31": "23.47150", "2012-12-31": "23.60710", "2012-09-30": "22.32830", "2012-06-30": "21.79260", "2012-03-31": "20.28390", "2011-12-31": "22.73520", "2011-09-30": "21.54630", "2011-06-30": "21.14620", "2011-03-31": "19.46660", "2010-12-31": "20.88900", "2010-09-30": "20.33440", "2010-06-30": "18.92060", "2010-03-31": "17.93560", "2009-12-31": "20.09520", "2009-09-30": "17.31420", "2009-06-30": "16.39970", "2009-03-31": "15.76840", "2008-12-31": "22.00110", "2008-09-30": "16.07610", "2008-06-30": "13.33740", "2008-03-31": "14.88780", "2007-12-31": "15.01290", "2007-09-30": "14.36600", "2007-06-30": "12.46520", "2007-03-31": "11.74680", "2006-12-31": "13.37190", "2006-09-30": "12.68800", "2006-06-30": "11.90910", "2006-03-31": "10.40580", "2005-12-31": "13.89290", "2005-09-30": "12.26960", "2005-06-30": "11.83850", "2005-03-31": "7.97650"}, "Net Profit Margin": {"2020-09-30": "26.06000", "2020-06-30": "10.12880", "2020-03-31": "10.42390", "2019-12-31": "10.70080", "2019-09-30": "5.73200", "2019-06-30": "8.87240", "2019-03-31": "11.95930", "2018-12-31": "9.61580", "2018-09-30": "12.63970", "2018-06-30": "12.38240", "2018-03-31": "12.37570", "2017-12-31": "25.62510", "2017-09-30": "13.90460", "2017-06-30": "13.90740", "2017-03-31": "13.74180", "2016-12-31": "11.90080", "2016-09-30": "14.34960", "2016-06-30": "13.68910", "2016-03-31": "13.21110", "2015-12-31": "14.13330", "2015-09-30": "13.05820", "2015-06-30": "10.21660", "2015-03-31": "11.13700", "2014-12-31": "15.96840", "2014-09-30": "15.35470", "2014-06-30": "15.14900", "2014-03-31": "15.23090", "2013-12-31": "7.55200", "2013-09-30": "15.84770", "2013-06-30": "15.95720", "2013-03-31": "16.18170", "2012-12-31": "15.73910", "2012-09-30": "14.61780", "2012-06-30": "15.34910", "2012-03-31": "13.83440", "2011-12-31": "14.81290", "2011-09-30": "13.79100", "2011-06-30": "13.74300", "2011-03-31": "13.13010", "2010-12-31": "14.12170", "2010-09-30": "13.15630", "2010-06-30": "12.16600", "2010-03-31": "11.65820", "2009-12-31": "12.97300", "2009-09-30": "11.82030", "2009-06-30": "10.83320", "2009-03-31": "10.40730", "2008-12-31": "15.36070", "2008-09-30": "10.64850", "2008-06-30": "8.76040", "2008-03-31": "9.56870", "2007-12-31": "10.47680", "2007-09-30": "8.37520", "2007-06-30": "6.94510", "2007-03-31": "7.57440", "2006-12-31": "10.28020", "2006-09-30": "7.73710", "2006-06-30": "7.22170", "2006-03-31": "6.27100", "2005-12-31": "8.40110", "2005-09-30": "9.01360", "2005-06-30": "7.12810", "2005-03-31": "4.76890"}, "Asset Turnover": {"2020-09-30": "0.18590", "2020-06-30": "0.19340", "2020-03-31": "0.20960", "2019-12-31": "0.20920", "2019-09-30": "0.20600", "2019-06-30": "0.19670", "2019-03-31": "0.19860", "2018-12-31": "0.20360", "2018-09-30": "0.19750", "2018-06-30": "0.20950", "2018-03-31": "0.19850", "2017-12-31": "0.20310", "2017-09-30": "0.20470", "2017-06-30": "0.21320", "2017-03-31": "0.21720", "2016-12-31": "0.22340", "2016-09-30": "0.19910", "2016-06-30": "0.21040", "2016-03-31": "0.20340", "2015-12-31": "0.21130", "2015-09-30": "0.20420", "2015-06-30": "0.20530", "2015-03-31": "0.18610", "2014-12-31": "0.20440", "2014-09-30": "0.19130", "2014-06-30": "0.19970", "2014-03-31": "0.18720", "2013-12-31": "0.19410", "2013-09-30": "0.18350", "2013-06-30": "0.18410", "2013-03-31": "0.18060", "2012-12-31": "0.19180", "2012-09-30": "0.19490", "2012-06-30": "0.19320", "2012-03-31": "0.20420", "2011-12-31": "0.20520", "2011-09-30": "0.20100", "2011-06-30": "0.19270", "2011-03-31": "0.19190", "2010-12-31": "0.20650", "2010-09-30": "0.19620", "2010-06-30": "0.20310", "2010-03-31": "0.19940", "2009-12-31": "0.21700", "2009-09-30": "0.19950", "2009-06-30": "0.20450", "2009-03-31": "0.20550", "2008-12-31": "0.24760", "2008-09-30": "0.23140", "2008-06-30": "0.22590", "2008-03-31": "0.22300", "2007-12-31": "0.23340", "2007-09-30": "0.22850", "2007-06-30": "0.24610", "2007-03-31": "0.24030", "2006-12-31": "0.25450", "2006-09-30": "0.24110", "2006-06-30": "0.24070", "2006-03-31": "0.23920", "2005-12-31": "0.24990", "2005-09-30": "0.25790", "2005-06-30": "0.25630", "2005-03-31": "0.25430"}, "Inventory Turnover Ratio": {"2020-09-30": "14.70630", "2020-06-30": "11.44200", "2020-03-31": "37.98720", "2019-12-31": "-15.65010", "2019-09-30": "11.73730", "2019-06-30": "11.59920", "2019-03-31": "37.06400", "2018-12-31": "9.46720", "2018-09-30": "9.30860", "2018-06-30": "15.56100", "2018-03-31": "16.17220", "2017-12-31": "14.54890", "2017-09-30": "12.93450", "2017-06-30": "15.33080", "2017-03-31": "10.46620", "2016-12-31": "14.58600", "2016-09-30": "9.28550", "2016-06-30": "12.31320", "2016-03-31": "7.77680", "2015-12-31": "12.61820", "2015-09-30": "8.04080", "2015-06-30": "6.71680", "2015-03-31": "7.47840", "2014-12-31": "7.26570", "2014-09-30": "4.89670", "2014-06-30": "5.12040", "2014-03-31": "4.56870", "2013-12-31": "4.40000", "2013-09-30": "4.23520", "2013-06-30": "5.27800", "2013-03-31": "5.75540", "2012-12-31": "6.46560", "2012-09-30": "6.15340", "2012-06-30": "6.54940", "2012-03-31": "11.17380", "2011-12-31": "5.66820", "2011-09-30": "9.80500", "2011-06-30": "7.53150", "2011-03-31": "6.63980", "2010-12-31": "8.60030", "2010-09-30": "9.82230", "2010-06-30": "8.52340", "2010-03-31": "6.73700", "2009-12-31": "7.05380", "2009-09-30": "5.54410", "2009-06-30": "5.31120", "2009-03-31": "5.20290", "2008-12-31": "8.67530", "2008-09-30": "6.36150", "2008-06-30": "5.63430", "2008-03-31": "5.25370", "2007-12-31": "6.41070", "2007-09-30": "4.49490", "2007-06-30": "6.50660", "2007-03-31": "5.57580", "2006-12-31": "4.91910", "2006-09-30": "3.85480", "2006-06-30": "3.55260", "2006-03-31": "5.53130", "2005-12-31": "7.75920", "2005-09-30": "7.59010", "2005-06-30": "5.36850", "2005-03-31": "6.68370"}, "Receiveable Turnover": {"2020-09-30": "1.12260", "2020-06-30": "1.12360", "2020-03-31": "1.22650", "2019-12-31": "1.26560", "2019-09-30": "1.23760", "2019-06-30": "1.16440", "2019-03-31": "1.19900", "2018-12-31": "1.15390", "2018-09-30": "1.10690", "2018-06-30": "1.18740", "2018-03-31": "1.24230", "2017-12-31": "1.25990", "2017-09-30": "1.25010", "2017-06-30": "1.24590", "2017-03-31": "1.27790", "2016-12-31": "1.33110", "2016-09-30": "1.20240", "2016-06-30": "1.23660", "2016-03-31": "1.20850", "2015-12-31": "1.13660", "2015-09-30": "1.07100", "2015-06-30": "1.12250", "2015-03-31": "1.05900", "2014-12-31": "1.37640", "2014-09-30": "1.36120", "2014-06-30": "1.38510", "2014-03-31": "1.39120", "2013-12-31": "1.36440", "2013-09-30": "1.37510", "2013-06-30": "1.34030", "2013-03-31": "1.32800", "2012-12-31": "1.22940", "2012-09-30": "1.24720", "2012-06-30": "1.29410", "2012-03-31": "1.19740", "2011-12-31": "1.09310", "2011-09-30": "1.04300", "2011-06-30": "1.03950", "2011-03-31": "1.04790", "2010-12-31": "1.04880", "2010-09-30": "0.99850", "2010-06-30": "1.03270", "2010-03-31": "1.01960", "2009-12-31": "1.01060", "2009-09-30": "0.87100", "2009-06-30": "0.90800", "2009-03-31": "0.89800", "2008-12-31": "0.99320", "2008-09-30": "0.97990", "2008-06-30": "1.01110", "2008-03-31": "0.99100", "2007-12-31": "1.00880", "2007-09-30": "1.01980", "2007-06-30": "1.06010", "2007-03-31": "1.02110", "2006-12-31": "1.05360", "2006-09-30": "0.98250", "2006-06-30": "0.99780", "2006-03-31": "1.00250", "2005-12-31": "1.02790", "2005-09-30": "0.93020", "2005-06-30": "0.92710", "2005-03-31": "0.92410"}, "Days Sales In Receivables": {"2020-09-30": "80.17290", "2020-06-30": "80.09850", "2020-03-31": "73.37930", "2019-12-31": "71.11450", "2019-09-30": "72.72010", "2019-06-30": "77.29140", "2019-03-31": "75.06370", "2018-12-31": "77.99460", "2018-09-30": "81.30560", "2018-06-30": "75.79540", "2018-03-31": "72.44920", "2017-12-31": "71.43500", "2017-09-30": "71.99300", "2017-06-30": "72.23580", "2017-03-31": "70.42670", "2016-12-31": "67.61300", "2016-09-30": "74.85060", "2016-06-30": "72.78020", "2016-03-31": "74.47380", "2015-12-31": "79.18660", "2015-09-30": "84.03510", "2015-06-30": "80.18040", "2015-03-31": "84.98380", "2014-12-31": "65.38660", "2014-09-30": "66.11730", "2014-06-30": "64.97550", "2014-03-31": "64.69200", "2013-12-31": "65.96440", "2013-09-30": "65.45110", "2013-06-30": "67.14710", "2013-03-31": "67.77210", "2012-12-31": "73.20870", "2012-09-30": "72.16360", "2012-06-30": "69.54900", "2012-03-31": "75.16290", "2011-12-31": "82.33700", "2011-09-30": "86.28560", "2011-06-30": "86.57780", "2011-03-31": "85.88430", "2010-12-31": "85.80840", "2010-09-30": "90.13330", "2010-06-30": "87.15120", "2010-03-31": "88.26780", "2009-12-31": "89.05240", "2009-09-30": "103.33380", "2009-06-30": "99.11420", "2009-03-31": "100.22800", "2008-12-31": "90.61700", "2008-09-30": "91.84460", "2008-06-30": "89.01040", "2008-03-31": "90.81680", "2007-12-31": "89.21500", "2007-09-30": "88.25590", "2007-06-30": "84.89410", "2007-03-31": "88.13700", "2006-12-31": "85.42290", "2006-09-30": "91.60590", "2006-06-30": "90.20260", "2006-03-31": "89.78010", "2005-12-31": "87.55560", "2005-09-30": "96.74980", "2005-06-30": "97.08110", "2005-03-31": "97.39550"}, "ROE - Return On Equity": {"2020-09-30": "8.09470", "2020-06-30": "3.35360", "2020-03-31": "3.80940", "2019-12-31": "3.57470", "2019-09-30": "1.85740", "2019-06-30": "2.69160", "2019-03-31": "3.24070", "2018-12-31": "2.66460", "2018-09-30": "3.34370", "2018-06-30": "3.47120", "2018-03-31": "3.26500", "2017-12-31": "7.03520", "2017-09-30": "3.88750", "2017-06-30": "4.12540", "2017-03-31": "4.21150", "2016-12-31": "3.81090", "2016-09-30": "3.97330", "2016-06-30": "4.10590", "2016-03-31": "3.83930", "2015-12-31": "4.29180", "2015-09-30": "3.83810", "2015-06-30": "2.97720", "2015-03-31": "2.98980", "2014-12-31": "4.14680", "2014-09-30": "3.79840", "2014-06-30": "3.95830", "2014-03-31": "3.68180", "2013-12-31": "1.89610", "2013-09-30": "3.74810", "2013-06-30": "3.82610", "2013-03-31": "3.79550", "2012-12-31": "3.94570", "2012-09-30": "3.66700", "2012-06-30": "3.80880", "2012-03-31": "3.62980", "2011-12-31": "3.94630", "2011-09-30": "3.57150", "2011-06-30": "3.38210", "2011-03-31": "3.19160", "2010-12-31": "3.70720", "2010-09-30": "3.36430", "2010-06-30": "3.24860", "2010-03-31": "3.05550", "2009-12-31": "3.82690", "2009-09-30": "3.21380", "2009-06-30": "3.06280", "2009-03-31": "3.01170", "2008-12-31": "5.45150", "2008-09-30": "3.55420", "2008-06-30": "2.88480", "2008-03-31": "3.12790", "2007-12-31": "3.64980", "2007-09-30": "2.88940", "2007-06-30": "2.61930", "2007-03-31": "2.84710", "2006-12-31": "4.24440", "2006-09-30": "3.07050", "2006-06-30": "2.88660", "2006-03-31": "2.52490", "2005-12-31": "3.59910", "2005-09-30": "3.81680", "2005-06-30": "3.07160", "2005-03-31": "2.03890"}, "Return On Tangible Equity": {"2020-09-30": "11.25750", "2020-06-30": "4.88270", "2020-03-31": "5.59160", "2019-12-31": "5.02750", "2019-09-30": "2.54540", "2019-06-30": "3.62430", "2019-03-31": "4.26500", "2018-12-31": "3.57280", "2018-09-30": "4.46100", "2018-06-30": "4.71830", "2018-03-31": "4.46170", "2017-12-31": "9.75090", "2017-09-30": "5.52590", "2017-06-30": "6.02350", "2017-03-31": "6.35800", "2016-12-31": "5.94550", "2016-09-30": "5.98910", "2016-06-30": "6.42040", "2016-03-31": "6.19630", "2015-12-31": "6.97010", "2015-09-30": "6.31650", "2015-06-30": "4.83890", "2015-03-31": "5.03780", "2014-12-31": "4.74130", "2014-09-30": "4.38440", "2014-06-30": "4.61060", "2014-03-31": "4.26780", "2013-12-31": "2.21140", "2013-09-30": "4.38630", "2013-06-30": "4.51640", "2013-03-31": "4.50630", "2012-12-31": "4.55620", "2012-09-30": "4.08890", "2012-06-30": "4.27690", "2012-03-31": "4.10900", "2011-12-31": "4.50640", "2011-09-30": "4.01360", "2011-06-30": "3.82240", "2011-03-31": "3.54600", "2010-12-31": "4.14150", "2010-09-30": "3.78310", "2010-06-30": "3.67640", "2010-03-31": "3.47970", "2009-12-31": "4.33480", "2009-09-30": "3.68040", "2009-06-30": "3.54240", "2009-03-31": "3.51860", "2008-12-31": "6.42360", "2008-09-30": "4.22320", "2008-06-30": "3.45900", "2008-03-31": "3.72420", "2007-12-31": "4.38920", "2007-09-30": "3.52350", "2007-06-30": "3.24720", "2007-03-31": "3.59610", "2006-12-31": "5.29680", "2006-09-30": "3.89430", "2006-06-30": "3.65350", "2006-03-31": "3.24470", "2005-12-31": "4.68740", "2005-09-30": "5.16010", "2005-06-30": "4.18050", "2005-03-31": "2.83040"}, "ROA - Return On Assets": {"2020-09-30": "4.84560", "2020-06-30": "1.95870", "2020-03-31": "2.18450", "2019-12-31": "2.23840", "2019-09-30": "1.18110", "2019-06-30": "1.74500", "2019-03-31": "2.37510", "2018-12-31": "1.95750", "2018-09-30": "2.49630", "2018-06-30": "2.59390", "2018-03-31": "2.45720", "2017-12-31": "5.20390", "2017-09-30": "2.84690", "2017-06-30": "2.96570", "2017-03-31": "2.98480", "2016-12-31": "2.65880", "2016-09-30": "2.85750", "2016-06-30": "2.88010", "2016-03-31": "2.68760", "2015-12-31": "2.98650", "2015-09-30": "2.66670", "2015-06-30": "2.09740", "2015-03-31": "2.07250", "2014-12-31": "3.26390", "2014-09-30": "2.93680", "2014-06-30": "3.02520", "2014-03-31": "2.85170", "2013-12-31": "1.46550", "2013-09-30": "2.90800", "2013-06-30": "2.93730", "2013-03-31": "2.92260", "2012-12-31": "3.01820", "2012-09-30": "2.84940", "2012-06-30": "2.96540", "2012-03-31": "2.82550", "2011-12-31": "3.03940", "2011-09-30": "2.77240", "2011-06-30": "2.64790", "2011-03-31": "2.52020", "2010-12-31": "2.91550", "2010-09-30": "2.58110", "2010-06-30": "2.47040", "2010-03-31": "2.32410", "2009-12-31": "2.81560", "2009-09-30": "2.35870", "2009-06-30": "2.21510", "2009-03-31": "2.13890", "2008-12-31": "3.80330", "2008-09-30": "2.46390", "2008-06-30": "1.97930", "2008-03-31": "2.13400", "2007-12-31": "2.44570", "2007-09-30": "1.91410", "2007-06-30": "1.70920", "2007-03-31": "1.82000", "2006-12-31": "2.61600", "2006-09-30": "1.86520", "2006-06-30": "1.73840", "2006-03-31": "1.50020", "2005-12-31": "2.09970", "2005-09-30": "2.32440", "2005-06-30": "1.82720", "2005-03-31": "1.21280"}, "ROI - Return On Investment": {"2020-09-30": "6.21140", "2020-06-30": "2.51560", "2020-03-31": "2.82920", "2019-12-31": "2.88160", "2019-09-30": "1.50340", "2019-06-30": "2.20590", "2019-03-31": "2.98530", "2018-12-31": "2.44670", "2018-09-30": "3.07710", "2018-06-30": "3.18480", "2018-03-31": "2.99670", "2017-12-31": "6.35150", "2017-09-30": "3.48920", "2017-06-30": "3.68170", "2017-03-31": "3.72850", "2016-12-31": "3.35220", "2016-09-30": "3.53100", "2016-06-30": "3.61840", "2016-03-31": "3.36380", "2015-12-31": "3.74650", "2015-09-30": "3.33960", "2015-06-30": "2.59600", "2015-03-31": "2.59510", "2014-12-31": "4.07490", "2014-09-30": "3.70380", "2014-06-30": "3.84500", "2014-03-31": "3.56660", "2013-12-31": "1.83150", "2013-09-30": "3.59500", "2013-06-30": "3.66110", "2013-03-31": "3.62600", "2012-12-31": "3.76430", "2012-09-30": "3.48400", "2012-06-30": "3.63070", "2012-03-31": "3.47640", "2011-12-31": "3.80340", "2011-09-30": "3.41770", "2011-06-30": "3.25250", "2011-03-31": "3.07850", "2010-12-31": "3.57960", "2010-09-30": "3.19930", "2010-06-30": "3.08480", "2010-03-31": "2.89570", "2009-12-31": "3.60890", "2009-09-30": "2.97860", "2009-06-30": "2.82010", "2009-03-31": "2.77740", "2008-12-31": "5.02510", "2008-09-30": "3.15560", "2008-06-30": "2.53130", "2008-03-31": "2.71810", "2007-12-31": "3.15500", "2007-09-30": "2.45560", "2007-06-30": "2.22070", "2007-03-31": "2.38630", "2006-12-31": "3.52770", "2006-09-30": "2.51950", "2006-06-30": "2.35500", "2006-03-31": "2.03610", "2005-12-31": "2.86680", "2005-09-30": "3.37950", "2005-06-30": "2.69150", "2005-03-31": "1.68130"}, "Book Value Per Share": {"2020-09-30": "14.38300", "2020-06-30": "13.16230", "2020-03-31": "12.69670", "2019-12-31": "13.88610", "2019-09-30": "14.05230", "2019-06-30": "14.83020", "2019-03-31": "15.78130", "2018-12-31": "15.19660", "2018-09-30": "15.37730", "2018-06-30": "14.83100", "2018-03-31": "14.77220", "2017-12-31": "14.39370", "2017-09-30": "13.73410", "2017-06-30": "13.13670", "2017-03-31": "12.45000", "2016-12-31": "11.91580", "2016-09-30": "12.60200", "2016-06-30": "12.01090", "2016-03-31": "11.59000", "2015-12-31": "11.38490", "2015-09-30": "11.21860", "2015-06-30": "11.20510", "2015-03-31": "10.78810", "2014-12-31": "10.41670", "2014-09-30": "9.95050", "2014-06-30": "9.55910", "2014-03-31": "9.45530", "2013-12-31": "9.21460", "2013-09-30": "8.96790", "2013-06-30": "8.60270", "2013-03-31": "8.43640", "2012-12-31": "8.23310", "2012-09-30": "7.86030", "2012-06-30": "7.50320", "2012-03-31": "7.16950", "2011-12-31": "6.81390", "2011-09-30": "6.51570", "2011-06-30": "6.30470", "2011-03-31": "6.01500", "2010-12-31": "5.72270", "2010-09-30": "5.41080", "2010-06-30": "5.12780", "2010-03-31": "4.96000", "2009-12-31": "4.83280", "2009-09-30": "4.57230", "2009-06-30": "4.36670", "2009-03-31": "4.17300", "2008-12-31": "4.04810", "2008-09-30": "3.90970", "2008-06-30": "3.78690", "2008-03-31": "3.65590", "2007-12-31": "3.53230", "2007-09-30": "3.38570", "2007-06-30": "3.22590", "2007-03-31": "3.07770", "2006-12-31": "2.94130", "2006-09-30": "2.78710", "2006-06-30": "2.66390", "2006-03-31": "2.57660", "2005-12-31": "2.46890", "2005-09-30": "2.27530", "2005-06-30": "2.15520", "2005-03-31": "2.08230"}, "Operating Cash Flow Per Share": {"2020-09-30": 1.2292, "2020-06-30": 0.8594, "2020-03-31": "0.90800", "2019-12-31": 1.3441, "2019-09-30": 1.1294, "2019-06-30": 0.644, "2019-03-31": "0.97020", "2018-12-31": 1.2138, "2018-09-30": 1.0206, "2018-06-30": 0.9093, "2018-03-31": "1.21520", "2017-12-31": 1.0388, "2017-09-30": 1.0668, "2017-06-30": 0.8603, "2017-03-31": "0.90300", "2016-12-31": 0.9923, "2016-09-30": 0.8981, "2016-06-30": 0.7623, "2016-03-31": "0.97200", "2015-12-31": 1.2717, "2015-09-30": 0.7756, "2015-06-30": 0.307, "2015-03-31": "0.60920", "2014-12-31": 0.6323, "2014-09-30": 0.63, "2014-06-30": 0.7128, "2014-03-31": "0.44230", "2013-12-31": 0.3979, "2013-09-30": 0.4705, "2013-06-30": 0.5014, "2013-03-31": "0.60550", "2012-12-31": 0.5153, "2012-09-30": 0.5167, "2012-06-30": 0.5189, "2012-03-31": "0.46480", "2011-12-31": 0.4871, "2011-09-30": 0.3678, "2011-06-30": 0.3498, "2011-03-31": "0.36630", "2010-12-31": 0.3556, "2010-09-30": 0.3482, "2010-06-30": 0.3221, "2010-03-31": "0.30990", "2009-12-31": 0.3248, "2009-09-30": 0.2146, "2009-06-30": 0.2005, "2009-03-31": "0.29520", "2008-12-31": 0.2958, "2008-09-30": 0.1418, "2008-06-30": 0.2554, "2008-03-31": "0.15140", "2007-12-31": 0.2785, "2007-09-30": 0.232, "2007-06-30": 0.186, "2007-03-31": "0.12830", "2006-12-31": 0.2113, "2006-09-30": 0.1601, "2006-06-30": 0.1833, "2006-03-31": "0.15720", "2005-12-31": 0.3079, "2005-09-30": 0.1405, "2005-06-30": 0.1396, "2005-03-31": "0.14470"}, "Free Cash Flow Per Share": {"2020-09-30": 0.7643, "2020-06-30": 0.2179, "2020-03-31": "0.51370", "2019-12-31": 0.9035, "2019-09-30": 0.5518, "2019-06-30": -0.0655, "2019-03-31": "0.37750", "2018-12-31": 0.6006, "2018-09-30": 0.4686, "2018-06-30": 0.3697, "2018-03-31": "0.75970", "2017-12-31": 0.5509, "2017-09-30": 0.6558, "2017-06-30": 0.3502, "2017-03-31": "0.42960", "2016-12-31": 0.4152, "2016-09-30": 0.3673, "2016-06-30": 0.1838, "2016-03-31": "0.46690", "2015-12-31": 0.7949, "2015-09-30": 0.3174, "2015-06-30": -0.131, "2015-03-31": "0.19600", "2014-12-31": 0.2834, "2014-09-30": 0.3072, "2014-06-30": 0.4119, "2014-03-31": "0.11810", "2013-12-31": -0.1197, "2013-09-30": 0.0947, "2013-06-30": 0.1348, "2013-03-31": "0.36810", "2012-12-31": 0.2838, "2012-09-30": 0.297, "2012-06-30": 0.3042, "2012-03-31": "0.32360", "2011-12-31": 0.3415, "2011-09-30": 0.2406, "2011-06-30": 0.2038, "2011-03-31": "0.24520", "2010-12-31": 0.2208, "2010-09-30": 0.2315, "2010-06-30": 0.1918, "2010-03-31": "0.15530", "2009-12-31": 0.143, "2009-09-30": 0.0853, "2009-06-30": 0.0741, "2009-03-31": "0.10970", "2008-12-31": 0.1382, "2008-09-30": 0.0314, "2008-06-30": 0.1328, "2008-03-31": "0.00800", "2007-12-31": 0.1252, "2007-09-30": 0.0428, "2007-06-30": -0.0146, "2007-03-31": "-0.06990", "2006-12-31": 0.0479, "2006-09-30": 0.0398, "2006-06-30": 0.0416, "2006-03-31": "-0.00690", "2005-12-31": 0.1362, "2005-09-30": 0.0306, "2005-06-30": -0.0043, "2005-03-31": "0.04800"}}, "revenue": {"Cerner Annual Revenue (Millions of US $)": {"2019": "$5,693", "2018": "$5,366", "2017": "$5,142", "2016": "$4,796", "2015": "$4,425", "2014": "$3,403", "2013": "$2,911", "2012": "$2,665", "2011": "$2,203", "2010": "$1,850", "2009": "$1,672", "2008": "$1,676", "2007": "$1,520", "2006": "$1,378", "2005": "$1,161"}, "Cerner Quarterly Revenue (Millions of US $)": {"2020-09-30": "$1,369", "2020-06-30": "$1,330", "2020-03-31": "$1,412", "2019-12-31": "$1,442", "2019-09-30": "$1,429", "2019-06-30": "$1,431", "2019-03-31": "$1,390", "2018-12-31": "$1,366", "2018-09-30": "$1,340", "2018-06-30": "$1,368", "2018-03-31": "$1,293", "2017-12-31": "$1,314", "2017-09-30": "$1,276", "2017-06-30": "$1,292", "2017-03-31": "$1,260", "2016-12-31": "$1,258", "2016-09-30": "$1,185", "2016-06-30": "$1,216", "2016-03-31": "$1,138", "2015-12-31": "$1,175", "2015-09-30": "$1,128", "2015-06-30": "$1,126", "2015-03-31": "$996", "2014-12-31": "$926", "2014-09-30": "$840", "2014-06-30": "$852", "2014-03-31": "$785", "2013-12-31": "$795", "2013-09-30": "$728", "2013-06-30": "$708", "2013-03-31": "$680", "2012-12-31": "$710", "2012-09-30": "$676", "2012-06-30": "$637", "2012-03-31": "$641", "2011-12-31": "$616", "2011-09-30": "$572", "2011-06-30": "$524", "2011-03-31": "$492", "2010-12-31": "$500", "2010-09-30": "$463", "2010-06-30": "$456", "2010-03-31": "$431", "2009-12-31": "$466", "2009-09-30": "$409", "2009-06-30": "$404", "2009-03-31": "$392", "2008-12-31": "$466", "2008-09-30": "$423", "2008-06-30": "$403", "2008-03-31": "$385", "2007-12-31": "$395", "2007-09-30": "$373", "2007-06-30": "$387", "2007-03-31": "$366", "2006-12-31": "$381", "2006-09-30": "$345", "2006-06-30": "$331", "2006-03-31": "$321", "2005-12-31": "$326", "2005-09-30": "$295", "2005-06-30": "$278", "2005-03-31": "$263"}}, "gross-profit": {"Cerner Annual Gross Profit (Millions of US $)": {"2019": "$4,622", "2018": "$4,429", "2017": "$4,288", "2016": "$4,017", "2015": "$3,674", "2014": "$2,798", "2013": "$2,396", "2012": "$2,057", "2011": "$1,761", "2010": "$1,530", "2009": "$1,391", "2008": "$1,380", "2007": "$1,240", "2006": "$1,087", "2005": "$906"}, "Cerner Quarterly Gross Profit (Millions of US $)": {"2020-09-30": "$1,137", "2020-06-30": "$1,118", "2020-03-31": "$521", "2019-12-31": "$1,805", "2019-09-30": "$1,158", "2019-06-30": "$1,162", "2019-03-31": "$496", "2018-12-31": "$1,129", "2018-09-30": "$1,110", "2018-06-30": "$1,129", "2018-03-31": "$1,062", "2017-12-31": "$1,085", "2017-09-30": "$1,073", "2017-06-30": "$1,069", "2017-03-31": "$1,061", "2016-12-31": "$1,043", "2016-09-30": "$1,002", "2016-06-30": "$1,010", "2016-03-31": "$963", "2015-12-31": "$976", "2015-09-30": "$937", "2015-06-30": "$934", "2015-03-31": "$827", "2014-12-31": "$753", "2014-09-30": "$700", "2014-06-30": "$689", "2014-03-31": "$656", "2013-12-31": "$653", "2013-09-30": "$608", "2013-06-30": "$582", "2013-03-31": "$553", "2012-12-31": "$557", "2012-09-30": "$527", "2012-06-30": "$490", "2012-03-31": "$483", "2011-12-31": "$484", "2011-09-30": "$451", "2011-06-30": "$426", "2011-03-31": "$401", "2010-12-31": "$405", "2010-09-30": "$384", "2010-06-30": "$378", "2010-03-31": "$363", "2009-12-31": "$387", "2009-09-30": "$340", "2009-06-30": "$337", "2009-03-31": "$327", "2008-12-31": "$378", "2008-09-30": "$350", "2008-06-30": "$331", "2008-03-31": "$320", "2007-12-31": "$326", "2007-09-30": "$315", "2007-06-30": "$306", "2007-03-31": "$293", "2006-12-31": "$292", "2006-09-30": "$276", "2006-06-30": "$266", "2006-03-31": "$253", "2005-12-31": "$251", "2005-09-30": "$229", "2005-06-30": "$218", "2005-03-31": "$207"}}, "operating-income": {"Cerner Annual Operating Income (Millions of US $)": {"2019": "$601", "2018": "$775", "2017": "$960", "2016": "$911", "2015": "$781", "2014": "$763", "2013": "$576", "2012": "$572", "2011": "$460", "2010": "$359", "2009": "$292", "2008": "$279", "2007": "$204", "2006": "$166", "2005": "$140"}, "Cerner Quarterly Operating Income (Millions of US $)": {"2020-09-30": "$412", "2020-06-30": "$147", "2020-03-31": "$178", "2019-12-31": "$183", "2019-09-30": "$89", "2019-06-30": "$131", "2019-03-31": "$198", "2018-12-31": "$164", "2018-09-30": "$207", "2018-06-30": "$208", "2018-03-31": "$195", "2017-12-31": "$219", "2017-09-30": "$248", "2017-06-30": "$249", "2017-03-31": "$244", "2016-12-31": "$212", "2016-09-30": "$242", "2016-06-30": "$241", "2016-03-31": "$215", "2015-12-31": "$227", "2015-09-30": "$215", "2015-06-30": "$172", "2015-03-31": "$167", "2014-12-31": "$205", "2014-09-30": "$188", "2014-06-30": "$192", "2014-03-31": "$178", "2013-12-31": "$84", "2013-09-30": "$169", "2013-06-30": "$166", "2013-03-31": "$157", "2012-12-31": "$160", "2012-09-30": "$148", "2012-06-30": "$136", "2012-03-31": "$127", "2011-12-31": "$138", "2011-09-30": "$120", "2011-06-30": "$108", "2011-03-31": "$94", "2010-12-31": "$103", "2010-09-30": "$94", "2010-06-30": "$86", "2010-03-31": "$76", "2009-12-31": "$93", "2009-09-30": "$71", "2009-06-30": "$66", "2009-03-31": "$62", "2008-12-31": "$101", "2008-09-30": "$68", "2008-06-30": "$53", "2008-03-31": "$56", "2007-12-31": "$59", "2007-09-30": "$54", "2007-06-30": "$48", "2007-03-31": "$43", "2006-12-31": "$50", "2006-09-30": "$44", "2006-06-30": "$40", "2006-03-31": "$32", "2005-12-31": "$46", "2005-09-30": "$37", "2005-06-30": "$34", "2005-03-31": "$23"}}, "ebitda": {"Cerner Annual EBITDA (Millions of US $)": {"2019": "$1,289", "2018": "$1,417", "2017": "$1,541", "2016": "$1,415", "2015": "$1,233", "2014": "$1,065", "2013": "$840", "2012": "$794", "2011": "$672", "2010": "$553", "2009": "$482", "2008": "$449", "2007": "$357", "2006": "$291", "2005": "$254"}, "Cerner Quarterly EBITDA (Millions of US $)": {"2020-09-30": "$587", "2020-06-30": "$318", "2020-03-31": "$351", "2019-12-31": "$361", "2019-09-30": "$262", "2019-06-30": "$301", "2019-03-31": "$365", "2018-12-31": "$333", "2018-09-30": "$368", "2018-06-30": "$368", "2018-03-31": "$348", "2017-12-31": "$375", "2017-09-30": "$394", "2017-06-30": "$393", "2017-03-31": "$379", "2016-12-31": "$345", "2016-09-30": "$370", "2016-06-30": "$366", "2016-03-31": "$335", "2015-12-31": "$350", "2015-09-30": "$331", "2015-06-30": "$285", "2015-03-31": "$267", "2014-12-31": "$290", "2014-09-30": "$264", "2014-06-30": "$263", "2014-03-31": "$248", "2013-12-31": "$158", "2013-09-30": "$236", "2013-06-30": "$229", "2013-03-31": "$216", "2012-12-31": "$221", "2012-09-30": "$204", "2012-06-30": "$190", "2012-03-31": "$180", "2011-12-31": "$193", "2011-09-30": "$175", "2011-06-30": "$161", "2011-03-31": "$144", "2010-12-31": "$156", "2010-09-30": "$143", "2010-06-30": "$133", "2010-03-31": "$120", "2009-12-31": "$145", "2009-09-30": "$119", "2009-06-30": "$113", "2009-03-31": "$105", "2008-12-31": "$148", "2008-09-30": "$111", "2008-06-30": "$95", "2008-03-31": "$95", "2007-12-31": "$100", "2007-09-30": "$93", "2007-06-30": "$85", "2007-03-31": "$78", "2006-12-31": "$87", "2006-09-30": "$74", "2006-06-30": "$69", "2006-03-31": "$62", "2005-12-31": "$77", "2005-09-30": "$66", "2005-06-30": "$62", "2005-03-31": "$49"}}, "net-income": {"Cerner Annual Net Income (Millions of US $)": {"2019": "$529", "2018": "$630", "2017": "$867", "2016": "$636", "2015": "$539", "2014": "$525", "2013": "$398", "2012": "$397", "2011": "$307", "2010": "$237", "2009": "$193", "2008": "$189", "2007": "$127", "2006": "$110", "2005": "$86"}, "Cerner Quarterly Net Income (Millions of US $)": {"2020-09-30": "$357", "2020-06-30": "$135", "2020-03-31": "$147", "2019-12-31": "$154", "2019-09-30": "$82", "2019-06-30": "$127", "2019-03-31": "$166", "2018-12-31": "$131", "2018-09-30": "$169", "2018-06-30": "$169", "2018-03-31": "$160", "2017-12-31": "$337", "2017-09-30": "$177", "2017-06-30": "$180", "2017-03-31": "$173", "2016-12-31": "$150", "2016-09-30": "$170", "2016-06-30": "$166", "2016-03-31": "$150", "2015-12-31": "$166", "2015-09-30": "$147", "2015-06-30": "$115", "2015-03-31": "$111", "2014-12-31": "$148", "2014-09-30": "$129", "2014-06-30": "$129", "2014-03-31": "$120", "2013-12-31": "$60", "2013-09-30": "$115", "2013-06-30": "$113", "2013-03-31": "$110", "2012-12-31": "$112", "2012-09-30": "$99", "2012-06-30": "$98", "2012-03-31": "$89", "2011-12-31": "$91", "2011-09-30": "$79", "2011-06-30": "$72", "2011-03-31": "$65", "2010-12-31": "$71", "2010-09-30": "$61", "2010-06-30": "$55", "2010-03-31": "$50", "2009-12-31": "$60", "2009-09-30": "$48", "2009-06-30": "$44", "2009-03-31": "$41", "2008-12-31": "$72", "2008-09-30": "$45", "2008-06-30": "$35", "2008-03-31": "$37", "2007-12-31": "$41", "2007-09-30": "$31", "2007-06-30": "$27", "2007-03-31": "$28", "2006-12-31": "$39", "2006-09-30": "$27", "2006-06-30": "$24", "2006-03-31": "$20", "2005-12-31": "$27", "2005-09-30": "$27", "2005-06-30": "$20", "2005-03-31": "$13"}}, "eps-earnings-per-share-diluted": {"Cerner Annual EPS": {"2019": "$1.65", "2018": "$1.89", "2017": "$2.57", "2016": "$1.85", "2015": "$1.54", "2014": "$1.50", "2013": "$1.13", "2012": "$1.13", "2011": "$0.88", "2010": "$0.70", "2009": "$0.58", "2008": "$0.57", "2007": "$0.38", "2006": "$0.34", "2005": "$0.28"}, "Cerner Quarterly EPS": {"2020-09-30": "$1.16", "2020-06-30": "$0.44", "2020-03-31": "$0.47", "2019-12-31": "$0.49", "2019-09-30": "$0.26", "2019-06-30": "$0.39", "2019-03-31": "$0.51", "2018-12-31": "$0.39", "2018-09-30": "$0.51", "2018-06-30": "$0.51", "2018-03-31": "$0.48", "2017-12-31": "$1.00", "2017-09-30": "$0.52", "2017-06-30": "$0.53", "2017-03-31": "$0.52", "2016-12-31": "$0.45", "2016-09-30": "$0.49", "2016-06-30": "$0.48", "2016-03-31": "$0.43", "2015-12-31": "$0.47", "2015-09-30": "$0.42", "2015-06-30": "$0.33", "2015-03-31": "$0.32", "2014-12-31": "$0.42", "2014-09-30": "$0.37", "2014-06-30": "$0.37", "2014-03-31": "$0.34", "2013-12-31": "$0.17", "2013-09-30": "$0.33", "2013-06-30": "$0.32", "2013-03-31": "$0.31", "2012-12-31": "$0.32", "2012-09-30": "$0.28", "2012-06-30": "$0.28", "2012-03-31": "$0.26", "2011-12-31": "$0.26", "2011-09-30": "$0.23", "2011-06-30": "$0.21", "2011-03-31": "$0.19", "2010-12-31": "$0.20", "2010-09-30": "$0.18", "2010-06-30": "$0.17", "2010-03-31": "$0.15", "2009-12-31": "$0.18", "2009-09-30": "$0.14", "2009-06-30": "$0.13", "2009-03-31": "$0.12", "2008-12-31": "$0.22", "2008-09-30": "$0.14", "2008-06-30": "$0.11", "2008-03-31": "$0.11", "2007-12-31": "$0.13", "2007-09-30": "$0.09", "2007-06-30": "$0.08", "2007-03-31": "$0.09", "2006-12-31": "$0.12", "2006-09-30": "$0.08", "2006-06-30": "$0.07", "2006-03-31": "$0.06", "2005-12-31": "$0.09", "2005-09-30": "$0.08", "2005-06-30": "$0.06", "2005-03-31": "$0.04"}}, "shares-outstanding": {"Cerner Annual Shares Outstanding (Millions of Shares)": {"2019": "321", "2018": "334", "2017": "338", "2016": "344", "2015": "351", "2014": "350", "2013": "352", "2012": "351", "2011": "348", "2010": "342", "2009": "336", "2008": "334", "2007": "333", "2006": "327", "2005": "312"}, "Cerner Quarterly Shares Outstanding (Millions of Shares)": {"2020-09-30": "308", "2020-06-30": "307", "2020-03-31": "312", "2019-12-31": "321", "2019-09-30": "319", "2019-06-30": "325", "2019-03-31": "327", "2018-12-31": "334", "2018-09-30": "333", "2018-06-30": "334", "2018-03-31": "337", "2017-12-31": "338", "2017-09-30": "339", "2017-06-30": "338", "2017-03-31": "336", "2016-12-31": "344", "2016-09-30": "345", "2016-06-30": "344", "2016-03-31": "346", "2015-12-31": "351", "2015-09-30": "351", "2015-06-30": "352", "2015-03-31": "352", "2014-12-31": "350", "2014-09-30": "349", "2014-06-30": "350", "2014-03-31": "352", "2013-12-31": "352", "2013-09-30": "351", "2013-06-30": "352", "2013-03-31": "353", "2012-12-31": "351", "2012-09-30": "352", "2012-06-30": "351", "2012-03-31": "350", "2011-12-31": "348", "2011-09-30": "349", "2011-06-30": "347", "2011-03-31": "345", "2010-12-31": "342", "2010-09-30": "341", "2010-06-30": "341", "2010-03-31": "340", "2009-12-31": "336", "2009-09-30": "337", "2009-06-30": "334", "2009-03-31": "331", "2008-12-31": "334", "2008-09-30": "335", "2008-06-30": "334", "2008-03-31": "334", "2007-12-31": "333", "2007-09-30": "334", "2007-06-30": "332", "2007-03-31": "331", "2006-12-31": "327", "2006-09-30": "327", "2006-06-30": "326", "2006-03-31": "326", "2005-12-31": "312", "2005-09-30": "319", "2005-06-30": "312", "2005-03-31": "306"}}, "total-assets": {"Cerner Annual Total Assets (Millions of US $)": {"2019": "$6,895", "2018": "$6,709", "2017": "$6,469", "2016": "$5,630", "2015": "$5,562", "2014": "$4,531", "2013": "$4,098", "2012": "$3,704", "2011": "$3,000", "2010": "$2,423", "2009": "$2,149", "2008": "$1,881", "2007": "$1,690", "2006": "$1,496", "2005": "$1,304"}, "Cerner Quarterly Total Assets (Millions of US $)": {"2020-09-30": "$7,361", "2020-06-30": "$6,879", "2020-03-31": "$6,736", "2019-12-31": "$6,895", "2019-09-30": "$6,937", "2019-06-30": "$7,276", "2019-03-31": "$6,999", "2018-12-31": "$6,709", "2018-09-30": "$6,785", "2018-06-30": "$6,529", "2018-03-31": "$6,512", "2017-12-31": "$6,469", "2017-09-30": "$6,232", "2017-06-30": "$6,059", "2017-03-31": "$5,803", "2016-12-31": "$5,630", "2016-09-30": "$5,949", "2016-06-30": "$5,780", "2016-03-31": "$5,594", "2015-12-31": "$5,562", "2015-09-30": "$5,523", "2015-06-30": "$5,485", "2015-03-31": "$5,353", "2014-12-31": "$4,531", "2014-09-30": "$4,393", "2014-06-30": "$4,265", "2014-03-31": "$4,191", "2013-12-31": "$4,098", "2013-09-30": "$3,966", "2013-06-30": "$3,844", "2013-03-31": "$3,765", "2012-12-31": "$3,704", "2012-09-30": "$3,470", "2012-06-30": "$3,299", "2012-03-31": "$3,140", "2011-12-31": "$3,000", "2011-09-30": "$2,844", "2011-06-30": "$2,721", "2011-03-31": "$2,562", "2010-12-31": "$2,423", "2010-09-30": "$2,358", "2010-06-30": "$2,246", "2010-03-31": "$2,164", "2009-12-31": "$2,149", "2009-09-30": "$2,052", "2009-06-30": "$1,975", "2009-03-31": "$1,909", "2008-12-31": "$1,881", "2008-09-30": "$1,827", "2008-06-30": "$1,783", "2008-03-31": "$1,725", "2007-12-31": "$1,690", "2007-09-30": "$1,632", "2007-06-30": "$1,571", "2007-03-31": "$1,523", "2006-12-31": "$1,496", "2006-09-30": "$1,433", "2006-06-30": "$1,373", "2006-03-31": "$1,343", "2005-12-31": "$1,304", "2005-09-30": "$1,143", "2005-06-30": "$1,084", "2005-03-31": "$1,032"}}, "cash-on-hand": {"Cerner Annual Cash on Hand (Millions of US $)": {"2019": "$542", "2018": "$775", "2017": "$806", "2016": "$356", "2015": "$513", "2014": "$1,421", "2013": "$879", "2012": "$1,037", "2011": "$775", "2010": "$571", "2009": "$559", "2008": "$309", "2007": "$345", "2006": "$309", "2005": "$274"}, "Cerner Quarterly Cash on Hand (Millions of US $)": {"2020-09-30": "$892", "2020-06-30": "$441", "2020-03-31": "$399", "2019-12-31": "$542", "2019-09-30": "$633", "2019-06-30": "$954", "2019-03-31": "$904", "2018-12-31": "$775", "2018-09-30": "$814", "2018-06-30": "$886", "2018-03-31": "$921", "2017-12-31": "$806", "2017-09-30": "$852", "2017-06-30": "$637", "2017-03-31": "$532", "2016-12-31": "$356", "2016-09-30": "$693", "2016-06-30": "$630", "2016-03-31": "$503", "2015-12-31": "$513", "2015-09-30": "$465", "2015-06-30": "$558", "2015-03-31": "$684", "2014-12-31": "$1,421", "2014-09-30": "$1,332", "2014-06-30": "$989", "2014-03-31": "$1,031", "2013-12-31": "$879", "2013-09-30": "$922", "2013-06-30": "$970", "2013-03-31": "$1,005", "2012-12-31": "$1,037", "2012-09-30": "$1,039", "2012-06-30": "$980", "2012-03-31": "$894", "2011-12-31": "$775", "2011-09-30": "$755", "2011-06-30": "$682", "2011-03-31": "$611", "2010-12-31": "$571", "2010-09-30": "$565", "2010-06-30": "$633", "2010-03-31": "$609", "2009-12-31": "$559", "2009-09-30": "$435", "2009-06-30": "$384", "2009-03-31": "$347", "2008-12-31": "$309", "2008-09-30": "$297", "2008-06-30": "$291", "2008-03-31": "$251", "2007-12-31": "$345", "2007-09-30": "$308", "2007-06-30": "$282", "2007-03-31": "$277", "2006-12-31": "$309", "2006-09-30": "$287", "2006-06-30": "$277", "2006-03-31": "$279", "2005-12-31": "$274", "2005-09-30": "$134", "2005-06-30": "$132", "2005-03-31": "$127"}}, "long-term-debt": {"Cerner Annual Long Term Debt (Millions of US $)": {"2019": "$1,038", "2018": "$439", "2017": "$515", "2016": "$538", "2015": "$563", "2014": "$63", "2013": "$112", "2012": "$137", "2011": "$87", "2010": "$68", "2009": "$96", "2008": "$111", "2007": "$178", "2006": "$187", "2005": "$194"}, "Cerner Quarterly Long Term Debt (Millions of US $)": {"2020-09-30": "$1,336", "2020-06-30": "$1,338", "2020-03-31": "$1,338", "2019-12-31": "$1,038", "2019-09-30": "$1,039", "2019-06-30": "$1,039", "2019-03-31": "$439", "2018-12-31": "$439", "2018-09-30": "$439", "2018-06-30": "$439", "2018-03-31": "$439", "2017-12-31": "$515", "2017-09-30": "$521", "2017-06-30": "$525", "2017-03-31": "$533", "2016-12-31": "$538", "2016-09-30": "$536", "2016-06-30": "$546", "2016-03-31": "$554", "2015-12-31": "$563", "2015-09-30": "$573", "2015-06-30": "$567", "2015-03-31": "$564", "2014-12-31": "$63", "2014-09-30": "$87", "2014-06-30": "$96", "2014-03-31": "$105", "2013-12-31": "$112", "2013-09-30": "$131", "2013-06-30": "$133", "2013-03-31": "$135", "2012-12-31": "$137", "2012-09-30": "$142", "2012-06-30": "$126", "2012-03-31": "$108", "2011-12-31": "$87", "2011-09-30": "$99", "2011-06-30": "$85", "2011-03-31": "$74", "2010-12-31": "$68", "2010-09-30": "$93", "2010-06-30": "$91", "2010-03-31": "$91", "2009-12-31": "$96", "2009-09-30": "$119", "2009-06-30": "$123", "2009-03-31": "$114", "2008-12-31": "$111", "2008-09-30": "$160", "2008-06-30": "$171", "2008-03-31": "$177", "2007-12-31": "$178", "2007-09-30": "$191", "2007-06-30": "$184", "2007-03-31": "$188", "2006-12-31": "$187", "2006-09-30": "$190", "2006-06-30": "$187", "2006-03-31": "$192", "2005-12-31": "$194", "2005-09-30": "$90", "2005-06-30": "$91", "2005-03-31": "$131"}}, "total-liabilities": {"Cerner Annual Total Liabilities (Millions of US $)": {"2019": "$2,577", "2018": "$1,780", "2017": "$1,684", "2016": "$1,702", "2015": "$1,692", "2014": "$965", "2013": "$931", "2012": "$871", "2011": "$690", "2010": "$517", "2009": "$568", "2008": "$569", "2007": "$558", "2006": "$574", "2005": "$543"}, "Cerner Quarterly Total Liabilities (Millions of US $)": {"2020-09-30": "$2,955", "2020-06-30": "$2,861", "2020-03-31": "$2,873", "2019-12-31": "$2,577", "2019-09-30": "$2,526", "2019-06-30": "$2,559", "2019-03-31": "$1,869", "2018-12-31": "$1,780", "2018-09-30": "$1,720", "2018-06-30": "$1,650", "2018-03-31": "$1,611", "2017-12-31": "$1,684", "2017-09-30": "$1,668", "2017-06-30": "$1,703", "2017-03-31": "$1,690", "2016-12-31": "$1,702", "2016-09-30": "$1,670", "2016-06-30": "$1,726", "2016-03-31": "$1,678", "2015-12-31": "$1,692", "2015-09-30": "$1,686", "2015-06-30": "$1,621", "2015-03-31": "$1,642", "2014-12-31": "$965", "2014-09-30": "$996", "2014-06-30": "$1,006", "2014-03-31": "$945", "2013-12-31": "$931", "2013-09-30": "$889", "2013-06-30": "$893", "2013-03-31": "$866", "2012-12-31": "$871", "2012-09-30": "$774", "2012-06-30": "$731", "2012-03-31": "$696", "2011-12-31": "$690", "2011-09-30": "$636", "2011-06-30": "$591", "2011-03-31": "$539", "2010-12-31": "$517", "2010-09-30": "$549", "2010-06-30": "$538", "2010-03-31": "$518", "2009-12-31": "$568", "2009-09-30": "$546", "2009-06-30": "$547", "2009-03-31": "$553", "2008-12-31": "$569", "2008-09-30": "$560", "2008-06-30": "$560", "2008-03-31": "$548", "2007-12-31": "$558", "2007-09-30": "$551", "2007-06-30": "$546", "2007-03-31": "$549", "2006-12-31": "$574", "2006-09-30": "$562", "2006-06-30": "$546", "2006-03-31": "$545", "2005-12-31": "$543", "2005-09-30": "$447", "2005-06-30": "$439", "2005-03-31": "$418"}}, "total-share-holder-equity": {"Cerner Annual Share Holder Equity (Millions of US $)": {"2019": "$4,317", "2018": "$4,928", "2017": "$4,785", "2016": "$3,928", "2015": "$3,870", "2014": "$3,566", "2013": "$3,168", "2012": "$2,834", "2011": "$2,311", "2010": "$1,905", "2009": "$1,581", "2008": "$1,312", "2007": "$1,132", "2006": "$922", "2005": "$761"}, "Cerner Quarterly Share Holder Equity (Millions of US $)": {"2020-09-30": "$4,406", "2020-06-30": "$4,018", "2020-03-31": "$3,863", "2019-12-31": "$4,317", "2019-09-30": "$4,411", "2019-06-30": "$4,717", "2019-03-31": "$5,129", "2018-12-31": "$4,928", "2018-09-30": "$5,066", "2018-06-30": "$4,879", "2018-03-31": "$4,900", "2017-12-31": "$4,785", "2017-09-30": "$4,564", "2017-06-30": "$4,356", "2017-03-31": "$4,113", "2016-12-31": "$3,928", "2016-09-30": "$4,278", "2016-06-30": "$4,054", "2016-03-31": "$3,916", "2015-12-31": "$3,870", "2015-09-30": "$3,837", "2015-06-30": "$3,864", "2015-03-31": "$3,710", "2014-12-31": "$3,566", "2014-09-30": "$3,396", "2014-06-30": "$3,260", "2014-03-31": "$3,246", "2013-12-31": "$3,168", "2013-09-30": "$3,077", "2013-06-30": "$2,951", "2013-03-31": "$2,899", "2012-12-31": "$2,834", "2012-09-30": "$2,697", "2012-06-30": "$2,569", "2012-03-31": "$2,444", "2011-12-31": "$2,311", "2011-09-30": "$2,207", "2011-06-30": "$2,130", "2011-03-31": "$2,023", "2010-12-31": "$1,905", "2010-09-30": "$1,809", "2010-06-30": "$1,708", "2010-03-31": "$1,646", "2009-12-31": "$1,581", "2009-09-30": "$1,506", "2009-06-30": "$1,428", "2009-03-31": "$1,356", "2008-12-31": "$1,312", "2008-09-30": "$1,266", "2008-06-30": "$1,223", "2008-03-31": "$1,177", "2007-12-31": "$1,132", "2007-09-30": "$1,081", "2007-06-30": "$1,025", "2007-03-31": "$973", "2006-12-31": "$922", "2006-09-30": "$870", "2006-06-30": "$827", "2006-03-31": "$798", "2005-12-31": "$761", "2005-09-30": "$696", "2005-06-30": "$645", "2005-03-31": "$614"}}, "profit-margins": {"current": "14.28%"}, "gross margin": {"2020-09-30": "82.50%", "2020-06-30": "81.99%", "2020-03-31": "81.31%", "2019-12-31": "81.18%", "2019-09-30": "70.25%", "2019-06-30": "70.51%", "2019-03-31": "70.72%", "2018-12-31": "82.54%", "2018-09-30": "82.52%", "2018-06-30": "82.82%", "2018-03-31": "82.88%", "2017-12-31": "83.39%", "2017-09-30": "83.48%", "2017-06-30": "83.58%", "2017-03-31": "83.68%", "2016-12-31": "83.76%", "2016-09-30": "83.81%", "2016-06-30": "83.44%", "2016-03-31": "83.42%", "2015-12-31": "83.03%", "2015-09-30": "82.64%", "2015-06-30": "82.66%", "2015-03-31": "82.15%", "2014-12-31": "82.22%", "2014-09-30": "82.46%", "2014-06-30": "82.47%", "2014-03-31": "82.86%", "2013-12-31": "82.31%", "2013-09-30": "81.39%", "2013-06-30": "79.99%", "2013-03-31": "78.69%", "2012-12-31": "77.21%", "2012-09-30": "77.20%", "2012-06-30": "77.37%", "2012-03-31": "78.37%", "2011-12-31": "79.95%", "2011-09-30": "80.60%", "2011-06-30": "81.66%", "2011-03-31": "82.05%", "2010-12-31": "82.70%", "2010-09-30": "83.26%", "2010-06-30": "83.31%", "2010-03-31": "83.45%", "2009-12-31": "83.24%", "2009-09-30": "82.70%", "2009-06-30": "82.61%", "2009-03-31": "82.30%", "2008-12-31": "82.23%", "2008-09-30": "82.63%", "2008-06-30": "83.03%", "2008-03-31": "82.27%", "2007-12-31": "81.53%", "2007-09-30": "80.03%", "2007-06-30": "78.90%", "2007-03-31": "79.20%", "2006-12-31": "78.88%", "2006-09-30": "79.06%", "2006-06-30": "78.48%", "2006-03-31": "77.95%", "2005-12-31": "77.88%"}, "operating margin": {"2020-09-30": "16.57%", "2020-06-30": "10.64%", "2020-03-31": "10.17%", "2019-12-31": "10.56%", "2019-09-30": "10.36%", "2019-06-30": "12.67%", "2019-03-31": "14.22%", "2018-12-31": "14.42%", "2018-09-30": "15.60%", "2018-06-30": "16.57%", "2018-03-31": "17.60%", "2017-12-31": "18.67%", "2017-09-30": "18.74%", "2017-06-30": "18.96%", "2017-03-31": "19.09%", "2016-12-31": "18.97%", "2016-09-30": "19.62%", "2016-06-30": "19.28%", "2016-03-31": "18.15%", "2015-12-31": "17.65%", "2015-09-30": "18.18%", "2015-06-30": "18.83%", "2015-03-31": "20.81%", "2014-12-31": "22.42%", "2014-09-30": "19.62%", "2014-06-30": "19.72%", "2014-03-31": "19.79%", "2013-12-31": "19.79%", "2013-09-30": "23.07%", "2013-06-30": "22.75%", "2013-03-31": "22.23%", "2012-12-31": "21.43%", "2012-09-30": "21.36%", "2012-06-30": "21.13%", "2012-03-31": "20.95%", "2011-12-31": "20.87%", "2011-09-30": "20.35%", "2011-06-30": "20.16%", "2011-03-31": "19.73%", "2010-12-31": "19.41%", "2010-09-30": "19.22%", "2010-06-30": "18.50%", "2010-03-31": "17.89%", "2009-12-31": "17.47%", "2009-09-30": "17.95%", "2009-06-30": "17.63%", "2009-03-31": "16.86%", "2008-12-31": "16.58%", "2008-09-30": "14.69%", "2008-06-30": "14.27%", "2008-03-31": "14.09%", "2007-12-31": "13.41%", "2007-09-30": "12.94%", "2007-06-30": "12.51%", "2007-03-31": "12.44%", "2006-12-31": "12.05%", "2006-09-30": "12.24%", "2006-06-30": "12.18%", "2006-03-31": "12.21%", "2005-12-31": "12.05%"}, "ebitda margin": {"2020-09-30": "29.12%", "2020-06-30": "23.02%", "2020-03-31": "22.31%", "2019-12-31": "22.65%", "2019-09-30": "22.45%", "2019-06-30": "24.73%", "2019-03-31": "26.24%", "2018-12-31": "26.40%", "2018-09-30": "27.45%", "2018-06-30": "28.28%", "2018-03-31": "29.18%", "2017-12-31": "29.97%", "2017-09-30": "29.71%", "2017-06-30": "29.77%", "2017-03-31": "29.68%", "2016-12-31": "29.52%", "2016-09-30": "30.14%", "2016-06-30": "29.68%", "2016-03-31": "28.49%", "2015-12-31": "27.86%", "2015-09-30": "28.09%", "2015-06-30": "28.45%", "2015-03-31": "29.99%", "2014-12-31": "31.30%", "2014-09-30": "28.51%", "2014-06-30": "28.64%", "2014-03-31": "28.88%", "2013-12-31": "28.82%", "2013-09-30": "31.92%", "2013-06-30": "31.36%", "2013-03-31": "30.74%", "2012-12-31": "29.84%", "2012-09-30": "29.84%", "2012-06-30": "29.93%", "2012-03-31": "30.13%", "2011-12-31": "30.54%", "2011-09-30": "30.46%", "2011-06-30": "30.52%", "2011-03-31": "30.14%", "2010-12-31": "29.84%", "2010-09-30": "29.79%", "2010-06-30": "29.34%", "2010-03-31": "29.06%", "2009-12-31": "28.85%", "2009-09-30": "29.02%", "2009-06-30": "28.31%", "2009-03-31": "27.26%", "2008-12-31": "26.77%", "2008-09-30": "24.97%", "2008-06-30": "24.61%", "2008-03-31": "24.22%", "2007-12-31": "23.41%", "2007-09-30": "22.76%", "2007-06-30": "21.91%", "2007-03-31": "21.64%", "2006-12-31": "21.19%", "2006-09-30": "21.32%", "2006-06-30": "21.52%", "2006-03-31": "21.89%", "2005-12-31": "21.86%"}, "pre tax profit margin": {"2020-09-30": "18.15%", "2020-06-30": "11.58%", "2020-03-31": "11.06%", "2019-12-31": "11.49%", "2019-09-30": "11.29%", "2019-06-30": "13.50%", "2019-03-31": "14.77%", "2018-12-31": "14.92%", "2018-09-30": "16.01%", "2018-06-30": "16.89%", "2018-03-31": "17.86%", "2017-12-31": "18.81%", "2017-09-30": "18.90%", "2017-06-30": "19.08%", "2017-03-31": "19.21%", "2016-12-31": "19.16%", "2016-09-30": "19.75%", "2016-06-30": "19.43%", "2016-03-31": "18.22%", "2015-12-31": "17.67%", "2015-09-30": "18.25%", "2015-06-30": "18.93%", "2015-03-31": "21.00%", "2014-12-31": "22.72%", "2014-09-30": "19.93%", "2014-06-30": "20.09%", "2014-03-31": "20.23%", "2013-12-31": "20.23%", "2013-09-30": "23.71%", "2013-06-30": "23.36%", "2013-03-31": "22.86%", "2012-12-31": "22.07%", "2012-09-30": "21.79%", "2012-06-30": "21.57%", "2012-03-31": "21.42%", "2011-12-31": "21.32%", "2011-09-30": "20.79%", "2011-06-30": "20.46%", "2011-03-31": "19.88%", "2010-12-31": "19.51%", "2010-09-30": "19.33%", "2010-06-30": "18.62%", "2010-03-31": "18.01%", "2009-12-31": "17.53%", "2009-09-30": "18.01%", "2009-06-30": "17.69%", "2009-03-31": "16.98%", "2008-12-31": "16.76%", "2008-09-30": "14.82%", "2008-06-30": "14.40%", "2008-03-31": "14.16%", "2007-12-31": "13.41%", "2007-09-30": "13.01%", "2007-06-30": "12.58%", "2007-03-31": "12.44%", "2006-12-31": "12.12%", "2006-09-30": "12.17%", "2006-06-30": "12.02%", "2006-03-31": "12.05%", "2005-12-31": "11.62%"}, "net profit margin": {"2020-09-30": "14.28%", "2020-06-30": "9.23%", "2020-03-31": "8.93%", "2019-12-31": "9.29%", "2019-09-30": "9.01%", "2019-06-30": "10.73%", "2019-03-31": "11.62%", "2018-12-31": "11.72%", "2018-09-30": "15.71%", "2018-06-30": "16.05%", "2018-03-31": "16.50%", "2017-12-31": "16.86%", "2017-09-30": "13.37%", "2017-06-30": "13.47%", "2017-03-31": "13.40%", "2016-12-31": "13.26%", "2016-09-30": "13.83%", "2016-06-30": "13.51%", "2016-03-31": "12.66%", "2015-12-31": "12.18%", "2015-09-30": "12.48%", "2015-06-30": "12.94%", "2015-03-31": "14.31%", "2014-12-31": "15.46%", "2014-09-30": "13.39%", "2014-06-30": "13.42%", "2014-03-31": "13.53%", "2013-12-31": "13.67%", "2013-09-30": "15.92%", "2013-06-30": "15.65%", "2013-03-31": "15.50%", "2012-12-31": "14.94%", "2012-09-30": "14.67%", "2012-06-30": "14.48%", "2012-03-31": "14.07%", "2011-12-31": "13.93%", "2011-09-30": "13.75%", "2011-06-30": "13.59%", "2011-03-31": "13.19%", "2010-12-31": "12.81%", "2010-09-30": "12.44%", "2010-06-30": "12.09%", "2010-03-31": "11.81%", "2009-12-31": "11.55%", "2009-09-30": "12.27%", "2009-06-30": "11.99%", "2009-03-31": "11.46%", "2008-12-31": "11.27%", "2008-09-30": "9.84%", "2008-06-30": "9.25%", "2008-03-31": "8.83%", "2007-12-31": "8.35%", "2007-09-30": "8.29%", "2007-06-30": "8.18%", "2007-03-31": "8.29%", "2006-12-31": "7.98%", "2006-09-30": "7.41%", "2006-06-30": "7.70%", "2006-03-31": "7.70%", "2005-12-31": "7.49%"}, "pe ratio": {"current": "32.65", "2021-02-11": "29.65", "2020-09-30": "28.16", "2020-06-30": "41.07", "2020-03-31": "38.70", "2019-12-31": "44.00", "2019-09-30": "43.12", "2019-06-30": "39.86", "2019-03-31": "29.10", "2018-12-31": "27.09", "2018-09-30": "25.29", "2018-06-30": "23.38", "2018-03-31": "22.50", "2017-12-31": "25.74", "2017-09-30": "34.83", "2017-06-30": "32.96", "2017-03-31": "29.93", "2016-12-31": "25.27", "2016-09-30": "32.24", "2016-06-30": "31.78", "2016-03-31": "31.32", "2015-12-31": "38.11", "2015-09-30": "39.48", "2015-06-30": "47.08", "2015-03-31": "48.59", "2014-12-31": "42.32", "2014-09-30": "46.78", "2014-06-30": "41.85", "2014-03-31": "47.60", "2013-12-31": "48.42", "2013-09-30": "40.46", "2013-06-30": "38.50", "2013-03-31": "39.24", "2012-12-31": "33.67", "2012-09-30": "35.17", "2012-06-30": "39.58", "2012-03-31": "39.14", "2011-12-31": "33.87", "2011-09-30": "40.64", "2011-06-30": "38.46", "2011-03-31": "37.26", "2010-12-31": "33.58", "2010-09-30": "31.00", "2010-06-30": "29.56", "2010-03-31": "34.88", "2009-12-31": "35.34", "2009-09-30": "30.09", "2009-06-30": "25.37", "2009-03-31": "18.69", "2008-12-31": "16.70", "2008-09-30": "23.19", "2008-06-30": "24.92", "2008-03-31": "21.15", "2007-12-31": "34.18", "2007-09-30": "36.47", "2007-06-30": "36.06", "2007-03-31": "37.38", "2006-12-31": "33.09"}, "price sales": {"2021-02-11": "4.27", "2020-09-30": "4.05", "2020-06-30": "3.82", "2020-03-31": "3.48", "2019-12-31": "4.12", "2019-09-30": "3.90", "2019-06-30": "4.30", "2019-03-31": "3.41", "2018-12-31": "3.21", "2018-09-30": "3.99", "2018-06-30": "3.76", "2018-03-31": "3.72", "2017-12-31": "4.34", "2017-09-30": "4.67", "2017-06-30": "4.45", "2017-03-31": "4.02", "2016-12-31": "3.34", "2016-09-30": "4.45", "2016-06-30": "4.30", "2016-03-31": "3.99", "2015-12-31": "4.69", "2015-09-30": "4.95", "2015-06-30": "6.12", "2015-03-31": "6.97", "2014-12-31": "6.54", "2014-09-30": "6.27", "2014-06-30": "5.63", "2014-03-31": "6.45", "2013-12-31": "6.62", "2013-09-30": "6.43", "2013-06-30": "5.99", "2013-03-31": "6.05", "2012-12-31": "5.01", "2012-09-30": "5.18", "2012-06-30": "5.75", "2012-03-31": "5.54", "2011-12-31": "4.74", "2011-09-30": "5.57", "2011-06-30": "5.21", "2011-03-31": "4.89", "2010-12-31": "4.29", "2010-09-30": "3.85", "2010-06-30": "3.58", "2010-03-31": "4.10", "2009-12-31": "4.05", "2009-09-30": "3.67", "2009-06-30": "3.03", "2009-03-31": "2.14", "2008-12-31": "1.88", "2008-09-30": "2.28", "2008-06-30": "2.38", "2008-03-31": "1.98", "2007-12-31": "3.03", "2007-09-30": "3.22", "2007-06-30": "3.03", "2007-03-31": "3.08", "2006-12-31": "2.64"}, "price book": {"current": "5.50", "2021-02-11": "5.28", "2020-09-30": "5.01", "2020-06-30": "5.18", "2020-03-31": "4.91", "2019-12-31": "5.23", "2019-09-30": "4.79", "2019-06-30": "4.86", "2019-03-31": "3.56", "2018-12-31": "3.39", "2018-09-30": "4.11", "2018-06-30": "3.96", "2018-03-31": "3.85", "2017-12-31": "4.60", "2017-09-30": "5.10", "2017-06-30": "4.97", "2017-03-31": "4.64", "2016-12-31": "3.90", "2016-09-30": "4.81", "2016-06-30": "4.79", "2016-03-31": "4.49", "2015-12-31": "5.19", "2015-09-30": "5.24", "2015-06-30": "6.05", "2015-03-31": "6.67", "2014-12-31": "6.09", "2014-09-30": "5.88", "2014-06-30": "5.30", "2014-03-31": "5.84", "2013-12-31": "5.94", "2013-09-30": "5.75", "2013-06-30": "5.48", "2013-03-31": "5.51", "2012-12-31": "4.62", "2012-09-30": "4.83", "2012-06-30": "5.41", "2012-03-31": "5.21", "2011-12-31": "4.41", "2011-09-30": "5.16", "2011-06-30": "4.76", "2011-03-31": "4.54", "2010-12-31": "4.06", "2010-09-30": "3.81", "2010-06-30": "3.63", "2010-03-31": "4.20", "2009-12-31": "4.19", "2009-09-30": "4.01", "2009-06-30": "3.50", "2009-03-31": "2.59", "2008-12-31": "2.33", "2008-09-30": "2.80", "2008-06-30": "2.93", "2008-03-31": "2.50", "2007-12-31": "3.92", "2007-09-30": "4.34", "2007-06-30": "4.22", "2007-03-31": "4.34", "2006-12-31": "3.80", "2006-09-30": "4.00", "2006-06-30": "3.42", "2006-03-31": "4.52"}, "price fcf": {"2021-02-11": "", "2020-09-30": "$2.40", "2020-06-30": "$2.19", "2020-03-31": "$1.90", "2019-12-31": "$1.77", "2019-09-30": "$1.46", "2019-06-30": "$1.38", "2019-03-31": "$1.82", "2018-12-31": "$2.20", "2018-09-30": "$2.15", "2018-06-30": "$2.34", "2018-03-31": "$2.32", "2017-12-31": "$1.99", "2017-09-30": "$1.85", "2017-06-30": "$1.56", "2017-03-31": "$1.40", "2016-12-31": "$1.43", "2016-09-30": "$1.81", "2016-06-30": "$1.76", "2016-03-31": "$1.45", "2015-12-31": "$1.18", "2015-09-30": "$0.67", "2015-06-30": "$0.66", "2015-03-31": "$1.20", "2014-12-31": "$1.12", "2014-09-30": "$0.72", "2014-06-30": "$0.51", "2014-03-31": "$0.23", "2013-12-31": "$0.48", "2013-09-30": "$0.88", "2013-06-30": "$1.08", "2013-03-31": "$1.25", "2012-12-31": "$1.21", "2012-09-30": "$1.27", "2012-06-30": "$1.21", "2012-03-31": "$1.11", "2011-12-31": "$1.03", "2011-09-30": "$0.91", "2011-06-30": "$0.90", "2011-03-31": "$0.89", "2010-12-31": "$0.80", "2010-09-30": "$0.72", "2010-06-30": "$0.58", "2010-03-31": "$0.46", "2009-12-31": "$0.41", "2009-09-30": "$0.41", "2009-06-30": "$0.35", "2009-03-31": "$0.41", "2008-12-31": "$0.31", "2008-09-30": "$0.30", "2008-06-30": "$0.31", "2008-03-31": "$0.16", "2007-12-31": "$0.08", "2007-09-30": "$0.01", "2007-06-30": "$0.00", "2007-03-31": "$0.06", "2006-12-31": "$0.12"}, "net worth": {"value": "$24.23B"}, "current ratio": {"current": "2.29", "2020-09-30": "2.29", "2020-06-30": "2.04", "2020-03-31": "1.93", "2019-12-31": "2.04", "2019-09-30": "2.21", "2019-06-30": "2.52", "2019-03-31": "2.58", "2018-12-31": "2.41", "2018-09-30": "2.63", "2018-06-30": "2.85", "2018-03-31": "2.95", "2017-12-31": "3.01", "2017-09-30": "2.77", "2017-06-30": "2.39", "2017-03-31": "2.19", "2016-12-31": "1.92", "2016-09-30": "2.41", "2016-06-30": "2.37", "2016-03-31": "2.23", "2015-12-31": "2.35", "2015-09-30": "2.15", "2015-06-30": "2.42", "2015-03-31": "2.41", "2014-12-31": "3.70", "2014-09-30": "3.33", "2014-06-30": "2.83", "2014-03-31": "3.13", "2013-12-31": "2.75", "2013-09-30": "2.91", "2013-06-30": "2.83", "2013-03-31": "3.02", "2012-12-31": "3.09", "2012-09-30": "3.52", "2012-06-30": "3.57", "2012-03-31": "3.59", "2011-12-31": "3.42", "2011-09-30": "3.77", "2011-06-30": "3.74", "2011-03-31": "3.82", "2010-12-31": "3.75", "2010-09-30": "3.50", "2010-06-30": "3.67", "2010-03-31": "3.74", "2009-12-31": "3.20", "2009-09-30": "3.30", "2009-06-30": "3.09", "2009-03-31": "2.74", "2008-12-31": "2.52", "2008-09-30": "2.79", "2008-06-30": "2.67", "2008-03-31": "2.60", "2007-12-31": "2.84", "2007-09-30": "2.80", "2007-06-30": "2.68", "2007-03-31": "2.62", "2006-12-31": "2.41", "2006-09-30": "2.55", "2006-06-30": "2.59", "2006-03-31": "2.56", "2005-12-31": "2.51", "2005-09-30": "1.85", "2005-06-30": "1.79", "2005-03-31": "2.17"}, "quick ratio": {"2020-09-30": "2.28", "2020-06-30": "2.02", "2020-03-31": "1.91", "2019-12-31": "2.02", "2019-09-30": "2.19", "2019-06-30": "2.50", "2019-03-31": "2.55", "2018-12-31": "2.38", "2018-09-30": "2.60", "2018-06-30": "2.83", "2018-03-31": "2.93", "2017-12-31": "3.00", "2017-09-30": "2.75", "2017-06-30": "2.37", "2017-03-31": "2.17", "2016-12-31": "1.90", "2016-09-30": "2.39", "2016-06-30": "2.35", "2016-03-31": "2.20", "2015-12-31": "2.33", "2015-09-30": "2.12", "2015-06-30": "2.39", "2015-03-31": "2.38", "2014-12-31": "3.67", "2014-09-30": "3.29", "2014-06-30": "2.78", "2014-03-31": "3.09", "2013-12-31": "2.70", "2013-09-30": "2.86", "2013-06-30": "2.79", "2013-03-31": "2.98", "2012-12-31": "3.05", "2012-09-30": "3.47", "2012-06-30": "3.52", "2012-03-31": "3.56", "2011-12-31": "3.37", "2011-09-30": "3.74", "2011-06-30": "3.71", "2011-03-31": "3.78", "2010-12-31": "3.71", "2010-09-30": "3.48", "2010-06-30": "3.64", "2010-03-31": "3.71", "2009-12-31": "3.17", "2009-09-30": "3.26", "2009-06-30": "3.05", "2009-03-31": "2.70", "2008-12-31": "2.49", "2008-09-30": "2.76", "2008-06-30": "2.63", "2008-03-31": "2.55", "2007-12-31": "2.80", "2007-09-30": "2.75", "2007-06-30": "2.63", "2007-03-31": "2.57", "2006-12-31": "2.35", "2006-09-30": "2.48", "2006-06-30": "2.52", "2006-03-31": "2.52", "2005-12-31": "2.47", "2005-09-30": "1.82", "2005-06-30": "1.75", "2005-03-31": "2.13"}, "debt equity ratio": {"current": "0.30", "2020-09-30": "0.67", "2020-06-30": "0.71", "2020-03-31": "0.74", "2019-12-31": "0.60", "2019-09-30": "0.57", "2019-06-30": "0.54", "2019-03-31": "0.36", "2018-12-31": "0.36", "2018-09-30": "0.34", "2018-06-30": "0.34", "2018-03-31": "0.33", "2017-12-31": "0.35", "2017-09-30": "0.37", "2017-06-30": "0.39", "2017-03-31": "0.41", "2016-12-31": "0.43", "2016-09-30": "0.39", "2016-06-30": "0.43", "2016-03-31": "0.43", "2015-12-31": "0.44", "2015-09-30": "0.44", "2015-06-30": "0.42", "2015-03-31": "0.44", "2014-12-31": "0.27", "2014-09-30": "0.29", "2014-06-30": "0.31", "2014-03-31": "0.29", "2013-12-31": "0.29", "2013-09-30": "0.29", "2013-06-30": "0.30", "2013-03-31": "0.30", "2012-12-31": "0.31", "2012-09-30": "0.29", "2012-06-30": "0.28", "2012-03-31": "0.29", "2011-12-31": "0.30", "2011-09-30": "0.29", "2011-06-30": "0.28", "2011-03-31": "0.27", "2010-12-31": "0.27", "2010-09-30": "0.30", "2010-06-30": "0.32", "2010-03-31": "0.32", "2009-12-31": "0.36", "2009-09-30": "0.36", "2009-06-30": "0.38", "2009-03-31": "0.41", "2008-12-31": "0.43", "2008-09-30": "0.44", "2008-06-30": "0.46", "2008-03-31": "0.47", "2007-12-31": "0.49", "2007-09-30": "0.51", "2007-06-30": "0.53", "2007-03-31": "0.56", "2006-12-31": "0.62", "2006-09-30": "0.65", "2006-06-30": "0.66", "2006-03-31": "0.68", "2005-12-31": "0.71", "2005-09-30": "0.64", "2005-06-30": "0.68", "2005-03-31": "0.68"}, "return on equity": {"2020-09-30": "19.10%", "2020-06-30": "12.48%", "2020-03-31": "11.79%", "2019-12-31": "11.39%", "2019-09-30": "10.55%", "2019-06-30": "11.96%", "2019-03-31": "12.70%", "2018-12-31": "12.72%", "2018-09-30": "17.01%", "2018-06-30": "17.63%", "2018-03-31": "18.36%", "2017-12-31": "19.46%", "2017-09-30": "16.04%", "2017-06-30": "16.14%", "2017-03-31": "16.10%", "2016-12-31": "15.73%", "2016-09-30": "16.18%", "2016-06-30": "16.05%", "2016-03-31": "14.93%", "2015-12-31": "14.11%", "2015-09-30": "13.91%", "2015-06-30": "13.84%", "2015-03-31": "14.84%", "2014-12-31": "15.62%", "2014-09-30": "13.40%", "2014-06-30": "13.30%", "2014-03-31": "13.12%", "2013-12-31": "13.16%", "2013-09-30": "15.30%", "2013-06-30": "15.25%", "2013-03-31": "15.24%", "2012-12-31": "15.10%", "2012-09-30": "15.05%", "2012-06-30": "14.98%", "2012-03-31": "14.56%", "2011-12-31": "14.16%", "2011-09-30": "13.89%", "2011-06-30": "13.68%", "2011-03-31": "13.54%", "2010-12-31": "13.41%", "2010-09-30": "13.40%", "2010-06-30": "13.23%", "2010-03-31": "13.11%", "2009-12-31": "13.15%", "2009-09-30": "14.64%", "2009-06-30": "15.07%", "2009-03-31": "14.97%", "2008-12-31": "15.19%", "2008-09-30": "13.17%", "2008-06-30": "12.49%", "2008-03-31": "12.32%", "2007-12-31": "12.06%", "2007-09-30": "12.50%", "2007-06-30": "12.77%", "2007-03-31": "13.14%", "2006-12-31": "12.88%", "2006-09-30": "12.04%", "2006-06-30": "12.72%", "2006-03-31": "12.97%", "2005-12-31": "12.81%"}, "return on assets": {"2020-09-30": "11.38%", "2020-06-30": "7.55%", "2020-03-31": "7.33%", "2019-12-31": "7.53%", "2019-09-30": "7.25%", "2019-06-30": "8.54%", "2019-03-31": "9.40%", "2018-12-31": "9.48%", "2018-09-30": "12.70%", "2018-06-30": "13.10%", "2018-03-31": "13.52%", "2017-12-31": "14.12%", "2017-09-30": "11.47%", "2017-06-30": "11.48%", "2017-03-31": "11.38%", "2016-12-31": "11.08%", "2016-09-30": "11.40%", "2016-06-30": "11.20%", "2016-03-31": "10.43%", "2015-12-31": "9.83%", "2015-09-30": "9.98%", "2015-06-30": "10.18%", "2015-03-31": "11.15%", "2014-12-31": "12.11%", "2014-09-30": "10.34%", "2014-06-30": "10.27%", "2014-03-31": "10.14%", "2013-12-31": "10.16%", "2013-09-30": "11.78%", "2013-06-30": "11.74%", "2013-03-31": "11.77%", "2012-12-31": "11.69%", "2012-09-30": "11.68%", "2012-06-30": "11.63%", "2012-03-31": "11.31%", "2011-12-31": "11.04%", "2011-09-30": "10.88%", "2011-06-30": "10.69%", "2011-03-31": "10.51%", "2010-12-31": "10.31%", "2010-09-30": "10.14%", "2010-06-30": "9.89%", "2010-03-31": "9.69%", "2009-12-31": "9.55%", "2009-09-30": "10.49%", "2009-06-30": "10.64%", "2009-03-31": "10.43%", "2008-12-31": "10.48%", "2008-09-30": "9.00%", "2008-06-30": "8.43%", "2008-03-31": "8.22%", "2007-12-31": "7.92%", "2007-09-30": "8.04%", "2007-06-30": "8.04%", "2007-03-31": "8.10%", "2006-12-31": "7.79%", "2006-09-30": "7.19%", "2006-06-30": "7.59%", "2006-03-31": "7.71%", "2005-12-31": "7.63%"}, "return on investments": {"2020-09-30": "16.99%", "2020-06-30": "11.18%", "2020-03-31": "10.68%", "2019-12-31": "10.86%", "2019-09-30": "10.51%", "2019-06-30": "12.61%", "2019-03-31": "14.28%", "2018-12-31": "14.38%", "2018-09-30": "15.45%", "2018-06-30": "16.54%", "2018-03-31": "17.69%", "2017-12-31": "19.29%", "2017-09-30": "19.98%", "2017-06-30": "20.14%", "2017-03-31": "20.28%", "2016-12-31": "19.84%", "2016-09-30": "20.20%", "2016-06-30": "20.05%", "2016-03-31": "18.69%", "2015-12-31": "17.80%", "2015-09-30": "18.13%", "2015-06-30": "18.51%", "2015-03-31": "20.40%", "2014-12-31": "22.09%", "2014-09-30": "19.07%", "2014-06-30": "18.89%", "2014-03-31": "18.48%", "2013-12-31": "18.28%", "2013-09-30": "21.21%", "2013-06-30": "21.16%", "2013-03-31": "20.84%", "2012-12-31": "20.66%", "2012-09-30": "20.95%", "2012-06-30": "20.94%", "2012-03-31": "20.82%", "2011-12-31": "20.41%", "2011-09-30": "19.79%", "2011-06-30": "19.49%", "2011-03-31": "19.41%", "2010-12-31": "19.38%", "2010-09-30": "19.62%", "2010-06-30": "19.08%", "2010-03-31": "18.58%", "2009-12-31": "18.48%", "2009-09-30": "19.77%", "2009-06-30": "20.24%", "2009-03-31": "19.88%", "2008-12-31": "19.86%", "2008-09-30": "17.21%", "2008-06-30": "16.66%", "2008-03-31": "16.87%", "2007-12-31": "16.48%", "2007-09-30": "16.41%", "2007-06-30": "16.30%", "2007-03-31": "16.29%", "2006-12-31": "15.91%", "2006-09-30": "16.12%", "2006-06-30": "16.56%", "2006-03-31": "17.20%", "2005-12-31": "17.38%"}, "return on tangible equity": {"2020-09-30": "27.27%", "2020-06-30": "17.74%", "2020-03-31": "16.42%", "2019-12-31": "15.46%", "2019-09-30": "14.16%", "2019-06-30": "15.95%", "2019-03-31": "16.98%", "2018-12-31": "17.18%", "2018-09-30": "23.15%", "2018-06-30": "24.37%", "2018-03-31": "25.81%", "2017-12-31": "28.03%", "2017-09-30": "23.78%", "2017-06-30": "24.33%", "2017-03-31": "24.70%", "2016-12-31": "24.52%", "2016-09-30": "25.47%", "2016-06-30": "25.84%", "2016-03-31": "24.29%", "2015-12-31": "23.20%", "2015-09-30": "20.78%", "2015-06-30": "18.91%", "2015-03-31": "18.69%", "2014-12-31": "18.04%", "2014-09-30": "15.56%", "2014-06-30": "15.49%", "2014-03-31": "15.33%", "2013-12-31": "15.47%", "2013-09-30": "17.95%", "2013-06-30": "17.69%", "2013-03-31": "17.46%", "2012-12-31": "17.09%", "2012-09-30": "16.97%", "2012-06-30": "16.93%", "2012-03-31": "16.48%", "2011-12-31": "15.96%", "2011-09-30": "15.56%", "2011-06-30": "15.33%", "2011-03-31": "15.17%", "2010-12-31": "15.12%", "2010-09-30": "15.17%", "2010-06-30": "15.04%", "2010-03-31": "14.99%", "2009-12-31": "15.12%", "2009-09-30": "17.00%", "2009-06-30": "17.66%", "2009-03-31": "17.71%", "2008-12-31": "18.05%", "2008-09-30": "15.73%", "2008-06-30": "15.01%", "2008-03-31": "14.93%", "2007-12-31": "14.83%", "2007-09-30": "15.51%", "2007-06-30": "16.01%", "2007-03-31": "16.57%", "2006-12-31": "16.30%", "2006-09-30": "15.41%", "2006-06-30": "16.52%", "2006-03-31": "17.14%", "2005-12-31": "17.27%"}, "dividend yield history": {"last payout": "$0.88", "last yield": "1.11%"}}