{"ticker": "CF", "price": {"title": "CF Industries Holdings Historical Annual Stock Price Data", "value": 43.16, "historical": {"2020": {"Average Stock Price": "32.5958", "Year Open": "46.4000", "Year High": "46.4000", "Year Low": "21.1400", "Year Close": "38.7100", "Annual % Change": "-18.91%"}, "2019": {"Average Stock Price": "45.3137", "Year Open": "42.0300", "Year High": "52.6800", "Year Low": "39.0100", "Year Close": "47.7400", "Annual % Change": "9.72%"}, "2018": {"Average Stock Price": "44.1667", "Year Open": "43.1400", "Year High": "56.0600", "Year Low": "36.4900", "Year Close": "43.5100", "Annual % Change": "2.28%"}, "2017": {"Average Stock Price": "32.1927", "Year Open": "31.8700", "Year High": "43.0700", "Year Low": "25.5100", "Year Close": "42.5400", "Annual % Change": "35.13%"}, "2016": {"Average Stock Price": "28.3626", "Year Open": "40.5000", "Year High": "40.5000", "Year Low": "21.4300", "Year Close": "31.4800", "Annual % Change": "-22.86%"}, "2015": {"Average Stock Price": "56.3843", "Year Open": "55.5800", "Year High": "68.9200", "Year Low": "40.0700", "Year Close": "40.8100", "Annual % Change": "-25.13%"}, "2014": {"Average Stock Price": "50.2984", "Year Open": "46.7380", "Year High": "56.5520", "Year Low": "44.9840", "Year Close": "54.5080", "Annual % Change": "16.95%"}, "2013": {"Average Stock Price": "40.3800", "Year Open": "41.4480", "Year High": "47.4140", "Year Low": "34.0560", "Year Close": "46.6080", "Annual % Change": "14.71%"}, "2012": {"Average Stock Price": "38.5700", "Year Open": "30.7620", "Year High": "44.9020", "Year Low": "30.7620", "Year Close": "40.6320", "Annual % Change": "40.13%"}, "2011": {"Average Stock Price": "29.4435", "Year Open": "27.2460", "Year High": "37.9560", "Year Low": "24.1960", "Year Close": "28.9960", "Annual % Change": "7.27%"}, "2010": {"Average Stock Price": "18.9683", "Year Open": "18.3680", "Year High": "27.3340", "Year Low": "11.7120", "Year Close": "27.0300", "Annual % Change": "48.88%"}, "2009": {"Average Stock Price": "15.0639", "Year Open": "10.7260", "Year High": "18.9900", "Year Low": "8.8500", "Year Close": "18.1560", "Annual % Change": "84.66%"}, "2008": {"Average Stock Price": "22.1826", "Year Open": "22.1220", "Year High": "33.9240", "Year Low": "7.8760", "Year Close": "9.8320", "Annual % Change": "-55.33%"}, "2007": {"Average Stock Price": "11.5889", "Year Open": "5.2920", "Year High": "23.3120", "Year Low": "5.2840", "Year Close": "22.0120", "Annual % Change": "329.25%"}, "2006": {"Average Stock Price": "3.4969", "Year Open": "3.0600", "Year High": "5.2780", "Year Low": "2.6080", "Year Close": "5.1280", "Annual % Change": "68.13%"}, "2005": {"Average Stock Price": "2.9930", "Year Open": "3.2400", "Year High": "3.5860", "Year Low": "2.2600", "Year Close": "3.0500", "Annual % Change": "0.00%"}}}, "market cap": {"value": "$9.41B"}, "income statement": {"Revenue": {"2019-12-31": "4590.00000", "2018-12-31": "4429.00000", "2017-12-31": "4130.00000", "2016-12-31": "3685.00000", "2015-12-31": "4308.00000", "2014-12-31": "4743.00000", "2013-12-31": "5474.70000", "2012-12-31": "6104.00000", "2011-12-31": "6097.90000", "2010-12-31": "3965.00000", "2009-12-31": "2608.40000", "2008-12-31": "3921.10000", "2007-12-31": "2756.70000", "2006-12-31": "2032.90000", "2005-12-31": "1967.90000"}, "Cost Of Goods Sold": {"2019-12-31": "3416.00000", "2018-12-31": "3512.00000", "2017-12-31": "3696.00000", "2016-12-31": "2842.00000", "2015-12-31": "2761.00000", "2014-12-31": "2965.00000", "2013-12-31": "2954.50000", "2012-12-31": "2990.70000", "2011-12-31": "3202.30000", "2010-12-31": "2785.50000", "2009-12-31": "1769.00000", "2008-12-31": "2698.40000", "2007-12-31": "2086.70000", "2006-12-31": "1885.70000", "2005-12-31": "1758.70000"}, "Gross Profit": {"2019-12-31": "1174.00000", "2018-12-31": "917.00000", "2017-12-31": "434.00000", "2016-12-31": "843.00000", "2015-12-31": "1547.00000", "2014-12-31": "1778.00000", "2013-12-31": "2520.20000", "2012-12-31": "3113.30000", "2011-12-31": "2895.60000", "2010-12-31": "1179.50000", "2009-12-31": "839.39990", "2008-12-31": "1222.70000", "2007-12-31": "670.00000", "2006-12-31": "147.20010", "2005-12-31": "209.20010"}, "Research And Development Expenses": {"2019-12-31": "", "2018-12-31": "", "2017-12-31": "", "2016-12-31": "", "2015-12-31": "", "2014-12-31": "", "2013-12-31": "", "2012-12-31": "", "2011-12-31": "", "2010-12-31": "", "2009-12-31": "", "2008-12-31": "", "2007-12-31": "", "2006-12-31": "", "2005-12-31": ""}, "SG&A Expenses": {"2019-12-31": "239.00000", "2018-12-31": "214.00000", "2017-12-31": "191.00000", "2016-12-31": "173.00000", "2015-12-31": "170.00000", "2014-12-31": "152.00000", "2013-12-31": "166.00000", "2012-12-31": "151.80000", "2011-12-31": "130.00000", "2010-12-31": "106.10000", "2009-12-31": "62.90000", "2008-12-31": "68.00000", "2007-12-31": "65.20000", "2006-12-31": "54.50000", "2005-12-31": "57.00000"}, "Other Operating Income Or Expenses": {"2019-12-31": "68.00000", "2018-12-31": "63.00000", "2017-12-31": "-9.00000", "2016-12-31": "-532.00000", "2015-12-31": "-184.00000", "2014-12-31": "740.00000", "2013-12-31": "57.50000", "2012-12-31": "-2.10000", "2011-12-31": "29.30000", "2010-12-31": "-156.10000", "2009-12-31": "-96.70000", "2008-12-31": "-4.50000", "2007-12-31": "-3.20000", "2006-12-31": "-21.40000", "2005-12-31": "-14.10000"}, "Operating Expenses": {"2019-12-31": "3587.00000", "2018-12-31": "3663.00000", "2017-12-31": "3896.00000", "2016-12-31": "3547.00000", "2015-12-31": "3115.00000", "2014-12-31": "2377.00000", "2013-12-31": "3063.00000", "2012-12-31": "3144.60000", "2011-12-31": "3307.40000", "2010-12-31": "3069.30000", "2009-12-31": "1928.60000", "2008-12-31": "2770.90000", "2007-12-31": "2155.10000", "2006-12-31": "1961.60000", "2005-12-31": "1829.80000"}, "Operating Income": {"2019-12-31": "1003.00000", "2018-12-31": "766.00000", "2017-12-31": "234.00000", "2016-12-31": "138.00000", "2015-12-31": "1193.00000", "2014-12-31": "2366.00000", "2013-12-31": "2411.70000", "2012-12-31": "2959.40000", "2011-12-31": "2790.50000", "2010-12-31": "895.69970", "2009-12-31": "679.79990", "2008-12-31": "1150.20000", "2007-12-31": "601.60010", "2006-12-31": "71.30010", "2005-12-31": "138.10010"}, "Total Non-Operating Income/Expense": {"2019-12-31": "-231.00000", "2018-12-31": "-219.00000", "2017-12-31": "-359.00000", "2016-12-31": "-364.00000", "2015-12-31": "-135.00000", "2014-12-31": "-179.00000", "2013-12-31": "-202.00000", "2012-12-31": "-129.90000", "2011-12-31": "-144.90000", "2010-12-31": "-208.00000", "2009-12-31": "15.80000", "2008-12-31": "25.20000", "2007-12-31": "24.30000", "2006-12-31": "-18.30000", "2005-12-31": "-45.60000"}, "Pre-Tax Income": {"2019-12-31": "772.00000", "2018-12-31": "547.00000", "2017-12-31": "-125.00000", "2016-12-31": "-226.00000", "2015-12-31": "1058.00000", "2014-12-31": "2187.00000", "2013-12-31": "2209.70000", "2012-12-31": "2829.50000", "2011-12-31": "2645.60000", "2010-12-31": "687.70000", "2009-12-31": "695.60000", "2008-12-31": "1175.40000", "2007-12-31": "625.90000", "2006-12-31": "53.00000", "2005-12-31": "92.50000"}, "Income Taxes": {"2019-12-31": "126.00000", "2018-12-31": "119.00000", "2017-12-31": "-575.00000", "2016-12-31": "-68.00000", "2015-12-31": "396.00000", "2014-12-31": "773.00000", "2013-12-31": "686.50000", "2012-12-31": "964.20000", "2011-12-31": "926.50000", "2010-12-31": "273.70000", "2009-12-31": "246.00000", "2008-12-31": "378.10000", "2007-12-31": "199.50000", "2006-12-31": "19.70000", "2005-12-31": "128.70000"}, "Income After Taxes": {"2019-12-31": "646.00000", "2018-12-31": "428.00000", "2017-12-31": "450.00000", "2016-12-31": "-158.00000", "2015-12-31": "662.00000", "2014-12-31": "1414.00000", "2013-12-31": "1523.20000", "2012-12-31": "1865.30000", "2011-12-31": "1719.10000", "2010-12-31": "414.00000", "2009-12-31": "449.60000", "2008-12-31": "797.30000", "2007-12-31": "426.40000", "2006-12-31": "33.30000", "2005-12-31": "-36.20000"}, "Other Income": {"2019-12-31": "", "2018-12-31": "", "2017-12-31": "", "2016-12-31": "", "2015-12-31": "", "2014-12-31": "", "2013-12-31": "", "2012-12-31": "", "2011-12-31": "", "2010-12-31": "", "2009-12-31": "", "2008-12-31": "", "2007-12-31": "", "2006-12-31": "", "2005-12-31": ""}, "Income From Continuous Operations": {"2019-12-31": "646.00000", "2018-12-31": "428.00000", "2017-12-31": "450.00000", "2016-12-31": "-158.00000", "2015-12-31": "734.00000", "2014-12-31": "1437.00000", "2013-12-31": "1532.80000", "2012-12-31": "1923.40000", "2011-12-31": "1761.00000", "2010-12-31": "440.70000", "2009-12-31": "448.50000", "2008-12-31": "801.50010", "2007-12-31": "427.30000", "2006-12-31": "33.30000", "2005-12-31": "-36.20000"}, "Income From Discontinued Operations": {"2019-12-31": "", "2018-12-31": "", "2017-12-31": "", "2016-12-31": "", "2015-12-31": "", "2014-12-31": "", "2013-12-31": "", "2012-12-31": "", "2011-12-31": "", "2010-12-31": "", "2009-12-31": "", "2008-12-31": "", "2007-12-31": "", "2006-12-31": "", "2005-12-31": ""}, "Net Income": {"2019-12-31": "493.00000", "2018-12-31": "290.00000", "2017-12-31": "358.00000", "2016-12-31": "-277.00000", "2015-12-31": "700.00000", "2014-12-31": "1390.00000", "2013-12-31": "1464.60000", "2012-12-31": "1848.70000", "2011-12-31": "1539.20000", "2010-12-31": "349.20000", "2009-12-31": "365.60000", "2008-12-31": "684.60000", "2007-12-31": "372.70000", "2006-12-31": "33.30000", "2005-12-31": "-39.00000"}, "EBITDA": {"2019-12-31": "1878.00000", "2018-12-31": "1654.00000", "2017-12-31": "1117.00000", "2016-12-31": "816.00000", "2015-12-31": "1673.00000", "2014-12-31": "2759.00000", "2013-12-31": "2822.30000", "2012-12-31": "3379.20000", "2011-12-31": "3206.70000", "2010-12-31": "1290.50000", "2009-12-31": "780.79990", "2008-12-31": "1251.00000", "2007-12-31": "686.10010", "2006-12-31": "165.90010", "2005-12-31": "235.60010"}, "EBIT": {"2019-12-31": "1003.00000", "2018-12-31": "766.00000", "2017-12-31": "234.00000", "2016-12-31": "138.00000", "2015-12-31": "1193.00000", "2014-12-31": "2366.00000", "2013-12-31": "2411.70000", "2012-12-31": "2959.40000", "2011-12-31": "2790.50000", "2010-12-31": "895.69970", "2009-12-31": "679.79990", "2008-12-31": "1150.20000", "2007-12-31": "601.60010", "2006-12-31": "71.30010", "2005-12-31": "138.10010"}, "Basic Shares Outstanding": {"2019-12-31": "220.20000", "2018-12-31": "232.60000", "2017-12-31": "233.50000", "2016-12-31": "233.10000", "2015-12-31": "235.30000", "2014-12-31": "255.90000", "2013-12-31": "294.40000", "2012-12-31": "319.50000", "2011-12-31": "347.00000", "2010-12-31": "323.50000", "2009-12-31": "242.50000", "2008-12-31": "277.00000", "2007-12-31": "278.50000", "2006-12-31": "275.00000", "2005-12-31": "275.00000"}, "Shares Outstanding": {"2019-12-31": "221.60000", "2018-12-31": "233.80000", "2017-12-31": "233.90000", "2016-12-31": "233.10000", "2015-12-31": "236.10000", "2014-12-31": "256.70000", "2013-12-31": "296.00000", "2012-12-31": "323.50000", "2011-12-31": "350.00000", "2010-12-31": "327.00000", "2009-12-31": "246.00000", "2008-12-31": "282.00000", "2007-12-31": "284.00000", "2006-12-31": "275.50000", "2005-12-31": "275.00000"}, "Basic EPS": {"2019-12-31": "2.24000", "2018-12-31": "1.25000", "2017-12-31": "1.53000", "2016-12-31": "-1.19000", "2015-12-31": "2.97000", "2014-12-31": "5.43000", "2013-12-31": "4.97000", "2012-12-31": "5.78800", "2011-12-31": "4.43600", "2010-12-31": "1.08000", "2009-12-31": "1.50800", "2008-12-31": "2.47000", "2007-12-31": "1.34000", "2006-12-31": "0.12000", "2005-12-31": "-0.14200"}, "EPS - Earnings Per Share": {"2019-12-31": "2.23000", "2018-12-31": "1.24000", "2017-12-31": "1.53000", "2016-12-31": "-1.19000", "2015-12-31": "2.96000", "2014-12-31": "5.42000", "2013-12-31": "4.95000", "2012-12-31": "5.71800", "2011-12-31": "4.39600", "2010-12-31": "1.06800", "2009-12-31": "1.48400", "2008-12-31": "2.42600", "2007-12-31": "1.31200", "2006-12-31": "0.12000", "2005-12-31": "-0.14200"}}, "income statement, quarterly": {"Revenue": {"2020-09-30": "847.00000", "2020-06-30": "1204.00000", "2020-03-31": "971.00000", "2019-12-31": "1049.00000", "2019-09-30": "1038.00000", "2019-06-30": "1502.00000", "2019-03-31": "1001.00000", "2018-12-31": "1132.00000", "2018-09-30": "1040.00000", "2018-06-30": "1300.00000", "2018-03-31": "957.00000", "2017-12-31": "1099.00000", "2017-09-30": "870.00000", "2017-06-30": "1124.00000", "2017-03-31": "1037.00000", "2016-12-31": "867.00000", "2016-09-30": "680.00000", "2016-06-30": "1134.00000", "2016-03-31": "1004.00000", "2015-12-31": "1115.00000", "2015-09-30": "928.00000", "2015-06-30": "1311.00000", "2015-03-31": "954.00000", "2014-12-31": "1216.30000", "2014-09-30": "921.40000", "2014-06-30": "1472.70000", "2014-03-31": "1132.60000", "2013-12-31": "1326.30000", "2013-09-30": "1097.00000", "2013-06-30": "1714.90000", "2013-03-31": "1336.50000", "2012-12-31": "1481.40000", "2012-09-30": "1359.40000", "2012-06-30": "1735.60000", "2012-03-31": "1527.60000", "2011-12-31": "1718.40000", "2011-09-30": "1403.80000", "2011-06-30": "1801.70000", "2011-03-31": "1174.00000", "2010-12-31": "1237.60000", "2010-09-30": "917.10000", "2010-06-30": "1307.90000", "2010-03-31": "502.40000", "2009-12-31": "506.69980", "2009-09-30": "430.10000", "2009-06-30": "991.00000", "2009-03-31": "680.60000", "2008-12-31": "1072.00000", "2008-09-30": "1020.80000", "2008-06-30": "1161.00000", "2008-03-31": "667.30000", "2007-12-31": "852.49980", "2007-09-30": "582.90000", "2007-06-30": "848.90000", "2007-03-31": "472.40000", "2006-12-31": "545.10000", "2006-09-30": "398.60000", "2006-06-30": "688.70000", "2006-03-31": "400.50000", "2005-12-31": "522.50000", "2005-09-30": "359.40000", "2005-06-30": "626.70000", "2005-03-31": "459.30000"}, "Cost Of Goods Sold": {"2020-09-30": "764.00000", "2020-06-30": "870.00000", "2020-03-31": "767.00000", "2019-12-31": "822.00000", "2019-09-30": "810.00000", "2019-06-30": "1003.00000", "2019-03-31": "781.00000", "2018-12-31": "890.00000", "2018-09-30": "867.00000", "2018-06-30": "988.00000", "2018-03-31": "767.00000", "2017-12-31": "956.00000", "2017-09-30": "859.00000", "2017-06-30": "951.00000", "2017-03-31": "930.00000", "2016-12-31": "770.00000", "2016-09-30": "678.00000", "2016-06-30": "607.00000", "2016-03-31": "787.00000", "2015-12-31": "835.00000", "2015-09-30": "763.00000", "2015-06-30": "625.00000", "2015-03-31": "538.00000", "2014-12-31": "772.49990", "2014-09-30": "620.30000", "2014-06-30": "882.40000", "2014-03-31": "689.80000", "2013-12-31": "732.50010", "2013-09-30": "710.90000", "2013-06-30": "849.70000", "2013-03-31": "661.40000", "2012-12-31": "825.19980", "2012-09-30": "657.40000", "2012-06-30": "692.30000", "2012-03-31": "815.80000", "2011-12-31": "853.20000", "2011-09-30": "765.80000", "2011-06-30": "934.30000", "2011-03-31": "649.00000", "2010-12-31": "753.70000", "2010-09-30": "747.30000", "2010-06-30": "911.10000", "2010-03-31": "373.40000", "2009-12-31": "380.60000", "2009-09-30": "306.10000", "2009-06-30": "564.00000", "2009-03-31": "518.30000", "2008-12-31": "711.29990", "2008-09-30": "899.90000", "2008-06-30": "691.10000", "2008-03-31": "396.10000", "2007-12-31": "616.50000", "2007-09-30": "431.60000", "2007-06-30": "671.30000", "2007-03-31": "367.30000", "2006-12-31": "502.19990", "2006-09-30": "372.80000", "2006-06-30": "587.50000", "2006-03-31": "423.20000", "2005-12-31": "520.20000", "2005-09-30": "303.40000", "2005-06-30": "531.10000", "2005-03-31": "404.00000"}, "Gross Profit": {"2020-09-30": "83.00000", "2020-06-30": "334.00000", "2020-03-31": "204.00000", "2019-12-31": "227.00000", "2019-09-30": "228.00000", "2019-06-30": "499.00000", "2019-03-31": "220.00000", "2018-12-31": "242.00000", "2018-09-30": "173.00000", "2018-06-30": "312.00000", "2018-03-31": "190.00000", "2017-12-31": "143.00000", "2017-09-30": "11.00000", "2017-06-30": "173.00000", "2017-03-31": "107.00000", "2016-12-31": "97.00000", "2016-09-30": "2.00000", "2016-06-30": "527.00000", "2016-03-31": "217.00000", "2015-12-31": "280.00000", "2015-09-30": "165.00000", "2015-06-30": "686.00000", "2015-03-31": "416.00000", "2014-12-31": "443.80020", "2014-09-30": "301.10000", "2014-06-30": "590.29990", "2014-03-31": "442.80000", "2013-12-31": "593.80020", "2013-09-30": "386.10000", "2013-06-30": "865.20000", "2013-03-31": "675.10000", "2012-12-31": "656.20030", "2012-09-30": "702.00000", "2012-06-30": "1043.30000", "2012-03-31": "711.80000", "2011-12-31": "865.19970", "2011-09-30": "638.00010", "2011-06-30": "867.40000", "2011-03-31": "525.00000", "2010-12-31": "483.89990", "2010-09-30": "169.80000", "2010-06-30": "396.80000", "2010-03-31": "129.00000", "2009-12-31": "126.09980", "2009-09-30": "124.00000", "2009-06-30": "427.00000", "2009-03-31": "162.30000", "2008-12-31": "360.70010", "2008-09-30": "120.90000", "2008-06-30": "469.90000", "2008-03-31": "271.20000", "2007-12-31": "235.99980", "2007-09-30": "151.30000", "2007-06-30": "177.60000", "2007-03-31": "105.10000", "2006-12-31": "42.90020", "2006-09-30": "25.80000", "2006-06-30": "101.20000", "2006-03-31": "-22.70000", "2005-12-31": "2.30000", "2005-09-30": "56.00000", "2005-06-30": "95.60000", "2005-03-31": "55.30000"}, "Research And Development Expenses": {"2020-09-30": "", "2020-06-30": "", "2020-03-31": "", "2019-12-31": "", "2019-09-30": "", "2019-06-30": "", "2019-03-31": "", "2018-12-31": "", "2018-09-30": "", "2018-06-30": "", "2018-03-31": "", "2017-12-31": "", "2017-09-30": "", "2017-06-30": "", "2017-03-31": "", "2016-12-31": "", "2016-09-30": "", "2016-06-30": "", "2016-03-31": "", "2015-12-31": "", "2015-09-30": "", "2015-06-30": "", "2015-03-31": "", "2014-12-31": "", "2014-09-30": "", "2014-06-30": "", "2014-03-31": "", "2013-12-31": "", "2013-09-30": "", "2013-06-30": "", "2013-03-31": "", "2012-12-31": "", "2012-09-30": "", "2012-06-30": "", "2012-03-31": "", "2011-12-31": "", "2011-09-30": "", "2011-06-30": "", "2011-03-31": "", "2010-12-31": "", "2010-09-30": "", "2010-06-30": "", "2010-03-31": "", "2009-12-31": "", "2009-09-30": "", "2009-06-30": "", "2009-03-31": "", "2008-12-31": "", "2008-09-30": "", "2008-06-30": "", "2008-03-31": "", "2007-12-31": "", "2007-09-30": "", "2007-06-30": "", "2007-03-31": "", "2006-12-31": "", "2006-09-30": "", "2006-06-30": "", "2006-03-31": "", "2005-12-31": "", "2005-09-30": "", "2005-06-30": "", "2005-03-31": ""}, "SG&A Expenses": {"2020-09-30": "49.00000", "2020-06-30": "51.00000", "2020-03-31": "54.00000", "2019-12-31": "63.00000", "2019-09-30": "56.00000", "2019-06-30": "62.00000", "2019-03-31": "58.00000", "2018-12-31": "51.00000", "2018-09-30": "53.00000", "2018-06-30": "53.00000", "2018-03-31": "57.00000", "2017-12-31": "51.00000", "2017-09-30": "45.00000", "2017-06-30": "49.00000", "2017-03-31": "46.00000", "2016-12-31": "32.00000", "2016-09-30": "44.00000", "2016-06-30": "52.00000", "2016-03-31": "45.00000", "2015-12-31": "50.00000", "2015-09-30": "42.00000", "2015-06-30": "38.00000", "2015-03-31": "40.00000", "2014-12-31": "32.60000", "2014-09-30": "38.20000", "2014-06-30": "39.50000", "2014-03-31": "41.70000", "2013-12-31": "45.00000", "2013-09-30": "32.20000", "2013-06-30": "44.50000", "2013-03-31": "44.30000", "2012-12-31": "40.20000", "2012-09-30": "36.50000", "2012-06-30": "41.30000", "2012-03-31": "33.80000", "2011-12-31": "36.80000", "2011-09-30": "30.50000", "2011-06-30": "31.70000", "2011-03-31": "31.00000", "2010-12-31": "32.80000", "2010-09-30": "28.80000", "2010-06-30": "28.30000", "2010-03-31": "16.20000", "2009-12-31": "15.90000", "2009-09-30": "15.10000", "2009-06-30": "16.50000", "2009-03-31": "15.40000", "2008-12-31": "15.00000", "2008-09-30": "16.70000", "2008-06-30": "18.10000", "2008-03-31": "18.20000", "2007-12-31": "17.40000", "2007-09-30": "16.60000", "2007-06-30": "17.50000", "2007-03-31": "13.70000", "2006-12-31": "14.00000", "2006-09-30": "13.20000", "2006-06-30": "14.30000", "2006-03-31": "13.00000", "2005-12-31": "14.00000", "2005-09-30": "17.70000", "2005-06-30": "14.30000", "2005-03-31": "11.00000"}, "Other Operating Income Or Expenses": {"2020-09-30": "6.00000", "2020-06-30": "-3.00000", "2020-03-31": "-3.00000", "2019-12-31": "11.00000", "2019-09-30": "16.00000", "2019-06-30": "38.00000", "2019-03-31": "3.00000", "2018-12-31": "4.00000", "2018-09-30": "16.00000", "2018-06-30": "15.00000", "2018-03-31": "28.00000", "2017-12-31": "13.00000", "2017-09-30": "-3.00000", "2017-06-30": "-16.00000", "2017-03-31": "-3.00000", "2016-12-31": "-161.00000", "2016-09-30": "-59.00000", "2016-06-30": "-237.00000", "2016-03-31": "-75.00000", "2015-12-31": "-93.00000", "2015-09-30": "-64.00000", "2015-06-30": "-18.00000", "2015-03-31": "-9.00000", "2014-12-31": "7.10000", "2014-09-30": "-16.30000", "2014-06-30": "-19.50000", "2014-03-31": "768.70000", "2013-12-31": "16.00000", "2013-09-30": "31.50000", "2013-06-30": "13.00000", "2013-03-31": "-3.00000", "2012-12-31": "0.10000", "2012-09-30": "1.60000", "2012-06-30": "3.00000", "2012-03-31": "-6.80000", "2011-12-31": "0.90000", "2011-09-30": "-24.40000", "2011-06-30": "10.30000", "2011-03-31": "42.50000", "2010-12-31": "-12.40000", "2010-09-30": "4.40000", "2010-06-30": "-8.80000", "2010-03-31": "-139.30000", "2009-12-31": "-39.10000", "2009-09-30": "-19.10000", "2009-06-30": "-15.30000", "2009-03-31": "-23.20000", "2008-12-31": "-1.80000", "2008-09-30": "-1.60000", "2008-06-30": "0.30000", "2008-03-31": "-1.40000", "2007-12-31": "-4.40000", "2007-09-30": "3.20000", "2007-06-30": "-0.70000", "2007-03-31": "-1.30000", "2006-12-31": "-18.00000", "2006-09-30": "-0.30000", "2006-06-30": "-1.60000", "2006-03-31": "-1.50000", "2005-12-31": "-10.30000", "2005-09-30": "-1.30000", "2005-06-30": "-1.70000", "2005-03-31": "-0.80000"}, "Operating Expenses": {"2020-09-30": "807.00000", "2020-06-30": "924.00000", "2020-03-31": "824.00000", "2019-12-31": "874.00000", "2019-09-30": "850.00000", "2019-06-30": "1027.00000", "2019-03-31": "836.00000", "2018-12-31": "937.00000", "2018-09-30": "904.00000", "2018-06-30": "1026.00000", "2018-03-31": "796.00000", "2017-12-31": "994.00000", "2017-09-30": "907.00000", "2017-06-30": "1016.00000", "2017-03-31": "979.00000", "2016-12-31": "963.00000", "2016-09-30": "781.00000", "2016-06-30": "896.00000", "2016-03-31": "907.00000", "2015-12-31": "978.00000", "2015-09-30": "869.00000", "2015-06-30": "681.00000", "2015-03-31": "587.00000", "2014-12-31": "797.99990", "2014-09-30": "674.80000", "2014-06-30": "941.40000", "2014-03-31": "-37.20000", "2013-12-31": "761.49990", "2013-09-30": "711.60000", "2013-06-30": "881.20000", "2013-03-31": "708.70000", "2012-12-31": "865.30010", "2012-09-30": "692.30000", "2012-06-30": "730.60000", "2012-03-31": "856.40000", "2011-12-31": "889.29990", "2011-09-30": "821.50000", "2011-06-30": "957.00000", "2011-03-31": "639.60000", "2010-12-31": "802.60050", "2010-09-30": "780.29990", "2010-06-30": "957.49990", "2010-03-31": "528.90000", "2009-12-31": "435.59990", "2009-09-30": "340.30000", "2009-06-30": "595.80000", "2009-03-31": "556.90000", "2008-12-31": "728.10000", "2008-09-30": "918.20000", "2008-06-30": "708.90000", "2008-03-31": "415.70000", "2007-12-31": "638.29990", "2007-09-30": "445.00000", "2007-06-30": "689.50000", "2007-03-31": "382.30000", "2006-12-31": "534.20010", "2006-09-30": "386.30000", "2006-06-30": "603.40000", "2006-03-31": "437.70000", "2005-12-31": "544.49990", "2005-09-30": "322.40000", "2005-06-30": "547.10000", "2005-03-31": "415.80000"}, "Operating Income": {"2020-09-30": "40.00000", "2020-06-30": "280.00000", "2020-03-31": "147.00000", "2019-12-31": "175.00000", "2019-09-30": "188.00000", "2019-06-30": "475.00000", "2019-03-31": "165.00000", "2018-12-31": "195.00000", "2018-09-30": "136.00000", "2018-06-30": "274.00000", "2018-03-31": "161.00000", "2017-12-31": "105.00000", "2017-09-30": "-37.00000", "2017-06-30": "108.00000", "2017-03-31": "58.00000", "2016-12-31": "-96.00000", "2016-09-30": "-101.00000", "2016-06-30": "238.00000", "2016-03-31": "97.00000", "2015-12-31": "137.00000", "2015-09-30": "59.00000", "2015-06-30": "630.00000", "2015-03-31": "367.00000", "2014-12-31": "418.30020", "2014-09-30": "246.60000", "2014-06-30": "531.29990", "2014-03-31": "1169.80000", "2013-12-31": "564.80040", "2013-09-30": "385.40000", "2013-06-30": "833.70000", "2013-03-31": "627.80000", "2012-12-31": "616.09990", "2012-09-30": "667.10000", "2012-06-30": "1005.00000", "2012-03-31": "671.20000", "2011-12-31": "829.09970", "2011-09-30": "582.30000", "2011-06-30": "844.70000", "2011-03-31": "534.40000", "2010-12-31": "434.99940", "2010-09-30": "136.80000", "2010-06-30": "350.40010", "2010-03-31": "-26.50000", "2009-12-31": "71.09990", "2009-09-30": "89.80000", "2009-06-30": "395.20000", "2009-03-31": "123.70000", "2008-12-31": "343.90000", "2008-09-30": "102.60000", "2008-06-30": "452.10000", "2008-03-31": "251.60000", "2007-12-31": "214.19990", "2007-09-30": "137.90000", "2007-06-30": "159.40000", "2007-03-31": "90.10000", "2006-12-31": "10.90000", "2006-09-30": "12.30000", "2006-06-30": "85.30010", "2006-03-31": "-37.20000", "2005-12-31": "-21.99990", "2005-09-30": "37.00000", "2005-06-30": "79.60000", "2005-03-31": "43.50000"}, "Total Non-Operating Income/Expense": {"2020-09-30": "-49.00000", "2020-06-30": "-29.00000", "2020-03-31": "-43.00000", "2019-12-31": "-68.00000", "2019-09-30": "-55.00000", "2019-06-30": "-53.00000", "2019-03-31": "-55.00000", "2018-12-31": "-54.00000", "2018-09-30": "-53.00000", "2018-06-30": "-56.00000", "2018-03-31": "-56.00000", "2017-12-31": "-122.00000", "2017-09-30": "-78.00000", "2017-06-30": "-79.00000", "2017-03-31": "-80.00000", "2016-12-31": "-239.00000", "2016-09-30": "-30.00000", "2016-06-30": "-60.00000", "2016-03-31": "-35.00000", "2015-12-31": "-38.00000", "2015-09-30": "-35.00000", "2015-06-30": "-29.00000", "2015-03-31": "-33.00000", "2014-12-31": "-42.10000", "2014-09-30": "-46.10000", "2014-06-30": "-51.10000", "2014-03-31": "-39.70000", "2013-12-31": "-39.60000", "2013-09-30": "-39.70000", "2013-06-30": "-31.00000", "2013-03-31": "-91.70000", "2012-12-31": "-27.90000", "2012-09-30": "-26.90000", "2012-06-30": "-44.70000", "2012-03-31": "-30.40000", "2011-12-31": "-32.00000", "2011-09-30": "-31.70000", "2011-06-30": "-29.70000", "2011-03-31": "-51.50000", "2010-12-31": "-50.00000", "2010-09-30": "-57.50000", "2010-06-30": "-128.70000", "2010-03-31": "28.20000", "2009-12-31": "12.40000", "2009-09-30": "1.70000", "2009-06-30": "0.50000", "2009-03-31": "1.20000", "2008-12-31": "3.20000", "2008-09-30": "2.90000", "2008-06-30": "8.30000", "2008-03-31": "10.80000", "2007-12-31": "47.20000", "2007-09-30": "-5.30000", "2007-06-30": "-14.50000", "2007-03-31": "-3.10000", "2006-12-31": "1.60000", "2006-09-30": "-1.30000", "2006-06-30": "-15.00000", "2006-03-31": "-3.60000", "2005-12-31": "3.30000", "2005-09-30": "-33.80000", "2005-06-30": "-8.40000", "2005-03-31": "-6.70000"}, "Pre-Tax Income": {"2020-09-30": "-9.00000", "2020-06-30": "251.00000", "2020-03-31": "104.00000", "2019-12-31": "107.00000", "2019-09-30": "133.00000", "2019-06-30": "422.00000", "2019-03-31": "110.00000", "2018-12-31": "141.00000", "2018-09-30": "83.00000", "2018-06-30": "218.00000", "2018-03-31": "105.00000", "2017-12-31": "-17.00000", "2017-09-30": "-115.00000", "2017-06-30": "29.00000", "2017-03-31": "-22.00000", "2016-12-31": "-335.00000", "2016-09-30": "-131.00000", "2016-06-30": "178.00000", "2016-03-31": "62.00000", "2015-12-31": "99.00000", "2015-09-30": "24.00000", "2015-06-30": "601.00000", "2015-03-31": "334.00000", "2014-12-31": "376.20010", "2014-09-30": "200.50000", "2014-06-30": "480.20000", "2014-03-31": "1130.10000", "2013-12-31": "525.20010", "2013-09-30": "345.70000", "2013-06-30": "802.70000", "2013-03-31": "536.10000", "2012-12-31": "588.20000", "2012-09-30": "640.20000", "2012-06-30": "960.30000", "2012-03-31": "640.80000", "2011-12-31": "797.10000", "2011-09-30": "550.60000", "2011-06-30": "815.00000", "2011-03-31": "482.90000", "2010-12-31": "385.00000", "2010-09-30": "79.30000", "2010-06-30": "221.70000", "2010-03-31": "1.70000", "2009-12-31": "83.50000", "2009-09-30": "91.50000", "2009-06-30": "395.70000", "2009-03-31": "124.90000", "2008-12-31": "347.10000", "2008-09-30": "105.50000", "2008-06-30": "460.40000", "2008-03-31": "262.40000", "2007-12-31": "261.40000", "2007-09-30": "132.60000", "2007-06-30": "144.90000", "2007-03-31": "87.00000", "2006-12-31": "12.50000", "2006-09-30": "11.00000", "2006-06-30": "70.30000", "2006-03-31": "-40.80000", "2005-12-31": "-18.70000", "2005-09-30": "3.20000", "2005-06-30": "71.20000", "2005-03-31": "36.80000"}, "Income Taxes": {"2020-09-30": "-13.00000", "2020-06-30": "33.00000", "2020-03-31": "13.00000", "2019-12-31": "13.00000", "2019-09-30": "19.00000", "2019-06-30": "102.00000", "2019-03-31": "-8.00000", "2018-12-31": "46.00000", "2018-09-30": "12.00000", "2018-06-30": "44.00000", "2018-03-31": "17.00000", "2017-12-31": "-520.00000", "2017-09-30": "-47.00000", "2017-06-30": "5.00000", "2017-03-31": "-13.00000", "2016-12-31": "-47.00000", "2016-09-30": "-131.00000", "2016-06-30": "95.00000", "2016-03-31": "15.00000", "2015-12-31": "63.00000", "2015-09-30": "20.00000", "2015-06-30": "200.00000", "2015-03-31": "113.00000", "2014-12-31": "132.10000", "2014-09-30": "70.50000", "2014-06-30": "157.20000", "2014-03-31": "413.20000", "2013-12-31": "187.20000", "2013-09-30": "109.00000", "2013-06-30": "282.90000", "2013-03-31": "107.40000", "2012-12-31": "242.20000", "2012-09-30": "206.00000", "2012-06-30": "309.20000", "2012-03-31": "206.80000", "2011-12-31": "301.80000", "2011-09-30": "184.90000", "2011-06-30": "281.00000", "2011-03-31": "158.80000", "2010-12-31": "169.30000", "2010-09-30": "18.90000", "2010-06-30": "89.90000", "2010-03-31": "-4.40000", "2009-12-31": "25.90000", "2009-09-30": "32.10000", "2009-06-30": "146.80000", "2009-03-31": "41.20000", "2008-12-31": "103.90000", "2008-09-30": "27.50000", "2008-06-30": "159.90000", "2008-03-31": "86.80000", "2007-12-31": "72.30000", "2007-09-30": "46.10000", "2007-06-30": "51.30000", "2007-03-31": "29.80000", "2006-12-31": "4.50000", "2006-09-30": "3.70000", "2006-06-30": "27.70000", "2006-03-31": "-16.20000", "2005-12-31": "-8.70000", "2005-09-30": "94.60000", "2005-06-30": "28.30000", "2005-03-31": "14.50000"}, "Income After Taxes": {"2020-09-30": "4.00000", "2020-06-30": "218.00000", "2020-03-31": "91.00000", "2019-12-31": "94.00000", "2019-09-30": "114.00000", "2019-06-30": "320.00000", "2019-03-31": "118.00000", "2018-12-31": "95.00000", "2018-09-30": "71.00000", "2018-06-30": "174.00000", "2018-03-31": "88.00000", "2017-12-31": "503.00000", "2017-09-30": "-68.00000", "2017-06-30": "24.00000", "2017-03-31": "-9.00000", "2016-12-31": "-288.00000", "2016-09-30": "", "2016-06-30": "83.00000", "2016-03-31": "47.00000", "2015-12-31": "36.00000", "2015-09-30": "4.00000", "2015-06-30": "401.00000", "2015-03-31": "221.00000", "2014-12-31": "244.10000", "2014-09-30": "130.00000", "2014-06-30": "323.00000", "2014-03-31": "716.90000", "2013-12-31": "338.00000", "2013-09-30": "236.70000", "2013-06-30": "519.80000", "2013-03-31": "428.70000", "2012-12-31": "346.00010", "2012-09-30": "434.20000", "2012-06-30": "651.10000", "2012-03-31": "434.00000", "2011-12-31": "495.30020", "2011-09-30": "365.70000", "2011-06-30": "534.00000", "2011-03-31": "324.10000", "2010-12-31": "215.70000", "2010-09-30": "60.40000", "2010-06-30": "131.80000", "2010-03-31": "6.10000", "2009-12-31": "57.60000", "2009-09-30": "59.40000", "2009-06-30": "248.90000", "2009-03-31": "83.70000", "2008-12-31": "243.20010", "2008-09-30": "78.00000", "2008-06-30": "300.50000", "2008-03-31": "175.60000", "2007-12-31": "189.10000", "2007-09-30": "86.50000", "2007-06-30": "93.60000", "2007-03-31": "57.20000", "2006-12-31": "8.00000", "2006-09-30": "7.30000", "2006-06-30": "42.60000", "2006-03-31": "-24.60000", "2005-12-31": "-10.00000", "2005-09-30": "-91.40000", "2005-06-30": "42.90000", "2005-03-31": "22.30000"}, "Other Income": {"2020-09-30": "", "2020-06-30": "", "2020-03-31": "", "2019-12-31": "", "2019-09-30": "", "2019-06-30": "", "2019-03-31": "", "2018-12-31": "", "2018-09-30": "", "2018-06-30": "", "2018-03-31": "", "2017-12-31": "", "2017-09-30": "", "2017-06-30": "", "2017-03-31": "", "2016-12-31": "", "2016-09-30": "", "2016-06-30": "", "2016-03-31": "", "2015-12-31": "", "2015-09-30": "", "2015-06-30": "", "2015-03-31": "", "2014-12-31": "", "2014-09-30": "", "2014-06-30": "", "2014-03-31": "", "2013-12-31": "", "2013-09-30": "", "2013-06-30": "", "2013-03-31": "", "2012-12-31": "", "2012-09-30": "", "2012-06-30": "", "2012-03-31": "", "2011-12-31": "", "2011-09-30": "", "2011-06-30": "", "2011-03-31": "", "2010-12-31": "", "2010-09-30": "", "2010-06-30": "", "2010-03-31": "", "2009-12-31": "", "2009-09-30": "", "2009-06-30": "", "2009-03-31": "", "2008-12-31": "", "2008-09-30": "", "2008-06-30": "", "2008-03-31": "", "2007-12-31": "", "2007-09-30": "", "2007-06-30": "", "2007-03-31": "", "2006-12-31": "", "2006-09-30": "", "2006-06-30": "", "2006-03-31": "", "2005-12-31": "", "2005-09-30": "", "2005-06-30": "", "2005-03-31": ""}, "Income From Continuous Operations": {"2020-09-30": "4.00000", "2020-06-30": "218.00000", "2020-03-31": "91.00000", "2019-12-31": "94.00000", "2019-09-30": "114.00000", "2019-06-30": "320.00000", "2019-03-31": "118.00000", "2018-12-31": "95.00000", "2018-09-30": "71.00000", "2018-06-30": "174.00000", "2018-03-31": "88.00000", "2017-12-31": "503.00000", "2017-09-30": "-68.00000", "2017-06-30": "24.00000", "2017-03-31": "-9.00000", "2016-12-31": "-288.00000", "2016-09-30": "", "2016-06-30": "83.00000", "2016-03-31": "47.00000", "2015-12-31": "36.00000", "2015-09-30": "97.00000", "2015-06-30": "365.00000", "2015-03-31": "236.00000", "2014-12-31": "251.30000", "2014-09-30": "140.60000", "2014-06-30": "324.70000", "2014-03-31": "720.40000", "2013-12-31": "341.39990", "2013-09-30": "243.90000", "2013-06-30": "518.10000", "2013-03-31": "429.40000", "2012-12-31": "355.30000", "2012-09-30": "458.10000", "2012-06-30": "678.30000", "2012-03-31": "431.70000", "2011-12-31": "502.20010", "2011-09-30": "382.40000", "2011-06-30": "543.80000", "2011-03-31": "332.60000", "2010-12-31": "226.70000", "2010-09-30": "71.20000", "2010-06-30": "136.60000", "2010-03-31": "6.20000", "2009-12-31": "57.30000", "2009-09-30": "60.00000", "2009-06-30": "248.20000", "2009-03-31": "83.00000", "2008-12-31": "239.90010", "2008-09-30": "76.60000", "2008-06-30": "307.70000", "2008-03-31": "177.30000", "2007-12-31": "190.00000", "2007-09-30": "86.50000", "2007-06-30": "93.60000", "2007-03-31": "57.20000", "2006-12-31": "8.00000", "2006-09-30": "7.30000", "2006-06-30": "42.60000", "2006-03-31": "-24.60000", "2005-12-31": "-10.00000", "2005-09-30": "-91.40000", "2005-06-30": "42.90000", "2005-03-31": "22.30000"}, "Income From Discontinued Operations": {"2020-09-30": "", "2020-06-30": "", "2020-03-31": "", "2019-12-31": "", "2019-09-30": "", "2019-06-30": "", "2019-03-31": "", "2018-12-31": "", "2018-09-30": "", "2018-06-30": "", "2018-03-31": "", "2017-12-31": "", "2017-09-30": "", "2017-06-30": "", "2017-03-31": "", "2016-12-31": "", "2016-09-30": "", "2016-06-30": "", "2016-03-31": "", "2015-12-31": "", "2015-09-30": "", "2015-06-30": "", "2015-03-31": "", "2014-12-31": "", "2014-09-30": "", "2014-06-30": "", "2014-03-31": "", "2013-12-31": "", "2013-09-30": "", "2013-06-30": "", "2013-03-31": "", "2012-12-31": "", "2012-09-30": "", "2012-06-30": "", "2012-03-31": "", "2011-12-31": "", "2011-09-30": "", "2011-06-30": "", "2011-03-31": "", "2010-12-31": "", "2010-09-30": "", "2010-06-30": "", "2010-03-31": "", "2009-12-31": "", "2009-09-30": "", "2009-06-30": "", "2009-03-31": "", "2008-12-31": "", "2008-09-30": "", "2008-06-30": "", "2008-03-31": "", "2007-12-31": "", "2007-09-30": "", "2007-06-30": "", "2007-03-31": "", "2006-12-31": "", "2006-09-30": "", "2006-06-30": "", "2006-03-31": "", "2005-12-31": "", "2005-09-30": "", "2005-06-30": "", "2005-03-31": ""}, "Net Income": {"2020-09-30": "-28.00000", "2020-06-30": "190.00000", "2020-03-31": "68.00000", "2019-12-31": "55.00000", "2019-09-30": "65.00000", "2019-06-30": "283.00000", "2019-03-31": "90.00000", "2018-12-31": "49.00000", "2018-09-30": "30.00000", "2018-06-30": "148.00000", "2018-03-31": "63.00000", "2017-12-31": "465.00000", "2017-09-30": "-87.00000", "2017-06-30": "3.00000", "2017-03-31": "-23.00000", "2016-12-31": "-320.00000", "2016-09-30": "-30.00000", "2016-06-30": "47.00000", "2016-03-31": "26.00000", "2015-12-31": "27.00000", "2015-09-30": "90.00000", "2015-06-30": "352.00000", "2015-03-31": "231.00000", "2014-12-31": "238.00000", "2014-09-30": "130.90000", "2014-06-30": "312.60000", "2014-03-31": "708.50000", "2013-12-31": "325.80000", "2013-09-30": "234.10000", "2013-06-30": "498.20000", "2013-03-31": "406.50000", "2012-12-31": "470.69990", "2012-09-30": "403.30000", "2012-06-30": "606.30000", "2012-03-31": "368.40000", "2011-12-31": "438.89990", "2011-09-30": "330.90000", "2011-06-30": "487.40000", "2011-03-31": "282.00000", "2010-12-31": "200.30000", "2010-09-30": "48.20000", "2010-06-30": "105.10000", "2010-03-31": "-4.40000", "2009-12-31": "51.40000", "2009-09-30": "38.50000", "2009-06-30": "213.00000", "2009-03-31": "62.70000", "2008-12-31": "190.10000", "2008-09-30": "47.10000", "2008-06-30": "288.60000", "2008-03-31": "158.80000", "2007-12-31": "135.40000", "2007-09-30": "86.50000", "2007-06-30": "93.60000", "2007-03-31": "57.20000", "2006-12-31": "8.00000", "2006-09-30": "7.30000", "2006-06-30": "42.60000", "2006-03-31": "-24.60000", "2005-12-31": "-12.80000", "2005-09-30": "-91.40000", "2005-06-30": "42.90000", "2005-03-31": "22.30000"}, "EBITDA": {"2020-09-30": "252.00000", "2020-06-30": "519.00000", "2020-03-31": "358.00000", "2019-12-31": "387.00000", "2019-09-30": "411.00000", "2019-06-30": "727.00000", "2019-03-31": "353.00000", "2018-12-31": "416.00000", "2018-09-30": "369.00000", "2018-06-30": "515.00000", "2018-03-31": "354.00000", "2017-12-31": "340.00000", "2017-09-30": "189.00000", "2017-06-30": "325.00000", "2017-03-31": "263.00000", "2016-12-31": "107.00000", "2016-09-30": "47.00000", "2016-06-30": "419.00000", "2016-03-31": "243.00000", "2015-12-31": "269.00000", "2015-09-30": "188.00000", "2015-06-30": "734.00000", "2015-03-31": "482.00000", "2014-12-31": "512.80020", "2014-09-30": "342.00000", "2014-06-30": "629.09990", "2014-03-31": "1275.10000", "2013-12-31": "661.60030", "2013-09-30": "485.49990", "2013-06-30": "940.30000", "2013-03-31": "734.90000", "2012-12-31": "717.19990", "2012-09-30": "766.80000", "2012-06-30": "1120.90000", "2012-03-31": "774.30000", "2011-12-31": "930.39980", "2011-09-30": "683.90000", "2011-06-30": "939.49990", "2011-03-31": "652.90000", "2010-12-31": "541.29940", "2010-09-30": "247.20000", "2010-06-30": "500.20010", "2010-03-31": "1.80000", "2009-12-31": "98.79990", "2009-09-30": "116.80000", "2009-06-30": "419.60000", "2009-03-31": "145.59990", "2008-12-31": "369.00000", "2008-09-30": "126.90000", "2008-06-30": "477.70000", "2008-03-31": "277.40000", "2007-12-31": "237.59990", "2007-09-30": "158.50000", "2007-06-30": "179.80000", "2007-03-31": "110.20000", "2006-12-31": "35.20000", "2006-09-30": "35.20000", "2006-06-30": "110.20010", "2006-03-31": "-14.70000", "2005-12-31": "-0.89990", "2005-09-30": "60.20000", "2005-06-30": "106.20000", "2005-03-31": "70.10000"}, "EBIT": {"2020-09-30": "40.00000", "2020-06-30": "280.00000", "2020-03-31": "147.00000", "2019-12-31": "175.00000", "2019-09-30": "188.00000", "2019-06-30": "475.00000", "2019-03-31": "165.00000", "2018-12-31": "195.00000", "2018-09-30": "136.00000", "2018-06-30": "274.00000", "2018-03-31": "161.00000", "2017-12-31": "105.00000", "2017-09-30": "-37.00000", "2017-06-30": "108.00000", "2017-03-31": "58.00000", "2016-12-31": "-96.00000", "2016-09-30": "-101.00000", "2016-06-30": "238.00000", "2016-03-31": "97.00000", "2015-12-31": "137.00000", "2015-09-30": "59.00000", "2015-06-30": "630.00000", "2015-03-31": "367.00000", "2014-12-31": "418.29990", "2014-09-30": "246.60000", "2014-06-30": "531.29990", "2014-03-31": "1169.80000", "2013-12-31": "564.80040", "2013-09-30": "385.40000", "2013-06-30": "833.70000", "2013-03-31": "627.80000", "2012-12-31": "616.09980", "2012-09-30": "667.10000", "2012-06-30": "1005.00000", "2012-03-31": "671.20000", "2011-12-31": "829.10000", "2011-09-30": "582.30000", "2011-06-30": "844.70000", "2011-03-31": "534.40000", "2010-12-31": "434.99960", "2010-09-30": "136.80000", "2010-06-30": "350.40010", "2010-03-31": "-26.50000", "2009-12-31": "71.10000", "2009-09-30": "89.80000", "2009-06-30": "395.20000", "2009-03-31": "123.70000", "2008-12-31": "343.90020", "2008-09-30": "102.60000", "2008-06-30": "452.10000", "2008-03-31": "251.60000", "2007-12-31": "214.20000", "2007-09-30": "137.90000", "2007-06-30": "159.40000", "2007-03-31": "90.10000", "2006-12-31": "10.90000", "2006-09-30": "12.30000", "2006-06-30": "85.30010", "2006-03-31": "-37.20000", "2005-12-31": "-21.99990", "2005-09-30": "37.00000", "2005-06-30": "79.60000", "2005-03-31": "43.50000"}, "Basic Shares Outstanding": {"2020-09-30": "213.90000", "2020-06-30": "214.50000", "2020-03-31": "216.00000", "2019-12-31": "220.20000", "2019-09-30": "219.00000", "2019-06-30": "221.10000", "2019-03-31": "223.40000", "2018-12-31": "232.60000", "2018-09-30": "233.50000", "2018-06-30": "234.00000", "2018-03-31": "233.90000", "2017-12-31": "233.50000", "2017-09-30": "233.20000", "2017-06-30": "233.50000", "2017-03-31": "233.10000", "2016-12-31": "233.10000", "2016-09-30": "233.10000", "2016-06-30": "233.30000", "2016-03-31": "233.20000", "2015-12-31": "235.30000", "2015-09-30": "233.10000", "2015-06-30": "235.20000", "2015-03-31": "239.70000", "2014-12-31": "255.90000", "2014-09-30": "248.40000", "2014-06-30": "255.30000", "2014-03-31": "274.00000", "2013-12-31": "294.40000", "2013-09-30": "286.50000", "2013-06-30": "295.50000", "2013-03-31": "311.50000", "2012-12-31": "319.50000", "2012-09-30": "314.00000", "2012-06-30": "321.50000", "2012-03-31": "327.50000", "2011-12-31": "347.00000", "2011-09-30": "347.00000", "2011-06-30": "358.00000", "2011-03-31": "356.50000", "2010-12-31": "323.50000", "2010-09-30": "355.50000", "2010-06-30": "337.00000", "2010-03-31": "243.00000", "2009-12-31": "242.50000", "2009-09-30": "242.50000", "2009-06-30": "242.00000", "2009-03-31": "242.00000", "2008-12-31": "277.00000", "2008-09-30": "283.50000", "2008-06-30": "282.00000", "2008-03-31": "281.50000", "2007-12-31": "278.50000", "2007-09-30": "278.00000", "2007-06-30": "277.00000", "2007-03-31": "275.50000", "2006-12-31": "275.00000", "2006-09-30": "275.00000", "2006-06-30": "275.00000", "2006-03-31": "275.00000", "2005-12-31": "275.00000", "2005-09-30": "275.00000", "2005-06-30": "275.00000", "2005-03-31": "275.00000"}, "Shares Outstanding": {"2020-09-30": "213.90000", "2020-06-30": "214.60000", "2020-03-31": "216.60000", "2019-12-31": "221.60000", "2019-09-30": "220.70000", "2019-06-30": "222.30000", "2019-03-31": "224.60000", "2018-12-31": "233.80000", "2018-09-30": "235.20000", "2018-06-30": "234.90000", "2018-03-31": "234.80000", "2017-12-31": "233.90000", "2017-09-30": "233.20000", "2017-06-30": "233.70000", "2017-03-31": "233.10000", "2016-12-31": "233.10000", "2016-09-30": "233.10000", "2016-06-30": "233.50000", "2016-03-31": "233.50000", "2015-12-31": "236.10000", "2015-09-30": "234.00000", "2015-06-30": "236.10000", "2015-03-31": "240.60000", "2014-12-31": "256.70000", "2014-09-30": "249.30000", "2014-06-30": "256.00000", "2014-03-31": "274.50000", "2013-12-31": "296.00000", "2013-09-30": "287.50000", "2013-06-30": "297.50000", "2013-03-31": "314.00000", "2012-12-31": "323.50000", "2012-09-30": "317.50000", "2012-06-30": "326.00000", "2012-03-31": "332.50000", "2011-12-31": "350.00000", "2011-09-30": "349.50000", "2011-06-30": "361.00000", "2011-03-31": "360.50000", "2010-12-31": "327.00000", "2010-09-30": "359.50000", "2010-06-30": "341.00000", "2010-03-31": "243.00000", "2009-12-31": "246.00000", "2009-09-30": "246.50000", "2009-06-30": "246.00000", "2009-03-31": "245.50000", "2008-12-31": "282.00000", "2008-09-30": "288.50000", "2008-06-30": "288.00000", "2008-03-31": "287.50000", "2007-12-31": "284.00000", "2007-09-30": "284.50000", "2007-06-30": "283.00000", "2007-03-31": "281.00000", "2006-12-31": "275.50000", "2006-09-30": "275.00000", "2006-06-30": "275.00000", "2006-03-31": "275.00000", "2005-12-31": "275.00000", "2005-09-30": "275.00000", "2005-06-30": "275.00000", "2005-03-31": "275.00000"}, "Basic EPS": {"2020-09-30": "-0.13000", "2020-06-30": "0.89000", "2020-03-31": "0.31000", "2019-12-31": "0.27000", "2019-09-30": "0.29000", "2019-06-30": "1.28000", "2019-03-31": "0.40000", "2018-12-31": "0.22000", "2018-09-30": "0.13000", "2018-06-30": "0.63000", "2018-03-31": "0.27000", "2017-12-31": "1.99000", "2017-09-30": "-0.37000", "2017-06-30": "0.01000", "2017-03-31": "-0.10000", "2016-12-31": "-1.37000", "2016-09-30": "-0.13000", "2016-06-30": "0.20000", "2016-03-31": "0.11000", "2015-12-31": "0.12000", "2015-09-30": "0.39000", "2015-06-30": "1.50000", "2015-03-31": "0.96000", "2014-12-31": "1.09200", "2014-09-30": "0.53000", "2014-06-30": "1.22000", "2014-03-31": "2.58800", "2013-12-31": "1.16000", "2013-09-30": "0.81800", "2013-06-30": "1.68600", "2013-03-31": "1.30600", "2012-12-31": "1.49400", "2012-09-30": "1.28600", "2012-06-30": "1.88400", "2012-03-31": "1.12400", "2011-12-31": "1.33000", "2011-09-30": "0.95400", "2011-06-30": "1.36200", "2011-03-31": "0.79000", "2010-12-31": "0.65000", "2010-09-30": "0.13600", "2010-06-30": "0.31200", "2010-03-31": "-0.01800", "2009-12-31": "0.21200", "2009-09-30": "0.15800", "2009-06-30": "0.88000", "2009-03-31": "0.25800", "2008-12-31": "0.71800", "2008-09-30": "0.16600", "2008-06-30": "1.02200", "2008-03-31": "0.56400", "2007-12-31": "0.48400", "2007-09-30": "0.31000", "2007-06-30": "0.33800", "2007-03-31": "0.20800", "2006-12-31": "0.03000", "2006-09-30": "0.02600", "2006-06-30": "0.15400", "2006-03-31": "-0.09000", "2005-12-31": "-0.04800", "2005-09-30": "-0.33200", "2005-06-30": "0.15600", "2005-03-31": "0.08200"}, "EPS - Earnings Per Share": {"2020-09-30": "-0.13000", "2020-06-30": "0.89000", "2020-03-31": "0.31000", "2019-12-31": "0.26000", "2019-09-30": "0.29000", "2019-06-30": "1.28000", "2019-03-31": "0.40000", "2018-12-31": "0.21000", "2018-09-30": "0.13000", "2018-06-30": "0.63000", "2018-03-31": "0.27000", "2017-12-31": "1.99000", "2017-09-30": "-0.37000", "2017-06-30": "0.01000", "2017-03-31": "-0.10000", "2016-12-31": "-1.37000", "2016-09-30": "-0.13000", "2016-06-30": "0.20000", "2016-03-31": "0.11000", "2015-12-31": "0.12000", "2015-09-30": "0.39000", "2015-06-30": "1.49000", "2015-03-31": "0.96000", "2014-12-31": "1.10000", "2014-09-30": "0.52000", "2014-06-30": "1.22000", "2014-03-31": "2.58000", "2013-12-31": "1.16600", "2013-09-30": "0.81400", "2013-06-30": "1.67600", "2013-03-31": "1.29400", "2012-12-31": "1.47800", "2012-09-30": "1.27000", "2012-06-30": "1.86200", "2012-03-31": "1.10800", "2011-12-31": "1.31800", "2011-09-30": "0.94600", "2011-06-30": "1.35000", "2011-03-31": "0.78200", "2010-12-31": "0.64400", "2010-09-30": "0.13400", "2010-06-30": "0.30800", "2010-03-31": "-0.01800", "2009-12-31": "0.20600", "2009-09-30": "0.15600", "2009-06-30": "0.86600", "2009-03-31": "0.25600", "2008-12-31": "0.70800", "2008-09-30": "0.16400", "2008-06-30": "1.00200", "2008-03-31": "0.55200", "2007-12-31": "0.47400", "2007-09-30": "0.30400", "2007-06-30": "0.33000", "2007-03-31": "0.20400", "2006-12-31": "0.03000", "2006-09-30": "0.02600", "2006-06-30": "0.15400", "2006-03-31": "-0.09000", "2005-12-31": "-0.04800", "2005-09-30": "-0.33200", "2005-06-30": "0.15600", "2005-03-31": "0.08200"}}, "balance sheet": {"Cash On Hand": {"2019-12-31": "287.00000", "2018-12-31": "682.00000", "2017-12-31": "835.00000", "2016-12-31": "1169.00000", "2015-12-31": "309.00000", "2014-12-31": "2082.70000", "2013-12-31": "1864.80000", "2012-12-31": "2274.90000", "2011-12-31": "1207.00000", "2010-12-31": "800.80000", "2009-12-31": "882.10000", "2008-12-31": "625.00000", "2007-12-31": "861.00000", "2006-12-31": "325.60000", "2005-12-31": "216.70000"}, "Receivables": {"2019-12-31": "242.00000", "2018-12-31": "235.00000", "2017-12-31": "307.00000", "2016-12-31": "236.00000", "2015-12-31": "267.00000", "2014-12-31": "191.50000", "2013-12-31": "230.90000", "2012-12-31": "217.40000", "2011-12-31": "269.40000", "2010-12-31": "238.90000", "2009-12-31": "167.40000", "2008-12-31": "175.10000", "2007-12-31": "148.70000", "2006-12-31": "113.90000", "2005-12-31": "53.90000"}, "Inventory": {"2019-12-31": "351.00000", "2018-12-31": "309.00000", "2017-12-31": "275.00000", "2016-12-31": "339.00000", "2015-12-31": "321.00000", "2014-12-31": "202.90000", "2013-12-31": "274.30000", "2012-12-31": "277.90000", "2011-12-31": "304.20000", "2010-12-31": "270.30000", "2009-12-31": "207.80000", "2008-12-31": "588.60000", "2007-12-31": "231.70000", "2006-12-31": "176.10000", "2005-12-31": "227.70000"}, "Pre-Paid Expenses": {"2019-12-31": "71.00000", "2018-12-31": "28.00000", "2017-12-31": "33.00000", "2016-12-31": "841.00000", "2015-12-31": "185.00000", "2014-12-31": "34.80000", "2013-12-31": "33.40000", "2012-12-31": "0.00000", "2011-12-31": "", "2010-12-31": "", "2009-12-31": "14.70000", "2008-12-31": "26.30000", "2007-12-31": "", "2006-12-31": "", "2005-12-31": ""}, "Other Current Assets": {"2019-12-31": "23.00000", "2018-12-31": "20.00000", "2017-12-31": "15.00000", "2016-12-31": "70.00000", "2015-12-31": "45.00000", "2014-12-31": "18.60000", "2013-12-31": "166.70000", "2012-12-31": "27.90000", "2011-12-31": "18.00000", "2010-12-31": "31.40000", "2009-12-31": "11.10000", "2008-12-31": "18.20000", "2007-12-31": "37.70000", "2006-12-31": "17.50000", "2005-12-31": "54.40000"}, "Total Current Assets": {"2019-12-31": "974.00000", "2018-12-31": "1274.00000", "2017-12-31": "1465.00000", "2016-12-31": "2655.00000", "2015-12-31": "1127.00000", "2014-12-31": "2530.50000", "2013-12-31": "2630.10000", "2012-12-31": "2807.60000", "2011-12-31": "1798.60000", "2010-12-31": "1341.40000", "2009-12-31": "1283.10000", "2008-12-31": "1433.20000", "2007-12-31": "1279.10000", "2006-12-31": "633.10000", "2005-12-31": "552.70000"}, "Property, Plant, And Equipment": {"2019-12-31": "8170.00000", "2018-12-31": "8623.00000", "2017-12-31": "9175.00000", "2016-12-31": "9652.00000", "2015-12-31": "8539.00000", "2014-12-31": "5525.80000", "2013-12-31": "4101.70000", "2012-12-31": "3900.50000", "2011-12-31": "3736.00000", "2010-12-31": "3942.30000", "2009-12-31": "793.80000", "2008-12-31": "661.90000", "2007-12-31": "623.60000", "2006-12-31": "597.00000", "2005-12-31": "630.10000"}, "Long-Term Investments": {"2019-12-31": "88.00000", "2018-12-31": "93.00000", "2017-12-31": "108.00000", "2016-12-31": "139.00000", "2015-12-31": "298.00000", "2014-12-31": "861.50000", "2013-12-31": "926.00000", "2012-12-31": "935.60000", "2011-12-31": "928.60000", "2010-12-31": "1079.90000", "2009-12-31": "339.70000", "2008-12-31": "222.60000", "2007-12-31": "41.60000", "2006-12-31": "", "2005-12-31": ""}, "Goodwill And Intangible Assets": {"2019-12-31": "2365.00000", "2018-12-31": "2353.00000", "2017-12-31": "2371.00000", "2016-12-31": "2345.00000", "2015-12-31": "2390.00000", "2014-12-31": "2092.80000", "2013-12-31": "2095.80000", "2012-12-31": "2064.50000", "2011-12-31": "2064.50000", "2010-12-31": "2064.50000", "2009-12-31": "0.90000", "2008-12-31": "0.90000", "2007-12-31": "0.90000", "2006-12-31": "0.90000", "2005-12-31": "0.90000"}, "Other Long-Term Assets": {"2019-12-31": "295.00000", "2018-12-31": "318.00000", "2017-12-31": "344.00000", "2016-12-31": "340.00000", "2015-12-31": "329.00000", "2014-12-31": "243.60000", "2013-12-31": "245.50000", "2012-12-31": "257.90000", "2011-12-31": "301.40000", "2010-12-31": "230.90000", "2009-12-31": "40.90000", "2008-12-31": "40.20000", "2007-12-31": "45.40000", "2006-12-31": "46.20000", "2005-12-31": "44.40000"}, "Total Long-Term Assets": {"2019-12-31": "11198.00000", "2018-12-31": "11387.00000", "2017-12-31": "11998.00000", "2016-12-31": "12476.00000", "2015-12-31": "11556.00000", "2014-12-31": "8723.69900", "2013-12-31": "8048.00000", "2012-12-31": "7359.30000", "2011-12-31": "7175.90000", "2010-12-31": "7412.60000", "2009-12-31": "1211.80000", "2008-12-31": "954.40000", "2007-12-31": "733.40000", "2006-12-31": "657.30000", "2005-12-31": "675.40000"}, "Total Assets": {"2019-12-31": "12172.00000", "2018-12-31": "12661.00000", "2017-12-31": "13463.00000", "2016-12-31": "15131.00000", "2015-12-31": "12683.00000", "2014-12-31": "11254.20000", "2013-12-31": "10678.10000", "2012-12-31": "10166.90000", "2011-12-31": "8974.50000", "2010-12-31": "8754.00000", "2009-12-31": "2494.90000", "2008-12-31": "2387.60000", "2007-12-31": "2012.50000", "2006-12-31": "1290.40000", "2005-12-31": "1228.10000"}, "Total Current Liabilities": {"2019-12-31": "665.00000", "2018-12-31": "705.00000", "2017-12-31": "580.00000", "2016-12-31": "686.00000", "2015-12-31": "1215.00000", "2014-12-31": "979.70000", "2013-12-31": "828.30000", "2012-12-31": "950.20000", "2011-12-31": "1031.20000", "2010-12-31": "948.60000", "2009-12-31": "479.80000", "2008-12-31": "818.10000", "2007-12-31": "629.30000", "2006-12-31": "353.40000", "2005-12-31": "341.10000"}, "Long Term Debt": {"2019-12-31": "3957.00000", "2018-12-31": "4698.00000", "2017-12-31": "4692.00000", "2016-12-31": "5778.00000", "2015-12-31": "5537.00000", "2014-12-31": "4592.50000", "2013-12-31": "3098.10000", "2012-12-31": "1600.00000", "2011-12-31": "1617.80000", "2010-12-31": "1954.10000", "2009-12-31": "4.70000", "2008-12-31": "", "2007-12-31": "4.90000", "2006-12-31": "4.20000", "2005-12-31": "4.20000"}, "Other Non-Current Liabilities": {"2019-12-31": "474.00000", "2018-12-31": "410.00000", "2017-12-31": "460.00000", "2016-12-31": "545.00000", "2015-12-31": "628.00000", "2014-12-31": "374.90000", "2013-12-31": "325.60000", "2012-12-31": "395.70000", "2011-12-31": "435.80000", "2010-12-31": "343.20000", "2009-12-31": "197.20000", "2008-12-31": "212.60000", "2007-12-31": "141.90000", "2006-12-31": "152.20000", "2005-12-31": "104.90000"}, "Total Long Term Liabilities": {"2019-12-31": "5870.00000", "2018-12-31": "6225.00000", "2017-12-31": "6199.00000", "2016-12-31": "7953.00000", "2015-12-31": "7081.00000", "2014-12-31": "5702.00000", "2013-12-31": "4411.40000", "2012-12-31": "2934.50000", "2011-12-31": "3010.40000", "2010-12-31": "3372.00000", "2009-12-31": "270.20000", "2008-12-31": "218.80000", "2007-12-31": "196.20000", "2006-12-31": "170.00000", "2005-12-31": "131.10000"}, "Total Liabilities": {"2019-12-31": "6535.00000", "2018-12-31": "6930.00000", "2017-12-31": "6779.00000", "2016-12-31": "8639.00000", "2015-12-31": "8296.00000", "2014-12-31": "6681.70000", "2013-12-31": "5239.70000", "2012-12-31": "3884.70000", "2011-12-31": "4041.60000", "2010-12-31": "4320.60000", "2009-12-31": "750.00000", "2008-12-31": "1036.90000", "2007-12-31": "825.50000", "2006-12-31": "523.40000", "2005-12-31": "472.20000"}, "Common Stock Net": {"2019-12-31": "2.00000", "2018-12-31": "2.00000", "2017-12-31": "2.00000", "2016-12-31": "2.00000", "2015-12-31": "2.00000", "2014-12-31": "2.50000", "2013-12-31": "0.60000", "2012-12-31": "0.60000", "2011-12-31": "0.70000", "2010-12-31": "0.70000", "2009-12-31": "0.50000", "2008-12-31": "0.50000", "2007-12-31": "0.60000", "2006-12-31": "0.60000", "2005-12-31": "0.60000"}, "Retained Earnings (Accumulated Deficit)": {"2019-12-31": "1958.00000", "2018-12-31": "2463.00000", "2017-12-31": "2443.00000", "2016-12-31": "2365.00000", "2015-12-31": "3058.00000", "2014-12-31": "3175.30000", "2013-12-31": "3725.60000", "2012-12-31": "3461.10000", "2011-12-31": "2841.00000", "2010-12-31": "1370.80000", "2009-12-31": "1048.10000", "2008-12-31": "703.40000", "2007-12-31": "416.80000", "2006-12-31": "48.60000", "2005-12-31": "19.70000"}, "Comprehensive Income": {"2019-12-31": "-366.00000", "2018-12-31": "-371.00000", "2017-12-31": "-263.00000", "2016-12-31": "-398.00000", "2015-12-31": "-250.00000", "2014-12-31": "-159.80000", "2013-12-31": "-42.60000", "2012-12-31": "-49.60000", "2011-12-31": "-99.30000", "2010-12-31": "-53.30000", "2009-12-31": "-43.20000", "2008-12-31": "-75.20000", "2007-12-31": "-21.20000", "2006-12-31": "-33.40000", "2005-12-31": "-7.40000"}, "Other Share Holders Equity": {"2019-12-31": "", "2018-12-31": "", "2017-12-31": "", "2016-12-31": "", "2015-12-31": "", "2014-12-31": "", "2013-12-31": "", "2012-12-31": "", "2011-12-31": "", "2010-12-31": "", "2009-12-31": "", "2008-12-31": "", "2007-12-31": "", "2006-12-31": "", "2005-12-31": ""}, "Share Holder Equity": {"2019-12-31": "5637.00000", "2018-12-31": "5731.00000", "2017-12-31": "6684.00000", "2016-12-31": "6492.00000", "2015-12-31": "4387.00000", "2014-12-31": "4572.50000", "2013-12-31": "5438.40000", "2012-12-31": "6282.20000", "2011-12-31": "4932.90000", "2010-12-31": "4433.40000", "2009-12-31": "1744.90000", "2008-12-31": "1350.70000", "2007-12-31": "1187.00000", "2006-12-31": "767.00000", "2005-12-31": "755.90000"}, "Total Liabilities And Share Holders Equity": {"2019-12-31": "12172.00000", "2018-12-31": "12661.00000", "2017-12-31": "13463.00000", "2016-12-31": "15131.00000", "2015-12-31": "12683.00000", "2014-12-31": "11254.20000", "2013-12-31": "10678.10000", "2012-12-31": "10166.90000", "2011-12-31": "8974.50000", "2010-12-31": "8754.00000", "2009-12-31": "2494.90000", "2008-12-31": "2387.60000", "2007-12-31": "2012.50000", "2006-12-31": "1290.40000", "2005-12-31": "1228.10000"}}, "balance sheet, quarterly": {"Cash On Hand": {"2020-09-30": "553.00000", "2020-06-30": "563.00000", "2020-03-31": "753.00000", "2019-12-31": "287.00000", "2019-09-30": "1019.00000", "2019-06-30": "858.00000", "2019-03-31": "671.00000", "2018-12-31": "682.00000", "2018-09-30": "1022.00000", "2018-06-30": "728.00000", "2018-03-31": "936.00000", "2017-12-31": "835.00000", "2017-09-30": "1992.00000", "2017-06-30": "2005.00000", "2017-03-31": "1316.00000", "2016-12-31": "1169.00000", "2016-09-30": "1561.00000", "2016-06-30": "2015.00000", "2016-03-31": "2701.00000", "2015-12-31": "309.00000", "2015-09-30": "969.10000", "2015-06-30": "863.90000", "2015-03-31": "1842.10000", "2014-12-31": "2082.70000", "2014-09-30": "2796.80000", "2014-06-30": "2839.10000", "2014-03-31": "4183.50000", "2013-12-31": "1864.80000", "2013-09-30": "2397.60000", "2013-06-30": "2008.30000", "2013-03-31": "2210.30000", "2012-12-31": "2274.90000", "2012-09-30": "2221.30000", "2012-06-30": "1383.00000", "2012-03-31": "1713.30000", "2011-12-31": "1207.00000", "2011-09-30": "1426.10000", "2011-06-30": "1358.80000", "2011-03-31": "1137.30000", "2010-12-31": "800.80000", "2010-09-30": "648.40000", "2010-06-30": "601.40000", "2010-03-31": "1035.70000", "2009-12-31": "882.10000", "2009-09-30": "702.60000", "2009-06-30": "921.20000", "2009-03-31": "839.00000", "2008-12-31": "625.00000", "2008-09-30": "1152.20000", "2008-06-30": "1044.50000", "2008-03-31": "852.00000", "2007-12-31": "861.00000", "2007-09-30": "730.40000", "2007-06-30": "565.60000", "2007-03-31": "490.80000", "2006-12-31": "325.60000", "2006-09-30": "305.40000", "2006-06-30": "228.00000", "2006-03-31": "196.30000", "2005-12-31": "216.70000", "2005-09-30": "317.47600", "2005-06-30": "", "2005-03-31": ""}, "Receivables": {"2020-09-30": "234.00000", "2020-06-30": "250.00000", "2020-03-31": "251.00000", "2019-12-31": "242.00000", "2019-09-30": "311.00000", "2019-06-30": "313.00000", "2019-03-31": "264.00000", "2018-12-31": "235.00000", "2018-09-30": "273.00000", "2018-06-30": "338.00000", "2018-03-31": "247.00000", "2017-12-31": "307.00000", "2017-09-30": "279.00000", "2017-06-30": "282.00000", "2017-03-31": "252.00000", "2016-12-31": "236.00000", "2016-09-30": "207.00000", "2016-06-30": "239.00000", "2016-03-31": "262.00000", "2015-12-31": "267.00000", "2015-09-30": "251.90000", "2015-06-30": "194.90000", "2015-03-31": "167.10000", "2014-12-31": "191.50000", "2014-09-30": "156.90000", "2014-06-30": "258.30000", "2014-03-31": "215.70000", "2013-12-31": "230.90000", "2013-09-30": "186.90000", "2013-06-30": "294.30000", "2013-03-31": "242.70000", "2012-12-31": "217.40000", "2012-09-30": "340.90000", "2012-06-30": "360.20000", "2012-03-31": "464.90000", "2011-12-31": "269.40000", "2011-09-30": "268.60000", "2011-06-30": "424.50000", "2011-03-31": "260.30000", "2010-12-31": "238.90000", "2010-09-30": "228.80000", "2010-06-30": "347.40000", "2010-03-31": "197.50000", "2009-12-31": "167.40000", "2009-09-30": "143.30000", "2009-06-30": "137.90000", "2009-03-31": "185.40000", "2008-12-31": "175.10000", "2008-09-30": "154.00000", "2008-06-30": "175.30000", "2008-03-31": "154.20000", "2007-12-31": "148.70000", "2007-09-30": "149.70000", "2007-06-30": "158.00000", "2007-03-31": "118.50000", "2006-12-31": "113.90000", "2006-09-30": "86.50000", "2006-06-30": "85.00000", "2006-03-31": "70.90000", "2005-12-31": "53.90000", "2005-09-30": "60.48600", "2005-06-30": "", "2005-03-31": ""}, "Inventory": {"2020-09-30": "298.00000", "2020-06-30": "273.00000", "2020-03-31": "379.00000", "2019-12-31": "351.00000", "2019-09-30": "296.00000", "2019-06-30": "290.00000", "2019-03-31": "446.00000", "2018-12-31": "309.00000", "2018-09-30": "264.00000", "2018-06-30": "257.00000", "2018-03-31": "401.00000", "2017-12-31": "275.00000", "2017-09-30": "316.00000", "2017-06-30": "325.00000", "2017-03-31": "364.00000", "2016-12-31": "339.00000", "2016-09-30": "312.00000", "2016-06-30": "231.00000", "2016-03-31": "304.00000", "2015-12-31": "321.00000", "2015-09-30": "329.80000", "2015-06-30": "205.30000", "2015-03-31": "267.70000", "2014-12-31": "202.90000", "2014-09-30": "254.80000", "2014-06-30": "205.00000", "2014-03-31": "384.40000", "2013-12-31": "274.30000", "2013-09-30": "357.40000", "2013-06-30": "321.00000", "2013-03-31": "385.80000", "2012-12-31": "277.90000", "2012-09-30": "310.00000", "2012-06-30": "229.60000", "2012-03-31": "265.50000", "2011-12-31": "304.20000", "2011-09-30": "341.60000", "2011-06-30": "277.00000", "2011-03-31": "395.20000", "2010-12-31": "270.30000", "2010-09-30": "271.10000", "2010-06-30": "287.30000", "2010-03-31": "287.20000", "2009-12-31": "207.80000", "2009-09-30": "219.60000", "2009-06-30": "213.90000", "2009-03-31": "460.10000", "2008-12-31": "588.60000", "2008-09-30": "617.20000", "2008-06-30": "368.80000", "2008-03-31": "444.50000", "2007-12-31": "231.70000", "2007-09-30": "236.70000", "2007-06-30": "180.10000", "2007-03-31": "303.70000", "2006-12-31": "176.10000", "2006-09-30": "241.40000", "2006-06-30": "202.60000", "2006-03-31": "331.30000", "2005-12-31": "227.70000", "2005-09-30": "215.81600", "2005-06-30": "", "2005-03-31": ""}, "Pre-Paid Expenses": {"2020-09-30": "53.00000", "2020-06-30": "20.00000", "2020-03-31": "78.00000", "2019-12-31": "71.00000", "2019-09-30": "17.00000", "2019-06-30": "1.00000", "2019-03-31": "1.00000", "2018-12-31": "28.00000", "2018-09-30": "17.00000", "2018-06-30": "1.00000", "2018-03-31": "55.00000", "2017-12-31": "33.00000", "2017-09-30": "42.00000", "2017-06-30": "34.00000", "2017-03-31": "844.00000", "2016-12-31": "841.00000", "2016-09-30": "830.00000", "2016-06-30": "855.00000", "2016-03-31": "207.00000", "2015-12-31": "185.00000", "2015-09-30": "111.00000", "2015-06-30": "14.70000", "2015-03-31": "27.70000", "2014-12-31": "34.80000", "2014-09-30": "43.50000", "2014-06-30": "0.00000", "2014-03-31": "0.00000", "2013-12-31": "33.40000", "2013-09-30": "35.80000", "2013-06-30": "24.50000", "2013-03-31": "", "2012-12-31": "", "2012-09-30": "118.10000", "2012-06-30": "", "2012-03-31": "", "2011-12-31": "", "2011-09-30": "", "2011-06-30": "", "2011-03-31": "", "2010-12-31": "", "2010-09-30": "28.60000", "2010-06-30": "7.60000", "2010-03-31": "23.00000", "2009-12-31": "14.70000", "2009-09-30": "", "2009-06-30": "", "2009-03-31": "", "2008-12-31": "26.30000", "2008-09-30": "81.70000", "2008-06-30": "", "2008-03-31": "", "2007-12-31": "", "2007-09-30": "", "2007-06-30": "", "2007-03-31": "", "2006-12-31": "", "2006-09-30": "", "2006-06-30": "", "2006-03-31": "", "2005-12-31": "", "2005-09-30": "", "2005-06-30": "", "2005-03-31": ""}, "Other Current Assets": {"2020-09-30": "33.00000", "2020-06-30": "30.00000", "2020-03-31": "19.00000", "2019-12-31": "23.00000", "2019-09-30": "26.00000", "2019-06-30": "26.00000", "2019-03-31": "30.00000", "2018-12-31": "20.00000", "2018-09-30": "21.00000", "2018-06-30": "24.00000", "2018-03-31": "21.00000", "2017-12-31": "15.00000", "2017-09-30": "22.00000", "2017-06-30": "29.00000", "2017-03-31": "29.00000", "2016-12-31": "70.00000", "2016-09-30": "21.00000", "2016-06-30": "34.00000", "2016-03-31": "46.00000", "2015-12-31": "45.00000", "2015-09-30": "34.60000", "2015-06-30": "33.80000", "2015-03-31": "20.00000", "2014-12-31": "18.60000", "2014-09-30": "46.90000", "2014-06-30": "50.80000", "2014-03-31": "82.90000", "2013-12-31": "166.70000", "2013-09-30": "37.90000", "2013-06-30": "26.50000", "2013-03-31": "30.40000", "2012-12-31": "27.90000", "2012-09-30": "24.90000", "2012-06-30": "23.90000", "2012-03-31": "14.70000", "2011-12-31": "18.00000", "2011-09-30": "21.60000", "2011-06-30": "20.10000", "2011-03-31": "16.00000", "2010-12-31": "31.40000", "2010-09-30": "22.10000", "2010-06-30": "23.70000", "2010-03-31": "6.40000", "2009-12-31": "11.10000", "2009-09-30": "19.30000", "2009-06-30": "11.40000", "2009-03-31": "10.50000", "2008-12-31": "18.20000", "2008-09-30": "35.80000", "2008-06-30": "182.20000", "2008-03-31": "65.80000", "2007-12-31": "37.70000", "2007-09-30": "22.00000", "2007-06-30": "19.60000", "2007-03-31": "23.70000", "2006-12-31": "17.50000", "2006-09-30": "22.00000", "2006-06-30": "25.20000", "2006-03-31": "43.90000", "2005-12-31": "54.40000", "2005-09-30": "93.87800", "2005-06-30": "", "2005-03-31": ""}, "Total Current Assets": {"2020-09-30": "1171.00000", "2020-06-30": "1136.00000", "2020-03-31": "1480.00000", "2019-12-31": "974.00000", "2019-09-30": "1669.00000", "2019-06-30": "1488.00000", "2019-03-31": "1412.00000", "2018-12-31": "1274.00000", "2018-09-30": "1597.00000", "2018-06-30": "1348.00000", "2018-03-31": "1660.00000", "2017-12-31": "1465.00000", "2017-09-30": "2651.00000", "2017-06-30": "2675.00000", "2017-03-31": "2805.00000", "2016-12-31": "2655.00000", "2016-09-30": "2931.00000", "2016-06-30": "3374.00000", "2016-03-31": "3520.00000", "2015-12-31": "1127.00000", "2015-09-30": "1764.20000", "2015-06-30": "1366.40000", "2015-03-31": "2379.70000", "2014-12-31": "2530.50000", "2014-09-30": "3338.70000", "2014-06-30": "3405.70000", "2014-03-31": "4911.10000", "2013-12-31": "2630.10000", "2013-09-30": "3059.70000", "2013-06-30": "2719.50000", "2013-03-31": "2907.70000", "2012-12-31": "2807.60000", "2012-09-30": "3015.20000", "2012-06-30": "1996.70000", "2012-03-31": "2458.40000", "2011-12-31": "1798.60000", "2011-09-30": "2057.90000", "2011-06-30": "2080.40000", "2011-03-31": "1808.80000", "2010-12-31": "1341.40000", "2010-09-30": "1199.00000", "2010-06-30": "1267.40000", "2010-03-31": "1549.80000", "2009-12-31": "1283.10000", "2009-09-30": "1084.80000", "2009-06-30": "1284.40000", "2009-03-31": "1495.00000", "2008-12-31": "1433.20000", "2008-09-30": "2041.50000", "2008-06-30": "1770.80000", "2008-03-31": "1516.50000", "2007-12-31": "1279.10000", "2007-09-30": "1138.80000", "2007-06-30": "923.30000", "2007-03-31": "936.70000", "2006-12-31": "633.10000", "2006-09-30": "655.30000", "2006-06-30": "540.80000", "2006-03-31": "642.40000", "2005-12-31": "552.70000", "2005-09-30": "687.65600", "2005-06-30": "", "2005-03-31": ""}, "Property, Plant, And Equipment": {"2020-09-30": "7724.00000", "2020-06-30": "7791.00000", "2020-03-31": "7938.00000", "2019-12-31": "8170.00000", "2019-09-30": "8247.00000", "2019-06-30": "8336.00000", "2019-03-31": "8471.00000", "2018-12-31": "8623.00000", "2018-09-30": "8772.00000", "2018-06-30": "8841.00000", "2018-03-31": "9031.00000", "2017-12-31": "9175.00000", "2017-09-30": "9372.00000", "2017-06-30": "9441.00000", "2017-03-31": "9552.00000", "2016-12-31": "9652.00000", "2016-09-30": "9725.00000", "2016-06-30": "9413.00000", "2016-03-31": "9052.00000", "2015-12-31": "8539.00000", "2015-09-30": "7939.60000", "2015-06-30": "6465.60000", "2015-03-31": "5925.00000", "2014-12-31": "5525.80000", "2014-09-30": "5050.20000", "2014-06-30": "4605.10000", "2014-03-31": "4281.90000", "2013-12-31": "4101.70000", "2013-09-30": "4250.00000", "2013-06-30": "4086.50000", "2013-03-31": "3938.10000", "2012-12-31": "3900.50000", "2012-09-30": "3721.80000", "2012-06-30": "3700.80000", "2012-03-31": "3712.50000", "2011-12-31": "3736.00000", "2011-09-30": "3739.30000", "2011-06-30": "3869.50000", "2011-03-31": "3924.10000", "2010-12-31": "3942.30000", "2010-09-30": "3928.80000", "2010-06-30": "3907.60000", "2010-03-31": "789.70000", "2009-12-31": "793.80000", "2009-09-30": "766.90000", "2009-06-30": "738.50000", "2009-03-31": "706.40000", "2008-12-31": "661.90000", "2008-09-30": "665.10000", "2008-06-30": "649.30000", "2008-03-31": "636.40000", "2007-12-31": "623.60000", "2007-09-30": "618.40000", "2007-06-30": "596.00000", "2007-03-31": "593.90000", "2006-12-31": "597.00000", "2006-09-30": "603.20000", "2006-06-30": "608.40000", "2006-03-31": "619.20000", "2005-12-31": "630.10000", "2005-09-30": "627.42800", "2005-06-30": "", "2005-03-31": ""}, "Long-Term Investments": {"2020-09-30": "86.00000", "2020-06-30": "94.00000", "2020-03-31": "91.00000", "2019-12-31": "88.00000", "2019-09-30": "87.00000", "2019-06-30": "101.00000", "2019-03-31": "100.00000", "2018-12-31": "93.00000", "2018-09-30": "96.00000", "2018-06-30": "94.00000", "2018-03-31": "100.00000", "2017-12-31": "108.00000", "2017-09-30": "109.00000", "2017-06-30": "120.00000", "2017-03-31": "141.00000", "2016-12-31": "139.00000", "2016-09-30": "287.00000", "2016-06-30": "289.00000", "2016-03-31": "298.00000", "2015-12-31": "298.00000", "2015-09-30": "359.80000", "2015-06-30": "808.70000", "2015-03-31": "853.50000", "2014-12-31": "861.50000", "2014-09-30": "925.20000", "2014-06-30": "943.00000", "2014-03-31": "933.50000", "2013-12-31": "926.00000", "2013-09-30": "931.80000", "2013-06-30": "898.60000", "2013-03-31": "905.80000", "2012-12-31": "935.60000", "2012-09-30": "991.90000", "2012-06-30": "999.80000", "2012-03-31": "1005.80000", "2011-12-31": "928.60000", "2011-09-30": "1057.00000", "2011-06-30": "1085.30000", "2011-03-31": "1084.40000", "2010-12-31": "1079.90000", "2010-09-30": "1110.90000", "2010-06-30": "1064.70000", "2010-03-31": "178.60000", "2009-12-31": "339.70000", "2009-09-30": "428.10000", "2009-06-30": "180.00000", "2009-03-31": "211.60000", "2008-12-31": "222.60000", "2008-09-30": "239.50000", "2008-06-30": "275.40000", "2008-03-31": "305.10000", "2007-12-31": "41.60000", "2007-09-30": "", "2007-06-30": "", "2007-03-31": "", "2006-12-31": "", "2006-09-30": "", "2006-06-30": "", "2006-03-31": "", "2005-12-31": "", "2005-09-30": "", "2005-06-30": "", "2005-03-31": ""}, "Goodwill And Intangible Assets": {"2020-09-30": "2357.00000", "2020-06-30": "2346.00000", "2020-03-31": "2346.00000", "2019-12-31": "2365.00000", "2019-09-30": "2344.00000", "2019-06-30": "2353.00000", "2019-03-31": "2360.00000", "2018-12-31": "2353.00000", "2018-09-30": "2361.00000", "2018-06-30": "2364.00000", "2018-03-31": "2381.00000", "2017-12-31": "2371.00000", "2017-09-30": "2369.00000", "2017-06-30": "2360.00000", "2017-03-31": "2350.00000", "2016-12-31": "2345.00000", "2016-09-30": "2359.00000", "2016-06-30": "2363.00000", "2016-03-31": "2384.00000", "2015-12-31": "2390.00000", "2015-09-30": "2407.20000", "2015-06-30": "2090.80000", "2015-03-31": "2090.40000", "2014-12-31": "2092.80000", "2014-09-30": "2094.00000", "2014-06-30": "2095.70000", "2014-03-31": "2094.60000", "2013-12-31": "2095.80000", "2013-09-30": "2064.50000", "2013-06-30": "2064.50000", "2013-03-31": "2064.50000", "2012-12-31": "2064.50000", "2012-09-30": "2064.50000", "2012-06-30": "2064.50000", "2012-03-31": "2064.50000", "2011-12-31": "2064.50000", "2011-09-30": "2064.50000", "2011-06-30": "2064.50000", "2011-03-31": "2064.50000", "2010-12-31": "2064.50000", "2010-09-30": "2096.40000", "2010-06-30": "2096.40000", "2010-03-31": "0.90000", "2009-12-31": "0.90000", "2009-09-30": "0.90000", "2009-06-30": "0.90000", "2009-03-31": "0.90000", "2008-12-31": "0.90000", "2008-09-30": "0.90000", "2008-06-30": "0.90000", "2008-03-31": "0.90000", "2007-12-31": "0.90000", "2007-09-30": "0.90000", "2007-06-30": "0.90000", "2007-03-31": "0.90000", "2006-12-31": "0.90000", "2006-09-30": "0.90000", "2006-06-30": "0.90000", "2006-03-31": "0.90000", "2005-12-31": "0.90000", "2005-09-30": "1.32700", "2005-06-30": "", "2005-03-31": ""}, "Other Long-Term Assets": {"2020-09-30": "309.00000", "2020-06-30": "304.00000", "2020-03-31": "299.00000", "2019-12-31": "295.00000", "2019-09-30": "291.00000", "2019-06-30": "304.00000", "2019-03-31": "314.00000", "2018-12-31": "318.00000", "2018-09-30": "330.00000", "2018-06-30": "340.00000", "2018-03-31": "350.00000", "2017-12-31": "344.00000", "2017-09-30": "356.00000", "2017-06-30": "340.00000", "2017-03-31": "337.00000", "2016-12-31": "340.00000", "2016-09-30": "330.00000", "2016-06-30": "323.00000", "2016-03-31": "327.00000", "2015-12-31": "329.00000", "2015-09-30": "399.00000", "2015-06-30": "266.90000", "2015-03-31": "236.70000", "2014-12-31": "243.60000", "2014-09-30": "251.70000", "2014-06-30": "255.40000", "2014-03-31": "254.40000", "2013-12-31": "245.50000", "2013-09-30": "292.20000", "2013-06-30": "281.70000", "2013-03-31": "321.50000", "2012-12-31": "257.90000", "2012-09-30": "241.70000", "2012-06-30": "209.50000", "2012-03-31": "228.10000", "2011-12-31": "301.40000", "2011-09-30": "232.10000", "2011-06-30": "225.30000", "2011-03-31": "213.10000", "2010-12-31": "230.90000", "2010-09-30": "242.20000", "2010-06-30": "219.00000", "2010-03-31": "73.90000", "2009-12-31": "40.90000", "2009-09-30": "39.90000", "2009-06-30": "39.10000", "2009-03-31": "37.50000", "2008-12-31": "40.20000", "2008-09-30": "42.80000", "2008-06-30": "42.40000", "2008-03-31": "43.40000", "2007-12-31": "45.40000", "2007-09-30": "45.60000", "2007-06-30": "46.30000", "2007-03-31": "45.10000", "2006-12-31": "46.20000", "2006-09-30": "21.00000", "2006-06-30": "20.70000", "2006-03-31": "20.90000", "2005-12-31": "44.40000", "2005-09-30": "21.43900", "2005-06-30": "", "2005-03-31": ""}, "Total Long-Term Assets": {"2020-09-30": "10760.00000", "2020-06-30": "10814.00000", "2020-03-31": "10961.00000", "2019-12-31": "11198.00000", "2019-09-30": "11233.00000", "2019-06-30": "11375.00000", "2019-03-31": "11530.00000", "2018-12-31": "11387.00000", "2018-09-30": "11559.00000", "2018-06-30": "11639.00000", "2018-03-31": "11862.00000", "2017-12-31": "11998.00000", "2017-09-30": "12206.00000", "2017-06-30": "12261.00000", "2017-03-31": "12380.00000", "2016-12-31": "12476.00000", "2016-09-30": "12701.00000", "2016-06-30": "12388.00000", "2016-03-31": "12061.00000", "2015-12-31": "11556.00000", "2015-09-30": "11105.60000", "2015-06-30": "9632.00100", "2015-03-31": "9105.60100", "2014-12-31": "8723.69900", "2014-09-30": "8321.10100", "2014-06-30": "7899.20000", "2014-03-31": "7564.40000", "2013-12-31": "8048.00000", "2013-09-30": "7739.30000", "2013-06-30": "7532.10000", "2013-03-31": "7430.70000", "2012-12-31": "7359.30000", "2012-09-30": "7167.50000", "2012-06-30": "7122.20000", "2012-03-31": "7158.50000", "2011-12-31": "7175.90000", "2011-09-30": "7187.90000", "2011-06-30": "7339.60000", "2011-03-31": "7381.10000", "2010-12-31": "7412.60000", "2010-09-30": "7418.50000", "2010-06-30": "7327.90000", "2010-03-31": "1083.30000", "2009-12-31": "1211.80000", "2009-09-30": "1272.30000", "2009-06-30": "995.00000", "2009-03-31": "1011.10000", "2008-12-31": "954.40000", "2008-09-30": "977.00000", "2008-06-30": "996.50000", "2008-03-31": "1014.10000", "2007-12-31": "733.40000", "2007-09-30": "686.50000", "2007-06-30": "664.60000", "2007-03-31": "661.00000", "2006-12-31": "657.30000", "2006-09-30": "636.50010", "2006-06-30": "641.20010", "2006-03-31": "658.40000", "2005-12-31": "675.40000", "2005-09-30": "650.19400", "2005-06-30": "", "2005-03-31": ""}, "Total Assets": {"2020-09-30": "11931.00000", "2020-06-30": "11950.00000", "2020-03-31": "12441.00000", "2019-12-31": "12172.00000", "2019-09-30": "12902.00000", "2019-06-30": "12863.00000", "2019-03-31": "12942.00000", "2018-12-31": "12661.00000", "2018-09-30": "13156.00000", "2018-06-30": "12987.00000", "2018-03-31": "13522.00000", "2017-12-31": "13463.00000", "2017-09-30": "14857.00000", "2017-06-30": "14936.00000", "2017-03-31": "15185.00000", "2016-12-31": "15131.00000", "2016-09-30": "15632.00000", "2016-06-30": "15762.00000", "2016-03-31": "15581.00000", "2015-12-31": "12683.00000", "2015-09-30": "12869.80000", "2015-06-30": "10998.40000", "2015-03-31": "11485.30000", "2014-12-31": "11254.20000", "2014-09-30": "11659.80000", "2014-06-30": "11304.90000", "2014-03-31": "12475.50000", "2013-12-31": "10678.10000", "2013-09-30": "10799.00000", "2013-06-30": "10251.60000", "2013-03-31": "10338.40000", "2012-12-31": "10166.90000", "2012-09-30": "10182.70000", "2012-06-30": "9118.90000", "2012-03-31": "9616.90000", "2011-12-31": "8974.50000", "2011-09-30": "9245.80000", "2011-06-30": "9420.00000", "2011-03-31": "9189.90000", "2010-12-31": "8754.00000", "2010-09-30": "8617.50000", "2010-06-30": "8595.30000", "2010-03-31": "2633.10000", "2009-12-31": "2494.90000", "2009-09-30": "2357.10000", "2009-06-30": "2279.40000", "2009-03-31": "2506.10000", "2008-12-31": "2387.60000", "2008-09-30": "3018.50000", "2008-06-30": "2767.30000", "2008-03-31": "2530.60000", "2007-12-31": "2012.50000", "2007-09-30": "1825.30000", "2007-06-30": "1587.90000", "2007-03-31": "1597.70000", "2006-12-31": "1290.40000", "2006-09-30": "1291.80000", "2006-06-30": "1182.00000", "2006-03-31": "1300.80000", "2005-12-31": "1228.10000", "2005-09-30": "1337.85000", "2005-06-30": "0.00000", "2005-03-31": "0.00000"}, "Total Current Liabilities": {"2020-09-30": "681.00000", "2020-06-30": "615.00000", "2020-03-31": "1235.00000", "2019-12-31": "665.00000", "2019-09-30": "1245.00000", "2019-06-30": "1042.00000", "2019-03-31": "826.00000", "2018-12-31": "705.00000", "2018-09-30": "788.00000", "2018-06-30": "482.00000", "2018-03-31": "626.00000", "2017-12-31": "580.00000", "2017-09-30": "1551.00000", "2017-06-30": "1441.00000", "2017-03-31": "853.00000", "2016-12-31": "686.00000", "2016-09-30": "966.00000", "2016-06-30": "773.00000", "2016-03-31": "1273.00000", "2015-12-31": "1215.00000", "2015-09-30": "1273.60000", "2015-06-30": "753.50000", "2015-03-31": "1311.30000", "2014-12-31": "979.70000", "2014-09-30": "1048.80000", "2014-06-30": "720.30000", "2014-03-31": "1435.70000", "2013-12-31": "828.30000", "2013-09-30": "912.90000", "2013-06-30": "577.10000", "2013-03-31": "1285.30000", "2012-12-31": "950.20000", "2012-09-30": "1193.60000", "2012-06-30": "555.30000", "2012-03-31": "1250.50000", "2011-12-31": "1031.20000", "2011-09-30": "1502.50000", "2011-06-30": "1094.60000", "2011-03-31": "1383.90000", "2010-12-31": "948.60000", "2010-09-30": "725.30000", "2010-06-30": "580.60000", "2010-03-31": "633.30000", "2009-12-31": "479.80000", "2009-09-30": "329.10000", "2009-06-30": "309.50000", "2009-03-31": "865.90000", "2008-12-31": "818.10000", "2008-09-30": "960.40000", "2008-06-30": "914.10000", "2008-03-31": "985.90000", "2007-12-31": "629.30000", "2007-09-30": "563.70000", "2007-06-30": "429.40000", "2007-03-31": "580.60000", "2006-12-31": "353.40000", "2006-09-30": "342.10000", "2006-06-30": "253.80000", "2006-03-31": "442.40000", "2005-12-31": "341.10000", "2005-09-30": "390.02700", "2005-06-30": "", "2005-03-31": ""}, "Long Term Debt": {"2020-09-30": "3960.00000", "2020-06-30": "3959.00000", "2020-03-31": "3958.00000", "2019-12-31": "3957.00000", "2019-09-30": "4204.00000", "2019-06-30": "4203.00000", "2019-03-31": "4700.00000", "2018-12-31": "4698.00000", "2018-09-30": "4697.00000", "2018-06-30": "4695.00000", "2018-03-31": "4693.00000", "2017-12-31": "4692.00000", "2017-09-30": "4988.00000", "2017-06-30": "4986.00000", "2017-03-31": "5780.00000", "2016-12-31": "5778.00000", "2016-09-30": "5540.00000", "2016-06-30": "5540.00000", "2016-03-31": "5539.00000", "2015-12-31": "5537.00000", "2015-09-30": "5592.60000", "2015-06-30": "4592.60000", "2015-03-31": "4592.50000", "2014-12-31": "4592.50000", "2014-09-30": "4592.40000", "2014-06-30": "4592.40000", "2014-03-31": "4592.30000", "2013-12-31": "3098.10000", "2013-09-30": "3098.00000", "2013-06-30": "3098.00000", "2013-03-31": "1600.00000", "2012-12-31": "1600.00000", "2012-09-30": "1605.00000", "2012-06-30": "1604.80000", "2012-03-31": "1617.90000", "2011-12-31": "1617.80000", "2011-09-30": "1613.00000", "2011-06-30": "1613.00000", "2011-03-31": "1613.00000", "2010-12-31": "1954.10000", "2010-09-30": "2255.60000", "2010-06-30": "2582.60000", "2010-03-31": "4.90000", "2009-12-31": "4.70000", "2009-09-30": "", "2009-06-30": "", "2009-03-31": "", "2008-12-31": "", "2008-09-30": "4.60000", "2008-06-30": "4.80000", "2008-03-31": "4.80000", "2007-12-31": "4.90000", "2007-09-30": "5.00000", "2007-06-30": "4.60000", "2007-03-31": "4.30000", "2006-12-31": "4.20000", "2006-09-30": "4.40000", "2006-06-30": "4.40000", "2006-03-31": "4.20000", "2005-12-31": "4.20000", "2005-09-30": "4.23400", "2005-06-30": "", "2005-03-31": ""}, "Other Non-Current Liabilities": {"2020-09-30": "419.00000", "2020-06-30": "434.00000", "2020-03-31": "431.00000", "2019-12-31": "474.00000", "2019-09-30": "356.00000", "2019-06-30": "396.00000", "2019-03-31": "408.00000", "2018-12-31": "410.00000", "2018-09-30": "421.00000", "2018-06-30": "437.00000", "2018-03-31": "462.00000", "2017-12-31": "460.00000", "2017-09-30": "486.00000", "2017-06-30": "487.00000", "2017-03-31": "553.00000", "2016-12-31": "545.00000", "2016-09-30": "504.00000", "2016-06-30": "497.00000", "2016-03-31": "620.00000", "2015-12-31": "628.00000", "2015-09-30": "626.60000", "2015-06-30": "400.00000", "2015-03-31": "380.00000", "2014-12-31": "374.90000", "2014-09-30": "349.00000", "2014-06-30": "317.30000", "2014-03-31": "318.20000", "2013-12-31": "325.60000", "2013-09-30": "456.00000", "2013-06-30": "449.90000", "2013-03-31": "450.20000", "2012-12-31": "395.70000", "2012-09-30": "386.90000", "2012-06-30": "441.30000", "2012-03-31": "439.40000", "2011-12-31": "435.80000", "2011-09-30": "351.10000", "2011-06-30": "350.10000", "2011-03-31": "348.20000", "2010-12-31": "343.20000", "2010-09-30": "303.10000", "2010-06-30": "301.70000", "2010-03-31": "199.90000", "2009-12-31": "197.20000", "2009-09-30": "204.70000", "2009-06-30": "202.50000", "2009-03-31": "215.60000", "2008-12-31": "212.60000", "2008-09-30": "161.70000", "2008-06-30": "147.70000", "2008-03-31": "144.40000", "2007-12-31": "141.90000", "2007-09-30": "155.60000", "2007-06-30": "159.20000", "2007-03-31": "156.00000", "2006-12-31": "152.20000", "2006-09-30": "115.00000", "2006-06-30": "106.10000", "2006-03-31": "104.80000", "2005-12-31": "104.90000", "2005-09-30": "82.47600", "2005-06-30": "", "2005-03-31": ""}, "Total Long Term Liabilities": {"2020-09-30": "5775.00000", "2020-06-30": "5759.00000", "2020-03-31": "5803.00000", "2019-12-31": "5870.00000", "2019-09-30": "5976.00000", "2019-06-30": "6003.00000", "2019-03-31": "6446.00000", "2018-12-31": "6225.00000", "2018-09-30": "6205.00000", "2018-06-30": "6183.00000", "2018-03-31": "6231.00000", "2017-12-31": "6199.00000", "2017-09-30": "7066.00000", "2017-06-30": "7105.00000", "2017-03-31": "7949.00000", "2016-12-31": "7953.00000", "2016-09-30": "7686.00000", "2016-06-30": "7824.00000", "2016-03-31": "7114.00000", "2015-12-31": "7081.00000", "2015-09-30": "7128.70000", "2015-06-30": "5769.10000", "2015-03-31": "5755.50000", "2014-12-31": "5702.00000", "2014-09-30": "5755.70000", "2014-06-30": "5739.50000", "2014-03-31": "5731.50000", "2013-12-31": "4411.40000", "2013-09-30": "4424.10000", "2013-06-30": "4331.10000", "2013-03-31": "2935.40000", "2012-12-31": "2934.50000", "2012-09-30": "3011.00000", "2012-06-30": "3063.40000", "2012-03-31": "3005.50000", "2011-12-31": "3010.40000", "2011-09-30": "2993.50000", "2011-06-30": "2993.60000", "2011-03-31": "3014.40000", "2010-12-31": "3372.00000", "2010-09-30": "3590.30000", "2010-06-30": "3819.60000", "2010-03-31": "260.80000", "2009-12-31": "270.20000", "2009-09-30": "268.70000", "2009-06-30": "280.20000", "2009-03-31": "215.60000", "2008-12-31": "218.80000", "2008-09-30": "361.80000", "2008-06-30": "218.50000", "2008-03-31": "201.80000", "2007-12-31": "196.20000", "2007-09-30": "233.20000", "2007-06-30": "224.70000", "2007-03-31": "187.30000", "2006-12-31": "170.00000", "2006-09-30": "168.90000", "2006-06-30": "155.20000", "2006-03-31": "128.40000", "2005-12-31": "131.10000", "2005-09-30": "139.38200", "2005-06-30": "", "2005-03-31": ""}, "Total Liabilities": {"2020-09-30": "6456.00000", "2020-06-30": "6374.00000", "2020-03-31": "7038.00000", "2019-12-31": "6535.00000", "2019-09-30": "7221.00000", "2019-06-30": "7045.00000", "2019-03-31": "7272.00000", "2018-12-31": "6930.00000", "2018-09-30": "6993.00000", "2018-06-30": "6665.00000", "2018-03-31": "6857.00000", "2017-12-31": "6779.00000", "2017-09-30": "8617.00000", "2017-06-30": "8546.00000", "2017-03-31": "8802.00000", "2016-12-31": "8639.00000", "2016-09-30": "8652.00000", "2016-06-30": "8597.00000", "2016-03-31": "8387.00000", "2015-12-31": "8296.00000", "2015-09-30": "8402.30000", "2015-06-30": "6522.60000", "2015-03-31": "7066.80000", "2014-12-31": "6681.70000", "2014-09-30": "6804.50000", "2014-06-30": "6459.80000", "2014-03-31": "7167.20000", "2013-12-31": "5239.70000", "2013-09-30": "5337.00000", "2013-06-30": "4908.20000", "2013-03-31": "4220.70000", "2012-12-31": "3884.70000", "2012-09-30": "4204.60000", "2012-06-30": "3618.70000", "2012-03-31": "4256.00000", "2011-12-31": "4041.60000", "2011-09-30": "4496.00000", "2011-06-30": "4088.20000", "2011-03-31": "4398.30000", "2010-12-31": "4320.60000", "2010-09-30": "4315.60000", "2010-06-30": "4400.20000", "2010-03-31": "894.10000", "2009-12-31": "750.00000", "2009-09-30": "597.80000", "2009-06-30": "589.70000", "2009-03-31": "1081.50000", "2008-12-31": "1036.90000", "2008-09-30": "1322.20000", "2008-06-30": "1132.60000", "2008-03-31": "1187.70000", "2007-12-31": "825.50000", "2007-09-30": "796.90000", "2007-06-30": "654.10000", "2007-03-31": "767.90000", "2006-12-31": "523.40000", "2006-09-30": "511.00000", "2006-06-30": "409.00000", "2006-03-31": "570.80000", "2005-12-31": "472.20000", "2005-09-30": "529.40900", "2005-06-30": "", "2005-03-31": ""}, "Common Stock Net": {"2020-09-30": "2.00000", "2020-06-30": "2.00000", "2020-03-31": "2.00000", "2019-12-31": "2.00000", "2019-09-30": "2.00000", "2019-06-30": "2.00000", "2019-03-31": "2.00000", "2018-12-31": "2.00000", "2018-09-30": "2.00000", "2018-06-30": "2.00000", "2018-03-31": "2.00000", "2017-12-31": "2.00000", "2017-09-30": "2.00000", "2017-06-30": "2.00000", "2017-03-31": "2.00000", "2016-12-31": "2.00000", "2016-09-30": "2.00000", "2016-06-30": "2.00000", "2016-03-31": "2.00000", "2015-12-31": "2.00000", "2015-09-30": "2.40000", "2015-06-30": "2.40000", "2015-03-31": "0.50000", "2014-12-31": "2.50000", "2014-09-30": "0.50000", "2014-06-30": "0.50000", "2014-03-31": "0.60000", "2013-12-31": "0.60000", "2013-09-30": "0.60000", "2013-06-30": "0.60000", "2013-03-31": "0.60000", "2012-12-31": "0.60000", "2012-09-30": "0.60000", "2012-06-30": "0.60000", "2012-03-31": "0.70000", "2011-12-31": "0.70000", "2011-09-30": "0.70000", "2011-06-30": "0.70000", "2011-03-31": "0.70000", "2010-12-31": "0.70000", "2010-09-30": "0.70000", "2010-06-30": "0.70000", "2010-03-31": "0.50000", "2009-12-31": "0.50000", "2009-09-30": "0.50000", "2009-06-30": "0.50000", "2009-03-31": "0.50000", "2008-12-31": "0.50000", "2008-09-30": "0.60000", "2008-06-30": "0.60000", "2008-03-31": "0.60000", "2007-12-31": "0.60000", "2007-09-30": "0.60000", "2007-06-30": "0.60000", "2007-03-31": "0.60000", "2006-12-31": "0.60000", "2006-09-30": "0.60000", "2006-06-30": "0.60000", "2006-03-31": "0.60000", "2005-12-31": "0.60000", "2005-09-30": "0.55000", "2005-06-30": "", "2005-03-31": ""}, "Retained Earnings (Accumulated Deficit)": {"2020-09-30": "1905.00000", "2020-06-30": "1997.00000", "2020-03-31": "1961.00000", "2019-12-31": "1958.00000", "2019-09-30": "2109.00000", "2019-06-30": "2111.00000", "2019-03-31": "2047.00000", "2018-12-31": "2463.00000", "2018-09-30": "2474.00000", "2018-06-30": "2514.00000", "2018-03-31": "2436.00000", "2017-12-31": "2443.00000", "2017-09-30": "2048.00000", "2017-06-30": "2205.00000", "2017-03-31": "2272.00000", "2016-12-31": "2365.00000", "2016-09-30": "2892.00000", "2016-06-30": "2991.00000", "2016-03-31": "3014.00000", "2015-12-31": "3058.00000", "2015-09-30": "3101.30000", "2015-06-30": "3080.30000", "2015-03-31": "3334.10000", "2014-12-31": "3175.30000", "2014-09-30": "3679.10000", "2014-06-30": "3622.40000", "2014-03-31": "4378.90000", "2013-12-31": "3725.60000", "2013-09-30": "3880.60000", "2013-06-30": "3673.10000", "2013-03-31": "3842.40000", "2012-12-31": "3461.10000", "2012-09-30": "3015.70000", "2012-06-30": "2637.50000", "2012-03-31": "3183.20000", "2011-12-31": "2841.00000", "2011-09-30": "2428.20000", "2011-06-30": "2125.90000", "2011-03-31": "1645.70000", "2010-12-31": "1370.80000", "2010-09-30": "1177.60000", "2010-06-30": "1136.80000", "2010-03-31": "1038.90000", "2009-12-31": "1048.10000", "2009-09-30": "1001.60000", "2009-06-30": "969.50000", "2009-03-31": "761.30000", "2008-12-31": "703.40000", "2008-09-30": "894.40000", "2008-06-30": "852.90000", "2008-03-31": "570.00000", "2007-12-31": "416.80000", "2007-09-30": "282.60000", "2007-06-30": "197.20000", "2007-03-31": "104.70000", "2006-12-31": "48.60000", "2006-09-30": "41.70000", "2006-06-30": "35.50000", "2006-03-31": "-6.00000", "2005-12-31": "19.70000", "2005-09-30": "33.54200", "2005-06-30": "", "2005-03-31": ""}, "Comprehensive Income": {"2020-09-30": "-388.00000", "2020-06-30": "-426.00000", "2020-03-31": "-440.00000", "2019-12-31": "-366.00000", "2019-09-30": "-374.00000", "2019-06-30": "-344.00000", "2019-03-31": "-341.00000", "2018-12-31": "-371.00000", "2018-09-30": "-308.00000", "2018-06-30": "-309.00000", "2018-03-31": "-248.00000", "2017-12-31": "-263.00000", "2017-09-30": "-275.00000", "2017-06-30": "-325.00000", "2017-03-31": "-378.00000", "2016-12-31": "-398.00000", "2016-09-30": "-273.00000", "2016-06-30": "-243.00000", "2016-03-31": "-202.00000", "2015-12-31": "-250.00000", "2015-09-30": "-213.60000", "2015-06-30": "-205.80000", "2015-03-31": "-240.30000", "2014-12-31": "-159.80000", "2014-09-30": "-72.40000", "2014-06-30": "-22.40000", "2014-03-31": "-52.00000", "2013-12-31": "-42.60000", "2013-09-30": "-72.60000", "2013-06-30": "-115.30000", "2013-03-31": "-110.10000", "2012-12-31": "-49.60000", "2012-09-30": "-37.90000", "2012-06-30": "-75.20000", "2012-03-31": "-72.00000", "2011-12-31": "-99.30000", "2011-09-30": "-67.40000", "2011-06-30": "-22.20000", "2011-03-31": "-26.80000", "2010-12-31": "-53.30000", "2010-09-30": "-36.10000", "2010-06-30": "-85.30000", "2010-03-31": "-54.20000", "2009-12-31": "-43.20000", "2009-09-30": "-64.30000", "2009-06-30": "-66.10000", "2009-03-31": "-80.30000", "2008-12-31": "-75.20000", "2008-09-30": "-29.80000", "2008-06-30": "-28.30000", "2008-03-31": "-27.60000", "2007-12-31": "-21.20000", "2007-09-30": "-28.90000", "2007-06-30": "-30.70000", "2007-03-31": "-32.90000", "2006-12-31": "-33.40000", "2006-09-30": "-10.60000", "2006-06-30": "-9.70000", "2006-03-31": "-9.40000", "2005-12-31": "-7.40000", "2005-09-30": "33.17700", "2005-06-30": "", "2005-03-31": ""}, "Other Share Holders Equity": {"2020-09-30": "", "2020-06-30": "", "2020-03-31": "", "2019-12-31": "", "2019-09-30": "", "2019-06-30": "", "2019-03-31": "", "2018-12-31": "", "2018-09-30": "", "2018-06-30": "", "2018-03-31": "", "2017-12-31": "", "2017-09-30": "", "2017-06-30": "", "2017-03-31": "", "2016-12-31": "", "2016-09-30": "", "2016-06-30": "", "2016-03-31": "", "2015-12-31": "", "2015-09-30": "", "2015-06-30": "", "2015-03-31": "", "2014-12-31": "", "2014-09-30": "", "2014-06-30": "", "2014-03-31": "", "2013-12-31": "", "2013-09-30": "", "2013-06-30": "", "2013-03-31": "", "2012-12-31": "", "2012-09-30": "", "2012-06-30": "", "2012-03-31": "", "2011-12-31": "", "2011-09-30": "", "2011-06-30": "", "2011-03-31": "", "2010-12-31": "", "2010-09-30": "", "2010-06-30": "", "2010-03-31": "", "2009-12-31": "", "2009-09-30": "", "2009-06-30": "", "2009-03-31": "", "2008-12-31": "", "2008-09-30": "", "2008-06-30": "", "2008-03-31": "", "2007-12-31": "", "2007-09-30": "", "2007-06-30": "", "2007-03-31": "", "2006-12-31": "", "2006-09-30": "", "2006-06-30": "", "2006-03-31": "", "2005-12-31": "", "2005-09-30": "", "2005-06-30": "", "2005-03-31": ""}, "Share Holder Equity": {"2020-09-30": "5475.00000", "2020-06-30": "5576.00000", "2020-03-31": "5403.00000", "2019-12-31": "5637.00000", "2019-09-30": "5681.00000", "2019-06-30": "5818.00000", "2019-03-31": "5670.00000", "2018-12-31": "5731.00000", "2018-09-30": "6163.00000", "2018-06-30": "6322.00000", "2018-03-31": "6665.00000", "2017-12-31": "6684.00000", "2017-09-30": "6240.00000", "2017-06-30": "6390.00000", "2017-03-31": "6383.00000", "2016-12-31": "6492.00000", "2016-09-30": "6980.00000", "2016-06-30": "7165.00000", "2016-03-31": "7194.00000", "2015-12-31": "4387.00000", "2015-09-30": "4467.50000", "2015-06-30": "4475.80000", "2015-03-31": "4418.50000", "2014-12-31": "4572.50000", "2014-09-30": "4855.30000", "2014-06-30": "4845.10000", "2014-03-31": "5308.30000", "2013-12-31": "5438.40000", "2013-09-30": "5462.00000", "2013-06-30": "5343.40000", "2013-03-31": "6117.70000", "2012-12-31": "6282.20000", "2012-09-30": "5978.10000", "2012-06-30": "5500.20000", "2012-03-31": "5360.90000", "2011-12-31": "4932.90000", "2011-09-30": "4749.80000", "2011-06-30": "5331.80000", "2011-03-31": "4791.60000", "2010-12-31": "4433.40000", "2010-09-30": "4301.90000", "2010-06-30": "4195.10000", "2010-03-31": "1739.00000", "2009-12-31": "1744.90000", "2009-09-30": "1759.30000", "2009-06-30": "1689.70000", "2009-03-31": "1424.60000", "2008-12-31": "1350.70000", "2008-09-30": "1696.30000", "2008-06-30": "1634.70000", "2008-03-31": "1342.90000", "2007-12-31": "1187.00000", "2007-09-30": "1028.40000", "2007-06-30": "933.80000", "2007-03-31": "829.80000", "2006-12-31": "767.00000", "2006-09-30": "780.80000", "2006-06-30": "773.00000", "2006-03-31": "730.00000", "2005-12-31": "755.90000", "2005-09-30": "808.44100", "2005-06-30": "", "2005-03-31": ""}, "Total Liabilities And Share Holders Equity": {"2020-09-30": "11931.00000", "2020-06-30": "11950.00000", "2020-03-31": "12441.00000", "2019-12-31": "12172.00000", "2019-09-30": "12902.00000", "2019-06-30": "12863.00000", "2019-03-31": "12942.00000", "2018-12-31": "12661.00000", "2018-09-30": "13156.00000", "2018-06-30": "12987.00000", "2018-03-31": "13522.00000", "2017-12-31": "13463.00000", "2017-09-30": "14857.00000", "2017-06-30": "14936.00000", "2017-03-31": "15185.00000", "2016-12-31": "15131.00000", "2016-09-30": "15632.00000", "2016-06-30": "15762.00000", "2016-03-31": "15581.00000", "2015-12-31": "12683.00000", "2015-09-30": "12869.80000", "2015-06-30": "10998.40000", "2015-03-31": "11485.30000", "2014-12-31": "11254.20000", "2014-09-30": "11659.80000", "2014-06-30": "11304.90000", "2014-03-31": "12475.50000", "2013-12-31": "10678.10000", "2013-09-30": "10799.00000", "2013-06-30": "10251.60000", "2013-03-31": "10338.40000", "2012-12-31": "10166.90000", "2012-09-30": "10182.70000", "2012-06-30": "9118.90000", "2012-03-31": "9616.90000", "2011-12-31": "8974.50000", "2011-09-30": "9245.80000", "2011-06-30": "9420.00000", "2011-03-31": "9189.90000", "2010-12-31": "8754.00000", "2010-09-30": "8617.50000", "2010-06-30": "8595.30000", "2010-03-31": "2633.10000", "2009-12-31": "2494.90000", "2009-09-30": "2357.10000", "2009-06-30": "2279.40000", "2009-03-31": "2506.10000", "2008-12-31": "2387.60000", "2008-09-30": "3018.50000", "2008-06-30": "2767.30000", "2008-03-31": "2530.60000", "2007-12-31": "2012.50000", "2007-09-30": "1825.30000", "2007-06-30": "1587.90000", "2007-03-31": "1597.70000", "2006-12-31": "1290.40000", "2006-09-30": "1291.80000", "2006-06-30": "1182.00000", "2006-03-31": "1300.80000", "2005-12-31": "1228.10000", "2005-09-30": "1337.85000", "2005-06-30": "", "2005-03-31": ""}}, "cash flow statement": {"Net Income/Loss": {"2019-12-31": "646.00000", "2018-12-31": "428.00000", "2017-12-31": "450.00000", "2016-12-31": "-158.00000", "2015-12-31": "734.00000", "2014-12-31": "1437.00000", "2013-12-31": "1532.80000", "2012-12-31": "1923.40000", "2011-12-31": "1761.00000", "2010-12-31": "440.70000", "2009-12-31": "448.50000", "2008-12-31": "801.50000", "2007-12-31": "427.30000", "2006-12-31": "33.30000", "2005-12-31": "-39.00000"}, "Total Depreciation And Amortization - Cash Flow": {"2019-12-31": "875.00000", "2018-12-31": "888.00000", "2017-12-31": "883.00000", "2016-12-31": "678.00000", "2015-12-31": "480.00000", "2014-12-31": "393.00000", "2013-12-31": "410.60000", "2012-12-31": "419.80000", "2011-12-31": "416.20000", "2010-12-31": "394.80000", "2009-12-31": "101.00000", "2008-12-31": "100.80000", "2007-12-31": "84.50000", "2006-12-31": "94.60000", "2005-12-31": "97.50000"}, "Other Non-Cash Items": {"2019-12-31": "178.00000", "2018-12-31": "91.00000", "2017-12-31": "-474.00000", "2016-12-31": "841.00000", "2015-12-31": "287.00000", "2014-12-31": "-604.00000", "2013-12-31": "-100.20000", "2012-12-31": "-250.80000", "2011-12-31": "3.10000", "2010-12-31": "31.50000", "2009-12-31": "-106.90000", "2008-12-31": "120.80000", "2007-12-31": "26.50000", "2006-12-31": "77.00000", "2005-12-31": "183.40000"}, "Total Non-Cash Items": {"2019-12-31": "1053.00000", "2018-12-31": "979.00000", "2017-12-31": "409.00000", "2016-12-31": "1519.00000", "2015-12-31": "767.00000", "2014-12-31": "-211.00000", "2013-12-31": "310.40000", "2012-12-31": "169.00000", "2011-12-31": "419.30000", "2010-12-31": "426.30000", "2009-12-31": "-5.90000", "2008-12-31": "221.60000", "2007-12-31": "111.00000", "2006-12-31": "171.60000", "2005-12-31": "280.90000"}, "Change In Accounts Receivable": {"2019-12-31": "-6.00000", "2018-12-31": "68.00000", "2017-12-31": "-57.00000", "2016-12-31": "18.00000", "2015-12-31": "-4.00000", "2014-12-31": "39.00000", "2013-12-31": "0.40000", "2012-12-31": "53.20000", "2011-12-31": "-35.50000", "2010-12-31": "70.60000", "2009-12-31": "21.30000", "2008-12-31": "-44.00000", "2007-12-31": "-28.50000", "2006-12-31": "-62.40000", "2005-12-31": "-9.90000"}, "Change In Inventories": {"2019-12-31": "-26.00000", "2018-12-31": "-52.00000", "2017-12-31": "40.00000", "2016-12-31": "-7.00000", "2015-12-31": "-71.00000", "2014-12-31": "64.00000", "2013-12-31": "-80.30000", "2012-12-31": "34.80000", "2011-12-31": "-38.50000", "2010-12-31": "79.80000", "2009-12-31": "440.30000", "2008-12-31": "-416.70000", "2007-12-31": "-53.60000", "2006-12-31": "51.60000", "2005-12-31": "-10.30000"}, "Change In Accounts Payable": {"2019-12-31": "", "2018-12-31": "", "2017-12-31": "", "2016-12-31": "", "2015-12-31": "", "2014-12-31": "", "2013-12-31": "", "2012-12-31": "", "2011-12-31": "", "2010-12-31": "", "2009-12-31": "", "2008-12-31": "", "2007-12-31": "", "2006-12-31": "", "2005-12-31": ""}, "Change In Assets/Liabilities": {"2019-12-31": "-8.00000", "2018-12-31": "67.00000", "2017-12-31": "857.00000", "2016-12-31": "-737.00000", "2015-12-31": "-164.00000", "2014-12-31": "202.00000", "2013-12-31": "-192.60000", "2012-12-31": "111.00000", "2011-12-31": "-134.20000", "2010-12-31": "152.60000", "2009-12-31": "-185.40000", "2008-12-31": "62.70000", "2007-12-31": "188.60000", "2006-12-31": "3.00000", "2005-12-31": "-84.10000"}, "Total Change In Assets/Liabilities": {"2019-12-31": "-112.00000", "2018-12-31": "127.00000", "2017-12-31": "839.00000", "2016-12-31": "-744.00000", "2015-12-31": "-345.00000", "2014-12-31": "195.00000", "2013-12-31": "-376.40000", "2012-12-31": "283.20000", "2011-12-31": "-101.40000", "2010-12-31": "327.40000", "2009-12-31": "239.20000", "2008-12-31": "-384.50000", "2007-12-31": "151.80000", "2006-12-31": "-1.30000", "2005-12-31": "-104.70000"}, "Cash Flow From Operating Activities": {"2019-12-31": "1505.00000", "2018-12-31": "1497.00000", "2017-12-31": "1631.00000", "2016-12-31": "617.00000", "2015-12-31": "1207.00000", "2014-12-31": "1421.00000", "2013-12-31": "1466.80000", "2012-12-31": "2375.60000", "2011-12-31": "2078.90000", "2010-12-31": "1194.40000", "2009-12-31": "681.80000", "2008-12-31": "638.60000", "2007-12-31": "690.10000", "2006-12-31": "203.60000", "2005-12-31": "137.20000"}, "Net Change In Property, Plant, And Equipment": {"2019-12-31": "-334.00000", "2018-12-31": "-396.00000", "2017-12-31": "-453.00000", "2016-12-31": "-2197.00000", "2015-12-31": "-2457.00000", "2014-12-31": "-1798.00000", "2013-12-31": "-811.20000", "2012-12-31": "-506.50000", "2011-12-31": "-192.50000", "2010-12-31": "-241.60000", "2009-12-31": "-226.40000", "2008-12-31": "-131.40000", "2007-12-31": "-101.00000", "2006-12-31": "-59.30000", "2005-12-31": "-69.40000"}, "Net Change In Intangible Assets": {"2019-12-31": "", "2018-12-31": "", "2017-12-31": "", "2016-12-31": "", "2015-12-31": "", "2014-12-31": "", "2013-12-31": "", "2012-12-31": "", "2011-12-31": "", "2010-12-31": "", "2009-12-31": "", "2008-12-31": "", "2007-12-31": "", "2006-12-31": "", "2005-12-31": ""}, "Net Acquisitions/Divestitures": {"2019-12-31": "", "2018-12-31": "", "2017-12-31": "", "2016-12-31": "", "2015-12-31": "-552.00000", "2014-12-31": "1372.00000", "2013-12-31": "-72.50000", "2012-12-31": "", "2011-12-31": "", "2010-12-31": "-3177.80000", "2009-12-31": "", "2008-12-31": "", "2007-12-31": "", "2006-12-31": "", "2005-12-31": "18.60000"}, "Net Change In Short-term Investments": {"2019-12-31": "0.00000", "2018-12-31": "0.00000", "2017-12-31": "9.00000", "2016-12-31": "0.00000", "2015-12-31": "0.00000", "2014-12-31": "5.00000", "2013-12-31": "13.50000", "2012-12-31": "48.40000", "2011-12-31": "37.90000", "2010-12-31": "209.60000", "2009-12-31": "-124.50000", "2008-12-31": "295.90000", "2007-12-31": "-194.30000", "2006-12-31": "-120.90000", "2005-12-31": "190.10000"}, "Net Change In Long-Term Investments": {"2019-12-31": "", "2018-12-31": "", "2017-12-31": "16.00000", "2016-12-31": "", "2015-12-31": "13.00000", "2014-12-31": "", "2013-12-31": "", "2012-12-31": "", "2011-12-31": "", "2010-12-31": "167.10000", "2009-12-31": "-126.80000", "2008-12-31": "", "2007-12-31": "-26.80000", "2006-12-31": "", "2005-12-31": ""}, "Net Change In Investments - Total": {"2019-12-31": "", "2018-12-31": "", "2017-12-31": "25.00000", "2016-12-31": "", "2015-12-31": "13.00000", "2014-12-31": "5.00000", "2013-12-31": "13.50000", "2012-12-31": "48.40000", "2011-12-31": "37.90000", "2010-12-31": "376.70000", "2009-12-31": "-251.30000", "2008-12-31": "295.90000", "2007-12-31": "-221.10000", "2006-12-31": "-120.90000", "2005-12-31": "190.10000"}, "Investing Activities - Other": {"2019-12-31": "15.00000", "2018-12-31": "21.00000", "2017-12-31": "15.00000", "2016-12-31": "2.00000", "2015-12-31": "20.00000", "2014-12-31": "77.00000", "2013-12-31": "-149.10000", "2012-12-31": "-55.40000", "2011-12-31": "-19.20000", "2010-12-31": "-27.50000", "2009-12-31": "-10.00000", "2008-12-31": "-5.00000", "2007-12-31": "-21.00000", "2006-12-31": "-11.10000", "2005-12-31": ""}, "Cash Flow From Investing Activities": {"2019-12-31": "-319.00000", "2018-12-31": "-375.00000", "2017-12-31": "-413.00000", "2016-12-31": "-2195.00000", "2015-12-31": "-2976.00000", "2014-12-31": "-344.00000", "2013-12-31": "-1019.30000", "2012-12-31": "-513.50000", "2011-12-31": "-173.80000", "2010-12-31": "-3070.20000", "2009-12-31": "-487.70000", "2008-12-31": "159.50000", "2007-12-31": "-343.10000", "2006-12-31": "-191.30000", "2005-12-31": "139.30000"}, "Net Long-Term Debt": {"2019-12-31": "-769.00000", "2018-12-31": "", "2017-12-31": "-1148.00000", "2016-12-31": "74.00000", "2015-12-31": "1000.00000", "2014-12-31": "1494.00000", "2013-12-31": "1498.00000", "2012-12-31": "-13.00000", "2011-12-31": "-346.00000", "2010-12-31": "1188.50000", "2009-12-31": "", "2008-12-31": "", "2007-12-31": "", "2006-12-31": "", "2005-12-31": "-254.80000"}, "Net Current Debt": {"2019-12-31": "", "2018-12-31": "", "2017-12-31": "", "2016-12-31": "", "2015-12-31": "", "2014-12-31": "", "2013-12-31": "", "2012-12-31": "", "2011-12-31": "", "2010-12-31": "", "2009-12-31": "", "2008-12-31": "", "2007-12-31": "", "2006-12-31": "", "2005-12-31": ""}, "Debt Issuance/Retirement Net - Total": {"2019-12-31": "-769.00000", "2018-12-31": "", "2017-12-31": "-1148.00000", "2016-12-31": "74.00000", "2015-12-31": "1000.00000", "2014-12-31": "1494.00000", "2013-12-31": "1498.00000", "2012-12-31": "-13.00000", "2011-12-31": "-346.00000", "2010-12-31": "1188.50000", "2009-12-31": "", "2008-12-31": "", "2007-12-31": "", "2006-12-31": "", "2005-12-31": "-254.80000"}, "Net Common Equity Issued/Repurchased": {"2019-12-31": "-351.00000", "2018-12-31": "-455.00000", "2017-12-31": "1.00000", "2016-12-31": "", "2015-12-31": "-548.00000", "2014-12-31": "-1917.00000", "2013-12-31": "-1398.80000", "2012-12-31": "-485.40000", "2011-12-31": "-984.70000", "2010-12-31": "1155.00000", "2009-12-31": "3.20000", "2008-12-31": "-490.10000", "2007-12-31": "16.60000", "2006-12-31": "0.10000", "2005-12-31": "715.40000"}, "Net Total Equity Issued/Repurchased": {"2019-12-31": "-351.00000", "2018-12-31": "-455.00000", "2017-12-31": "1.00000", "2016-12-31": "", "2015-12-31": "-548.00000", "2014-12-31": "-1917.00000", "2013-12-31": "-1398.80000", "2012-12-31": "-485.40000", "2011-12-31": "-984.70000", "2010-12-31": "1155.00000", "2009-12-31": "3.20000", "2008-12-31": "-490.10000", "2007-12-31": "16.60000", "2006-12-31": "0.10000", "2005-12-31": "715.40000"}, "Total Common And Preferred Stock Dividends Paid": {"2019-12-31": "-265.00000", "2018-12-31": "-280.00000", "2017-12-31": "-280.00000", "2016-12-31": "-280.00000", "2015-12-31": "-282.00000", "2014-12-31": "-256.00000", "2013-12-31": "-129.10000", "2012-12-31": "-102.70000", "2011-12-31": "-68.70000", "2010-12-31": "-46.20000", "2009-12-31": "-19.40000", "2008-12-31": "-22.00000", "2007-12-31": "-4.50000", "2006-12-31": "-4.40000", "2005-12-31": "-1.10000"}, "Financial Activities - Other": {"2019-12-31": "-198.00000", "2018-12-31": "-535.00000", "2017-12-31": "-137.00000", "2016-12-31": "2645.00000", "2015-12-31": "-93.00000", "2014-12-31": "-108.00000", "2013-12-31": "-950.40000", "2012-12-31": "-195.70000", "2011-12-31": "-100.00000", "2010-12-31": "-320.30000", "2009-12-31": "-107.70000", "2008-12-31": "-28.40000", "2007-12-31": "-17.00000", "2006-12-31": "-19.00000", "2005-12-31": "-750.20000"}, "Cash Flow From Financial Activities": {"2019-12-31": "-1583.00000", "2018-12-31": "-1270.00000", "2017-12-31": "-1564.00000", "2016-12-31": "2439.00000", "2015-12-31": "77.00000", "2014-12-31": "-787.00000", "2013-12-31": "-980.30000", "2012-12-31": "-796.80000", "2011-12-31": "-1499.40000", "2010-12-31": "1977.00000", "2009-12-31": "-123.90000", "2008-12-31": "-540.50000", "2007-12-31": "-4.90000", "2006-12-31": "-23.30000", "2005-12-31": "-290.70000"}, "Net Cash Flow": {"2019-12-31": "-395.00000", "2018-12-31": "-153.00000", "2017-12-31": "-334.00000", "2016-12-31": "860.00000", "2015-12-31": "-1711.00000", "2014-12-31": "286.00000", "2013-12-31": "-564.10000", "2012-12-31": "1067.90000", "2011-12-31": "409.30000", "2010-12-31": "100.60000", "2009-12-31": "72.10000", "2008-12-31": "258.50000", "2007-12-31": "341.10000", "2006-12-31": "-12.00000", "2005-12-31": "-12.60000"}, "Stock-Based Compensation": {"2019-12-31": "28.00000", "2018-12-31": "22.00000", "2017-12-31": "17.00000", "2016-12-31": "19.00000", "2015-12-31": "17.00000", "2014-12-31": "17.00000", "2013-12-31": "12.60000", "2012-12-31": "11.90000", "2011-12-31": "10.60000", "2010-12-31": "8.30000", "2009-12-31": "6.60000", "2008-12-31": "8.30000", "2007-12-31": "9.70000", "2006-12-31": "8.10000", "2005-12-31": "3.70000"}, "Common Stock Dividends Paid": {"2019-12-31": "-265.00000", "2018-12-31": "-280.00000", "2017-12-31": "-280.00000", "2016-12-31": "-280.00000", "2015-12-31": "-282.00000", "2014-12-31": "-256.00000", "2013-12-31": "-129.10000", "2012-12-31": "-102.70000", "2011-12-31": "-68.70000", "2010-12-31": "-46.20000", "2009-12-31": "-19.40000", "2008-12-31": "-22.00000", "2007-12-31": "-4.50000", "2006-12-31": "-4.40000", "2005-12-31": "-1.10000"}}, "cash flow statement, quarterly": {"Net Income/Loss": {"2020-09-30": 4, "2020-06-30": 218, "2020-03-31": "91.00000", "2019-12-31": 94, "2019-09-30": 114, "2019-06-30": 320, "2019-03-31": "118.00000", "2018-12-31": 95, "2018-09-30": 71, "2018-06-30": 174, "2018-03-31": "88.00000", "2017-12-31": 503, "2017-09-30": -68, "2017-06-30": 24, "2017-03-31": "-9.00000", "2016-12-31": -288, "2016-09-30": 0, "2016-06-30": 83, "2016-03-31": "47.00000", "2015-12-31": 36, "2015-09-30": 97, "2015-06-30": 365, "2015-03-31": "236.00000", "2014-12-31": 251.3, "2014-09-30": 140.6, "2014-06-30": 324.7, "2014-03-31": "720.40000", "2013-12-31": 341.4, "2013-09-30": 243.9, "2013-06-30": 518.1, "2013-03-31": "429.40000", "2012-12-31": 355.3, "2012-09-30": 458.1, "2012-06-30": 678.3, "2012-03-31": "431.70000", "2011-12-31": 502.2, "2011-09-30": 382.4, "2011-06-30": 543.8, "2011-03-31": "332.60000", "2010-12-31": 226.7, "2010-09-30": 71.2, "2010-06-30": 136.6, "2010-03-31": "6.20000", "2009-12-31": 57.3, "2009-09-30": 60, "2009-06-30": 248.2, "2009-03-31": "83.00000", "2008-12-31": 239.9, "2008-09-30": 76.6, "2008-06-30": 307.7, "2008-03-31": "177.30000", "2007-12-31": 190, "2007-09-30": 86.5, "2007-06-30": 93.6, "2007-03-31": "57.20000", "2006-12-31": 8, "2006-09-30": 7.3, "2006-06-30": 42.6, "2006-03-31": "-24.60000", "2005-12-31": -12.8, "2005-09-30": -91.4, "2005-06-30": 42.9, "2005-03-31": "22.30000"}, "Total Depreciation And Amortization - Cash Flow": {"2020-09-30": 212, "2020-06-30": 239, "2020-03-31": "211.00000", "2019-12-31": 212, "2019-09-30": 223, "2019-06-30": 252, "2019-03-31": "188.00000", "2018-12-31": 221, "2018-09-30": 233, "2018-06-30": 241, "2018-03-31": "193.00000", "2017-12-31": 235, "2017-09-30": 226, "2017-06-30": 217, "2017-03-31": "205.00000", "2016-12-31": 203, "2016-09-30": 148, "2016-06-30": 181, "2016-03-31": "146.00000", "2015-12-31": 132, "2015-09-30": 129, "2015-06-30": 104, "2015-03-31": "115.00000", "2014-12-31": 94.5, "2014-09-30": 95.4, "2014-06-30": 97.8, "2014-03-31": "105.30000", "2013-12-31": 96.8, "2013-09-30": 100.1, "2013-06-30": 106.6, "2013-03-31": "107.10000", "2012-12-31": 101.1, "2012-09-30": 99.7, "2012-06-30": 115.9, "2012-03-31": "103.10000", "2011-12-31": 101.3, "2011-09-30": 101.6, "2011-06-30": 94.8, "2011-03-31": "118.50000", "2010-12-31": 106.3, "2010-09-30": 110.4, "2010-06-30": 149.8, "2010-03-31": "28.30000", "2009-12-31": 27.7, "2009-09-30": 27, "2009-06-30": 24.4, "2009-03-31": "21.90000", "2008-12-31": 25.1, "2008-09-30": 24.3, "2008-06-30": 25.6, "2008-03-31": "25.80000", "2007-12-31": 23.4, "2007-09-30": 20.6, "2007-06-30": 20.4, "2007-03-31": "20.10000", "2006-12-31": 24.3, "2006-09-30": 22.9, "2006-06-30": 24.9, "2006-03-31": "22.50000", "2005-12-31": 21.1, "2005-09-30": 23.2, "2005-06-30": 26.6, "2005-03-31": "26.60000"}, "Other Non-Cash Items": {"2020-09-30": 41, "2020-06-30": -33, "2020-03-31": "-60.00000", "2019-12-31": 72, "2019-09-30": 56, "2019-06-30": 34, "2019-03-31": "16.00000", "2018-12-31": 52, "2018-09-30": 36, "2018-06-30": -26, "2018-03-31": "29.00000", "2017-12-31": -511, "2017-09-30": -44, "2017-06-30": 43, "2017-03-31": "38.00000", "2016-12-31": 235, "2016-09-30": -94, "2016-06-30": 643, "2016-03-31": "57.00000", "2015-12-31": 245, "2015-09-30": 44, "2015-06-30": 18, "2015-03-31": "-20.00000", "2014-12-31": 91.7, "2014-09-30": -1.8, "2014-06-30": 26.2, "2014-03-31": "-720.10000", "2013-12-31": -122.2, "2013-09-30": 60.6, "2013-06-30": 44.8, "2013-03-31": "-83.40000", "2012-12-31": -145.9, "2012-09-30": -68.2, "2012-06-30": -82.2, "2012-03-31": "45.50000", "2011-12-31": 20.9, "2011-09-30": 38.4, "2011-06-30": -10.9, "2011-03-31": "-45.30000", "2010-12-31": 6.6, "2010-09-30": 55.9, "2010-06-30": -15.9, "2010-03-31": "-15.10000", "2009-12-31": -16.2, "2009-09-30": -25.7, "2009-06-30": -19.5, "2009-03-31": "-45.50000", "2008-12-31": -1, "2008-09-30": 251.1, "2008-06-30": -70, "2008-03-31": "-59.30000", "2007-12-31": -28.3, "2007-09-30": 17.4, "2007-06-30": 60, "2007-03-31": "-22.60000", "2006-12-31": 17.2, "2006-09-30": 21, "2006-06-30": 25.1, "2006-03-31": "13.70000", "2005-12-31": 1.3, "2005-09-30": 136.3, "2005-06-30": 31, "2005-03-31": "14.80000"}, "Total Non-Cash Items": {"2020-09-30": 253, "2020-06-30": 206, "2020-03-31": "151.00000", "2019-12-31": 284, "2019-09-30": 279, "2019-06-30": 286, "2019-03-31": "204.00000", "2018-12-31": 273, "2018-09-30": 269, "2018-06-30": 215, "2018-03-31": "222.00000", "2017-12-31": -276, "2017-09-30": 182, "2017-06-30": 260, "2017-03-31": "243.00000", "2016-12-31": 438, "2016-09-30": 54, "2016-06-30": 824, "2016-03-31": "203.00000", "2015-12-31": 377, "2015-09-30": 173, "2015-06-30": 122, "2015-03-31": "95.00000", "2014-12-31": 186.2, "2014-09-30": 93.6, "2014-06-30": 124, "2014-03-31": "-614.80000", "2013-12-31": -25.4, "2013-09-30": 160.7, "2013-06-30": 151.4, "2013-03-31": "23.70000", "2012-12-31": -44.8, "2012-09-30": 31.5, "2012-06-30": 33.7, "2012-03-31": "148.60000", "2011-12-31": 122.2, "2011-09-30": 140, "2011-06-30": 83.9, "2011-03-31": "73.20000", "2010-12-31": 112.9, "2010-09-30": 166.3, "2010-06-30": 133.9, "2010-03-31": "13.20000", "2009-12-31": 11.5, "2009-09-30": 1.3, "2009-06-30": 4.9, "2009-03-31": "-23.60000", "2008-12-31": 24.1, "2008-09-30": 275.4, "2008-06-30": -44.4, "2008-03-31": "-33.50000", "2007-12-31": -4.9, "2007-09-30": 38, "2007-06-30": 80.4, "2007-03-31": "-2.50000", "2006-12-31": 41.5, "2006-09-30": 43.9, "2006-06-30": 50, "2006-03-31": "36.20000", "2005-12-31": 22.4, "2005-09-30": 159.5, "2005-06-30": 57.6, "2005-03-31": "41.40000"}, "Change In Accounts Receivable": {"2020-09-30": 18, "2020-06-30": 1, "2020-03-31": "-12.00000", "2019-12-31": 73, "2019-09-30": -1, "2019-06-30": -50, "2019-03-31": "-28.00000", "2018-12-31": 37, "2018-09-30": 65, "2018-06-30": -95, "2018-03-31": "61.00000", "2017-12-31": -28, "2017-09-30": 6, "2017-06-30": -26, "2017-03-31": "-9.00000", "2016-12-31": -37, "2016-09-30": 31, "2016-06-30": 20, "2016-03-31": "4.00000", "2015-12-31": -20, "2015-09-30": 20, "2015-06-30": -28, "2015-03-31": "24.00000", "2014-12-31": -58.1, "2014-09-30": 109.2, "2014-06-30": -44.3, "2014-03-31": "32.20000", "2013-12-31": -44.2, "2013-09-30": 100.2, "2013-06-30": -30.2, "2013-03-31": "-25.40000", "2012-12-31": 121, "2012-09-30": 21.8, "2012-06-30": 102.1, "2012-03-31": "-191.70000", "2011-12-31": -1.8, "2011-09-30": 145, "2011-06-30": -160.4, "2011-03-31": "-18.30000", "2010-12-31": -7, "2010-09-30": 122.5, "2010-06-30": -18.5, "2010-03-31": "-26.40000", "2009-12-31": -21.7, "2009-09-30": 2.6, "2009-06-30": 54.2, "2009-03-31": "-13.80000", "2008-12-31": -34.1, "2008-09-30": 18.3, "2008-06-30": -20.9, "2008-03-31": "-7.30000", "2007-12-31": -5.9, "2007-09-30": 14.3, "2007-06-30": -33.5, "2007-03-31": "-3.40000", "2006-12-31": -31.6, "2006-09-30": -1.9, "2006-06-30": -12.1, "2006-03-31": "-16.80000", "2005-12-31": 4.3, "2005-09-30": 34.6, "2005-06-30": -31.6, "2005-03-31": "-17.20000"}, "Change In Inventories": {"2020-09-30": -22, "2020-06-30": 80, "2020-03-31": "-29.00000", "2019-12-31": -43, "2019-09-30": -4, "2019-06-30": 122, "2019-03-31": "-101.00000", "2018-12-31": -49, "2018-09-30": -24, "2018-06-30": 118, "2018-03-31": "-97.00000", "2017-12-31": 28, "2017-09-30": 2, "2017-06-30": 25, "2017-03-31": "-15.00000", "2016-12-31": -3, "2016-09-30": -85, "2016-06-30": 65, "2016-03-31": "16.00000", "2015-12-31": 1, "2015-09-30": -64, "2015-06-30": 60, "2015-03-31": "-68.00000", "2014-12-31": 50.4, "2014-09-30": -50.4, "2014-06-30": 176.3, "2014-03-31": "-112.30000", "2013-12-31": 6, "2013-09-30": -42.4, "2013-06-30": 65.9, "2013-03-31": "-109.80000", "2012-12-31": 31.6, "2012-09-30": -73.2, "2012-06-30": 32.9, "2012-03-31": "43.50000", "2011-12-31": 36.6, "2011-09-30": -71.2, "2011-06-30": 119.5, "2011-03-31": "-123.40000", "2010-12-31": 3.5, "2010-09-30": -24.4, "2010-06-30": 179.5, "2010-03-31": "-78.80000", "2009-12-31": 13, "2009-09-30": 20.2, "2009-06-30": 273.1, "2009-03-31": "134.00000", "2008-12-31": -30.1, "2008-09-30": -249.2, "2008-06-30": 75.9, "2008-03-31": "-213.30000", "2007-12-31": 5.2, "2007-09-30": -55.9, "2007-06-30": 124.4, "2007-03-31": "-127.30000", "2006-12-31": 38.8, "2006-09-30": -37.9, "2006-06-30": 130.2, "2006-03-31": "-79.50000", "2005-12-31": -36.1, "2005-09-30": -75, "2005-06-30": 115.4, "2005-03-31": "-14.60000"}, "Change In Accounts Payable": {"2020-09-30": 0, "2020-06-30": 0, "2020-03-31": "", "2019-12-31": 0, "2019-09-30": 0, "2019-06-30": 0, "2019-03-31": "", "2018-12-31": 0, "2018-09-30": 0, "2018-06-30": 0, "2018-03-31": "", "2017-12-31": 0, "2017-09-30": 0, "2017-06-30": 0, "2017-03-31": "", "2016-12-31": 0, "2016-09-30": 0, "2016-06-30": 0, "2016-03-31": "", "2015-12-31": 0, "2015-09-30": 0, "2015-06-30": 0, "2015-03-31": "", "2014-12-31": 0, "2014-09-30": 0, "2014-06-30": 0, "2014-03-31": "", "2013-12-31": 0, "2013-09-30": 0, "2013-06-30": 0, "2013-03-31": "", "2012-12-31": 0, "2012-09-30": 0, "2012-06-30": 0, "2012-03-31": "", "2011-12-31": 0, "2011-09-30": 0, "2011-06-30": 0, "2011-03-31": "", "2010-12-31": 0, "2010-09-30": 0, "2010-06-30": 0, "2010-03-31": "", "2009-12-31": 0, "2009-09-30": 0, "2009-06-30": 0, "2009-03-31": "", "2008-12-31": 0, "2008-09-30": 0, "2008-06-30": 0, "2008-03-31": "", "2007-12-31": 0, "2007-09-30": 0, "2007-06-30": 0, "2007-03-31": "", "2006-12-31": 0, "2006-09-30": 0, "2006-06-30": 0, "2006-03-31": "", "2005-12-31": 0, "2005-09-30": 0, "2005-06-30": 0, "2005-03-31": ""}, "Change In Assets/Liabilities": {"2020-09-30": -5, "2020-06-30": -50, "2020-03-31": "130.00000", "2019-12-31": -55, "2019-09-30": 140, "2019-06-30": -269, "2019-03-31": "176.00000", "2018-12-31": -170, "2018-09-30": 331, "2018-06-30": -145, "2018-03-31": "51.00000", "2017-12-31": 2, "2017-09-30": 149, "2017-06-30": 560, "2017-03-31": "146.00000", "2016-12-31": -738, "2016-09-30": 77, "2016-06-30": -181, "2016-03-31": "105.00000", "2015-12-31": -243, "2015-09-30": 383, "2015-06-30": -475, "2015-03-31": "171.00000", "2014-12-31": -152.9, "2014-09-30": 398, "2014-06-30": -420.3, "2014-03-31": "377.20000", "2013-12-31": -299.7, "2013-09-30": 408.3, "2013-06-30": -670.3, "2013-03-31": "369.10000", "2012-12-31": -262.1, "2012-09-30": 499, "2012-06-30": -285.5, "2012-03-31": "159.60000", "2011-12-31": -578.5, "2011-09-30": 472.4, "2011-06-30": -349.8, "2011-03-31": "321.70000", "2010-12-31": 101.6, "2010-09-30": 299.5, "2010-06-30": -381.8, "2010-03-31": "133.30000", "2009-12-31": 47.4, "2009-09-30": 44.2, "2009-06-30": -376.1, "2009-03-31": "99.10000", "2008-12-31": -223.8, "2008-09-30": 193.3, "2008-06-30": -169.1, "2008-03-31": "262.30000", "2007-12-31": -47.8, "2007-09-30": 163, "2007-06-30": -154.4, "2007-03-31": "227.80000", "2006-12-31": -44.4, "2006-09-30": 87.7, "2006-06-30": -159.2, "2006-03-31": "118.90000", "2005-12-31": -65.3, "2005-09-30": 47.9, "2005-06-30": -105, "2005-03-31": "38.30000"}, "Total Change In Assets/Liabilities": {"2020-09-30": -8, "2020-06-30": 35, "2020-03-31": "42.00000", "2019-12-31": -30, "2019-09-30": 162, "2019-06-30": -226, "2019-03-31": "-18.00000", "2018-12-31": -112, "2018-09-30": 340, "2018-06-30": -92, "2018-03-31": "-9.00000", "2017-12-31": -4, "2017-09-30": 174, "2017-06-30": 547, "2017-03-31": "122.00000", "2016-12-31": -124, "2016-09-30": 91, "2016-06-30": -807, "2016-03-31": "96.00000", "2015-12-31": -331, "2015-09-30": 305, "2015-06-30": -519, "2015-03-31": "200.00000", "2014-12-31": -193.4, "2014-09-30": 387.4, "2014-06-30": -643.4, "2014-03-31": "644.40000", "2013-12-31": -278.5, "2013-09-30": 456.4, "2013-06-30": -779.9, "2013-03-31": "225.60000", "2012-12-31": 110.8, "2012-09-30": 416, "2012-06-30": -266.5, "2012-03-31": "22.90000", "2011-12-31": -500.6, "2011-09-30": 510.6, "2011-06-30": -376.8, "2011-03-31": "265.40000", "2010-12-31": 220.8, "2010-09-30": 350.5, "2010-06-30": -272, "2010-03-31": "28.10000", "2009-12-31": 42.5, "2009-09-30": 22, "2009-06-30": -58.2, "2009-03-31": "232.90000", "2008-12-31": -239.3, "2008-09-30": -254.6, "2008-06-30": -44, "2008-03-31": "153.40000", "2007-12-31": 1.4, "2007-09-30": 76.9, "2007-06-30": -62.9, "2007-03-31": "136.40000", "2006-12-31": -9.2, "2006-09-30": 49.2, "2006-06-30": -48.2, "2006-03-31": "6.90000", "2005-12-31": -94.8, "2005-09-30": 21.3, "2005-06-30": -31.4, "2005-03-31": "0.20000"}, "Cash Flow From Operating Activities": {"2020-09-30": 223, "2020-06-30": 426, "2020-03-31": "292.00000", "2019-12-31": 302, "2019-09-30": 510, "2019-06-30": 387, "2019-03-31": "306.00000", "2018-12-31": 254, "2018-09-30": 645, "2018-06-30": 316, "2018-03-31": "282.00000", "2017-12-31": 230, "2017-09-30": 214, "2017-06-30": 831, "2017-03-31": "356.00000", "2016-12-31": 26, "2016-09-30": 145, "2016-06-30": 100, "2016-03-31": "346.00000", "2015-12-31": 133, "2015-09-30": 575, "2015-06-30": -32, "2015-03-31": "531.00000", "2014-12-31": 244.1, "2014-09-30": 621.6, "2014-06-30": -194.7, "2014-03-31": "750.00000", "2013-12-31": 37.5, "2013-09-30": 861, "2013-06-30": -110.4, "2013-03-31": "678.70000", "2012-12-31": 421.3, "2012-09-30": 905.6, "2012-06-30": 445.5, "2012-03-31": "603.20000", "2011-12-31": 123.8, "2011-09-30": 1033, "2011-06-30": 250.9, "2011-03-31": "671.20000", "2010-12-31": 560.4, "2010-09-30": 588, "2010-06-30": -1.5, "2010-03-31": "47.50000", "2009-12-31": 111.3, "2009-09-30": 83.3, "2009-06-30": 194.9, "2009-03-31": "292.30000", "2008-12-31": 24.7, "2008-09-30": 97.4, "2008-06-30": 219.3, "2008-03-31": "297.20000", "2007-12-31": 186.5, "2007-09-30": 201.4, "2007-06-30": 111.1, "2007-03-31": "191.10000", "2006-12-31": 40.3, "2006-09-30": 100.4, "2006-06-30": 44.4, "2006-03-31": "18.50000", "2005-12-31": -85.2, "2005-09-30": 89.4, "2005-06-30": 69.1, "2005-03-31": "63.90000"}, "Net Change In Property, Plant, And Equipment": {"2020-09-30": -85, "2020-06-30": -52, "2020-03-31": "-67.00000", "2019-12-31": -108, "2019-09-30": -135, "2019-06-30": -16, "2019-03-31": "-75.00000", "2018-12-31": -137, "2018-09-30": -130, "2018-06-30": -69, "2018-03-31": "-60.00000", "2017-12-31": -176, "2017-09-30": -104, "2017-06-30": -87, "2017-03-31": "-86.00000", "2016-12-31": -386, "2016-09-30": -434, "2016-06-30": -703, "2016-03-31": "-674.00000", "2015-12-31": -675, "2015-09-30": -758, "2015-06-30": -582, "2015-03-31": "-442.00000", "2014-12-31": -535.5, "2014-09-30": -583.4, "2014-06-30": -288, "2014-03-31": "-391.10000", "2013-12-31": -189.4, "2013-09-30": -226.8, "2013-06-30": -245.5, "2013-03-31": "-149.50000", "2012-12-31": -256.7, "2012-09-30": -99.2, "2012-06-30": -90.2, "2012-03-31": "-60.40000", "2011-12-31": -74.6, "2011-09-30": -59.9, "2011-06-30": -42.3, "2011-03-31": "-15.70000", "2010-12-31": -65.8, "2010-09-30": -81.1, "2010-06-30": -71.7, "2010-03-31": "-23.00000", "2009-12-31": -53.9, "2009-09-30": -50.9, "2009-06-30": -52.5, "2009-03-31": "-69.10000", "2008-12-31": -27.5, "2008-09-30": -33.6, "2008-06-30": -36.4, "2008-03-31": "-33.90000", "2007-12-31": -27.2, "2007-09-30": -34.4, "2007-06-30": -18.5, "2007-03-31": "-20.90000", "2006-12-31": -18.2, "2006-09-30": -17.9, "2006-06-30": -11.7, "2006-03-31": "-11.50000", "2005-12-31": -15.6, "2005-09-30": -20.6, "2005-06-30": -16.4, "2005-03-31": "-16.80000"}, "Net Change In Intangible Assets": {"2020-09-30": 0, "2020-06-30": 0, "2020-03-31": "", "2019-12-31": 0, "2019-09-30": 0, "2019-06-30": 0, "2019-03-31": "", "2018-12-31": 0, "2018-09-30": 0, "2018-06-30": 0, "2018-03-31": "", "2017-12-31": 0, "2017-09-30": 0, "2017-06-30": 0, "2017-03-31": "", "2016-12-31": 0, "2016-09-30": 0, "2016-06-30": 0, "2016-03-31": "", "2015-12-31": 0, "2015-09-30": 0, "2015-06-30": 0, "2015-03-31": "", "2014-12-31": 0, "2014-09-30": 0, "2014-06-30": 0, "2014-03-31": "", "2013-12-31": 0, "2013-09-30": 0, "2013-06-30": 0, "2013-03-31": "", "2012-12-31": 0, "2012-09-30": 0, "2012-06-30": 0, "2012-03-31": "", "2011-12-31": 0, "2011-09-30": 0, "2011-06-30": 0, "2011-03-31": "", "2010-12-31": 0, "2010-09-30": 0, "2010-06-30": 0, "2010-03-31": "", "2009-12-31": 0, "2009-09-30": 0, "2009-06-30": 0, "2009-03-31": "", "2008-12-31": 0, "2008-09-30": 0, "2008-06-30": 0, "2008-03-31": "", "2007-12-31": 0, "2007-09-30": 0, "2007-06-30": 0, "2007-03-31": "", "2006-12-31": 0, "2006-09-30": 0, "2006-06-30": 0, "2006-03-31": "", "2005-12-31": 0, "2005-09-30": 0, "2005-06-30": 0, "2005-03-31": ""}, "Net Acquisitions/Divestitures": {"2020-09-30": 0, "2020-06-30": 0, "2020-03-31": "", "2019-12-31": 0, "2019-09-30": 0, "2019-06-30": 0, "2019-03-31": "", "2018-12-31": 0, "2018-09-30": 0, "2018-06-30": 0, "2018-03-31": "", "2017-12-31": 0, "2017-09-30": 0, "2017-06-30": 0, "2017-03-31": "", "2016-12-31": 0, "2016-09-30": 0, "2016-06-30": -1, "2016-03-31": "1.00000", "2015-12-31": 2, "2015-09-30": -554, "2015-06-30": 0, "2015-03-31": "", "2014-12-31": 18.4, "2014-09-30": 0, "2014-06-30": 0, "2014-03-31": "1353.60000", "2013-12-31": -72.5, "2013-09-30": 0, "2013-06-30": 0, "2013-03-31": "", "2012-12-31": 0, "2012-09-30": 0, "2012-06-30": 0, "2012-03-31": "", "2011-12-31": 0, "2011-09-30": 0, "2011-06-30": 0, "2011-03-31": "", "2010-12-31": 0, "2010-09-30": 0, "2010-06-30": -3177.8, "2010-03-31": "", "2009-12-31": 0, "2009-09-30": 0, "2009-06-30": 0, "2009-03-31": "", "2008-12-31": 0, "2008-09-30": 0, "2008-06-30": 0, "2008-03-31": "", "2007-12-31": 0, "2007-09-30": 0, "2007-06-30": 0, "2007-03-31": "", "2006-12-31": 0, "2006-09-30": 0, "2006-06-30": 0, "2006-03-31": "", "2005-12-31": 0, "2005-09-30": 18.6, "2005-06-30": 0, "2005-03-31": ""}, "Net Change In Short-term Investments": {"2020-09-30": 0, "2020-06-30": 0, "2020-03-31": "", "2019-12-31": 0, "2019-09-30": 0, "2019-06-30": 0, "2019-03-31": "", "2018-12-31": 0, "2018-09-30": 0, "2018-06-30": 0, "2018-03-31": "", "2017-12-31": 0, "2017-09-30": 0, "2017-06-30": 9, "2017-03-31": "", "2016-12-31": 0, "2016-09-30": 0, "2016-06-30": 0, "2016-03-31": "", "2015-12-31": 0, "2015-09-30": 0, "2015-06-30": 0, "2015-03-31": "", "2014-12-31": 0, "2014-09-30": 5, "2014-06-30": 0, "2014-03-31": "", "2013-12-31": 6.9, "2013-09-30": 1, "2013-06-30": 5.6, "2013-03-31": "", "2012-12-31": 17.4, "2012-09-30": 15, "2012-06-30": 16, "2012-03-31": "", "2011-12-31": 1, "2011-09-30": 12.3, "2011-06-30": 24.1, "2011-03-31": "0.50000", "2010-12-31": 15.6, "2010-09-30": 0.8, "2010-06-30": 31.6, "2010-03-31": "161.60000", "2009-12-31": 27.1, "2009-09-30": -99, "2009-06-30": -20.6, "2009-03-31": "-32.00000", "2008-12-31": 327.1, "2008-09-30": -55.1, "2008-06-30": -202.1, "2008-03-31": "226.00000", "2007-12-31": 183, "2007-09-30": -171.4, "2007-06-30": -43, "2007-03-31": "-162.90000", "2006-12-31": -16.2, "2006-09-30": -80.7, "2006-06-30": -45.7, "2006-03-31": "21.70000", "2005-12-31": 97.9, "2005-09-30": 153.8, "2005-06-30": -7.3, "2005-03-31": "-54.30000"}, "Net Change In Long-Term Investments": {"2020-09-30": 0, "2020-06-30": 0, "2020-03-31": "", "2019-12-31": 0, "2019-09-30": 0, "2019-06-30": 0, "2019-03-31": "", "2018-12-31": 0, "2018-09-30": 0, "2018-06-30": 0, "2018-03-31": "", "2017-12-31": 16, "2017-09-30": 0, "2017-06-30": 0, "2017-03-31": "", "2016-12-31": 0, "2016-09-30": 0, "2016-06-30": 0, "2016-03-31": "", "2015-12-31": 0, "2015-09-30": 0, "2015-06-30": 13, "2015-03-31": "", "2014-12-31": 0, "2014-09-30": 0, "2014-06-30": 0, "2014-03-31": "", "2013-12-31": 0, "2013-09-30": 0, "2013-06-30": 0, "2013-03-31": "", "2012-12-31": 0, "2012-09-30": 0, "2012-06-30": 0, "2012-03-31": "", "2011-12-31": 0, "2011-09-30": 0, "2011-06-30": 0, "2011-03-31": "", "2010-12-31": 0, "2010-09-30": 0, "2010-06-30": 0, "2010-03-31": "167.10000", "2009-12-31": 120.4, "2009-09-30": -247.2, "2009-06-30": 0, "2009-03-31": "", "2008-12-31": 0, "2008-09-30": 0, "2008-06-30": 0, "2008-03-31": "", "2007-12-31": -26.8, "2007-09-30": 0, "2007-06-30": 0, "2007-03-31": "", "2006-12-31": 0, "2006-09-30": 0, "2006-06-30": 0, "2006-03-31": "", "2005-12-31": 0, "2005-09-30": 0, "2005-06-30": 0, "2005-03-31": ""}, "Net Change In Investments - Total": {"2020-09-30": 0, "2020-06-30": 0, "2020-03-31": "", "2019-12-31": 0, "2019-09-30": 0, "2019-06-30": 0, "2019-03-31": "", "2018-12-31": 0, "2018-09-30": 0, "2018-06-30": 0, "2018-03-31": "", "2017-12-31": 16, "2017-09-30": 0, "2017-06-30": 9, "2017-03-31": "", "2016-12-31": 0, "2016-09-30": 0, "2016-06-30": 0, "2016-03-31": "", "2015-12-31": 0, "2015-09-30": 0, "2015-06-30": 13, "2015-03-31": "", "2014-12-31": 0, "2014-09-30": 5, "2014-06-30": 0, "2014-03-31": "", "2013-12-31": 6.9, "2013-09-30": 1, "2013-06-30": 5.6, "2013-03-31": "", "2012-12-31": 17.4, "2012-09-30": 15, "2012-06-30": 16, "2012-03-31": "", "2011-12-31": 1, "2011-09-30": 12.3, "2011-06-30": 24.1, "2011-03-31": "0.50000", "2010-12-31": 15.6, "2010-09-30": 0.8, "2010-06-30": 31.6, "2010-03-31": "328.70000", "2009-12-31": 147.5, "2009-09-30": -346.2, "2009-06-30": -20.6, "2009-03-31": "-32.00000", "2008-12-31": 327.1, "2008-09-30": -55.1, "2008-06-30": -202.1, "2008-03-31": "226.00000", "2007-12-31": 156.2, "2007-09-30": -171.4, "2007-06-30": -43, "2007-03-31": "-162.90000", "2006-12-31": -16.2, "2006-09-30": -80.7, "2006-06-30": -45.7, "2006-03-31": "21.70000", "2005-12-31": 97.9, "2005-09-30": 153.8, "2005-06-30": -7.3, "2005-03-31": "-54.30000"}, "Investing Activities - Other": {"2020-09-30": 1, "2020-06-30": 0, "2020-03-31": "2.00000", "2019-12-31": 0, "2019-09-30": 15, "2019-06-30": 0, "2019-03-31": "", "2018-12-31": 0, "2018-09-30": 10, "2018-06-30": 6, "2018-03-31": "5.00000", "2017-12-31": 3, "2017-09-30": 6, "2017-06-30": 6, "2017-03-31": "", "2016-12-31": -18, "2016-09-30": 1, "2016-06-30": 8, "2016-03-31": "11.00000", "2015-12-31": -4, "2015-09-30": 14, "2015-06-30": -2, "2015-03-31": "12.00000", "2014-12-31": 51.2, "2014-09-30": 500, "2014-06-30": 19.3, "2014-03-31": "-493.50000", "2013-12-31": -33.4, "2013-09-30": -39.2, "2013-06-30": -29.3, "2013-03-31": "-47.20000", "2012-12-31": -53.2, "2012-09-30": 0, "2012-06-30": 0, "2012-03-31": "-2.20000", "2011-12-31": -50.4, "2011-09-30": -0.1, "2011-06-30": 0, "2011-03-31": "31.30000", "2010-12-31": -54.8, "2010-09-30": 0.8, "2010-06-30": 30, "2010-03-31": "-3.50000", "2009-12-31": 0, "2009-09-30": -2.5, "2009-06-30": 0, "2009-03-31": "-7.50000", "2008-12-31": 0, "2008-09-30": 0, "2008-06-30": 0, "2008-03-31": "-5.00000", "2007-12-31": -12.8, "2007-09-30": 0, "2007-06-30": 0.1, "2007-03-31": "-8.30000", "2006-12-31": 0, "2006-09-30": 0, "2006-06-30": 0, "2006-03-31": "-11.10000", "2005-12-31": 0, "2005-09-30": 0, "2005-06-30": 0, "2005-03-31": ""}, "Cash Flow From Investing Activities": {"2020-09-30": -84, "2020-06-30": -52, "2020-03-31": "-65.00000", "2019-12-31": -108, "2019-09-30": -120, "2019-06-30": -16, "2019-03-31": "-75.00000", "2018-12-31": -137, "2018-09-30": -120, "2018-06-30": -63, "2018-03-31": "-55.00000", "2017-12-31": -157, "2017-09-30": -98, "2017-06-30": -72, "2017-03-31": "-86.00000", "2016-12-31": -404, "2016-09-30": -433, "2016-06-30": -696, "2016-03-31": "-662.00000", "2015-12-31": -677, "2015-09-30": -1298, "2015-06-30": -571, "2015-03-31": "-430.00000", "2014-12-31": -465.9, "2014-09-30": -78.4, "2014-06-30": -268.7, "2014-03-31": "469.00000", "2013-12-31": -288.4, "2013-09-30": -265, "2013-06-30": -269.2, "2013-03-31": "-196.70000", "2012-12-31": -292.5, "2012-09-30": -84.2, "2012-06-30": -74.2, "2012-03-31": "-62.60000", "2011-12-31": -124, "2011-09-30": -47.7, "2011-06-30": -18.2, "2011-03-31": "16.10000", "2010-12-31": -105, "2010-09-30": -79.5, "2010-06-30": -3187.9, "2010-03-31": "302.20000", "2009-12-31": 93.6, "2009-09-30": -399.6, "2009-06-30": -73.1, "2009-03-31": "-108.60000", "2008-12-31": 299.6, "2008-09-30": -88.7, "2008-06-30": -238.5, "2008-03-31": "187.10000", "2007-12-31": 116.2, "2007-09-30": -205.8, "2007-06-30": -61.4, "2007-03-31": "-192.10000", "2006-12-31": -34.4, "2006-09-30": -98.6, "2006-06-30": -57.4, "2006-03-31": "-0.90000", "2005-12-31": 82.3, "2005-09-30": 151.8, "2005-06-30": -23.7, "2005-03-31": "-71.10000"}, "Net Long-Term Debt": {"2020-09-30": 0, "2020-06-30": 0, "2020-03-31": "", "2019-12-31": -769, "2019-09-30": 0, "2019-06-30": 0, "2019-03-31": "", "2018-12-31": 0, "2018-09-30": 0, "2018-06-30": 0, "2018-03-31": "", "2017-12-31": -1148, "2017-09-30": 0, "2017-06-30": 0, "2017-03-31": "", "2016-12-31": 74, "2016-09-30": 0, "2016-06-30": 0, "2016-03-31": "", "2015-12-31": 0, "2015-09-30": 1000, "2015-06-30": 0, "2015-03-31": "", "2014-12-31": -0.2, "2014-09-30": 0, "2014-06-30": 0, "2014-03-31": "1494.20000", "2013-12-31": 0, "2013-09-30": 0, "2013-06-30": 1498, "2013-03-31": "", "2012-12-31": -40.5, "2012-09-30": 40.5, "2012-06-30": -13, "2012-03-31": "", "2011-12-31": 0, "2011-09-30": 0, "2011-06-30": 0, "2011-03-31": "-346.00000", "2010-12-31": -300, "2010-09-30": -350, "2010-06-30": 1838.5, "2010-03-31": "", "2009-12-31": 0, "2009-09-30": 0, "2009-06-30": 0, "2009-03-31": "", "2008-12-31": 0, "2008-09-30": 0, "2008-06-30": 0, "2008-03-31": "", "2007-12-31": 0, "2007-09-30": 0, "2007-06-30": 0, "2007-03-31": "", "2006-12-31": 0, "2006-09-30": 0, "2006-06-30": 0, "2006-03-31": "", "2005-12-31": 0, "2005-09-30": -246.3, "2005-06-30": -7.8, "2005-03-31": "-0.70000"}, "Net Current Debt": {"2020-09-30": 0, "2020-06-30": -500, "2020-03-31": "500.00000", "2019-12-31": 0, "2019-09-30": 0, "2019-06-30": 0, "2019-03-31": "", "2018-12-31": 0, "2018-09-30": 0, "2018-06-30": 0, "2018-03-31": "", "2017-12-31": 0, "2017-09-30": 0, "2017-06-30": 0, "2017-03-31": "", "2016-12-31": 0, "2016-09-30": 0, "2016-06-30": 0, "2016-03-31": "", "2015-12-31": 0, "2015-09-30": 0, "2015-06-30": 0, "2015-03-31": "", "2014-12-31": 0, "2014-09-30": 0, "2014-06-30": 0, "2014-03-31": "", "2013-12-31": 0, "2013-09-30": 0, "2013-06-30": 0, "2013-03-31": "", "2012-12-31": 0, "2012-09-30": 0, "2012-06-30": 0, "2012-03-31": "", "2011-12-31": 0, "2011-09-30": 0, "2011-06-30": 0, "2011-03-31": "", "2010-12-31": 0, "2010-09-30": 0, "2010-06-30": 0, "2010-03-31": "", "2009-12-31": 0, "2009-09-30": 0, "2009-06-30": 0, "2009-03-31": "", "2008-12-31": 0, "2008-09-30": 0, "2008-06-30": 0, "2008-03-31": "", "2007-12-31": 0, "2007-09-30": 0, "2007-06-30": 0, "2007-03-31": "", "2006-12-31": 0, "2006-09-30": 0, "2006-06-30": 0, "2006-03-31": "", "2005-12-31": 0, "2005-09-30": 0, "2005-06-30": 0, "2005-03-31": ""}, "Debt Issuance/Retirement Net - Total": {"2020-09-30": 0, "2020-06-30": -500, "2020-03-31": "500.00000", "2019-12-31": -769, "2019-09-30": 0, "2019-06-30": 0, "2019-03-31": "", "2018-12-31": 0, "2018-09-30": 0, "2018-06-30": 0, "2018-03-31": "", "2017-12-31": -1148, "2017-09-30": 0, "2017-06-30": 0, "2017-03-31": "", "2016-12-31": 74, "2016-09-30": 0, "2016-06-30": 0, "2016-03-31": "", "2015-12-31": 0, "2015-09-30": 1000, "2015-06-30": 0, "2015-03-31": "", "2014-12-31": -0.2, "2014-09-30": 0, "2014-06-30": 0, "2014-03-31": "1494.20000", "2013-12-31": 0, "2013-09-30": 0, "2013-06-30": 1498, "2013-03-31": "", "2012-12-31": -40.5, "2012-09-30": 40.5, "2012-06-30": -13, "2012-03-31": "", "2011-12-31": 0, "2011-09-30": 0, "2011-06-30": 0, "2011-03-31": "-346.00000", "2010-12-31": -300, "2010-09-30": -350, "2010-06-30": 1838.5, "2010-03-31": "", "2009-12-31": 0, "2009-09-30": 0, "2009-06-30": 0, "2009-03-31": "", "2008-12-31": 0, "2008-09-30": 0, "2008-06-30": 0, "2008-03-31": "", "2007-12-31": 0, "2007-09-30": 0, "2007-06-30": 0, "2007-03-31": "", "2006-12-31": 0, "2006-09-30": 0, "2006-06-30": 0, "2006-03-31": "", "2005-12-31": 0, "2005-09-30": -246.3, "2005-06-30": -7.8, "2005-03-31": "-0.70000"}, "Net Common Equity Issued/Repurchased": {"2020-09-30": 1, "2020-06-30": 0, "2020-03-31": "-97.00000", "2019-12-31": -88, "2019-09-30": -60, "2019-06-30": -118, "2019-03-31": "-85.00000", "2018-12-31": -378, "2018-09-30": -81, "2018-06-30": 2, "2018-03-31": "2.00000", "2017-12-31": 0, "2017-09-30": 1, "2017-06-30": 0, "2017-03-31": "", "2016-12-31": 0, "2016-09-30": 0, "2016-06-30": 0, "2016-03-31": "", "2015-12-31": 0, "2015-09-30": -32, "2015-06-30": -286, "2015-03-31": "-230.00000", "2014-12-31": -337.8, "2014-09-30": 2.3, "2014-06-30": -809.1, "2014-03-31": "-772.40000", "2013-12-31": -293.6, "2013-09-30": -194.8, "2013-06-30": -414.9, "2013-03-31": "-495.50000", "2012-12-31": 2, "2012-09-30": 7.2, "2012-06-30": -498.1, "2012-03-31": "3.50000", "2011-12-31": -197.3, "2011-09-30": -796, "2011-06-30": 5.7, "2011-03-31": "2.90000", "2010-12-31": 3.8, "2010-09-30": 0.7, "2010-06-30": 1150.2, "2010-03-31": "0.30000", "2009-12-31": 0.3, "2009-09-30": 1.8, "2009-06-30": 0.9, "2009-03-31": "0.20000", "2008-12-31": -500, "2008-09-30": 5.9, "2008-06-30": 1.9, "2008-03-31": "2.10000", "2007-12-31": 6, "2007-09-30": 2.6, "2007-06-30": 4.7, "2007-03-31": "3.30000", "2006-12-31": 0.1, "2006-09-30": 0, "2006-06-30": 0, "2006-03-31": "", "2005-12-31": 0, "2005-09-30": 715.4, "2005-06-30": 0, "2005-03-31": ""}, "Net Total Equity Issued/Repurchased": {"2020-09-30": 1, "2020-06-30": 0, "2020-03-31": "-97.00000", "2019-12-31": -88, "2019-09-30": -60, "2019-06-30": -118, "2019-03-31": "-85.00000", "2018-12-31": -378, "2018-09-30": -81, "2018-06-30": 2, "2018-03-31": "2.00000", "2017-12-31": 0, "2017-09-30": 1, "2017-06-30": 0, "2017-03-31": "", "2016-12-31": 0, "2016-09-30": 0, "2016-06-30": 0, "2016-03-31": "", "2015-12-31": 0, "2015-09-30": -32, "2015-06-30": -286, "2015-03-31": "-230.00000", "2014-12-31": -337.8, "2014-09-30": 2.3, "2014-06-30": -809.1, "2014-03-31": "-772.40000", "2013-12-31": -293.6, "2013-09-30": -194.8, "2013-06-30": -414.9, "2013-03-31": "-495.50000", "2012-12-31": 2, "2012-09-30": 7.2, "2012-06-30": -498.1, "2012-03-31": "3.50000", "2011-12-31": -197.3, "2011-09-30": -796, "2011-06-30": 5.7, "2011-03-31": "2.90000", "2010-12-31": 3.8, "2010-09-30": 0.7, "2010-06-30": 1150.2, "2010-03-31": "0.30000", "2009-12-31": 0.3, "2009-09-30": 1.8, "2009-06-30": 0.9, "2009-03-31": "0.20000", "2008-12-31": -500, "2008-09-30": 5.9, "2008-06-30": 1.9, "2008-03-31": "2.10000", "2007-12-31": 6, "2007-09-30": 2.6, "2007-06-30": 4.7, "2007-03-31": "3.30000", "2006-12-31": 0.1, "2006-09-30": 0, "2006-06-30": 0, "2006-03-31": "", "2005-12-31": 0, "2005-09-30": 715.4, "2005-06-30": 0, "2005-03-31": ""}, "Total Common And Preferred Stock Dividends Paid": {"2020-09-30": -64, "2020-06-30": -64, "2020-03-31": "-65.00000", "2019-12-31": -65, "2019-09-30": -67, "2019-06-30": -66, "2019-03-31": "-67.00000", "2018-12-31": -70, "2018-09-30": -70, "2018-06-30": -70, "2018-03-31": "-70.00000", "2017-12-31": -70, "2017-09-30": -70, "2017-06-30": -70, "2017-03-31": "-70.00000", "2016-12-31": -71, "2016-09-30": -69, "2016-06-30": -70, "2016-03-31": "-70.00000", "2015-12-31": -70, "2015-09-30": -69, "2015-06-30": -71, "2015-03-31": "-72.00000", "2014-12-31": -74.6, "2014-09-30": -74.2, "2014-06-30": -52, "2014-03-31": "-55.20000", "2013-12-31": -57.2, "2013-09-30": -23, "2013-06-30": -23.7, "2013-03-31": "-25.20000", "2012-12-31": -25.3, "2012-09-30": -25.1, "2012-06-30": -26.1, "2012-03-31": "-26.20000", "2011-12-31": -26.1, "2011-09-30": -28.3, "2011-06-30": -7.2, "2011-03-31": "-7.10000", "2010-12-31": -7.1, "2010-09-30": -7.1, "2010-06-30": -27.2, "2010-03-31": "-4.80000", "2009-12-31": -4.9, "2009-09-30": -4.9, "2009-06-30": -4.8, "2009-03-31": "-4.80000", "2008-12-31": -5.1, "2008-09-30": -5.6, "2008-06-30": -5.7, "2008-03-31": "-5.60000", "2007-12-31": -1.2, "2007-09-30": -1.1, "2007-06-30": -1.1, "2007-03-31": "-1.10000", "2006-12-31": -1.1, "2006-09-30": -1.1, "2006-06-30": -1.1, "2006-03-31": "-1.10000", "2005-12-31": -1.1, "2005-09-30": 0, "2005-06-30": 0, "2005-03-31": ""}, "Financial Activities - Other": {"2020-09-30": -87, "2020-06-30": -1, "2020-03-31": "-96.00000", "2019-12-31": -8, "2019-09-30": -100, "2019-06-30": 0, "2019-03-31": "-90.00000", "2018-12-31": -8, "2018-09-30": -80, "2018-06-30": -388, "2018-03-31": "-59.00000", "2017-12-31": -11, "2017-09-30": -67, "2017-06-30": -5, "2017-03-31": "-54.00000", "2016-12-31": -33, "2016-09-30": -97, "2016-06-30": -12, "2016-03-31": "2787.00000", "2015-12-31": -32, "2015-09-30": -40, "2015-06-30": -9, "2015-03-31": "-12.00000", "2014-12-31": -19.9, "2014-09-30": -10.8, "2014-06-30": -13.5, "2014-03-31": "-63.80000", "2013-12-31": 35.8, "2013-09-30": -17.7, "2013-06-30": -960.8, "2013-03-31": "-7.70000", "2012-12-31": -12.9, "2012-09-30": -4.9, "2012-06-30": -166.4, "2012-03-31": "-11.50000", "2011-12-31": 3.2, "2011-09-30": -93.2, "2011-06-30": -9.7, "2011-03-31": "-0.30000", "2010-12-31": -1.9, "2010-09-30": -105.4, "2010-06-30": -181.3, "2010-03-31": "-31.70000", "2009-12-31": 0.2, "2009-09-30": 3.5, "2009-06-30": -111.5, "2009-03-31": "0.10000", "2008-12-31": -23.8, "2008-09-30": 13.6, "2008-06-30": -22.9, "2008-03-31": "4.70000", "2007-12-31": 8.2, "2007-09-30": 1.4, "2007-06-30": -27.6, "2007-03-31": "1.00000", "2006-12-31": 0, "2006-09-30": -3.9, "2006-06-30": 0, "2006-03-31": "-15.10000", "2005-12-31": -0.1, "2005-09-30": -750.1, "2005-06-30": 0, "2005-03-31": ""}, "Cash Flow From Financial Activities": {"2020-09-30": -150, "2020-06-30": -565, "2020-03-31": "242.00000", "2019-12-31": -930, "2019-09-30": -227, "2019-06-30": -184, "2019-03-31": "-242.00000", "2018-12-31": -456, "2018-09-30": -231, "2018-06-30": -456, "2018-03-31": "-127.00000", "2017-12-31": -1229, "2017-09-30": -136, "2017-06-30": -75, "2017-03-31": "-124.00000", "2016-12-31": -30, "2016-09-30": -166, "2016-06-30": -82, "2016-03-31": "2717.00000", "2015-12-31": -102, "2015-09-30": 859, "2015-06-30": -366, "2015-03-31": "-314.00000", "2014-12-31": -432.5, "2014-09-30": -82.7, "2014-06-30": -874.6, "2014-03-31": "602.80000", "2013-12-31": -315, "2013-09-30": -235.5, "2013-06-30": 98.6, "2013-03-31": "-528.40000", "2012-12-31": -76.7, "2012-09-30": 17.7, "2012-06-30": -703.6, "2012-03-31": "-34.20000", "2011-12-31": -220.2, "2011-09-30": -917.5, "2011-06-30": -11.2, "2011-03-31": "-350.50000", "2010-12-31": -305.2, "2010-09-30": -461.8, "2010-06-30": 2780.2, "2010-03-31": "-36.20000", "2009-12-31": -4.4, "2009-09-30": 0.4, "2009-06-30": -115.4, "2009-03-31": "-4.50000", "2008-12-31": -528.9, "2008-09-30": 13.9, "2008-06-30": -26.7, "2008-03-31": "1.20000", "2007-12-31": 13, "2007-09-30": 2.9, "2007-06-30": -24, "2007-03-31": "3.20000", "2006-12-31": -1, "2006-09-30": -5, "2006-06-30": -1.1, "2006-03-31": "-16.20000", "2005-12-31": -1.2, "2005-09-30": -281, "2005-06-30": -7.8, "2005-03-31": "-0.70000"}, "Net Cash Flow": {"2020-09-30": -10, "2020-06-30": -190, "2020-03-31": "466.00000", "2019-12-31": -732, "2019-09-30": 161, "2019-06-30": 187, "2019-03-31": "-11.00000", "2018-12-31": -340, "2018-09-30": 294, "2018-06-30": -208, "2018-03-31": "101.00000", "2017-12-31": -1157, "2017-09-30": -13, "2017-06-30": 689, "2017-03-31": "147.00000", "2016-12-31": -408, "2016-09-30": -454, "2016-06-30": -681, "2016-03-31": "2403.00000", "2015-12-31": -657, "2015-09-30": 133, "2015-06-30": -969, "2015-03-31": "-218.00000", "2014-12-31": -654.4, "2014-09-30": 457.1, "2014-06-30": -1336.1, "2014-03-31": "1819.40000", "2013-12-31": -575.4, "2013-09-30": 352.1, "2013-06-30": -276.2, "2013-03-31": "-64.60000", "2012-12-31": 53.6, "2012-09-30": 838.3, "2012-06-30": -330.3, "2012-03-31": "506.30000", "2011-12-31": -219.1, "2011-09-30": 70.5, "2011-06-30": 221.5, "2011-03-31": "336.40000", "2010-12-31": 149.3, "2010-09-30": 47, "2010-06-30": -409.1, "2010-03-31": "313.40000", "2009-12-31": 199.6, "2009-09-30": -318.6, "2009-06-30": 12.3, "2009-03-31": "178.80000", "2008-12-31": -203.4, "2008-09-30": 22.6, "2008-06-30": -46.2, "2008-03-31": "485.50000", "2007-12-31": 313.5, "2007-09-30": -6.6, "2007-06-30": 31.8, "2007-03-31": "2.40000", "2006-12-31": 4, "2006-09-30": -3.3, "2006-06-30": -14, "2006-03-31": "1.30000", "2005-12-31": -3, "2005-09-30": -39, "2005-06-30": 37.3, "2005-03-31": "-7.90000"}, "Stock-Based Compensation": {"2020-09-30": 7, "2020-06-30": 6, "2020-03-31": "7.00000", "2019-12-31": 4, "2019-09-30": 7, "2019-06-30": 11, "2019-03-31": "6.00000", "2018-12-31": 5, "2018-09-30": 6, "2018-06-30": 5, "2018-03-31": "6.00000", "2017-12-31": 4, "2017-09-30": 5, "2017-06-30": 4, "2017-03-31": "4.00000", "2016-12-31": 4, "2016-09-30": 6, "2016-06-30": 5, "2016-03-31": "4.00000", "2015-12-31": 4, "2015-09-30": 5, "2015-06-30": 4, "2015-03-31": "4.00000", "2014-12-31": 3.4, "2014-09-30": 3.6, "2014-06-30": 6.2, "2014-03-31": "3.80000", "2013-12-31": 3.1, "2013-09-30": 3.3, "2013-06-30": 3, "2013-03-31": "3.20000", "2012-12-31": 3.1, "2012-09-30": 3.2, "2012-06-30": 2.4, "2012-03-31": "3.20000", "2011-12-31": 2.6, "2011-09-30": 2.9, "2011-06-30": 2.7, "2011-03-31": "2.40000", "2010-12-31": 2.5, "2010-09-30": 2, "2010-06-30": 2, "2010-03-31": "1.80000", "2009-12-31": 1.9, "2009-09-30": 1.7, "2009-06-30": 1.5, "2009-03-31": "1.50000", "2008-12-31": 1.7, "2008-09-30": 2.1, "2008-06-30": 2.2, "2008-03-31": "2.30000", "2007-12-31": 2.3, "2007-09-30": 3.3, "2007-06-30": 2.2, "2007-03-31": "1.90000", "2006-12-31": 2, "2006-09-30": 2.5, "2006-06-30": 1.8, "2006-03-31": "1.80000", "2005-12-31": 1.8, "2005-09-30": 1.9, "2005-06-30": 0, "2005-03-31": ""}, "Common Stock Dividends Paid": {"2020-09-30": -64, "2020-06-30": -64, "2020-03-31": "-65.00000", "2019-12-31": -65, "2019-09-30": -67, "2019-06-30": -66, "2019-03-31": "-67.00000", "2018-12-31": -70, "2018-09-30": -70, "2018-06-30": -70, "2018-03-31": "-70.00000", "2017-12-31": -70, "2017-09-30": -70, "2017-06-30": -70, "2017-03-31": "-70.00000", "2016-12-31": -71, "2016-09-30": -69, "2016-06-30": -70, "2016-03-31": "-70.00000", "2015-12-31": -70, "2015-09-30": -69, "2015-06-30": -71, "2015-03-31": "-72.00000", "2014-12-31": -74.6, "2014-09-30": -74.2, "2014-06-30": -52, "2014-03-31": "-55.20000", "2013-12-31": -57.2, "2013-09-30": -23, "2013-06-30": -23.7, "2013-03-31": "-25.20000", "2012-12-31": -25.3, "2012-09-30": -25.1, "2012-06-30": -26.1, "2012-03-31": "-26.20000", "2011-12-31": -26.1, "2011-09-30": -28.3, "2011-06-30": -7.2, "2011-03-31": "-7.10000", "2010-12-31": -7.1, "2010-09-30": -7.1, "2010-06-30": -27.2, "2010-03-31": "-4.80000", "2009-12-31": -4.9, "2009-09-30": -4.9, "2009-06-30": -4.8, "2009-03-31": "-4.80000", "2008-12-31": -5.1, "2008-09-30": -5.6, "2008-06-30": -5.7, "2008-03-31": "-5.60000", "2007-12-31": -1.2, "2007-09-30": -1.1, "2007-06-30": -1.1, "2007-03-31": "-1.10000", "2006-12-31": -1.1, "2006-09-30": -1.1, "2006-06-30": -1.1, "2006-03-31": "-1.10000", "2005-12-31": -1.1, "2005-09-30": 0, "2005-06-30": 0, "2005-03-31": ""}}, "financial ratios": {"Current Ratio": {"2019-12-31": "1.46470", "2018-12-31": "1.80710", "2017-12-31": "2.52590", "2016-12-31": "3.87030", "2015-12-31": "0.92760", "2014-12-31": "2.58290", "2013-12-31": "3.17530", "2012-12-31": "2.95470", "2011-12-31": "1.74420", "2010-12-31": "1.41410", "2009-12-31": "2.67420", "2008-12-31": "1.75190", "2007-12-31": "2.03260", "2006-12-31": "1.79150", "2005-12-31": "1.62030"}, "Long-term Debt / Capital": {"2019-12-31": "0.41240", "2018-12-31": "0.45050", "2017-12-31": "0.41240", "2016-12-31": "0.47090", "2015-12-31": "0.55790", "2014-12-31": "0.50110", "2013-12-31": "0.36290", "2012-12-31": "0.20300", "2011-12-31": "0.24700", "2010-12-31": "0.30590", "2009-12-31": "0.00270", "2008-12-31": "", "2007-12-31": "0.00410", "2006-12-31": "0.00540", "2005-12-31": "0.00550"}, "Debt/Equity Ratio": {"2019-12-31": "0.70200", "2018-12-31": "0.81980", "2017-12-31": "0.70200", "2016-12-31": "0.89000", "2015-12-31": "1.26210", "2014-12-31": "1.00440", "2013-12-31": "0.56970", "2012-12-31": "0.25550", "2011-12-31": "0.32800", "2010-12-31": "0.44190", "2009-12-31": "0.00270", "2008-12-31": "0.00300", "2007-12-31": "0.00410", "2006-12-31": "0.00550", "2005-12-31": "0.00560"}, "Gross Margin": {"2019-12-31": "25.57730", "2018-12-31": "20.70450", "2017-12-31": "10.50850", "2016-12-31": "22.87650", "2015-12-31": "35.90990", "2014-12-31": "37.48680", "2013-12-31": "46.03360", "2012-12-31": "51.00430", "2011-12-31": "47.48520", "2010-12-31": "29.74780", "2009-12-31": "32.18060", "2008-12-31": "31.18260", "2007-12-31": "24.30440", "2006-12-31": "7.24090", "2005-12-31": "10.63060"}, "Operating Margin": {"2019-12-31": "21.85190", "2018-12-31": "17.29510", "2017-12-31": "5.66590", "2016-12-31": "3.74490", "2015-12-31": "27.69270", "2014-12-31": "49.88400", "2013-12-31": "44.05170", "2012-12-31": "48.48300", "2011-12-31": "45.76170", "2010-12-31": "22.59020", "2009-12-31": "26.06200", "2008-12-31": "29.33360", "2007-12-31": "21.82320", "2006-12-31": "3.50730", "2005-12-31": "7.01760"}, "EBIT Margin": {"2019-12-31": "21.85190", "2018-12-31": "17.29510", "2017-12-31": "5.66590", "2016-12-31": "3.74490", "2015-12-31": "27.69270", "2014-12-31": "49.88400", "2013-12-31": "44.05170", "2012-12-31": "48.48300", "2011-12-31": "45.76170", "2010-12-31": "22.59020", "2009-12-31": "26.06200", "2008-12-31": "29.33360", "2007-12-31": "21.82320", "2006-12-31": "3.50730", "2005-12-31": "7.01760"}, "EBITDA Margin": {"2019-12-31": "40.91500", "2018-12-31": "37.34480", "2017-12-31": "27.04600", "2016-12-31": "22.14380", "2015-12-31": "38.83470", "2014-12-31": "58.16990", "2013-12-31": "51.55170", "2012-12-31": "55.36040", "2011-12-31": "52.58700", "2010-12-31": "32.54730", "2009-12-31": "29.93410", "2008-12-31": "31.90430", "2007-12-31": "24.88850", "2006-12-31": "8.16080", "2005-12-31": "11.97220"}, "Pre-Tax Profit Margin": {"2019-12-31": "16.81920", "2018-12-31": "12.35040", "2017-12-31": "-3.02660", "2016-12-31": "-6.13300", "2015-12-31": "24.55900", "2014-12-31": "46.11010", "2013-12-31": "40.36200", "2012-12-31": "46.35490", "2011-12-31": "43.38540", "2010-12-31": "17.34430", "2009-12-31": "26.66770", "2008-12-31": "29.97630", "2007-12-31": "22.70470", "2006-12-31": "2.60710", "2005-12-31": "4.70040"}, "Net Profit Margin": {"2019-12-31": "10.74070", "2018-12-31": "6.54780", "2017-12-31": "8.66830", "2016-12-31": "-7.51700", "2015-12-31": "16.24880", "2014-12-31": "29.30640", "2013-12-31": "26.75220", "2012-12-31": "30.28670", "2011-12-31": "25.24150", "2010-12-31": "8.80710", "2009-12-31": "14.01630", "2008-12-31": "17.45940", "2007-12-31": "13.51980", "2006-12-31": "1.63810", "2005-12-31": "-1.98180"}, "Asset Turnover": {"2019-12-31": "0.37710", "2018-12-31": "0.34980", "2017-12-31": "0.30680", "2016-12-31": "0.24350", "2015-12-31": "0.33970", "2014-12-31": "0.42140", "2013-12-31": "0.51270", "2012-12-31": "0.60040", "2011-12-31": "0.67950", "2010-12-31": "0.45290", "2009-12-31": "1.04550", "2008-12-31": "1.64230", "2007-12-31": "1.36980", "2006-12-31": "1.57540", "2005-12-31": "1.60240"}, "Inventory Turnover Ratio": {"2019-12-31": "9.73220", "2018-12-31": "11.36570", "2017-12-31": "13.44000", "2016-12-31": "8.38350", "2015-12-31": "8.60120", "2014-12-31": "14.61310", "2013-12-31": "10.77110", "2012-12-31": "10.76180", "2011-12-31": "10.52700", "2010-12-31": "10.30520", "2009-12-31": "8.51300", "2008-12-31": "4.58440", "2007-12-31": "9.00600", "2006-12-31": "10.70810", "2005-12-31": "7.72380"}, "Receiveable Turnover": {"2019-12-31": "18.96690", "2018-12-31": "18.84680", "2017-12-31": "13.45280", "2016-12-31": "15.61440", "2015-12-31": "16.13480", "2014-12-31": "24.76760", "2013-12-31": "23.71030", "2012-12-31": "28.07730", "2011-12-31": "22.63510", "2010-12-31": "16.59690", "2009-12-31": "15.58180", "2008-12-31": "22.39350", "2007-12-31": "18.53870", "2006-12-31": "17.84810", "2005-12-31": "36.51020"}, "Days Sales In Receivables": {"2019-12-31": "19.24400", "2018-12-31": "19.36670", "2017-12-31": "27.13200", "2016-12-31": "23.37590", "2015-12-31": "22.62190", "2014-12-31": "14.73700", "2013-12-31": "15.39420", "2012-12-31": "12.99980", "2011-12-31": "16.12540", "2010-12-31": "21.99210", "2009-12-31": "23.42470", "2008-12-31": "16.29940", "2007-12-31": "19.68860", "2006-12-31": "20.45030", "2005-12-31": "9.99720"}, "ROE - Return On Equity": {"2019-12-31": "11.46000", "2018-12-31": "7.46820", "2017-12-31": "6.73250", "2016-12-31": "-2.43380", "2015-12-31": "16.73130", "2014-12-31": "31.42700", "2013-12-31": "28.18480", "2012-12-31": "30.61670", "2011-12-31": "35.69910", "2010-12-31": "9.94050", "2009-12-31": "25.70350", "2008-12-31": "59.33960", "2007-12-31": "35.99830", "2006-12-31": "4.34160", "2005-12-31": "-4.78900"}, "Return On Tangible Equity": {"2019-12-31": "19.74330", "2018-12-31": "12.67020", "2017-12-31": "10.43360", "2016-12-31": "-3.81000", "2015-12-31": "36.75510", "2014-12-31": "57.95060", "2013-12-31": "45.85650", "2012-12-31": "45.60310", "2011-12-31": "61.39310", "2010-12-31": "18.60360", "2009-12-31": "25.71670", "2008-12-31": "59.37920", "2007-12-31": "36.02560", "2006-12-31": "4.34670", "2005-12-31": "-4.79470"}, "ROA - Return On Assets": {"2019-12-31": "5.30730", "2018-12-31": "3.38050", "2017-12-31": "3.34250", "2016-12-31": "-1.04420", "2015-12-31": "5.78730", "2014-12-31": "12.76860", "2013-12-31": "14.35460", "2012-12-31": "18.91830", "2011-12-31": "19.62230", "2010-12-31": "5.03430", "2009-12-31": "17.97670", "2008-12-31": "33.56930", "2007-12-31": "21.23230", "2006-12-31": "2.58060", "2005-12-31": "-2.94760"}, "ROI - Return On Investment": {"2019-12-31": "6.73340", "2018-12-31": "4.10390", "2017-12-31": "3.95570", "2016-12-31": "-1.28770", "2015-12-31": "7.39620", "2014-12-31": "15.67920", "2013-12-31": "17.95580", "2012-12-31": "24.40180", "2011-12-31": "26.88260", "2010-12-31": "6.89940", "2009-12-31": "25.63440", "2008-12-31": "59.33960", "2007-12-31": "35.85030", "2006-12-31": "4.31790", "2005-12-31": "-4.76250"}, "Book Value Per Share": {"2019-12-31": "26.09430", "2018-12-31": "25.72050", "2017-12-31": "28.65140", "2016-12-31": "27.84900", "2015-12-31": "18.82170", "2014-12-31": "18.92020", "2013-12-31": "19.47570", "2012-12-31": "19.95900", "2011-12-31": "15.08050", "2010-12-31": "12.44170", "2009-12-31": "7.18510", "2008-12-31": "5.58230", "2007-12-31": "4.22080", "2006-12-31": "2.78040", "2005-12-31": "2.74730"}, "Operating Cash Flow Per Share": {"2019-12-31": 0.3886, "2018-12-31": -0.5702, "2017-12-31": 4.3262, "2016-12-31": -2.4653, "2015-12-31": -0.4234, "2014-12-31": 0.5802, "2013-12-31": -2.388, "2012-12-31": 1.4037, "2011-12-31": 2.2871, "2010-12-31": 0.8811, "2009-12-31": 0.507, "2008-12-31": -0.1654, "2007-12-31": 1.6909, "2006-12-31": 0.2401, "2005-12-31": 0.4989}, "Free Cash Flow Per Share": {"2019-12-31": 0.5751, "2018-12-31": -0.3271, "2017-12-31": 11.8145, "2016-12-31": -1.4838, "2015-12-31": -3.8258, "2014-12-31": -3.6835, "2013-12-31": -3.5628, "2012-12-31": 0.388, "2011-12-31": 2.4759, "2010-12-31": 1.0626, "2009-12-31": 0.0526, "2008-12-31": -0.2757, "2007-12-31": 1.5505, "2006-12-31": 0.2773, "2005-12-31": 0.2465}}, "financial ratios, quarterly": {"Current Ratio": {"2020-09-30": "1.71950", "2020-06-30": "1.84720", "2020-03-31": "1.19840", "2019-12-31": "1.46470", "2019-09-30": "1.34060", "2019-06-30": "1.42800", "2019-03-31": "1.70940", "2018-12-31": "1.80710", "2018-09-30": "2.02670", "2018-06-30": "2.79670", "2018-03-31": "2.65180", "2017-12-31": "2.52590", "2017-09-30": "1.70920", "2017-06-30": "1.85640", "2017-03-31": "3.28840", "2016-12-31": "3.87030", "2016-09-30": "3.03420", "2016-06-30": "4.36480", "2016-03-31": "2.76510", "2015-12-31": "0.92760", "2015-09-30": "1.38520", "2015-06-30": "1.81340", "2015-03-31": "1.81480", "2014-12-31": "2.58290", "2014-09-30": "3.18340", "2014-06-30": "4.72820", "2014-03-31": "3.42070", "2013-12-31": "3.17530", "2013-09-30": "3.35160", "2013-06-30": "4.71240", "2013-03-31": "2.26230", "2012-12-31": "2.95470", "2012-09-30": "2.52610", "2012-06-30": "3.59570", "2012-03-31": "1.96590", "2011-12-31": "1.74420", "2011-09-30": "1.36970", "2011-06-30": "1.90060", "2011-03-31": "1.30700", "2010-12-31": "1.41410", "2010-09-30": "1.65310", "2010-06-30": "2.18290", "2010-03-31": "2.44720", "2009-12-31": "2.67420", "2009-09-30": "3.29630", "2009-06-30": "4.14990", "2009-03-31": "1.72650", "2008-12-31": "1.75190", "2008-09-30": "2.12570", "2008-06-30": "1.93720", "2008-03-31": "1.53820", "2007-12-31": "2.03260", "2007-09-30": "2.02020", "2007-06-30": "2.15020", "2007-03-31": "1.61330", "2006-12-31": "1.79150", "2006-09-30": "1.91550", "2006-06-30": "2.13080", "2006-03-31": "1.45210", "2005-12-31": "1.62030", "2005-09-30": "1.76310", "2005-06-30": "", "2005-03-31": ""}, "Long-term Debt / Capital": {"2020-09-30": "0.41970", "2020-06-30": "0.41520", "2020-03-31": "0.42280", "2019-12-31": "0.41240", "2019-09-30": "0.42530", "2019-06-30": "0.41940", "2019-03-31": "0.45320", "2018-12-31": "0.45050", "2018-09-30": "0.43250", "2018-06-30": "0.42620", "2018-03-31": "0.41320", "2017-12-31": "0.41240", "2017-09-30": "0.44420", "2017-06-30": "0.43830", "2017-03-31": "0.47520", "2016-12-31": "0.47090", "2016-09-30": "0.44250", "2016-06-30": "0.43600", "2016-03-31": "0.43500", "2015-12-31": "0.55790", "2015-09-30": "0.55590", "2015-06-30": "0.50640", "2015-03-31": "0.50970", "2014-12-31": "0.50110", "2014-09-30": "0.48610", "2014-06-30": "0.48660", "2014-03-31": "0.46380", "2013-12-31": "0.36290", "2013-09-30": "0.36190", "2013-06-30": "0.36700", "2013-03-31": "0.20730", "2012-12-31": "0.20300", "2012-09-30": "0.21170", "2012-06-30": "0.22590", "2012-03-31": "0.23180", "2011-12-31": "0.24700", "2011-09-30": "0.25350", "2011-06-30": "0.23230", "2011-03-31": "0.25190", "2010-12-31": "0.30590", "2010-09-30": "0.34400", "2010-06-30": "0.38100", "2010-03-31": "0.00280", "2009-12-31": "0.00270", "2009-09-30": "", "2009-06-30": "", "2009-03-31": "", "2008-12-31": "", "2008-09-30": "0.00270", "2008-06-30": "0.00290", "2008-03-31": "0.00360", "2007-12-31": "0.00410", "2007-09-30": "0.00480", "2007-06-30": "0.00490", "2007-03-31": "0.00520", "2006-12-31": "0.00540", "2006-09-30": "0.00560", "2006-06-30": "0.00570", "2006-03-31": "0.00570", "2005-12-31": "0.00550", "2005-09-30": "0.00520", "2005-06-30": "", "2005-03-31": ""}, "Debt/Equity Ratio": {"2020-09-30": "0.72330", "2020-06-30": "0.71000", "2020-03-31": "0.82510", "2019-12-31": "0.70200", "2019-09-30": "0.82780", "2019-06-30": "0.80800", "2019-03-31": "0.82890", "2018-12-31": "0.81980", "2018-09-30": "0.76210", "2018-06-30": "0.74260", "2018-03-31": "0.70410", "2017-12-31": "0.70200", "2017-09-30": "0.92720", "2017-06-30": "0.90500", "2017-03-31": "0.90550", "2016-12-31": "0.89000", "2016-09-30": "0.79370", "2016-06-30": "0.77320", "2016-03-31": "0.76990", "2015-12-31": "1.26210", "2015-09-30": "1.25180", "2015-06-30": "1.02610", "2015-03-31": "1.03940", "2014-12-31": "1.00440", "2014-09-30": "0.94590", "2014-06-30": "0.94780", "2014-03-31": "0.86510", "2013-12-31": "0.56970", "2013-09-30": "0.56720", "2013-06-30": "0.57980", "2013-03-31": "0.26230", "2012-12-31": "0.25550", "2012-09-30": "0.26850", "2012-06-30": "0.29180", "2012-03-31": "0.30180", "2011-12-31": "0.32800", "2011-09-30": "0.34060", "2011-06-30": "0.30350", "2011-03-31": "0.33770", "2010-12-31": "0.44190", "2010-09-30": "0.52430", "2010-06-30": "0.62010", "2010-03-31": "0.00280", "2009-12-31": "0.00270", "2009-09-30": "0.00260", "2009-06-30": "0.00250", "2009-03-31": "0.00270", "2008-12-31": "0.00300", "2008-09-30": "0.00270", "2008-06-30": "0.00290", "2008-03-31": "0.00360", "2007-12-31": "0.00410", "2007-09-30": "0.00490", "2007-06-30": "0.00490", "2007-03-31": "0.00520", "2006-12-31": "0.00550", "2006-09-30": "0.00560", "2006-06-30": "0.00570", "2006-03-31": "0.00580", "2005-12-31": "0.00560", "2005-09-30": "0.00520", "2005-06-30": "", "2005-03-31": ""}, "Gross Margin": {"2020-09-30": "9.79930", "2020-06-30": "27.74090", "2020-03-31": "21.00930", "2019-12-31": "21.63970", "2019-09-30": "21.96530", "2019-06-30": "33.22240", "2019-03-31": "21.97800", "2018-12-31": "21.37810", "2018-09-30": "16.63460", "2018-06-30": "24.00000", "2018-03-31": "19.85370", "2017-12-31": "13.01180", "2017-09-30": "1.26440", "2017-06-30": "15.39150", "2017-03-31": "10.31820", "2016-12-31": "11.18800", "2016-09-30": "0.29410", "2016-06-30": "46.47270", "2016-03-31": "21.61360", "2015-12-31": "25.11210", "2015-09-30": "17.78020", "2015-06-30": "52.32650", "2015-03-31": "43.60590", "2014-12-31": "36.48770", "2014-09-30": "32.67850", "2014-06-30": "40.08280", "2014-03-31": "39.09590", "2013-12-31": "44.77120", "2013-09-30": "35.19600", "2013-06-30": "50.45190", "2013-03-31": "50.51250", "2012-12-31": "44.29590", "2012-09-30": "51.64040", "2012-06-30": "60.11180", "2012-03-31": "46.59600", "2011-12-31": "50.34920", "2011-09-30": "45.44810", "2011-06-30": "48.14340", "2011-03-31": "44.71890", "2010-12-31": "39.09990", "2010-09-30": "18.51490", "2010-06-30": "30.33870", "2010-03-31": "25.67680", "2009-12-31": "24.88650", "2009-09-30": "28.83050", "2009-06-30": "43.08780", "2009-03-31": "23.84660", "2008-12-31": "33.64740", "2008-09-30": "11.84370", "2008-06-30": "40.47370", "2008-03-31": "40.64140", "2007-12-31": "27.68330", "2007-09-30": "25.95640", "2007-06-30": "20.92120", "2007-03-31": "22.24810", "2006-12-31": "7.87010", "2006-09-30": "6.47270", "2006-06-30": "14.69440", "2006-03-31": "-5.66790", "2005-12-31": "0.44020", "2005-09-30": "15.58150", "2005-06-30": "15.25450", "2005-03-31": "12.04010"}, "Operating Margin": {"2020-09-30": "4.72260", "2020-06-30": "23.25580", "2020-03-31": "15.13900", "2019-12-31": "16.68260", "2019-09-30": "18.11180", "2019-06-30": "31.62450", "2019-03-31": "16.48350", "2018-12-31": "17.22620", "2018-09-30": "13.07690", "2018-06-30": "21.07690", "2018-03-31": "16.82340", "2017-12-31": "9.55410", "2017-09-30": "-4.25290", "2017-06-30": "9.60850", "2017-03-31": "5.59310", "2016-12-31": "-11.07270", "2016-09-30": "-14.85290", "2016-06-30": "20.98770", "2016-03-31": "9.66140", "2015-12-31": "12.28700", "2015-09-30": "6.35780", "2015-06-30": "48.05490", "2015-03-31": "38.46960", "2014-12-31": "34.39120", "2014-09-30": "26.76360", "2014-06-30": "36.07660", "2014-03-31": "103.28450", "2013-12-31": "42.58470", "2013-09-30": "35.13220", "2013-06-30": "48.61510", "2013-03-31": "46.97340", "2012-12-31": "41.58900", "2012-09-30": "49.07310", "2012-06-30": "57.90510", "2012-03-31": "43.93820", "2011-12-31": "48.24840", "2011-09-30": "41.48030", "2011-06-30": "46.88350", "2011-03-31": "45.51960", "2010-12-31": "35.14860", "2010-09-30": "14.91660", "2010-06-30": "26.79100", "2010-03-31": "-5.27470", "2009-12-31": "14.03200", "2009-09-30": "20.87890", "2009-06-30": "39.87890", "2009-03-31": "18.17510", "2008-12-31": "32.08020", "2008-09-30": "10.05090", "2008-06-30": "38.94060", "2008-03-31": "37.70420", "2007-12-31": "25.12610", "2007-09-30": "23.65760", "2007-06-30": "18.77720", "2007-03-31": "19.07280", "2006-12-31": "1.99960", "2006-09-30": "3.08580", "2006-06-30": "12.38570", "2006-03-31": "-9.28840", "2005-12-31": "-4.21050", "2005-09-30": "10.29490", "2005-06-30": "12.70150", "2005-03-31": "9.47090"}, "EBIT Margin": {"2020-09-30": "4.72260", "2020-06-30": "23.25580", "2020-03-31": "15.13900", "2019-12-31": "16.68260", "2019-09-30": "18.11180", "2019-06-30": "31.62450", "2019-03-31": "16.48350", "2018-12-31": "17.22620", "2018-09-30": "13.07690", "2018-06-30": "21.07690", "2018-03-31": "16.82340", "2017-12-31": "9.55410", "2017-09-30": "-4.25290", "2017-06-30": "9.60850", "2017-03-31": "5.59310", "2016-12-31": "-11.07270", "2016-09-30": "-14.85290", "2016-06-30": "20.98770", "2016-03-31": "9.66140", "2015-12-31": "12.28700", "2015-09-30": "6.35780", "2015-06-30": "48.05490", "2015-03-31": "38.46960", "2014-12-31": "34.39120", "2014-09-30": "26.76360", "2014-06-30": "36.07660", "2014-03-31": "103.28450", "2013-12-31": "42.58470", "2013-09-30": "35.13220", "2013-06-30": "48.61510", "2013-03-31": "46.97340", "2012-12-31": "41.58900", "2012-09-30": "49.07310", "2012-06-30": "57.90510", "2012-03-31": "43.93820", "2011-12-31": "48.24840", "2011-09-30": "41.48030", "2011-06-30": "46.88350", "2011-03-31": "45.51960", "2010-12-31": "35.14870", "2010-09-30": "14.91660", "2010-06-30": "26.79100", "2010-03-31": "-5.27470", "2009-12-31": "14.03200", "2009-09-30": "20.87890", "2009-06-30": "39.87890", "2009-03-31": "18.17510", "2008-12-31": "32.08020", "2008-09-30": "10.05090", "2008-06-30": "38.94060", "2008-03-31": "37.70420", "2007-12-31": "25.12610", "2007-09-30": "23.65760", "2007-06-30": "18.77720", "2007-03-31": "19.07280", "2006-12-31": "1.99960", "2006-09-30": "3.08580", "2006-06-30": "12.38570", "2006-03-31": "-9.28840", "2005-12-31": "-4.21050", "2005-09-30": "10.29490", "2005-06-30": "12.70150", "2005-03-31": "9.47090"}, "EBITDA Margin": {"2020-09-30": "", "2020-06-30": "", "2020-03-31": "", "2019-12-31": "", "2019-09-30": "", "2019-06-30": "", "2019-03-31": "", "2018-12-31": "", "2018-09-30": "", "2018-06-30": "", "2018-03-31": "", "2017-12-31": "", "2017-09-30": "", "2017-06-30": "", "2017-03-31": "", "2016-12-31": "", "2016-09-30": "", "2016-06-30": "", "2016-03-31": "", "2015-12-31": "", "2015-09-30": "", "2015-06-30": "", "2015-03-31": "", "2014-12-31": "", "2014-09-30": "", "2014-06-30": "", "2014-03-31": "", "2013-12-31": "", "2013-09-30": "", "2013-06-30": "", "2013-03-31": "", "2012-12-31": "", "2012-09-30": "", "2012-06-30": "", "2012-03-31": "", "2011-12-31": "", "2011-09-30": "", "2011-06-30": "", "2011-03-31": "", "2010-12-31": "", "2010-09-30": "", "2010-06-30": "", "2010-03-31": "", "2009-12-31": "", "2009-09-30": "", "2009-06-30": "", "2009-03-31": "", "2008-12-31": "", "2008-09-30": "", "2008-06-30": "", "2008-03-31": "", "2007-12-31": "", "2007-09-30": "", "2007-06-30": "", "2007-03-31": "", "2006-12-31": "", "2006-09-30": "", "2006-06-30": "", "2006-03-31": "", "2005-12-31": "", "2005-09-30": "", "2005-06-30": "", "2005-03-31": ""}, "Pre-Tax Profit Margin": {"2020-09-30": "-1.06260", "2020-06-30": "20.84720", "2020-03-31": "10.71060", "2019-12-31": "10.20020", "2019-09-30": "12.81310", "2019-06-30": "28.09590", "2019-03-31": "10.98900", "2018-12-31": "12.45580", "2018-09-30": "7.98080", "2018-06-30": "16.76920", "2018-03-31": "10.97180", "2017-12-31": "-1.54690", "2017-09-30": "-13.21840", "2017-06-30": "2.58010", "2017-03-31": "-2.12150", "2016-12-31": "-38.63900", "2016-09-30": "-19.26470", "2016-06-30": "15.69670", "2016-03-31": "6.17530", "2015-12-31": "8.87890", "2015-09-30": "2.58620", "2015-06-30": "45.84290", "2015-03-31": "35.01050", "2014-12-31": "30.92990", "2014-09-30": "21.76040", "2014-06-30": "32.60680", "2014-03-31": "99.77930", "2013-12-31": "39.59890", "2013-09-30": "31.51320", "2013-06-30": "46.80740", "2013-03-31": "40.11220", "2012-12-31": "39.70570", "2012-09-30": "47.09430", "2012-06-30": "55.32960", "2012-03-31": "41.94820", "2011-12-31": "46.38620", "2011-09-30": "39.22210", "2011-06-30": "45.23510", "2011-03-31": "41.13290", "2010-12-31": "31.10860", "2010-09-30": "8.64680", "2010-06-30": "16.95080", "2010-03-31": "0.33840", "2009-12-31": "16.47920", "2009-09-30": "21.27410", "2009-06-30": "39.92940", "2009-03-31": "18.35150", "2008-12-31": "32.37870", "2008-09-30": "10.33500", "2008-06-30": "39.65550", "2008-03-31": "39.32260", "2007-12-31": "30.66280", "2007-09-30": "22.74830", "2007-06-30": "17.06920", "2007-03-31": "18.41660", "2006-12-31": "2.29320", "2006-09-30": "2.75970", "2006-06-30": "10.20760", "2006-03-31": "-10.18730", "2005-12-31": "-3.57890", "2005-09-30": "0.89040", "2005-06-30": "11.36110", "2005-03-31": "8.01220"}, "Net Profit Margin": {"2020-09-30": "-3.30580", "2020-06-30": "15.78070", "2020-03-31": "7.00310", "2019-12-31": "5.24310", "2019-09-30": "6.26200", "2019-06-30": "18.84160", "2019-03-31": "8.99100", "2018-12-31": "4.32860", "2018-09-30": "2.88460", "2018-06-30": "11.38460", "2018-03-31": "6.58310", "2017-12-31": "42.31120", "2017-09-30": "-10.00000", "2017-06-30": "0.26690", "2017-03-31": "-2.21790", "2016-12-31": "-36.90890", "2016-09-30": "-4.41180", "2016-06-30": "4.14460", "2016-03-31": "2.58960", "2015-12-31": "2.42150", "2015-09-30": "9.69830", "2015-06-30": "26.84970", "2015-03-31": "24.21380", "2014-12-31": "19.56750", "2014-09-30": "14.20660", "2014-06-30": "21.22630", "2014-03-31": "62.55520", "2013-12-31": "24.56460", "2013-09-30": "21.34000", "2013-06-30": "29.05130", "2013-03-31": "30.41530", "2012-12-31": "31.77400", "2012-09-30": "29.66750", "2012-06-30": "34.93320", "2012-03-31": "24.11630", "2011-12-31": "25.54120", "2011-09-30": "23.57170", "2011-06-30": "27.05220", "2011-03-31": "24.02040", "2010-12-31": "16.18460", "2010-09-30": "5.25570", "2010-06-30": "8.03580", "2010-03-31": "-0.87580", "2009-12-31": "10.14410", "2009-09-30": "8.95140", "2009-06-30": "21.49340", "2009-03-31": "9.21250", "2008-12-31": "17.73320", "2008-09-30": "4.61400", "2008-06-30": "24.85790", "2008-03-31": "23.79740", "2007-12-31": "15.88270", "2007-09-30": "14.83960", "2007-06-30": "11.02600", "2007-03-31": "12.10840", "2006-12-31": "1.46760", "2006-09-30": "1.83140", "2006-06-30": "6.18560", "2006-03-31": "-6.14230", "2005-12-31": "-2.44980", "2005-09-30": "-25.43130", "2005-06-30": "6.84540", "2005-03-31": "4.85520"}, "Asset Turnover": {"2020-09-30": "0.07100", "2020-06-30": "0.10080", "2020-03-31": "0.07800", "2019-12-31": "0.08620", "2019-09-30": "0.08050", "2019-06-30": "0.11680", "2019-03-31": "0.07730", "2018-12-31": "0.08940", "2018-09-30": "0.07910", "2018-06-30": "0.10010", "2018-03-31": "0.07080", "2017-12-31": "0.08160", "2017-09-30": "0.05860", "2017-06-30": "0.07530", "2017-03-31": "0.06830", "2016-12-31": "0.05730", "2016-09-30": "0.04350", "2016-06-30": "0.07190", "2016-03-31": "0.06440", "2015-12-31": "0.08790", "2015-09-30": "0.07210", "2015-06-30": "0.11920", "2015-03-31": "0.08310", "2014-12-31": "0.10810", "2014-09-30": "0.07900", "2014-06-30": "0.13030", "2014-03-31": "0.09080", "2013-12-31": "0.12420", "2013-09-30": "0.10160", "2013-06-30": "0.16730", "2013-03-31": "0.12930", "2012-12-31": "0.14570", "2012-09-30": "0.13350", "2012-06-30": "0.19030", "2012-03-31": "0.15880", "2011-12-31": "0.19150", "2011-09-30": "0.15180", "2011-06-30": "0.19130", "2011-03-31": "0.12770", "2010-12-31": "0.14140", "2010-09-30": "0.10640", "2010-06-30": "0.15220", "2010-03-31": "0.19080", "2009-12-31": "0.20310", "2009-09-30": "0.18250", "2009-06-30": "0.43480", "2009-03-31": "0.27160", "2008-12-31": "0.44900", "2008-09-30": "0.33820", "2008-06-30": "0.41950", "2008-03-31": "0.26370", "2007-12-31": "0.42360", "2007-09-30": "0.31930", "2007-06-30": "0.53460", "2007-03-31": "0.29570", "2006-12-31": "0.42240", "2006-09-30": "0.30860", "2006-06-30": "0.58270", "2006-03-31": "0.30790", "2005-12-31": "0.42550", "2005-09-30": "0.26860", "2005-06-30": "", "2005-03-31": ""}, "Inventory Turnover Ratio": {"2020-09-30": "2.56380", "2020-06-30": "3.18680", "2020-03-31": "2.02370", "2019-12-31": "2.34190", "2019-09-30": "2.73650", "2019-06-30": "3.45860", "2019-03-31": "1.75110", "2018-12-31": "2.88030", "2018-09-30": "3.28410", "2018-06-30": "3.84440", "2018-03-31": "1.91270", "2017-12-31": "3.47640", "2017-09-30": "2.71840", "2017-06-30": "2.92620", "2017-03-31": "2.55490", "2016-12-31": "2.27140", "2016-09-30": "2.17310", "2016-06-30": "2.62770", "2016-03-31": "2.58880", "2015-12-31": "2.60120", "2015-09-30": "2.31350", "2015-06-30": "3.04430", "2015-03-31": "2.00970", "2014-12-31": "3.80730", "2014-09-30": "2.43450", "2014-06-30": "4.30440", "2014-03-31": "1.79450", "2013-12-31": "2.67040", "2013-09-30": "1.98910", "2013-06-30": "2.64700", "2013-03-31": "1.71440", "2012-12-31": "2.96940", "2012-09-30": "2.12060", "2012-06-30": "3.01520", "2012-03-31": "3.07270", "2011-12-31": "2.80470", "2011-09-30": "2.24180", "2011-06-30": "3.37290", "2011-03-31": "1.64220", "2010-12-31": "2.78840", "2010-09-30": "2.75650", "2010-06-30": "3.17130", "2010-03-31": "1.30010", "2009-12-31": "1.83160", "2009-09-30": "1.39390", "2009-06-30": "2.63670", "2009-03-31": "1.12650", "2008-12-31": "1.20850", "2008-09-30": "1.45800", "2008-06-30": "1.87390", "2008-03-31": "0.89110", "2007-12-31": "2.66080", "2007-09-30": "1.82340", "2007-06-30": "3.72740", "2007-03-31": "1.20940", "2006-12-31": "2.85180", "2006-09-30": "1.54430", "2006-06-30": "2.89980", "2006-03-31": "1.27740", "2005-12-31": "2.28460", "2005-09-30": "1.40580", "2005-06-30": "", "2005-03-31": ""}, "Receiveable Turnover": {"2020-09-30": "3.61970", "2020-06-30": "4.81600", "2020-03-31": "3.86850", "2019-12-31": "4.33470", "2019-09-30": "3.33760", "2019-06-30": "4.79870", "2019-03-31": "3.79170", "2018-12-31": "4.81700", "2018-09-30": "3.80950", "2018-06-30": "3.84620", "2018-03-31": "3.87450", "2017-12-31": "3.57980", "2017-09-30": "3.11830", "2017-06-30": "3.98580", "2017-03-31": "4.11510", "2016-12-31": "3.67370", "2016-09-30": "3.28500", "2016-06-30": "4.74480", "2016-03-31": "3.83210", "2015-12-31": "4.17600", "2015-09-30": "3.68400", "2015-06-30": "6.72650", "2015-03-31": "5.70920", "2014-12-31": "6.35140", "2014-09-30": "5.87250", "2014-06-30": "5.70150", "2014-03-31": "5.25080", "2013-12-31": "5.74400", "2013-09-30": "5.86940", "2013-06-30": "5.82700", "2013-03-31": "5.50680", "2012-12-31": "6.81420", "2012-09-30": "3.98770", "2012-06-30": "4.81840", "2012-03-31": "3.28590", "2011-12-31": "6.37860", "2011-09-30": "5.22640", "2011-06-30": "4.24430", "2011-03-31": "4.51020", "2010-12-31": "5.18040", "2010-09-30": "4.00830", "2010-06-30": "3.76480", "2010-03-31": "2.54380", "2009-12-31": "3.02690", "2009-09-30": "3.00140", "2009-06-30": "7.18640", "2009-03-31": "3.67100", "2008-12-31": "6.12220", "2008-09-30": "6.62860", "2008-06-30": "6.62290", "2008-03-31": "4.32750", "2007-12-31": "5.73300", "2007-09-30": "3.89380", "2007-06-30": "5.37280", "2007-03-31": "3.98650", "2006-12-31": "4.78580", "2006-09-30": "4.60810", "2006-06-30": "8.10240", "2006-03-31": "5.64880", "2005-12-31": "9.69390", "2005-09-30": "5.94190", "2005-06-30": "", "2005-03-31": ""}, "Days Sales In Receivables": {"2020-09-30": "24.86420", "2020-06-30": "18.68770", "2020-03-31": "23.26470", "2019-12-31": "20.76260", "2019-09-30": "26.96530", "2019-06-30": "18.75500", "2019-03-31": "23.73630", "2018-12-31": "18.68370", "2018-09-30": "23.62500", "2018-06-30": "23.40000", "2018-03-31": "23.22880", "2017-12-31": "25.14100", "2017-09-30": "28.86210", "2017-06-30": "22.58010", "2017-03-31": "21.87080", "2016-12-31": "24.49830", "2016-09-30": "27.39710", "2016-06-30": "18.96830", "2016-03-31": "23.48610", "2015-12-31": "21.55160", "2015-09-30": "24.43000", "2015-06-30": "13.37990", "2015-03-31": "15.76420", "2014-12-31": "14.17000", "2014-09-30": "15.32560", "2014-06-30": "15.78530", "2014-03-31": "17.14020", "2013-12-31": "15.66840", "2013-09-30": "15.33360", "2013-06-30": "15.44520", "2013-03-31": "16.34340", "2012-12-31": "13.20780", "2012-09-30": "22.56950", "2012-06-30": "18.67830", "2012-03-31": "27.39000", "2011-12-31": "14.10960", "2011-09-30": "17.22040", "2011-06-30": "21.20500", "2011-03-31": "19.95490", "2010-12-31": "17.37310", "2010-09-30": "22.45340", "2010-06-30": "23.90550", "2010-03-31": "35.38020", "2009-12-31": "29.73360", "2009-09-30": "29.98610", "2009-06-30": "12.52370", "2009-03-31": "24.51660", "2008-12-31": "14.70060", "2008-09-30": "13.57760", "2008-06-30": "13.58920", "2008-03-31": "20.79720", "2007-12-31": "15.69850", "2007-09-30": "23.11370", "2007-06-30": "16.75110", "2007-03-31": "22.57620", "2006-12-31": "18.80570", "2006-09-30": "19.53090", "2006-06-30": "11.10790", "2006-03-31": "15.93260", "2005-12-31": "9.28420", "2005-09-30": "15.14670", "2005-06-30": "", "2005-03-31": ""}, "ROE - Return On Equity": {"2020-09-30": "0.07310", "2020-06-30": "3.90960", "2020-03-31": "1.68430", "2019-12-31": "1.66760", "2019-09-30": "2.00670", "2019-06-30": "5.50020", "2019-03-31": "2.08110", "2018-12-31": "1.65770", "2018-09-30": "1.15200", "2018-06-30": "2.75230", "2018-03-31": "1.32030", "2017-12-31": "7.52540", "2017-09-30": "-1.08970", "2017-06-30": "0.37560", "2017-03-31": "-0.14100", "2016-12-31": "-4.43620", "2016-09-30": "", "2016-06-30": "1.15840", "2016-03-31": "0.65330", "2015-12-31": "0.82060", "2015-09-30": "2.17120", "2015-06-30": "8.15500", "2015-03-31": "5.34120", "2014-12-31": "5.49590", "2014-09-30": "2.89580", "2014-06-30": "6.70160", "2014-03-31": "13.57120", "2013-12-31": "6.27760", "2013-09-30": "4.46540", "2013-06-30": "9.69610", "2013-03-31": "7.01900", "2012-12-31": "5.65570", "2012-09-30": "7.66300", "2012-06-30": "12.33230", "2012-03-31": "8.05280", "2011-12-31": "10.18060", "2011-09-30": "8.05090", "2011-06-30": "10.19920", "2011-03-31": "6.94130", "2010-12-31": "5.11350", "2010-09-30": "1.65510", "2010-06-30": "3.25620", "2010-03-31": "0.35650", "2009-12-31": "3.28390", "2009-09-30": "3.41040", "2009-06-30": "14.68900", "2009-03-31": "5.82620", "2008-12-31": "17.76120", "2008-09-30": "4.51570", "2008-06-30": "18.82300", "2008-03-31": "13.20280", "2007-12-31": "16.00670", "2007-09-30": "8.41110", "2007-06-30": "10.02360", "2007-03-31": "6.89320", "2006-12-31": "1.04300", "2006-09-30": "0.93490", "2006-06-30": "5.51100", "2006-03-31": "-3.36990", "2005-12-31": "-1.32290", "2005-09-30": "-11.30570", "2005-06-30": "", "2005-03-31": ""}, "Return On Tangible Equity": {"2020-09-30": "0.12830", "2020-06-30": "6.74920", "2020-03-31": "2.97680", "2019-12-31": "2.87290", "2019-09-30": "3.41620", "2019-06-30": "9.23520", "2019-03-31": "3.56500", "2018-12-31": "2.81230", "2018-09-30": "1.86740", "2018-06-30": "4.39620", "2018-03-31": "2.05420", "2017-12-31": "11.66240", "2017-09-30": "-1.75670", "2017-06-30": "0.59550", "2017-03-31": "-0.22320", "2016-12-31": "-6.94480", "2016-09-30": "", "2016-06-30": "1.72840", "2016-03-31": "0.97710", "2015-12-31": "1.80270", "2015-09-30": "4.70810", "2015-06-30": "15.30400", "2015-03-31": "10.13700", "2014-12-31": "10.13430", "2014-09-30": "5.09180", "2014-06-30": "11.80990", "2014-03-31": "22.41650", "2013-12-31": "10.21360", "2013-09-30": "7.17880", "2013-06-30": "15.80100", "2013-03-31": "10.59410", "2012-12-31": "8.42400", "2012-09-30": "11.70530", "2012-06-30": "19.74270", "2012-03-31": "13.09610", "2011-12-31": "17.50800", "2011-09-30": "14.24050", "2011-06-30": "16.64370", "2011-03-31": "12.19610", "2010-12-31": "9.56980", "2010-09-30": "3.22830", "2010-06-30": "6.50880", "2010-03-31": "0.35670", "2009-12-31": "3.28550", "2009-09-30": "3.41220", "2009-06-30": "14.69680", "2009-03-31": "5.82990", "2008-12-31": "17.77300", "2008-09-30": "4.51810", "2008-06-30": "18.83340", "2008-03-31": "13.21160", "2007-12-31": "16.01890", "2007-09-30": "8.41850", "2007-06-30": "10.03320", "2007-03-31": "6.90070", "2006-12-31": "1.04430", "2006-09-30": "0.93600", "2006-06-30": "5.51740", "2006-03-31": "-3.37400", "2005-12-31": "-1.32450", "2005-09-30": "-11.32430", "2005-06-30": "", "2005-03-31": ""}, "ROA - Return On Assets": {"2020-09-30": "0.03350", "2020-06-30": "1.82430", "2020-03-31": "0.73150", "2019-12-31": "0.77230", "2019-09-30": "0.88360", "2019-06-30": "2.48780", "2019-03-31": "0.91180", "2018-12-31": "0.75030", "2018-09-30": "0.53970", "2018-06-30": "1.33980", "2018-03-31": "0.65080", "2017-12-31": "3.73620", "2017-09-30": "-0.45770", "2017-06-30": "0.16070", "2017-03-31": "-0.05930", "2016-12-31": "-1.90340", "2016-09-30": "", "2016-06-30": "0.52660", "2016-03-31": "0.30160", "2015-12-31": "0.28380", "2015-09-30": "0.75370", "2015-06-30": "3.31870", "2015-03-31": "2.05480", "2014-12-31": "2.23290", "2014-09-30": "1.20590", "2014-06-30": "2.87220", "2014-03-31": "5.77450", "2013-12-31": "3.19720", "2013-09-30": "2.25850", "2013-06-30": "5.05380", "2013-03-31": "4.15340", "2012-12-31": "3.49470", "2012-09-30": "4.49880", "2012-06-30": "7.43840", "2012-03-31": "4.48900", "2011-12-31": "5.59590", "2011-09-30": "4.13590", "2011-06-30": "5.77280", "2011-03-31": "3.61920", "2010-12-31": "2.58970", "2010-09-30": "0.82620", "2010-06-30": "1.58920", "2010-03-31": "0.23550", "2009-12-31": "2.29670", "2009-09-30": "2.54550", "2009-06-30": "10.88880", "2009-03-31": "3.31190", "2008-12-31": "10.04780", "2008-09-30": "2.53770", "2008-06-30": "11.11910", "2008-03-31": "7.00620", "2007-12-31": "9.44100", "2007-09-30": "4.73890", "2007-06-30": "5.89460", "2007-03-31": "3.58010", "2006-12-31": "0.62000", "2006-09-30": "0.56510", "2006-06-30": "3.60410", "2006-03-31": "-1.89110", "2005-12-31": "-0.81430", "2005-09-30": "-6.83190", "2005-06-30": "", "2005-03-31": ""}, "ROI - Return On Investment": {"2020-09-30": "0.04240", "2020-06-30": "2.28630", "2020-03-31": "0.97210", "2019-12-31": "0.97980", "2019-09-30": "1.15330", "2019-06-30": "3.19330", "2019-03-31": "1.13790", "2018-12-31": "0.91090", "2018-09-30": "0.65380", "2018-06-30": "1.57940", "2018-03-31": "0.77480", "2017-12-31": "4.42160", "2017-09-30": "-0.60560", "2017-06-30": "0.21100", "2017-03-31": "-0.07400", "2016-12-31": "-2.34720", "2016-09-30": "", "2016-06-30": "0.65330", "2016-03-31": "0.36910", "2015-12-31": "0.36280", "2015-09-30": "0.96420", "2015-06-30": "4.02500", "2015-03-31": "2.61900", "2014-12-31": "2.74200", "2014-09-30": "1.48820", "2014-06-30": "3.44050", "2014-03-31": "7.27630", "2013-12-31": "3.99930", "2013-09-30": "2.84930", "2013-06-30": "6.13760", "2013-03-31": "5.56380", "2012-12-31": "4.50760", "2012-09-30": "6.04110", "2012-06-30": "9.54680", "2012-03-31": "6.18590", "2011-12-31": "7.66640", "2011-09-30": "6.00990", "2011-06-30": "7.83030", "2011-03-31": "5.19310", "2010-12-31": "3.54910", "2010-09-30": "1.08580", "2010-06-30": "2.01540", "2010-03-31": "0.35550", "2009-12-31": "3.27500", "2009-09-30": "3.41040", "2009-06-30": "14.68900", "2009-03-31": "5.82620", "2008-12-31": "17.76120", "2008-09-30": "4.50350", "2008-06-30": "18.76790", "2008-03-31": "13.15570", "2007-12-31": "15.94090", "2007-09-30": "8.37040", "2007-06-30": "9.97440", "2007-03-31": "6.85770", "2006-12-31": "1.03730", "2006-09-30": "0.92970", "2006-06-30": "5.47980", "2006-03-31": "-3.35060", "2005-12-31": "-1.31560", "2005-09-30": "-11.24680", "2005-06-30": "", "2005-03-31": ""}, "Book Value Per Share": {"2020-09-30": "25.59170", "2020-06-30": "26.07110", "2020-03-31": "25.27160", "2019-12-31": "26.09430", "2019-09-30": "26.07870", "2019-06-30": "26.57600", "2019-03-31": "25.41800", "2018-12-31": "25.72050", "2018-09-30": "26.58280", "2018-06-30": "27.07890", "2018-03-31": "28.56110", "2017-12-31": "28.65140", "2017-09-30": "26.75160", "2017-06-30": "27.39760", "2017-03-31": "27.37310", "2016-12-31": "27.84900", "2016-09-30": "29.94260", "2016-06-30": "30.73350", "2016-03-31": "30.86510", "2015-12-31": "18.82170", "2015-09-30": "19.16780", "2015-06-30": "19.25850", "2015-03-31": "18.58000", "2014-12-31": "18.92020", "2014-09-30": "19.52660", "2014-06-30": "19.50920", "2014-03-31": "20.12630", "2013-12-31": "19.47570", "2013-09-30": "19.06160", "2013-06-30": "18.41570", "2013-03-31": "20.19840", "2012-12-31": "19.95900", "2012-09-30": "19.01790", "2012-06-30": "17.56020", "2012-03-31": "16.34770", "2011-12-31": "15.08050", "2011-09-30": "13.21500", "2011-06-30": "14.87250", "2011-03-31": "13.41940", "2010-12-31": "12.44170", "2010-09-30": "12.09740", "2010-06-30": "11.80370", "2010-03-31": "7.15860", "2009-12-31": "7.18510", "2009-09-30": "7.24600", "2009-06-30": "6.97420", "2009-03-31": "5.88650", "2008-12-31": "5.58230", "2008-09-30": "5.96660", "2008-06-30": "5.78740", "2008-03-31": "4.76420", "2007-12-31": "4.22080", "2007-09-30": "3.68150", "2007-06-30": "3.35450", "2007-03-31": "2.99680", "2006-12-31": "2.78040", "2006-09-30": "2.83090", "2006-06-30": "2.80840", "2006-03-31": "2.65320", "2005-12-31": "2.74730", "2005-09-30": "2.93830", "2005-06-30": "", "2005-03-31": ""}, "Operating Cash Flow Per Share": {"2020-09-30": 1.0535, "2020-06-30": 1.9977, "2020-03-31": "1.34810", "2019-12-31": 1.3407, "2019-09-30": 2.3334, "2019-06-30": 1.755, "2019-03-31": "1.36240", "2018-12-31": 1.118, "2018-09-30": 2.7391, "2018-06-30": 1.3448, "2018-03-31": "1.20100", "2017-12-31": 0.9654, "2017-09-30": 0.9285, "2017-06-30": 3.552, "2017-03-31": "1.52720", "2016-12-31": 0.1115, "2016-09-30": 0.6253, "2016-06-30": 0.4283, "2016-03-31": "1.48180", "2015-12-31": 0.5225, "2015-09-30": 2.4762, "2015-06-30": -0.0935, "2015-03-31": "2.20700", "2014-12-31": 0.8148, "2014-09-30": 2.5517, "2014-06-30": -0.5631, "2014-03-31": "2.73220", "2013-12-31": -0.0161, "2013-09-30": 3.0612, "2013-06-30": -0.2512, "2013-03-31": "2.16150", "2012-12-31": 1.1881, "2012-09-30": 2.9384, "2012-06-30": 1.4028, "2012-03-31": "1.81410", "2011-12-31": 0.3457, "2011-09-30": 3.0397, "2011-06-30": 0.6924, "2011-03-31": "1.86190", "2010-12-31": 1.889, "2010-09-30": 1.6287, "2010-06-30": -0.0606, "2010-03-31": "0.19550", "2009-12-31": 0.4571, "2009-09-30": 0.3339, "2009-06-30": 0.7899, "2009-03-31": "1.19060", "2008-12-31": 0.1366, "2008-09-30": 0.3345, "2008-06-30": 0.7597, "2008-03-31": "1.03370", "2007-12-31": 0.6598, "2007-09-30": 0.7023, "2007-06-30": 0.3877, "2007-03-31": "0.68010", "2006-12-31": 0.1452, "2006-09-30": 0.3651, "2006-06-30": 0.1614, "2006-03-31": "0.06730", "2005-12-31": -0.3098, "2005-09-30": 0.3251, "2005-06-30": 0.2512, "2005-03-31": "0.23240"}, "Free Cash Flow Per Share": {"2020-09-30": 0.6543, "2020-06-30": 1.7524, "2020-03-31": "1.03880", "2019-12-31": 0.8575, "2019-09-30": 1.7187, "2019-06-30": 1.6796, "2019-03-31": "1.02850", "2018-12-31": 0.5255, "2018-09-30": 2.1871, "2018-06-30": 1.0511, "2018-03-31": "0.94550", "2017-12-31": 0.2164, "2017-09-30": 0.481, "2017-06-30": 3.1806, "2017-03-31": "1.15830", "2016-12-31": -1.5444, "2016-09-30": -1.2466, "2016-06-30": -2.5825, "2016-03-31": "-1.40470", "2015-12-31": -2.2688, "2015-09-30": -0.802, "2015-06-30": -2.5935, "2015-03-31": "0.36990", "2014-12-31": -1.1252, "2014-09-30": 0.1402, "2014-06-30": -1.7911, "2014-03-31": "1.30750", "2013-12-31": -0.5938, "2013-09-30": 2.2262, "2013-06-30": -1.1029, "2013-03-31": "1.68540", "2012-12-31": 0.4092, "2012-09-30": 2.6136, "2012-06-30": 1.1224, "2012-03-31": "1.63250", "2011-12-31": 0.133, "2011-09-30": 2.8631, "2011-06-30": 0.5753, "2011-03-31": "1.81830", "2010-12-31": 1.6393, "2010-09-30": 1.4173, "2010-06-30": -0.2436, "2010-03-31": "0.10080", "2009-12-31": 0.2366, "2009-09-30": 0.1284, "2009-06-30": 0.577, "2009-03-31": "0.90920", "2008-12-31": 0.0308, "2008-09-30": 0.2185, "2008-06-30": 0.6335, "2008-03-31": "0.91580", "2007-12-31": 0.5636, "2007-09-30": 0.5821, "2007-06-30": 0.3229, "2007-03-31": "0.60570", "2006-12-31": 0.0794, "2006-09-30": 0.3, "2006-06-30": 0.1189, "2006-03-31": "0.02550", "2005-12-31": -0.3666, "2005-09-30": 0.2502, "2005-06-30": 0.1916, "2005-03-31": "0.17130"}}, "revenue": {"CF Industries Holdings Annual Revenue (Millions of US $)": {"2019": "$4,590", "2018": "$4,429", "2017": "$4,130", "2016": "$3,685", "2015": "$4,308", "2014": "$4,743", "2013": "$5,475", "2012": "$6,104", "2011": "$6,098", "2010": "$3,965", "2009": "$2,608", "2008": "$3,921", "2007": "$2,757", "2006": "$2,033", "2005": "$1,968"}, "CF Industries Holdings Quarterly Revenue (Millions of US $)": {"2020-09-30": "$847", "2020-06-30": "$1,204", "2020-03-31": "$971", "2019-12-31": "$1,049", "2019-09-30": "$1,038", "2019-06-30": "$1,502", "2019-03-31": "$1,001", "2018-12-31": "$1,132", "2018-09-30": "$1,040", "2018-06-30": "$1,300", "2018-03-31": "$957", "2017-12-31": "$1,099", "2017-09-30": "$870", "2017-06-30": "$1,124", "2017-03-31": "$1,037", "2016-12-31": "$867", "2016-09-30": "$680", "2016-06-30": "$1,134", "2016-03-31": "$1,004", "2015-12-31": "$1,115", "2015-09-30": "$928", "2015-06-30": "$1,311", "2015-03-31": "$954", "2014-12-31": "$1,216", "2014-09-30": "$921", "2014-06-30": "$1,473", "2014-03-31": "$1,133", "2013-12-31": "$1,326", "2013-09-30": "$1,097", "2013-06-30": "$1,715", "2013-03-31": "$1,337", "2012-12-31": "$1,481", "2012-09-30": "$1,359", "2012-06-30": "$1,736", "2012-03-31": "$1,528", "2011-12-31": "$1,718", "2011-09-30": "$1,404", "2011-06-30": "$1,802", "2011-03-31": "$1,174", "2010-12-31": "$1,238", "2010-09-30": "$917", "2010-06-30": "$1,308", "2010-03-31": "$502", "2009-12-31": "$507", "2009-09-30": "$430", "2009-06-30": "$991", "2009-03-31": "$681", "2008-12-31": "$1,072", "2008-09-30": "$1,021", "2008-06-30": "$1,161", "2008-03-31": "$667", "2007-12-31": "$853", "2007-09-30": "$583", "2007-06-30": "$849", "2007-03-31": "$472", "2006-12-31": "$545", "2006-09-30": "$399", "2006-06-30": "$689", "2006-03-31": "$401", "2005-12-31": "$523", "2005-09-30": "$359", "2005-06-30": "$627", "2005-03-31": "$459"}}, "gross-profit": {"CF Industries Holdings Annual Gross Profit (Millions of US $)": {"2019": "$1,174", "2018": "$917", "2017": "$434", "2016": "$843", "2015": "$1,547", "2014": "$1,778", "2013": "$2,520", "2012": "$3,113", "2011": "$2,896", "2010": "$1,180", "2009": "$839", "2008": "$1,223", "2007": "$670", "2006": "$147", "2005": "$209"}, "CF Industries Holdings Quarterly Gross Profit (Millions of US $)": {"2020-09-30": "$83", "2020-06-30": "$334", "2020-03-31": "$204", "2019-12-31": "$227", "2019-09-30": "$228", "2019-06-30": "$499", "2019-03-31": "$220", "2018-12-31": "$242", "2018-09-30": "$173", "2018-06-30": "$312", "2018-03-31": "$190", "2017-12-31": "$143", "2017-09-30": "$11", "2017-06-30": "$173", "2017-03-31": "$107", "2016-12-31": "$97", "2016-09-30": "$2", "2016-06-30": "$527", "2016-03-31": "$217", "2015-12-31": "$280", "2015-09-30": "$165", "2015-06-30": "$686", "2015-03-31": "$416", "2014-12-31": "$444", "2014-09-30": "$301", "2014-06-30": "$590", "2014-03-31": "$443", "2013-12-31": "$594", "2013-09-30": "$386", "2013-06-30": "$865", "2013-03-31": "$675", "2012-12-31": "$656", "2012-09-30": "$702", "2012-06-30": "$1,043", "2012-03-31": "$712", "2011-12-31": "$865", "2011-09-30": "$638", "2011-06-30": "$867", "2011-03-31": "$525", "2010-12-31": "$484", "2010-09-30": "$170", "2010-06-30": "$397", "2010-03-31": "$129", "2009-12-31": "$126", "2009-09-30": "$124", "2009-06-30": "$427", "2009-03-31": "$162", "2008-12-31": "$361", "2008-09-30": "$121", "2008-06-30": "$470", "2008-03-31": "$271", "2007-12-31": "$236", "2007-09-30": "$151", "2007-06-30": "$178", "2007-03-31": "$105", "2006-12-31": "$43", "2006-09-30": "$26", "2006-06-30": "$101", "2006-03-31": "$-23", "2005-12-31": "$2", "2005-09-30": "$56", "2005-06-30": "$96", "2005-03-31": "$55"}}, "operating-income": {"CF Industries Holdings Annual Operating Income (Millions of US $)": {"2019": "$1,003", "2018": "$766", "2017": "$234", "2016": "$138", "2015": "$1,193", "2014": "$2,366", "2013": "$2,412", "2012": "$2,959", "2011": "$2,791", "2010": "$896", "2009": "$680", "2008": "$1,150", "2007": "$602", "2006": "$71", "2005": "$138"}, "CF Industries Holdings Quarterly Operating Income (Millions of US $)": {"2020-09-30": "$40", "2020-06-30": "$280", "2020-03-31": "$147", "2019-12-31": "$175", "2019-09-30": "$188", "2019-06-30": "$475", "2019-03-31": "$165", "2018-12-31": "$195", "2018-09-30": "$136", "2018-06-30": "$274", "2018-03-31": "$161", "2017-12-31": "$105", "2017-09-30": "$-37", "2017-06-30": "$108", "2017-03-31": "$58", "2016-12-31": "$-96", "2016-09-30": "$-101", "2016-06-30": "$238", "2016-03-31": "$97", "2015-12-31": "$137", "2015-09-30": "$59", "2015-06-30": "$630", "2015-03-31": "$367", "2014-12-31": "$418", "2014-09-30": "$247", "2014-06-30": "$531", "2014-03-31": "$1,170", "2013-12-31": "$565", "2013-09-30": "$385", "2013-06-30": "$834", "2013-03-31": "$628", "2012-12-31": "$616", "2012-09-30": "$667", "2012-06-30": "$1,005", "2012-03-31": "$671", "2011-12-31": "$829", "2011-09-30": "$582", "2011-06-30": "$845", "2011-03-31": "$534", "2010-12-31": "$435", "2010-09-30": "$137", "2010-06-30": "$350", "2010-03-31": "$-27", "2009-12-31": "$71", "2009-09-30": "$90", "2009-06-30": "$395", "2009-03-31": "$124", "2008-12-31": "$344", "2008-09-30": "$103", "2008-06-30": "$452", "2008-03-31": "$252", "2007-12-31": "$214", "2007-09-30": "$138", "2007-06-30": "$159", "2007-03-31": "$90", "2006-12-31": "$11", "2006-09-30": "$12", "2006-06-30": "$85", "2006-03-31": "$-37", "2005-12-31": "$-22", "2005-09-30": "$37", "2005-06-30": "$80", "2005-03-31": "$44"}}, "ebitda": {"CF Industries Holdings Annual EBITDA (Millions of US $)": {"2019": "$1,878", "2018": "$1,654", "2017": "$1,117", "2016": "$816", "2015": "$1,673", "2014": "$2,759", "2013": "$2,822", "2012": "$3,379", "2011": "$3,207", "2010": "$1,291", "2009": "$781", "2008": "$1,251", "2007": "$686", "2006": "$166", "2005": "$236"}, "CF Industries Holdings Quarterly EBITDA (Millions of US $)": {"2020-09-30": "$252", "2020-06-30": "$519", "2020-03-31": "$358", "2019-12-31": "$387", "2019-09-30": "$411", "2019-06-30": "$727", "2019-03-31": "$353", "2018-12-31": "$416", "2018-09-30": "$369", "2018-06-30": "$515", "2018-03-31": "$354", "2017-12-31": "$340", "2017-09-30": "$189", "2017-06-30": "$325", "2017-03-31": "$263", "2016-12-31": "$107", "2016-09-30": "$47", "2016-06-30": "$419", "2016-03-31": "$243", "2015-12-31": "$269", "2015-09-30": "$188", "2015-06-30": "$734", "2015-03-31": "$482", "2014-12-31": "$513", "2014-09-30": "$342", "2014-06-30": "$629", "2014-03-31": "$1,275", "2013-12-31": "$662", "2013-09-30": "$486", "2013-06-30": "$940", "2013-03-31": "$735", "2012-12-31": "$717", "2012-09-30": "$767", "2012-06-30": "$1,121", "2012-03-31": "$774", "2011-12-31": "$930", "2011-09-30": "$684", "2011-06-30": "$940", "2011-03-31": "$653", "2010-12-31": "$541", "2010-09-30": "$247", "2010-06-30": "$500", "2010-03-31": "$2", "2009-12-31": "$99", "2009-09-30": "$117", "2009-06-30": "$420", "2009-03-31": "$146", "2008-12-31": "$369", "2008-09-30": "$127", "2008-06-30": "$478", "2008-03-31": "$277", "2007-12-31": "$238", "2007-09-30": "$159", "2007-06-30": "$180", "2007-03-31": "$110", "2006-12-31": "$35", "2006-09-30": "$35", "2006-06-30": "$110", "2006-03-31": "$-15", "2005-12-31": "$-1", "2005-09-30": "$60", "2005-06-30": "$106", "2005-03-31": "$70"}}, "net-income": {"CF Industries Holdings Annual Net Income (Millions of US $)": {"2019": "$493", "2018": "$290", "2017": "$358", "2016": "$-277", "2015": "$700", "2014": "$1,390", "2013": "$1,465", "2012": "$1,849", "2011": "$1,539", "2010": "$349", "2009": "$366", "2008": "$685", "2007": "$373", "2006": "$33", "2005": "$-39"}, "CF Industries Holdings Quarterly Net Income (Millions of US $)": {"2020-09-30": "$-28", "2020-06-30": "$190", "2020-03-31": "$68", "2019-12-31": "$55", "2019-09-30": "$65", "2019-06-30": "$283", "2019-03-31": "$90", "2018-12-31": "$49", "2018-09-30": "$30", "2018-06-30": "$148", "2018-03-31": "$63", "2017-12-31": "$465", "2017-09-30": "$-87", "2017-06-30": "$3", "2017-03-31": "$-23", "2016-12-31": "$-320", "2016-09-30": "$-30", "2016-06-30": "$47", "2016-03-31": "$26", "2015-12-31": "$27", "2015-09-30": "$90", "2015-06-30": "$352", "2015-03-31": "$231", "2014-12-31": "$238", "2014-09-30": "$131", "2014-06-30": "$313", "2014-03-31": "$709", "2013-12-31": "$326", "2013-09-30": "$234", "2013-06-30": "$498", "2013-03-31": "$407", "2012-12-31": "$471", "2012-09-30": "$403", "2012-06-30": "$606", "2012-03-31": "$368", "2011-12-31": "$439", "2011-09-30": "$331", "2011-06-30": "$487", "2011-03-31": "$282", "2010-12-31": "$200", "2010-09-30": "$48", "2010-06-30": "$105", "2010-03-31": "$-4", "2009-12-31": "$51", "2009-09-30": "$39", "2009-06-30": "$213", "2009-03-31": "$63", "2008-12-31": "$190", "2008-09-30": "$47", "2008-06-30": "$289", "2008-03-31": "$159", "2007-12-31": "$135", "2007-09-30": "$87", "2007-06-30": "$94", "2007-03-31": "$57", "2006-12-31": "$8", "2006-09-30": "$7", "2006-06-30": "$43", "2006-03-31": "$-25", "2005-12-31": "$-13", "2005-09-30": "$-91", "2005-06-30": "$43", "2005-03-31": "$22"}}, "eps-earnings-per-share-diluted": {"CF Industries Holdings Annual EPS": {"2019": "$2.23", "2018": "$1.24", "2017": "$1.53", "2016": "$-1.19", "2015": "$2.96", "2014": "$5.42", "2013": "$4.95", "2012": "$5.72", "2011": "$4.40", "2010": "$1.07", "2009": "$1.48", "2008": "$2.43", "2007": "$1.31", "2006": "$0.12", "2005": "$-0.14"}, "CF Industries Holdings Quarterly EPS": {"2020-09-30": "$-0.13", "2020-06-30": "$0.89", "2020-03-31": "$0.31", "2019-12-31": "$0.26", "2019-09-30": "$0.29", "2019-06-30": "$1.28", "2019-03-31": "$0.40", "2018-12-31": "$0.21", "2018-09-30": "$0.13", "2018-06-30": "$0.63", "2018-03-31": "$0.27", "2017-12-31": "$1.99", "2017-09-30": "$-0.37", "2017-06-30": "$0.01", "2017-03-31": "$-0.10", "2016-12-31": "$-1.37", "2016-09-30": "$-0.13", "2016-06-30": "$0.20", "2016-03-31": "$0.11", "2015-12-31": "$0.12", "2015-09-30": "$0.39", "2015-06-30": "$1.49", "2015-03-31": "$0.96", "2014-12-31": "$1.10", "2014-09-30": "$0.52", "2014-06-30": "$1.22", "2014-03-31": "$2.58", "2013-12-31": "$1.17", "2013-09-30": "$0.81", "2013-06-30": "$1.68", "2013-03-31": "$1.29", "2012-12-31": "$1.48", "2012-09-30": "$1.27", "2012-06-30": "$1.86", "2012-03-31": "$1.11", "2011-12-31": "$1.32", "2011-09-30": "$0.95", "2011-06-30": "$1.35", "2011-03-31": "$0.78", "2010-12-31": "$0.64", "2010-09-30": "$0.13", "2010-06-30": "$0.31", "2010-03-31": "$-0.02", "2009-12-31": "$0.21", "2009-09-30": "$0.16", "2009-06-30": "$0.87", "2009-03-31": "$0.26", "2008-12-31": "$0.71", "2008-09-30": "$0.16", "2008-06-30": "$1.00", "2008-03-31": "$0.55", "2007-12-31": "$0.47", "2007-09-30": "$0.30", "2007-06-30": "$0.33", "2007-03-31": "$0.20", "2006-12-31": "$0.03", "2006-09-30": "$0.03", "2006-06-30": "$0.15", "2006-03-31": "$-0.09", "2005-12-31": "$-0.05", "2005-09-30": "$-0.33", "2005-06-30": "$0.16", "2005-03-31": "$0.08"}}, "shares-outstanding": {"CF Industries Holdings Annual Shares Outstanding (Millions of Shares)": {"2019": "222", "2018": "234", "2017": "234", "2016": "233", "2015": "236", "2014": "257", "2013": "296", "2012": "324", "2011": "350", "2010": "327", "2009": "246", "2008": "282", "2007": "284", "2006": "276", "2005": "275"}, "CF Industries Holdings Quarterly Shares Outstanding (Millions of Shares)": {"2020-09-30": "214", "2020-06-30": "215", "2020-03-31": "217", "2019-12-31": "222", "2019-09-30": "221", "2019-06-30": "222", "2019-03-31": "225", "2018-12-31": "234", "2018-09-30": "235", "2018-06-30": "235", "2018-03-31": "235", "2017-12-31": "234", "2017-09-30": "233", "2017-06-30": "234", "2017-03-31": "233", "2016-12-31": "233", "2016-09-30": "233", "2016-06-30": "234", "2016-03-31": "234", "2015-12-31": "236", "2015-09-30": "234", "2015-06-30": "236", "2015-03-31": "241", "2014-12-31": "257", "2014-09-30": "249", "2014-06-30": "256", "2014-03-31": "275", "2013-12-31": "296", "2013-09-30": "288", "2013-06-30": "298", "2013-03-31": "314", "2012-12-31": "324", "2012-09-30": "318", "2012-06-30": "326", "2012-03-31": "333", "2011-12-31": "350", "2011-09-30": "350", "2011-06-30": "361", "2011-03-31": "361", "2010-12-31": "327", "2010-09-30": "360", "2010-06-30": "341", "2010-03-31": "243", "2009-12-31": "246", "2009-09-30": "247", "2009-06-30": "246", "2009-03-31": "246", "2008-12-31": "282", "2008-09-30": "289", "2008-06-30": "288", "2008-03-31": "288", "2007-12-31": "284", "2007-09-30": "285", "2007-06-30": "283", "2007-03-31": "281", "2006-12-31": "276", "2006-09-30": "275", "2006-06-30": "275", "2006-03-31": "275", "2005-12-31": "275", "2005-09-30": "275", "2005-06-30": "275", "2005-03-31": "275"}}, "total-assets": {"CF Industries Holdings Annual Total Assets (Millions of US $)": {"2019": "$12,172", "2018": "$12,661", "2017": "$13,463", "2016": "$15,131", "2015": "$12,683", "2014": "$11,254", "2013": "$10,678", "2012": "$10,167", "2011": "$8,975", "2010": "$8,754", "2009": "$2,495", "2008": "$2,388", "2007": "$2,013", "2006": "$1,290", "2005": "$1,228"}, "CF Industries Holdings Quarterly Total Assets (Millions of US $)": {"2020-09-30": "$11,931", "2020-06-30": "$11,950", "2020-03-31": "$12,441", "2019-12-31": "$12,172", "2019-09-30": "$12,902", "2019-06-30": "$12,863", "2019-03-31": "$12,942", "2018-12-31": "$12,661", "2018-09-30": "$13,156", "2018-06-30": "$12,987", "2018-03-31": "$13,522", "2017-12-31": "$13,463", "2017-09-30": "$14,857", "2017-06-30": "$14,936", "2017-03-31": "$15,185", "2016-12-31": "$15,131", "2016-09-30": "$15,632", "2016-06-30": "$15,762", "2016-03-31": "$15,581", "2015-12-31": "$12,683", "2015-09-30": "$12,870", "2015-06-30": "$10,998", "2015-03-31": "$11,485", "2014-12-31": "$11,254", "2014-09-30": "$11,660", "2014-06-30": "$11,305", "2014-03-31": "$12,476", "2013-12-31": "$10,678", "2013-09-30": "$10,799", "2013-06-30": "$10,252", "2013-03-31": "$10,338", "2012-12-31": "$10,167", "2012-09-30": "$10,183", "2012-06-30": "$9,119", "2012-03-31": "$9,617", "2011-12-31": "$8,975", "2011-09-30": "$9,246", "2011-06-30": "$9,420", "2011-03-31": "$9,190", "2010-12-31": "$8,754", "2010-09-30": "$8,618", "2010-06-30": "$8,595", "2010-03-31": "$2,633", "2009-12-31": "$2,495", "2009-09-30": "$2,357", "2009-06-30": "$2,279", "2009-03-31": "$2,506", "2008-12-31": "$2,388", "2008-09-30": "$3,019", "2008-06-30": "$2,767", "2008-03-31": "$2,531", "2007-12-31": "$2,013", "2007-09-30": "$1,825", "2007-06-30": "$1,588", "2007-03-31": "$1,598", "2006-12-31": "$1,290", "2006-09-30": "$1,292", "2006-06-30": "$1,182", "2006-03-31": "$1,301", "2005-12-31": "$1,228", "2005-09-30": "$1,338", "2005-06-30": "$0", "2005-03-31": "$0"}}, "cash-on-hand": {"CF Industries Holdings Annual Cash on Hand (Millions of US $)": {"2019": "$287", "2018": "$682", "2017": "$835", "2016": "$1,169", "2015": "$309", "2014": "$2,083", "2013": "$1,865", "2012": "$2,275", "2011": "$1,207", "2010": "$801", "2009": "$882", "2008": "$625", "2007": "$861", "2006": "$326", "2005": "$217"}, "CF Industries Holdings Quarterly Cash on Hand (Millions of US $)": {"2020-09-30": "$553", "2020-06-30": "$563", "2020-03-31": "$753", "2019-12-31": "$287", "2019-09-30": "$1,019", "2019-06-30": "$858", "2019-03-31": "$671", "2018-12-31": "$682", "2018-09-30": "$1,022", "2018-06-30": "$728", "2018-03-31": "$936", "2017-12-31": "$835", "2017-09-30": "$1,992", "2017-06-30": "$2,005", "2017-03-31": "$1,316", "2016-12-31": "$1,169", "2016-09-30": "$1,561", "2016-06-30": "$2,015", "2016-03-31": "$2,701", "2015-12-31": "$309", "2015-09-30": "$969", "2015-06-30": "$864", "2015-03-31": "$1,842", "2014-12-31": "$2,083", "2014-09-30": "$2,797", "2014-06-30": "$2,839", "2014-03-31": "$4,184", "2013-12-31": "$1,865", "2013-09-30": "$2,398", "2013-06-30": "$2,008", "2013-03-31": "$2,210", "2012-12-31": "$2,275", "2012-09-30": "$2,221", "2012-06-30": "$1,383", "2012-03-31": "$1,713", "2011-12-31": "$1,207", "2011-09-30": "$1,426", "2011-06-30": "$1,359", "2011-03-31": "$1,137", "2010-12-31": "$801", "2010-09-30": "$648", "2010-06-30": "$601", "2010-03-31": "$1,036", "2009-12-31": "$882", "2009-09-30": "$703", "2009-06-30": "$921", "2009-03-31": "$839", "2008-12-31": "$625", "2008-09-30": "$1,152", "2008-06-30": "$1,045", "2008-03-31": "$852", "2007-12-31": "$861", "2007-09-30": "$730", "2007-06-30": "$566", "2007-03-31": "$491", "2006-12-31": "$326", "2006-09-30": "$305", "2006-06-30": "$228", "2006-03-31": "$196", "2005-12-31": "$217", "2005-09-30": "$317", "2005-06-30": "", "2005-03-31": ""}}, "long-term-debt": {"CF Industries Holdings Annual Long Term Debt (Millions of US $)": {"2019": "$3,957", "2018": "$4,698", "2017": "$4,692", "2016": "$5,778", "2015": "$5,537", "2014": "$4,593", "2013": "$3,098", "2012": "$1,600", "2011": "$1,618", "2010": "$1,954", "2009": "$5", "2008": "$", "2007": "$5", "2006": "$4", "2005": "$4"}, "CF Industries Holdings Quarterly Long Term Debt (Millions of US $)": {"2020-09-30": "$3,960", "2020-06-30": "$3,959", "2020-03-31": "$3,958", "2019-12-31": "$3,957", "2019-09-30": "$4,204", "2019-06-30": "$4,203", "2019-03-31": "$4,700", "2018-12-31": "$4,698", "2018-09-30": "$4,697", "2018-06-30": "$4,695", "2018-03-31": "$4,693", "2017-12-31": "$4,692", "2017-09-30": "$4,988", "2017-06-30": "$4,986", "2017-03-31": "$5,780", "2016-12-31": "$5,778", "2016-09-30": "$5,540", "2016-06-30": "$5,540", "2016-03-31": "$5,539", "2015-12-31": "$5,537", "2015-09-30": "$5,593", "2015-06-30": "$4,593", "2015-03-31": "$4,593", "2014-12-31": "$4,593", "2014-09-30": "$4,592", "2014-06-30": "$4,592", "2014-03-31": "$4,592", "2013-12-31": "$3,098", "2013-09-30": "$3,098", "2013-06-30": "$3,098", "2013-03-31": "$1,600", "2012-12-31": "$1,600", "2012-09-30": "$1,605", "2012-06-30": "$1,605", "2012-03-31": "$1,618", "2011-12-31": "$1,618", "2011-09-30": "$1,613", "2011-06-30": "$1,613", "2011-03-31": "$1,613", "2010-12-31": "$1,954", "2010-09-30": "$2,256", "2010-06-30": "$2,583", "2010-03-31": "$5", "2009-12-31": "$5", "2009-09-30": "", "2009-06-30": "", "2009-03-31": "", "2008-12-31": "", "2008-09-30": "$5", "2008-06-30": "$5", "2008-03-31": "$5", "2007-12-31": "$5", "2007-09-30": "$5", "2007-06-30": "$5", "2007-03-31": "$4", "2006-12-31": "$4", "2006-09-30": "$4", "2006-06-30": "$4", "2006-03-31": "$4", "2005-12-31": "$4", "2005-09-30": "$4", "2005-06-30": "", "2005-03-31": ""}}, "total-liabilities": {"CF Industries Holdings Annual Total Liabilities (Millions of US $)": {"2019": "$6,535", "2018": "$6,930", "2017": "$6,779", "2016": "$8,639", "2015": "$8,296", "2014": "$6,682", "2013": "$5,240", "2012": "$3,885", "2011": "$4,042", "2010": "$4,321", "2009": "$750", "2008": "$1,037", "2007": "$826", "2006": "$523", "2005": "$472"}, "CF Industries Holdings Quarterly Total Liabilities (Millions of US $)": {"2020-09-30": "$6,456", "2020-06-30": "$6,374", "2020-03-31": "$7,038", "2019-12-31": "$6,535", "2019-09-30": "$7,221", "2019-06-30": "$7,045", "2019-03-31": "$7,272", "2018-12-31": "$6,930", "2018-09-30": "$6,993", "2018-06-30": "$6,665", "2018-03-31": "$6,857", "2017-12-31": "$6,779", "2017-09-30": "$8,617", "2017-06-30": "$8,546", "2017-03-31": "$8,802", "2016-12-31": "$8,639", "2016-09-30": "$8,652", "2016-06-30": "$8,597", "2016-03-31": "$8,387", "2015-12-31": "$8,296", "2015-09-30": "$8,402", "2015-06-30": "$6,523", "2015-03-31": "$7,067", "2014-12-31": "$6,682", "2014-09-30": "$6,805", "2014-06-30": "$6,460", "2014-03-31": "$7,167", "2013-12-31": "$5,240", "2013-09-30": "$5,337", "2013-06-30": "$4,908", "2013-03-31": "$4,221", "2012-12-31": "$3,885", "2012-09-30": "$4,205", "2012-06-30": "$3,619", "2012-03-31": "$4,256", "2011-12-31": "$4,042", "2011-09-30": "$4,496", "2011-06-30": "$4,088", "2011-03-31": "$4,398", "2010-12-31": "$4,321", "2010-09-30": "$4,316", "2010-06-30": "$4,400", "2010-03-31": "$894", "2009-12-31": "$750", "2009-09-30": "$598", "2009-06-30": "$590", "2009-03-31": "$1,082", "2008-12-31": "$1,037", "2008-09-30": "$1,322", "2008-06-30": "$1,133", "2008-03-31": "$1,188", "2007-12-31": "$826", "2007-09-30": "$797", "2007-06-30": "$654", "2007-03-31": "$768", "2006-12-31": "$523", "2006-09-30": "$511", "2006-06-30": "$409", "2006-03-31": "$571", "2005-12-31": "$472", "2005-09-30": "$529", "2005-06-30": "", "2005-03-31": ""}}, "total-share-holder-equity": {"CF Industries Holdings Annual Share Holder Equity (Millions of US $)": {"2019": "$5,637", "2018": "$5,731", "2017": "$6,684", "2016": "$6,492", "2015": "$4,387", "2014": "$4,573", "2013": "$5,438", "2012": "$6,282", "2011": "$4,933", "2010": "$4,433", "2009": "$1,745", "2008": "$1,351", "2007": "$1,187", "2006": "$767", "2005": "$756"}, "CF Industries Holdings Quarterly Share Holder Equity (Millions of US $)": {"2020-09-30": "$5,475", "2020-06-30": "$5,576", "2020-03-31": "$5,403", "2019-12-31": "$5,637", "2019-09-30": "$5,681", "2019-06-30": "$5,818", "2019-03-31": "$5,670", "2018-12-31": "$5,731", "2018-09-30": "$6,163", "2018-06-30": "$6,322", "2018-03-31": "$6,665", "2017-12-31": "$6,684", "2017-09-30": "$6,240", "2017-06-30": "$6,390", "2017-03-31": "$6,383", "2016-12-31": "$6,492", "2016-09-30": "$6,980", "2016-06-30": "$7,165", "2016-03-31": "$7,194", "2015-12-31": "$4,387", "2015-09-30": "$4,468", "2015-06-30": "$4,476", "2015-03-31": "$4,419", "2014-12-31": "$4,573", "2014-09-30": "$4,855", "2014-06-30": "$4,845", "2014-03-31": "$5,308", "2013-12-31": "$5,438", "2013-09-30": "$5,462", "2013-06-30": "$5,343", "2013-03-31": "$6,118", "2012-12-31": "$6,282", "2012-09-30": "$5,978", "2012-06-30": "$5,500", "2012-03-31": "$5,361", "2011-12-31": "$4,933", "2011-09-30": "$4,750", "2011-06-30": "$5,332", "2011-03-31": "$4,792", "2010-12-31": "$4,433", "2010-09-30": "$4,302", "2010-06-30": "$4,195", "2010-03-31": "$1,739", "2009-12-31": "$1,745", "2009-09-30": "$1,759", "2009-06-30": "$1,690", "2009-03-31": "$1,425", "2008-12-31": "$1,351", "2008-09-30": "$1,696", "2008-06-30": "$1,635", "2008-03-31": "$1,343", "2007-12-31": "$1,187", "2007-09-30": "$1,028", "2007-06-30": "$934", "2007-03-31": "$830", "2006-12-31": "$767", "2006-09-30": "$781", "2006-06-30": "$773", "2006-03-31": "$730", "2005-12-31": "$756", "2005-09-30": "$808", "2005-06-30": "", "2005-03-31": ""}}, "profit-margins": {"current": "7%"}, "gross margin": {"2020-09-30": "20.83%", "2020-06-30": "23.30%", "2020-03-31": "25.39%", "2019-12-31": "25.58%", "2019-09-30": "25.44%", "2019-06-30": "24.26%", "2019-03-31": "21.17%", "2018-12-31": "20.70%", "2018-09-30": "18.61%", "2018-06-30": "15.52%", "2018-03-31": "12.77%", "2017-12-31": "10.51%", "2017-09-30": "9.95%", "2017-06-30": "10.22%", "2017-03-31": "19.71%", "2016-12-31": "22.88%", "2016-09-30": "26.09%", "2016-06-30": "28.44%", "2016-03-31": "30.93%", "2015-12-31": "35.91%", "2015-09-30": "38.81%", "2015-06-30": "41.96%", "2015-03-31": "38.37%", "2014-12-31": "37.49%", "2014-09-30": "39.73%", "2014-06-30": "40.03%", "2014-03-31": "43.41%", "2013-12-31": "46.03%", "2013-09-30": "45.86%", "2013-06-30": "49.19%", "2013-03-31": "52.02%", "2012-12-31": "51.00%", "2012-09-30": "52.39%", "2012-06-30": "51.02%", "2012-03-31": "47.77%", "2011-12-31": "47.47%", "2011-09-30": "44.75%", "2011-06-30": "39.88%", "2011-03-31": "33.99%", "2010-12-31": "29.76%", "2010-09-30": "25.42%", "2010-06-30": "28.25%", "2010-03-31": "33.17%", "2009-12-31": "32.16%", "2009-09-30": "33.84%", "2009-06-30": "28.45%", "2009-03-31": "28.31%", "2008-12-31": "31.19%", "2008-09-30": "29.67%", "2008-06-30": "34.57%", "2008-03-31": "28.33%", "2007-12-31": "24.31%", "2007-09-30": "19.48%", "2007-06-30": "15.54%", "2007-03-31": "13.06%", "2006-12-31": "7.23%", "2006-09-30": "5.27%", "2006-06-30": "6.90%", "2006-03-31": "6.86%", "2005-12-31": "10.62%"}, "operating margin": {"2020-09-30": "15.77%", "2020-06-30": "18.54%", "2020-03-31": "21.60%", "2019-12-31": "21.85%", "2019-09-30": "21.89%", "2019-06-30": "20.77%", "2019-03-31": "17.21%", "2018-12-31": "17.30%", "2018-09-30": "15.38%", "2018-06-30": "11.90%", "2018-03-31": "8.32%", "2017-12-31": "5.67%", "2017-09-30": "0.85%", "2017-06-30": "-0.84%", "2017-03-31": "2.66%", "2016-12-31": "3.74%", "2016-09-30": "9.43%", "2016-06-30": "12.70%", "2016-03-31": "21.18%", "2015-12-31": "27.69%", "2015-09-30": "33.43%", "2015-06-30": "37.76%", "2015-03-31": "34.25%", "2014-12-31": "49.88%", "2014-09-30": "51.78%", "2014-06-30": "52.71%", "2014-03-31": "56.04%", "2013-12-31": "44.05%", "2013-09-30": "43.75%", "2013-06-30": "46.59%", "2013-03-31": "49.32%", "2012-12-31": "48.48%", "2012-09-30": "50.02%", "2012-06-30": "48.34%", "2012-03-31": "45.37%", "2011-12-31": "45.75%", "2011-09-30": "42.65%", "2011-06-30": "38.02%", "2011-03-31": "31.40%", "2010-12-31": "22.57%", "2010-09-30": "16.42%", "2010-06-30": "17.62%", "2010-03-31": "21.77%", "2009-12-31": "26.06%", "2009-09-30": "30.03%", "2009-06-30": "25.66%", "2009-03-31": "26.00%", "2008-12-31": "29.35%", "2008-09-30": "27.59%", "2008-06-30": "32.36%", "2008-03-31": "25.86%", "2007-12-31": "21.81%", "2007-09-30": "16.25%", "2007-06-30": "12.01%", "2007-03-31": "9.41%", "2006-12-31": "3.49%", "2006-09-30": "1.89%", "2006-06-30": "3.19%", "2006-03-31": "3.04%", "2005-12-31": "7.06%"}, "ebitda margin": {"2020-09-30": "37.24%", "2020-06-30": "39.30%", "2020-03-31": "41.29%", "2019-12-31": "40.92%", "2019-09-30": "40.81%", "2019-06-30": "39.89%", "2019-03-31": "36.96%", "2018-12-31": "37.34%", "2018-09-30": "35.90%", "2018-06-30": "33.08%", "2018-03-31": "29.83%", "2017-12-31": "27.05%", "2017-09-30": "22.68%", "2017-06-30": "20.01%", "2017-03-31": "22.49%", "2016-12-31": "22.14%", "2016-09-30": "24.87%", "2016-06-30": "26.76%", "2016-03-31": "32.91%", "2015-12-31": "38.83%", "2015-09-30": "43.48%", "2015-06-30": "47.05%", "2015-03-31": "43.08%", "2014-12-31": "58.17%", "2014-09-30": "59.92%", "2014-06-30": "60.67%", "2014-03-31": "63.78%", "2013-12-31": "51.54%", "2013-09-30": "51.10%", "2013-06-30": "53.62%", "2013-03-31": "56.49%", "2012-12-31": "55.36%", "2012-09-30": "56.65%", "2012-06-30": "54.95%", "2012-03-31": "51.57%", "2011-12-31": "52.57%", "2011-09-30": "50.14%", "2011-06-30": "46.38%", "2011-03-31": "41.86%", "2010-12-31": "32.53%", "2010-09-30": "26.22%", "2010-06-30": "26.14%", "2010-03-31": "26.26%", "2009-12-31": "29.97%", "2009-09-30": "33.14%", "2009-06-30": "28.21%", "2009-03-31": "28.46%", "2008-12-31": "31.91%", "2008-09-30": "30.26%", "2008-06-30": "35.30%", "2008-03-31": "28.94%", "2007-12-31": "24.93%", "2007-09-30": "19.76%", "2007-06-30": "15.89%", "2007-03-31": "13.78%", "2006-12-31": "8.11%", "2006-09-30": "6.41%", "2006-06-30": "7.81%", "2006-03-31": "7.85%", "2005-12-31": "11.94%"}, "pre tax profit margin": {"2020-09-30": "11.13%", "2020-06-30": "13.96%", "2020-03-31": "16.80%", "2019-12-31": "16.82%", "2019-09-30": "17.25%", "2019-06-30": "16.17%", "2019-03-31": "12.34%", "2018-12-31": "12.35%", "2018-09-30": "8.85%", "2018-06-30": "4.52%", "2018-03-31": "0.05%", "2017-12-31": "-3.03%", "2017-09-30": "-11.36%", "2017-06-30": "-12.38%", "2017-03-31": "-8.34%", "2016-12-31": "-6.13%", "2016-09-30": "5.29%", "2016-06-30": "8.68%", "2016-03-31": "18.04%", "2015-12-31": "24.56%", "2015-09-30": "30.28%", "2015-06-30": "34.35%", "2015-03-31": "30.48%", "2014-12-31": "46.11%", "2014-09-30": "48.14%", "2014-06-30": "49.33%", "2014-03-31": "53.20%", "2013-12-31": "40.37%", "2013-09-30": "40.37%", "2013-06-30": "43.57%", "2013-03-31": "46.07%", "2012-12-31": "46.35%", "2012-09-30": "47.91%", "2012-06-30": "46.18%", "2012-03-31": "43.46%", "2011-12-31": "43.39%", "2011-09-30": "39.77%", "2011-06-30": "34.34%", "2011-03-31": "25.21%", "2010-12-31": "17.35%", "2010-09-30": "11.97%", "2010-06-30": "14.56%", "2010-03-31": "23.62%", "2009-12-31": "26.72%", "2009-09-30": "30.25%", "2009-06-30": "25.87%", "2009-03-31": "26.38%", "2008-12-31": "29.97%", "2008-09-30": "29.42%", "2008-06-30": "34.20%", "2008-03-31": "27.14%", "2007-12-31": "22.71%", "2007-09-30": "15.43%", "2007-06-30": "11.30%", "2007-03-31": "8.60%", "2006-12-31": "2.61%", "2006-09-30": "1.04%", "2006-06-30": "0.66%", "2006-03-31": "0.73%", "2005-12-31": "4.67%"}, "net profit margin": {"2020-09-30": "7.00%", "2020-06-30": "8.87%", "2020-03-31": "10.33%", "2019-12-31": "10.74%", "2019-09-30": "10.42%", "2019-06-30": "9.67%", "2019-03-31": "7.09%", "2018-12-31": "6.55%", "2018-09-30": "16.06%", "2018-06-30": "13.94%", "2018-03-31": "10.96%", "2017-12-31": "8.67%", "2017-09-30": "-10.95%", "2017-06-30": "-9.98%", "2017-03-31": "-8.77%", "2016-12-31": "-7.52%", "2016-09-30": "1.78%", "2016-06-30": "4.54%", "2016-03-31": "11.36%", "2015-12-31": "16.25%", "2015-09-30": "20.66%", "2015-06-30": "21.63%", "2015-03-31": "20.00%", "2014-12-31": "29.33%", "2014-09-30": "30.48%", "2014-06-30": "31.46%", "2014-03-31": "33.52%", "2013-12-31": "26.76%", "2013-09-30": "28.60%", "2013-06-30": "30.19%", "2013-03-31": "31.91%", "2012-12-31": "30.28%", "2012-09-30": "28.64%", "2012-06-30": "27.31%", "2012-03-31": "25.19%", "2011-12-31": "25.24%", "2011-09-30": "23.14%", "2011-06-30": "19.82%", "2011-03-31": "13.69%", "2010-12-31": "8.80%", "2010-09-30": "6.18%", "2010-06-30": "6.95%", "2010-03-31": "12.30%", "2009-12-31": "14.03%", "2009-09-30": "15.91%", "2009-06-30": "13.63%", "2009-03-31": "14.97%", "2008-12-31": "17.47%", "2008-09-30": "17.02%", "2008-06-30": "20.53%", "2008-03-31": "16.10%", "2007-12-31": "13.53%", "2007-09-30": "10.04%", "2007-06-30": "7.33%", "2007-03-31": "5.46%", "2006-12-31": "1.62%", "2006-09-30": "0.60%", "2006-06-30": "-4.36%", "2006-03-31": "-4.50%", "2005-12-31": "-1.98%"}, "pe ratio": {"current": "33.33", "2021-02-11": "32.70", "2020-09-30": "23.04", "2020-06-30": "15.88", "2020-03-31": "12.39", "2019-12-31": "20.71", "2019-09-30": "21.59", "2019-06-30": "22.12", "2019-03-31": "28.34", "2018-12-31": "33.09", "2018-09-30": "16.94", "2018-06-30": "16.47", "2018-03-31": "18.45", "2017-12-31": "25.68", "2017-09-30": "0.00", "2017-06-30": "0.00", "2017-03-31": "0.00", "2016-12-31": "0.00", "2016-09-30": "73.36", "2016-06-30": "25.65", "2016-03-31": "12.74", "2015-12-31": "11.69", "2015-09-30": "9.91", "2015-06-30": "13.63", "2015-03-31": "12.86", "2014-12-31": "8.52", "2014-09-30": "8.40", "2014-06-30": "6.83", "2014-03-31": "6.83", "2013-12-31": "7.67", "2013-09-30": "6.46", "2013-06-30": "4.83", "2013-03-31": "5.18", "2012-12-31": "5.70", "2012-09-30": "6.38", "2012-06-30": "5.90", "2012-03-31": "6.15", "2011-12-31": "5.23", "2011-09-30": "5.39", "2011-06-30": "7.94", "2011-03-31": "12.15", "2010-12-31": "21.79", "2010-09-30": "23.86", "2010-06-30": "15.30", "2010-03-31": "11.85", "2009-12-31": "9.61", "2009-09-30": "6.79", "2009-06-30": "5.81", "2009-03-31": "5.20", "2008-12-31": "3.15", "2008-09-30": "6.50", "2008-06-30": "10.20", "2008-03-31": "9.71", "2007-12-31": "13.05", "2007-09-30": "13.65", "2007-06-30": "15.86", "2007-03-31": "14.56", "2006-12-31": "33.80"}, "price sales": {"2021-02-11": "2.30", "2020-09-30": "1.62", "2020-06-30": "1.41", "2020-03-31": "1.28", "2019-12-31": "2.23", "2019-09-30": "2.27", "2019-06-30": "2.18", "2019-03-31": "2.02", "2018-12-31": "2.17", "2018-09-30": "2.72", "2018-06-30": "2.29", "2018-03-31": "2.01", "2017-12-31": "2.21", "2017-09-30": "1.91", "2017-06-30": "1.58", "2017-03-31": "1.64", "2016-12-31": "1.76", "2016-09-30": "1.27", "2016-06-30": "1.16", "2016-03-31": "1.44", "2015-12-31": "1.89", "2015-09-30": "2.07", "2015-06-30": "2.99", "2015-03-31": "2.60", "2014-12-31": "2.46", "2014-09-30": "2.54", "2014-06-30": "2.16", "2014-03-31": "2.33", "2013-12-31": "2.06", "2013-09-30": "1.85", "2013-06-30": "1.46", "2013-03-31": "1.66", "2012-12-31": "1.73", "2012-09-30": "1.86", "2012-06-30": "1.64", "2012-03-31": "1.57", "2011-12-31": "1.34", "2011-09-30": "1.22", "2011-06-30": "1.54", "2011-03-31": "1.61", "2010-12-31": "1.74", "2010-09-30": "1.43", "2010-06-30": "1.03", "2010-03-31": "1.45", "2009-12-31": "1.35", "2009-09-30": "1.10", "2009-06-30": "0.82", "2009-03-31": "0.79", "2008-12-31": "0.56", "2008-09-30": "1.11", "2008-06-30": "2.09", "2008-03-31": "1.56", "2007-12-31": "1.76", "2007-09-30": "1.36", "2007-06-30": "1.15", "2007-03-31": "0.79", "2006-12-31": "0.54"}, "price book": {"current": "1.72", "2021-02-11": "1.69", "2020-09-30": "1.19", "2020-06-30": "1.06", "2020-03-31": "1.04", "2019-12-31": "1.76", "2019-09-30": "1.80", "2019-06-30": "1.68", "2019-03-31": "1.53", "2018-12-31": "1.60", "2018-09-30": "1.92", "2018-06-30": "1.53", "2018-03-31": "1.22", "2017-12-31": "1.36", "2017-09-30": "1.20", "2017-06-30": "0.92", "2017-03-31": "0.96", "2016-12-31": "1.00", "2016-09-30": "0.71", "2016-06-30": "0.68", "2016-03-31": "0.87", "2015-12-31": "1.83", "2015-09-30": "1.97", "2015-06-30": "2.79", "2015-03-31": "2.54", "2014-12-31": "2.38", "2014-09-30": "2.35", "2014-06-30": "2.01", "2014-03-31": "2.11", "2013-12-31": "1.94", "2013-09-30": "1.78", "2013-06-30": "1.50", "2013-03-31": "1.51", "2012-12-31": "1.63", "2012-09-30": "1.87", "2012-06-30": "1.76", "2012-03-31": "1.78", "2011-12-31": "1.53", "2011-09-30": "1.48", "2011-06-30": "1.51", "2011-03-31": "1.61", "2010-12-31": "1.72", "2010-09-30": "1.25", "2010-06-30": "0.85", "2010-03-31": "2.01", "2009-12-31": "1.99", "2009-09-30": "1.87", "2009-06-30": "1.67", "2009-03-31": "1.89", "2008-12-31": "1.38", "2008-09-30": "2.39", "2008-06-30": "4.12", "2008-03-31": "3.39", "2007-12-31": "4.06", "2007-09-30": "3.21", "2007-06-30": "2.78", "2007-03-31": "2.00", "2006-12-31": "1.43", "2006-09-30": "0.94", "2006-06-30": "0.79", "2006-03-31": "0.99"}, "price fcf": {"2021-02-11": "", "2020-09-30": "$4.30", "2020-06-30": "$5.37", "2020-03-31": "$5.29", "2019-12-31": "$5.28", "2019-09-30": "$4.95", "2019-06-30": "$5.42", "2019-03-31": "$4.79", "2018-12-31": "$4.71", "2018-09-30": "$4.40", "2018-06-30": "$2.69", "2018-03-31": "$4.82", "2017-12-31": "$5.04", "2017-09-30": "$3.28", "2017-06-30": "$1.55", "2017-03-31": "$-4.22", "2016-12-31": "$-6.78", "2016-09-30": "$-7.50", "2016-06-30": "$-7.06", "2016-03-31": "$-7.07", "2015-12-31": "$-5.29", "2015-09-30": "$-4.15", "2015-06-30": "$-3.21", "2015-03-31": "$-2.41", "2014-12-31": "$-1.47", "2014-09-30": "$-0.94", "2014-06-30": "$1.15", "2014-03-31": "$1.84", "2013-12-31": "$2.21", "2013-09-30": "$3.22", "2013-06-30": "$3.61", "2013-03-31": "$5.83", "2012-12-31": "$5.78", "2012-09-30": "$5.50", "2012-06-30": "$5.75", "2012-03-31": "$5.20", "2011-12-31": "$5.39", "2011-09-30": "$6.90", "2011-06-30": "$5.45", "2011-03-31": "$4.63", "2010-12-31": "$2.91", "2010-09-30": "$1.51", "2010-06-30": "$0.22", "2010-03-31": "$1.04", "2009-12-31": "$1.85", "2009-09-30": "$1.65", "2009-06-30": "$1.74", "2009-03-31": "$1.79", "2008-12-31": "$1.80", "2008-09-30": "$2.33", "2008-06-30": "$2.70", "2008-03-31": "$2.38", "2007-12-31": "$2.07", "2007-09-30": "$1.59", "2007-06-30": "$1.31", "2007-03-31": "$1.10", "2006-12-31": "$0.52"}, "net worth": {"value": "$9.41B"}, "current ratio": {"current": "1.72", "2020-09-30": "1.72", "2020-06-30": "1.85", "2020-03-31": "1.20", "2019-12-31": "1.47", "2019-09-30": "1.34", "2019-06-30": "1.43", "2019-03-31": "1.71", "2018-12-31": "1.81", "2018-09-30": "2.03", "2018-06-30": "2.80", "2018-03-31": "2.65", "2017-12-31": "2.53", "2017-09-30": "1.71", "2017-06-30": "1.86", "2017-03-31": "3.29", "2016-12-31": "3.87", "2016-09-30": "3.03", "2016-06-30": "4.37", "2016-03-31": "2.77", "2015-12-31": "0.93", "2015-09-30": "1.39", "2015-06-30": "1.81", "2015-03-31": "1.82", "2014-12-31": "2.58", "2014-09-30": "3.18", "2014-06-30": "4.73", "2014-03-31": "3.42", "2013-12-31": "3.18", "2013-09-30": "3.35", "2013-06-30": "4.71", "2013-03-31": "2.26", "2012-12-31": "2.96", "2012-09-30": "2.53", "2012-06-30": "3.60", "2012-03-31": "1.97", "2011-12-31": "1.74", "2011-09-30": "1.37", "2011-06-30": "1.90", "2011-03-31": "1.31", "2010-12-31": "1.41", "2010-09-30": "1.65", "2010-06-30": "2.18", "2010-03-31": "2.45", "2009-12-31": "2.67", "2009-09-30": "3.30", "2009-06-30": "4.15", "2009-03-31": "1.73", "2008-12-31": "1.75", "2008-09-30": "2.13", "2008-06-30": "1.94", "2008-03-31": "1.54", "2007-12-31": "2.03", "2007-09-30": "2.02", "2007-06-30": "2.15", "2007-03-31": "1.61", "2006-12-31": "1.79", "2006-09-30": "1.92", "2006-06-30": "2.13", "2006-03-31": "1.45", "2005-12-31": "1.62", "2005-09-30": "1.76", "2005-06-30": "0.00", "2005-03-31": "0.00"}, "quick ratio": {"2020-09-30": "1.28", "2020-06-30": "1.40", "2020-03-31": "0.89", "2019-12-31": "0.94", "2019-09-30": "1.10", "2019-06-30": "1.15", "2019-03-31": "1.17", "2018-12-31": "1.37", "2018-09-30": "1.69", "2018-06-30": "2.26", "2018-03-31": "2.01", "2017-12-31": "2.05", "2017-09-30": "1.51", "2017-06-30": "1.63", "2017-03-31": "2.86", "2016-12-31": "3.38", "2016-09-30": "2.71", "2016-06-30": "4.07", "2016-03-31": "2.53", "2015-12-31": "0.66", "2015-09-30": "1.13", "2015-06-30": "1.54", "2015-03-31": "1.61", "2014-12-31": "2.38", "2014-09-30": "2.94", "2014-06-30": "4.44", "2014-03-31": "3.15", "2013-12-31": "2.84", "2013-09-30": "2.96", "2013-06-30": "4.16", "2013-03-31": "1.96", "2012-12-31": "2.66", "2012-09-30": "2.27", "2012-06-30": "3.18", "2012-03-31": "1.75", "2011-12-31": "1.45", "2011-09-30": "1.14", "2011-06-30": "1.65", "2011-03-31": "1.02", "2010-12-31": "1.13", "2010-09-30": "1.28", "2010-06-30": "1.69", "2010-03-31": "1.99", "2009-12-31": "2.24", "2009-09-30": "2.63", "2009-06-30": "3.46", "2009-03-31": "1.20", "2008-12-31": "1.03", "2008-09-30": "1.48", "2008-06-30": "1.53", "2008-03-31": "1.09", "2007-12-31": "1.66", "2007-09-30": "1.60", "2007-06-30": "1.73", "2007-03-31": "1.09", "2006-12-31": "1.29", "2006-09-30": "1.21", "2006-06-30": "1.33", "2006-03-31": "0.70", "2005-12-31": "0.95", "2005-09-30": "1.21", "2005-06-30": "0.00", "2005-03-31": "0.00"}, "debt equity ratio": {"current": "0.72", "2020-09-30": "1.18", "2020-06-30": "1.14", "2020-03-31": "1.30", "2019-12-31": "1.16", "2019-09-30": "1.27", "2019-06-30": "1.21", "2019-03-31": "1.28", "2018-12-31": "1.21", "2018-09-30": "1.14", "2018-06-30": "1.05", "2018-03-31": "1.03", "2017-12-31": "1.01", "2017-09-30": "1.38", "2017-06-30": "1.34", "2017-03-31": "1.38", "2016-12-31": "1.33", "2016-09-30": "1.24", "2016-06-30": "1.20", "2016-03-31": "1.17", "2015-12-31": "1.89", "2015-09-30": "1.88", "2015-06-30": "1.46", "2015-03-31": "1.60", "2014-12-31": "1.46", "2014-09-30": "1.40", "2014-06-30": "1.33", "2014-03-31": "1.35", "2013-12-31": "0.96", "2013-09-30": "0.98", "2013-06-30": "0.92", "2013-03-31": "0.69", "2012-12-31": "0.62", "2012-09-30": "0.70", "2012-06-30": "0.66", "2012-03-31": "0.79", "2011-12-31": "0.82", "2011-09-30": "0.95", "2011-06-30": "0.77", "2011-03-31": "0.92", "2010-12-31": "0.98", "2010-09-30": "1.00", "2010-06-30": "1.05", "2010-03-31": "0.51", "2009-12-31": "0.43", "2009-09-30": "0.34", "2009-06-30": "0.35", "2009-03-31": "0.76", "2008-12-31": "0.77", "2008-09-30": "0.78", "2008-06-30": "0.69", "2008-03-31": "0.88", "2007-12-31": "0.70", "2007-09-30": "0.78", "2007-06-30": "0.70", "2007-03-31": "0.93", "2006-12-31": "0.68", "2006-09-30": "0.65", "2006-06-30": "0.53", "2006-03-31": "0.78", "2005-12-31": "0.63", "2005-09-30": "0.66", "2005-06-30": "0.00", "2005-03-31": "0.00"}, "return on equity": {"2020-09-30": "5.16%", "2020-06-30": "6.78%", "2020-03-31": "8.36%", "2019-12-31": "8.65%", "2019-09-30": "8.51%", "2019-06-30": "7.73%", "2019-03-31": "5.31%", "2018-12-31": "4.66%", "2018-09-30": "10.93%", "2018-06-30": "9.09%", "2018-03-31": "6.84%", "2017-12-31": "5.57%", "2017-09-30": "-6.70%", "2017-06-30": "-5.64%", "2017-03-31": "-4.83%", "2016-12-31": "-3.98%", "2016-09-30": "1.09%", "2016-06-30": "3.27%", "2016-03-31": "9.65%", "2015-12-31": "15.77%", "2015-09-30": "20.32%", "2015-06-30": "20.78%", "2015-03-31": "19.54%", "2014-12-31": "28.42%", "2014-09-30": "28.93%", "2014-06-30": "30.06%", "2014-03-31": "32.80%", "2013-12-31": "26.21%", "2013-09-30": "27.75%", "2013-06-30": "30.00%", "2013-03-31": "31.61%", "2012-12-31": "31.97%", "2012-09-30": "33.36%", "2012-06-30": "33.96%", "2012-03-31": "31.90%", "2011-12-31": "31.08%", "2011-09-30": "26.93%", "2011-06-30": "21.57%", "2011-03-31": "14.33%", "2010-12-31": "9.52%", "2010-09-30": "6.68%", "2010-06-30": "8.09%", "2010-03-31": "17.25%", "2009-12-31": "22.12%", "2009-09-30": "32.45%", "2009-06-30": "33.30%", "2009-03-31": "38.58%", "2008-12-31": "45.48%", "2008-09-30": "43.00%", "2008-06-30": "51.61%", "2008-03-31": "42.30%", "2007-12-31": "37.50%", "2007-09-30": "27.65%", "2007-06-30": "20.05%", "2007-03-31": "14.60%", "2006-12-31": "4.33%", "2006-09-30": "1.58%", "2006-06-30": "-11.22%", "2006-03-31": "-15.00%", "2005-12-31": "-9.97%"}, "return on assets": {"2020-09-30": "2.35%", "2020-06-30": "3.06%", "2020-03-31": "3.74%", "2019-12-31": "3.88%", "2019-09-30": "3.79%", "2019-06-30": "3.50%", "2019-03-31": "2.45%", "2018-12-31": "2.22%", "2018-09-30": "5.32%", "2018-06-30": "4.30%", "2018-03-31": "3.13%", "2017-12-31": "2.45%", "2017-09-30": "-2.84%", "2017-06-30": "-2.43%", "2017-03-31": "-2.11%", "2016-12-31": "-1.78%", "2016-09-30": "0.47%", "2016-06-30": "1.34%", "2016-03-31": "3.80%", "2015-12-31": "5.83%", "2015-09-30": "7.82%", "2015-06-30": "8.39%", "2015-03-31": "7.99%", "2014-12-31": "11.92%", "2014-09-30": "12.83%", "2014-06-30": "13.98%", "2014-03-31": "15.99%", "2013-12-31": "13.93%", "2013-09-30": "15.50%", "2013-06-30": "17.38%", "2013-03-31": "18.96%", "2012-12-31": "18.91%", "2012-09-30": "19.17%", "2012-06-30": "18.88%", "2012-03-31": "17.45%", "2011-12-31": "16.71%", "2011-09-30": "14.20%", "2011-06-30": "11.31%", "2011-03-31": "7.22%", "2010-12-31": "4.88%", "2010-09-30": "3.58%", "2010-06-30": "4.75%", "2010-03-31": "12.25%", "2009-12-31": "15.19%", "2009-09-30": "21.20%", "2009-06-30": "20.13%", "2009-03-31": "22.06%", "2008-12-31": "25.60%", "2008-09-30": "24.39%", "2008-06-30": "29.33%", "2008-03-31": "23.88%", "2007-12-31": "21.24%", "2007-09-30": "15.62%", "2007-06-30": "11.51%", "2007-03-31": "8.58%", "2006-12-31": "2.61%", "2006-09-30": "0.96%", "2006-06-30": "-6.81%", "2006-03-31": "-8.90%", "2005-12-31": "-6.08%"}, "return on investments": {"2020-09-30": "6.77%", "2020-06-30": "8.23%", "2020-03-31": "10.14%", "2019-12-31": "10.06%", "2019-09-30": "10.05%", "2019-06-30": "9.32%", "2019-03-31": "7.22%", "2018-12-31": "7.02%", "2018-09-30": "6.06%", "2018-06-30": "4.47%", "2018-03-31": "2.97%", "2017-12-31": "2.03%", "2017-09-30": "0.28%", "2017-06-30": "-0.26%", "2017-03-31": "0.80%", "2016-12-31": "1.10%", "2016-09-30": "3.10%", "2016-06-30": "4.68%", "2016-03-31": "8.84%", "2015-12-31": "12.54%", "2015-09-30": "15.81%", "2015-06-30": "18.12%", "2015-03-31": "16.87%", "2014-12-31": "24.94%", "2014-09-30": "26.93%", "2014-06-30": "29.10%", "2014-03-31": "33.34%", "2013-12-31": "29.01%", "2013-09-30": "30.22%", "2013-06-30": "34.72%", "2013-03-31": "38.51%", "2012-12-31": "40.06%", "2012-09-30": "44.96%", "2012-06-30": "45.74%", "2012-03-31": "43.62%", "2011-12-31": "42.49%", "2011-09-30": "36.72%", "2011-06-30": "29.68%", "2011-03-31": "22.29%", "2010-12-31": "16.68%", "2010-09-30": "12.62%", "2010-06-30": "18.85%", "2010-03-31": "60.56%", "2009-12-31": "155.43%", "2009-09-30": "inf%", "2009-06-30": "227.16%", "2009-03-31": "122.48%", "2008-12-31": "98.19%", "2008-09-30": "69.44%", "2008-06-30": "81.03%", "2008-03-31": "67.66%", "2007-12-31": "60.15%", "2007-09-30": "44.52%", "2007-06-30": "32.69%", "2007-03-31": "25.01%", "2006-12-31": "9.26%", "2006-09-30": "4.97%", "2006-06-30": "8.17%", "2006-03-31": "10.06%", "2005-12-31": "35.35%"}, "return on tangible equity": {"2020-09-30": "8.99%", "2020-06-30": "11.72%", "2020-03-31": "14.35%", "2019-12-31": "14.73%", "2019-09-30": "14.44%", "2019-06-30": "12.96%", "2019-03-31": "8.78%", "2018-12-31": "7.52%", "2018-09-30": "17.26%", "2018-06-30": "14.34%", "2018-03-31": "10.76%", "2017-12-31": "8.81%", "2017-09-30": "-10.62%", "2017-06-30": "-8.79%", "2017-03-31": "-7.41%", "2016-12-31": "-6.03%", "2016-09-30": "1.73%", "2016-06-30": "5.56%", "2016-03-31": "17.60%", "2015-12-31": "31.93%", "2015-09-30": "39.38%", "2015-06-30": "38.26%", "2015-03-31": "35.39%", "2014-12-31": "49.66%", "2014-09-30": "49.03%", "2014-06-30": "49.81%", "2014-03-31": "53.41%", "2013-12-31": "41.64%", "2013-09-30": "43.08%", "2013-06-30": "46.02%", "2013-03-31": "48.32%", "2012-12-31": "49.73%", "2012-09-30": "53.75%", "2012-06-30": "56.78%", "2012-03-31": "53.65%", "2011-12-31": "53.31%", "2011-09-30": "47.07%", "2011-06-30": "38.49%", "2011-03-31": "27.02%", "2010-12-31": "16.60%", "2010-09-30": "10.27%", "2010-06-30": "10.41%", "2010-03-31": "17.26%", "2009-12-31": "22.13%", "2009-09-30": "32.47%", "2009-06-30": "33.32%", "2009-03-31": "38.60%", "2008-12-31": "45.51%", "2008-09-30": "43.03%", "2008-06-30": "51.64%", "2008-03-31": "42.33%", "2007-12-31": "37.53%", "2007-09-30": "27.67%", "2007-06-30": "20.07%", "2007-03-31": "14.62%", "2006-12-31": "4.33%", "2006-09-30": "1.58%", "2006-06-30": "-11.23%", "2006-03-31": "-15.02%", "2005-12-31": "-9.99%"}, "dividend yield history": {"last payout": "$1.20", "last yield": "2.73%"}}