{"ticker": "SCHW", "price": {"title": "Charles Schwab Historical Annual Stock Price Data", "value": 55.74, "historical": {"2021": {"Average Stock Price": "56.6304", "Year Open": "52.7600", "Year High": "61.2000", "Year Low": "51.5400", "Year Close": "55.7400", "Annual % Change": "5.09%"}, "2020": {"Average Stock Price": "39.4569", "Year Open": "48.2300", "Year High": "53.0400", "Year Low": "28.4300", "Year Close": "53.0400", "Annual % Change": "11.52%"}, "2019": {"Average Stock Price": "43.2689", "Year Open": "41.5800", "Year High": "51.0700", "Year Low": "35.1000", "Year Close": "47.5600", "Annual % Change": "14.52%"}, "2018": {"Average Stock Price": "51.3187", "Year Open": "51.4400", "Year High": "59.5900", "Year Low": "38.2500", "Year Close": "41.5300", "Annual % Change": "-19.16%"}, "2017": {"Average Stock Price": "42.4600", "Year Open": "40.2000", "Year High": "52.2800", "Year Low": "37.5300", "Year Close": "51.3700", "Annual % Change": "30.15%"}, "2016": {"Average Stock Price": "29.9858", "Year Open": "31.9800", "Year High": "40.4700", "Year Low": "22.2200", "Year Close": "39.4700", "Annual % Change": "19.86%"}, "2015": {"Average Stock Price": "31.1039", "Year Open": "30.2200", "Year High": "35.4200", "Year Low": "25.9600", "Year Close": "32.9300", "Annual % Change": "9.08%"}, "2014": {"Average Stock Price": "27.2950", "Year Open": "25.8200", "Year High": "30.7800", "Year Low": "23.6500", "Year Close": "30.1900", "Annual % Change": "16.12%"}, "2013": {"Average Stock Price": "20.2173", "Year Open": "15.0800", "Year High": "26.0000", "Year Low": "15.0500", "Year Close": "26.0000", "Annual % Change": "81.06%"}, "2012": {"Average Stock Price": "13.1964", "Year Open": "11.7100", "Year High": "15.3800", "Year Low": "11.6100", "Year Close": "14.3600", "Annual % Change": "27.53%"}, "2011": {"Average Stock Price": "15.1830", "Year Open": "17.5000", "Year High": "19.4500", "Year Low": "10.7500", "Year Close": "11.2600", "Annual % Change": "-34.19%"}, "2010": {"Average Stock Price": "16.4157", "Year Open": "19.7800", "Year High": "19.8800", "Year Low": "12.7600", "Year Close": "17.1100", "Annual % Change": "-9.09%"}, "2009": {"Average Stock Price": "16.9367", "Year Open": "16.1800", "Year High": "19.4900", "Year Low": "11.3400", "Year Close": "18.8200", "Annual % Change": "16.39%"}, "2008": {"Average Stock Price": "20.6911", "Year Open": "24.5800", "Year High": "26.0000", "Year Low": "14.5900", "Year Close": "16.1700", "Annual % Change": "-36.71%"}, "2007": {"Average Stock Price": "20.7049", "Year Open": "19.7600", "Year High": "25.5500", "Year Low": "17.7600", "Year Close": "25.5500", "Annual % Change": "32.11%"}, "2006": {"Average Stock Price": "16.8080", "Year Open": "14.9600", "Year High": "19.3600", "Year Low": "14.2600", "Year Close": "19.3400", "Annual % Change": "31.83%"}, "2005": {"Average Stock Price": "12.5675", "Year Open": "11.6600", "Year High": "16.0000", "Year Low": "9.8700", "Year Close": "14.6700", "Annual % Change": "22.66%"}, "2004": {"Average Stock Price": "10.3923", "Year Open": "11.6800", "Year High": "13.7600", "Year Low": "8.3000", "Year Close": "11.9600", "Annual % Change": "1.01%"}, "2003": {"Average Stock Price": "10.4709", "Year Open": "11.4800", "Year High": "13.9800", "Year Low": "6.5600", "Year Close": "11.8400", "Annual % Change": "9.12%"}, "2002": {"Average Stock Price": "11.4492", "Year Open": "15.5600", "Year High": "18.0900", "Year Low": "7.2600", "Year Close": "10.8500", "Annual % Change": "-29.86%"}, "2001": {"Average Stock Price": "17.1898", "Year Open": "26.0600", "Year High": "32.8800", "Year Low": "8.9400", "Year Close": "15.4700", "Annual % Change": "-45.49%"}, "2000": {"Average Stock Price": "31.7370", "Year Open": "24.6667", "Year High": "43.3333", "Year Low": "23.7533", "Year Close": "28.3800", "Annual % Change": "11.29%"}, "1999": {"Average Stock Price": "28.2296", "Year Open": "18.3333", "Year High": "50.1667", "Year Low": "18.0833", "Year Close": "25.5000", "Annual % Change": "36.15%"}, "1998": {"Average Stock Price": "9.1446", "Year Open": "8.9444", "Year High": "21.2100", "Year Low": "6.5844", "Year Close": "18.7300", "Annual % Change": "100.97%"}, "1997": {"Average Stock Price": "6.5195", "Year Open": "4.5748", "Year High": "9.6533", "Year Low": "4.5378", "Year Close": "9.3200", "Annual % Change": "96.60%"}, "1996": {"Average Stock Price": "3.7219", "Year Open": "3.0563", "Year High": "4.7970", "Year Low": "2.7963", "Year Close": "4.7407", "Annual % Change": "58.97%"}, "1995": {"Average Stock Price": "2.9305", "Year Open": "1.6420", "Year High": "4.2963", "Year Low": "1.6420", "Year Close": "2.9822", "Annual % Change": "73.18%"}, "1994": {"Average Stock Price": "1.4518", "Year Open": "1.5373", "Year High": "1.7837", "Year Low": "1.1852", "Year Close": "1.7220", "Annual % Change": "7.69%"}, "1993": {"Average Stock Price": "1.3487", "Year Open": "0.8435", "Year High": "1.8519", "Year Low": "0.8313", "Year Close": "1.5990", "Annual % Change": "85.95%"}, "1992": {"Average Stock Price": "0.8663", "Year Open": "0.9755", "Year High": "1.2263", "Year Low": "0.5640", "Year Close": "0.8599", "Annual % Change": "-14.03%"}, "1991": {"Average Stock Price": "0.5505", "Year Open": "0.2550", "Year High": "1.0002", "Year Low": "0.2550", "Year Close": "1.0002", "Annual % Change": "300.40%"}, "1990": {"Average Stock Price": "0.3146", "Year Open": "0.3099", "Year High": "0.3924", "Year Low": "0.2359", "Year Close": "0.2498", "Annual % Change": "-17.99%"}}}, "market cap": {"value": "$104.6B"}, "income statement": {"Revenue": {"2020-12-31": "11691.00000", "2019-12-31": "10721.00000", "2018-12-31": "10132.00000", "2017-12-31": "8618.00000", "2016-12-31": "7478.00000", "2015-12-31": "6380.00000", "2014-12-31": "6058.00000", "2013-12-31": "5435.00000", "2012-12-31": "4883.00000", "2011-12-31": "4691.00000", "2010-12-31": "4248.00000", "2009-12-31": "4193.00000", "2008-12-31": "5150.00000", "2007-12-31": "4994.00000", "2006-12-31": "4309.00000", "2005-12-31": "3619.00000"}, "Cost Of Goods Sold": {"2020-12-31": "", "2019-12-31": "", "2018-12-31": "", "2017-12-31": "", "2016-12-31": "", "2015-12-31": "", "2014-12-31": "", "2013-12-31": "", "2012-12-31": "", "2011-12-31": "", "2010-12-31": "", "2009-12-31": "", "2008-12-31": "", "2007-12-31": "", "2006-12-31": "", "2005-12-31": ""}, "Gross Profit": {"2020-12-31": "11691.00000", "2019-12-31": "10721.00000", "2018-12-31": "10132.00000", "2017-12-31": "8618.00000", "2016-12-31": "7478.00000", "2015-12-31": "6380.00000", "2014-12-31": "6058.00000", "2013-12-31": "5435.00000", "2012-12-31": "4883.00000", "2011-12-31": "4691.00000", "2010-12-31": "4248.00000", "2009-12-31": "4193.00000", "2008-12-31": "5150.00000", "2007-12-31": "4994.00000", "2006-12-31": "4309.00000", "2005-12-31": "3619.00000"}, "Research And Development Expenses": {"2020-12-31": "", "2019-12-31": "", "2018-12-31": "", "2017-12-31": "", "2016-12-31": "", "2015-12-31": "", "2014-12-31": "", "2013-12-31": "", "2012-12-31": "", "2011-12-31": "", "2010-12-31": "", "2009-12-31": "", "2008-12-31": "", "2007-12-31": "", "2006-12-31": "", "2005-12-31": ""}, "SG&A Expenses": {"2020-12-31": "6179.00000", "2019-12-31": "5141.00000", "2018-12-31": "4762.00000", "2017-12-31": "4252.00000", "2016-12-31": "3872.00000", "2015-12-31": "3535.00000", "2014-12-31": "3433.00000", "2013-12-31": "3228.00000", "2012-12-31": "2963.00000", "2011-12-31": "2868.00000", "2010-12-31": "2589.00000", "2009-12-31": "2534.00000", "2008-12-31": "2754.00000", "2007-12-31": "2817.00000", "2006-12-31": "2533.00000", "2005-12-31": "2272.00000"}, "Other Operating Income Or Expenses": {"2020-12-31": "", "2019-12-31": "", "2018-12-31": "", "2017-12-31": "", "2016-12-31": "", "2015-12-31": "", "2014-12-31": "", "2013-12-31": "", "2012-12-31": "", "2011-12-31": "-7.00000", "2010-12-31": "-452.00000", "2009-12-31": "", "2008-12-31": "", "2007-12-31": "", "2006-12-31": "", "2005-12-31": ""}, "Operating Expenses": {"2020-12-31": "6783.00000", "2019-12-31": "5490.00000", "2018-12-31": "5068.00000", "2017-12-31": "4521.00000", "2016-12-31": "4106.00000", "2015-12-31": "3759.00000", "2014-12-31": "3632.00000", "2013-12-31": "3430.00000", "2012-12-31": "3159.00000", "2011-12-31": "3030.00000", "2010-12-31": "3187.00000", "2009-12-31": "2693.00000", "2008-12-31": "2906.00000", "2007-12-31": "2973.00000", "2006-12-31": "2690.00000", "2005-12-31": "2451.00000"}, "Operating Income": {"2020-12-31": "4908.00000", "2019-12-31": "5231.00000", "2018-12-31": "5064.00000", "2017-12-31": "4097.00000", "2016-12-31": "3372.00000", "2015-12-31": "2621.00000", "2014-12-31": "2426.00000", "2013-12-31": "2005.00000", "2012-12-31": "1724.00000", "2011-12-31": "1661.00000", "2010-12-31": "1061.00000", "2009-12-31": "1500.00000", "2008-12-31": "2244.00000", "2007-12-31": "2021.00000", "2006-12-31": "1619.00000", "2005-12-31": "1168.00000"}, "Total Non-Operating Income/Expense": {"2020-12-31": "-608.00000", "2019-12-31": "-383.00000", "2018-12-31": "-502.00000", "2017-12-31": "-447.00000", "2016-12-31": "-379.00000", "2015-12-31": "-342.00000", "2014-12-31": "-311.00000", "2013-12-31": "-300.00000", "2012-12-31": "-274.00000", "2011-12-31": "-269.00000", "2010-12-31": "-282.00000", "2009-12-31": "-224.00000", "2008-12-31": "-216.00000", "2007-12-31": "-168.00000", "2006-12-31": "-143.00000", "2005-12-31": "-141.00000"}, "Pre-Tax Income": {"2020-12-31": "4300.00000", "2019-12-31": "4848.00000", "2018-12-31": "4562.00000", "2017-12-31": "3650.00000", "2016-12-31": "2993.00000", "2015-12-31": "2279.00000", "2014-12-31": "2115.00000", "2013-12-31": "1705.00000", "2012-12-31": "1450.00000", "2011-12-31": "1392.00000", "2010-12-31": "779.00000", "2009-12-31": "1276.00000", "2008-12-31": "2028.00000", "2007-12-31": "1853.00000", "2006-12-31": "1476.00000", "2005-12-31": "1027.00000"}, "Income Taxes": {"2020-12-31": "1001.00000", "2019-12-31": "1144.00000", "2018-12-31": "1055.00000", "2017-12-31": "1296.00000", "2016-12-31": "1104.00000", "2015-12-31": "832.00000", "2014-12-31": "794.00000", "2013-12-31": "634.00000", "2012-12-31": "522.00000", "2011-12-31": "528.00000", "2010-12-31": "325.00000", "2009-12-31": "489.00000", "2008-12-31": "798.00000", "2007-12-31": "733.00000", "2006-12-31": "585.00000", "2005-12-31": "393.00000"}, "Income After Taxes": {"2020-12-31": "3299.00000", "2019-12-31": "3704.00000", "2018-12-31": "3507.00000", "2017-12-31": "2354.00000", "2016-12-31": "1889.00000", "2015-12-31": "1447.00000", "2014-12-31": "1321.00000", "2013-12-31": "1071.00000", "2012-12-31": "928.00000", "2011-12-31": "864.00000", "2010-12-31": "454.00000", "2009-12-31": "787.00000", "2008-12-31": "1230.00000", "2007-12-31": "1120.00000", "2006-12-31": "891.00000", "2005-12-31": "634.00000"}, "Other Income": {"2020-12-31": "", "2019-12-31": "", "2018-12-31": "", "2017-12-31": "", "2016-12-31": "", "2015-12-31": "", "2014-12-31": "", "2013-12-31": "", "2012-12-31": "", "2011-12-31": "", "2010-12-31": "", "2009-12-31": "", "2008-12-31": "", "2007-12-31": "", "2006-12-31": "", "2005-12-31": ""}, "Income From Continuous Operations": {"2020-12-31": "3299.00000", "2019-12-31": "3704.00000", "2018-12-31": "3507.00000", "2017-12-31": "2354.00000", "2016-12-31": "1889.00000", "2015-12-31": "1447.00000", "2014-12-31": "1321.00000", "2013-12-31": "1071.00000", "2012-12-31": "928.00000", "2011-12-31": "864.00000", "2010-12-31": "454.00000", "2009-12-31": "787.00000", "2008-12-31": "1230.00000", "2007-12-31": "1120.00000", "2006-12-31": "891.00000", "2005-12-31": "634.00000"}, "Income From Discontinued Operations": {"2020-12-31": "", "2019-12-31": "", "2018-12-31": "", "2017-12-31": "", "2016-12-31": "", "2015-12-31": "", "2014-12-31": "", "2013-12-31": "", "2012-12-31": "", "2011-12-31": "", "2010-12-31": "", "2009-12-31": "", "2008-12-31": "-18.00000", "2007-12-31": "1287.00000", "2006-12-31": "336.00000", "2005-12-31": "91.00000"}, "Net Income": {"2020-12-31": "3043.00000", "2019-12-31": "3526.00000", "2018-12-31": "3329.00000", "2017-12-31": "2180.00000", "2016-12-31": "1746.00000", "2015-12-31": "1364.00000", "2014-12-31": "1261.00000", "2013-12-31": "1010.00000", "2012-12-31": "883.00000", "2011-12-31": "864.00000", "2010-12-31": "454.00000", "2009-12-31": "787.00000", "2008-12-31": "1212.00000", "2007-12-31": "2407.00000", "2006-12-31": "1227.00000", "2005-12-31": "725.00000"}, "EBITDA": {"2020-12-31": "4908.00000", "2019-12-31": "6026.00000", "2018-12-31": "5720.00000", "2017-12-31": "4708.00000", "2016-12-31": "3872.00000", "2015-12-31": "3007.00000", "2014-12-31": "2750.00000", "2013-12-31": "2369.00000", "2012-12-31": "2142.00000", "2011-12-31": "1952.00000", "2010-12-31": "1242.00000", "2009-12-31": "1641.00000", "2008-12-31": "2396.00000", "2007-12-31": "2177.00000", "2006-12-31": "1776.00000", "2005-12-31": "1347.00000"}, "EBIT": {"2020-12-31": "4908.00000", "2019-12-31": "5231.00000", "2018-12-31": "5064.00000", "2017-12-31": "4097.00000", "2016-12-31": "3372.00000", "2015-12-31": "2621.00000", "2014-12-31": "2426.00000", "2013-12-31": "2005.00000", "2012-12-31": "1724.00000", "2011-12-31": "1661.00000", "2010-12-31": "1061.00000", "2009-12-31": "1500.00000", "2008-12-31": "2244.00000", "2007-12-31": "2021.00000", "2006-12-31": "1619.00000", "2005-12-31": "1168.00000"}, "Basic Shares Outstanding": {"2020-12-31": "1429.00000", "2019-12-31": "1311.00000", "2018-12-31": "1348.00000", "2017-12-31": "1339.00000", "2016-12-31": "1324.00000", "2015-12-31": "1315.00000", "2014-12-31": "1303.00000", "2013-12-31": "1285.00000", "2012-12-31": "1275.00000", "2011-12-31": "1229.00000", "2010-12-31": "1191.00000", "2009-12-31": "1156.00000", "2008-12-31": "1148.00000", "2007-12-31": "1208.00000", "2006-12-31": "1270.00000", "2005-12-31": "1295.00000"}, "Shares Outstanding": {"2020-12-31": "1435.00000", "2019-12-31": "1320.00000", "2018-12-31": "1361.00000", "2017-12-31": "1353.00000", "2016-12-31": "1334.00000", "2015-12-31": "1327.00000", "2014-12-31": "1315.00000", "2013-12-31": "1293.00000", "2012-12-31": "1275.00000", "2011-12-31": "1229.00000", "2010-12-31": "1194.00000", "2009-12-31": "1160.00000", "2008-12-31": "1157.00000", "2007-12-31": "1222.00000", "2006-12-31": "1286.00000", "2005-12-31": "1308.00000"}, "Basic EPS": {"2020-12-31": "2.13000", "2019-12-31": "2.69000", "2018-12-31": "2.47000", "2017-12-31": "1.63000", "2016-12-31": "1.32000", "2015-12-31": "1.04000", "2014-12-31": "0.96000", "2013-12-31": "0.78000", "2012-12-31": "0.69000", "2011-12-31": "0.70000", "2010-12-31": "0.38000", "2009-12-31": "0.68000", "2008-12-31": "1.06000", "2007-12-31": "1.98000", "2006-12-31": "0.97000", "2005-12-31": "0.56000"}, "EPS - Earnings Per Share": {"2020-12-31": "2.12000", "2019-12-31": "2.67000", "2018-12-31": "2.45000", "2017-12-31": "1.61000", "2016-12-31": "1.31000", "2015-12-31": "1.03000", "2014-12-31": "0.95000", "2013-12-31": "0.78000", "2012-12-31": "0.69000", "2011-12-31": "0.70000", "2010-12-31": "0.38000", "2009-12-31": "0.68000", "2008-12-31": "1.05000", "2007-12-31": "1.96000", "2006-12-31": "0.95000", "2005-12-31": "0.55000"}}, "income statement, quarterly": {"Revenue": {"2020-12-31": "4176.00000", "2020-09-30": "2448.00000", "2020-06-30": "2450.00000", "2020-03-31": "2617.00000", "2019-12-31": "2606.00000", "2019-09-30": "2711.00000", "2019-06-30": "2681.00000", "2019-03-31": "2723.00000", "2018-12-31": "2669.00000", "2018-09-30": "2579.00000", "2018-06-30": "2486.00000", "2018-03-31": "2398.00000", "2017-12-31": "2242.00000", "2017-09-30": "2165.00000", "2017-06-30": "2130.00000", "2017-03-31": "2081.00000", "2016-12-31": "1972.00000", "2016-09-30": "1914.00000", "2016-06-30": "1828.00000", "2016-03-31": "1764.00000", "2015-12-31": "1691.00000", "2015-09-30": "1597.00000", "2015-06-30": "1566.00000", "2015-03-31": "1526.00000", "2014-12-31": "1551.00000", "2014-09-30": "1551.00000", "2014-06-30": "1478.00000", "2014-03-31": "1478.00000", "2013-12-31": "1435.00000", "2013-09-30": "1373.00000", "2013-06-30": "1337.00000", "2013-03-31": "1290.00000", "2012-12-31": "1215.00000", "2012-09-30": "1196.00000", "2012-06-30": "1283.00000", "2012-03-31": "1189.00000", "2011-12-31": "1113.00000", "2011-09-30": "1181.00000", "2011-06-30": "1190.00000", "2011-03-31": "1207.00000", "2010-12-31": "1127.00000", "2010-09-30": "1063.00000", "2010-06-30": "1080.00000", "2010-03-31": "978.00000", "2009-12-31": "986.00000", "2009-09-30": "1011.00000", "2009-06-30": "1085.00000", "2009-03-31": "1111.00000", "2008-12-31": "1284.00000", "2008-09-30": "1251.00000", "2008-06-30": "1308.00000", "2008-03-31": "1307.00000", "2007-12-31": "1345.00000", "2007-09-30": "1291.00000", "2007-06-30": "1205.00000", "2007-03-31": "1153.00000", "2006-12-31": "1096.00000", "2006-09-30": "1066.00000", "2006-06-30": "1093.00000", "2006-03-31": "1054.00000", "2005-12-31": "335.00000", "2005-09-30": "1138.00000", "2005-06-30": "1087.00000", "2005-03-31": "1059.00000"}, "Cost Of Goods Sold": {"2020-12-31": "", "2020-09-30": "", "2020-06-30": "", "2020-03-31": "", "2019-12-31": "", "2019-09-30": "", "2019-06-30": "", "2019-03-31": "", "2018-12-31": "", "2018-09-30": "", "2018-06-30": "", "2018-03-31": "", "2017-12-31": "", "2017-09-30": "", "2017-06-30": "", "2017-03-31": "", "2016-12-31": "", "2016-09-30": "", "2016-06-30": "", "2016-03-31": "", "2015-12-31": "", "2015-09-30": "", "2015-06-30": "", "2015-03-31": "", "2014-12-31": "", "2014-09-30": "", "2014-06-30": "", "2014-03-31": "", "2013-12-31": "", "2013-09-30": "", "2013-06-30": "", "2013-03-31": "", "2012-12-31": "", "2012-09-30": "", "2012-06-30": "", "2012-03-31": "", "2011-12-31": "", "2011-09-30": "", "2011-06-30": "", "2011-03-31": "", "2010-12-31": "", "2010-09-30": "", "2010-06-30": "", "2010-03-31": "", "2009-12-31": "", "2009-09-30": "", "2009-06-30": "", "2009-03-31": "", "2008-12-31": "", "2008-09-30": "", "2008-06-30": "", "2008-03-31": "", "2007-12-31": "", "2007-09-30": "", "2007-06-30": "", "2007-03-31": "", "2006-12-31": "", "2006-09-30": "", "2006-06-30": "", "2006-03-31": "", "2005-12-31": "", "2005-09-30": "", "2005-06-30": "", "2005-03-31": ""}, "Gross Profit": {"2020-12-31": "4176.00000", "2020-09-30": "2448.00000", "2020-06-30": "2450.00000", "2020-03-31": "2617.00000", "2019-12-31": "2606.00000", "2019-09-30": "2711.00000", "2019-06-30": "2681.00000", "2019-03-31": "2723.00000", "2018-12-31": "2669.00000", "2018-09-30": "2579.00000", "2018-06-30": "2486.00000", "2018-03-31": "2398.00000", "2017-12-31": "2242.00000", "2017-09-30": "2165.00000", "2017-06-30": "2130.00000", "2017-03-31": "2081.00000", "2016-12-31": "1972.00000", "2016-09-30": "1914.00000", "2016-06-30": "1828.00000", "2016-03-31": "1764.00000", "2015-12-31": "1691.00000", "2015-09-30": "1597.00000", "2015-06-30": "1566.00000", "2015-03-31": "1526.00000", "2014-12-31": "1551.00000", "2014-09-30": "1551.00000", "2014-06-30": "1478.00000", "2014-03-31": "1478.00000", "2013-12-31": "1435.00000", "2013-09-30": "1373.00000", "2013-06-30": "1337.00000", "2013-03-31": "1290.00000", "2012-12-31": "1215.00000", "2012-09-30": "1196.00000", "2012-06-30": "1283.00000", "2012-03-31": "1189.00000", "2011-12-31": "1113.00000", "2011-09-30": "1181.00000", "2011-06-30": "1190.00000", "2011-03-31": "1207.00000", "2010-12-31": "1127.00000", "2010-09-30": "1063.00000", "2010-06-30": "1080.00000", "2010-03-31": "978.00000", "2009-12-31": "986.00000", "2009-09-30": "1011.00000", "2009-06-30": "1085.00000", "2009-03-31": "1111.00000", "2008-12-31": "1284.00000", "2008-09-30": "1251.00000", "2008-06-30": "1308.00000", "2008-03-31": "1307.00000", "2007-12-31": "1345.00000", "2007-09-30": "1291.00000", "2007-06-30": "1205.00000", "2007-03-31": "1153.00000", "2006-12-31": "1096.00000", "2006-09-30": "1066.00000", "2006-06-30": "1093.00000", "2006-03-31": "1054.00000", "2005-12-31": "335.00000", "2005-09-30": "1138.00000", "2005-06-30": "1087.00000", "2005-03-31": "1059.00000"}, "Research And Development Expenses": {"2020-12-31": "", "2020-09-30": "", "2020-06-30": "", "2020-03-31": "", "2019-12-31": "", "2019-09-30": "", "2019-06-30": "", "2019-03-31": "", "2018-12-31": "", "2018-09-30": "", "2018-06-30": "", "2018-03-31": "", "2017-12-31": "", "2017-09-30": "", "2017-06-30": "", "2017-03-31": "", "2016-12-31": "", "2016-09-30": "", "2016-06-30": "", "2016-03-31": "", "2015-12-31": "", "2015-09-30": "", "2015-06-30": "", "2015-03-31": "", "2014-12-31": "", "2014-09-30": "", "2014-06-30": "", "2014-03-31": "", "2013-12-31": "", "2013-09-30": "", "2013-06-30": "", "2013-03-31": "", "2012-12-31": "", "2012-09-30": "", "2012-06-30": "", "2012-03-31": "", "2011-12-31": "", "2011-09-30": "", "2011-06-30": "", "2011-03-31": "", "2010-12-31": "", "2010-09-30": "", "2010-06-30": "", "2010-03-31": "", "2009-12-31": "", "2009-09-30": "", "2009-06-30": "", "2009-03-31": "", "2008-12-31": "", "2008-09-30": "", "2008-06-30": "", "2008-03-31": "", "2007-12-31": "", "2007-09-30": "", "2007-06-30": "", "2007-03-31": "", "2006-12-31": "", "2006-09-30": "", "2006-06-30": "", "2006-03-31": "", "2005-12-31": "", "2005-09-30": "", "2005-06-30": "", "2005-03-31": ""}, "SG&A Expenses": {"2020-12-31": "2171.00000", "2020-09-30": "1328.00000", "2020-06-30": "1317.00000", "2020-03-31": "1363.00000", "2019-12-31": "1299.00000", "2019-09-30": "1303.00000", "2019-06-30": "1257.00000", "2019-03-31": "1282.00000", "2018-12-31": "1267.00000", "2018-09-30": "1154.00000", "2018-06-30": "1158.00000", "2018-03-31": "1183.00000", "2017-12-31": "1098.00000", "2017-09-30": "1044.00000", "2017-06-30": "1043.00000", "2017-03-31": "1067.00000", "2016-12-31": "981.00000", "2016-09-30": "961.00000", "2016-06-30": "960.00000", "2016-03-31": "970.00000", "2015-12-31": "902.00000", "2015-09-30": "870.00000", "2015-06-30": "858.00000", "2015-03-31": "905.00000", "2014-12-31": "860.00000", "2014-09-30": "906.00000", "2014-06-30": "834.00000", "2014-03-31": "833.00000", "2013-12-31": "814.00000", "2013-09-30": "774.00000", "2013-06-30": "800.00000", "2013-03-31": "840.00000", "2012-12-31": "751.00000", "2012-09-30": "719.00000", "2012-06-30": "731.00000", "2012-03-31": "762.00000", "2011-12-31": "743.00000", "2011-09-30": "709.00000", "2011-06-30": "700.00000", "2011-03-31": "716.00000", "2010-12-31": "669.00000", "2010-09-30": "615.00000", "2010-06-30": "641.00000", "2010-03-31": "664.00000", "2009-12-31": "626.00000", "2009-09-30": "590.00000", "2009-06-30": "641.00000", "2009-03-31": "677.00000", "2008-12-31": "678.00000", "2008-09-30": "649.00000", "2008-06-30": "704.00000", "2008-03-31": "723.00000", "2007-12-31": "735.00000", "2007-09-30": "692.00000", "2007-06-30": "703.00000", "2007-03-31": "687.00000", "2006-12-31": "646.00000", "2006-09-30": "614.00000", "2006-06-30": "646.00000", "2006-03-31": "627.00000", "2005-12-31": "188.00000", "2005-09-30": "715.00000", "2005-06-30": "684.00000", "2005-03-31": "685.00000"}, "Other Operating Income Or Expenses": {"2020-12-31": "", "2020-09-30": "", "2020-06-30": "", "2020-03-31": "", "2019-12-31": "", "2019-09-30": "", "2019-06-30": "", "2019-03-31": "", "2018-12-31": "", "2018-09-30": "", "2018-06-30": "", "2018-03-31": "", "2017-12-31": "", "2017-09-30": "", "2017-06-30": "", "2017-03-31": "", "2016-12-31": "", "2016-09-30": "", "2016-06-30": "", "2016-03-31": "", "2015-12-31": "", "2015-09-30": "", "2015-06-30": "", "2015-03-31": "", "2014-12-31": "", "2014-09-30": "", "2014-06-30": "", "2014-03-31": "", "2013-12-31": "", "2013-09-30": "", "2013-06-30": "", "2013-03-31": "", "2012-12-31": "", "2012-09-30": "", "2012-06-30": "", "2012-03-31": "", "2011-12-31": "", "2011-09-30": "", "2011-06-30": "-7.00000", "2011-03-31": "", "2010-12-31": "-124.00000", "2010-09-30": "-132.00000", "2010-06-30": "", "2010-03-31": "-196.00000", "2009-12-31": "", "2009-09-30": "", "2009-06-30": "", "2009-03-31": "", "2008-12-31": "", "2008-09-30": "", "2008-06-30": "", "2008-03-31": "", "2007-12-31": "", "2007-09-30": "", "2007-06-30": "", "2007-03-31": "", "2006-12-31": "", "2006-09-30": "", "2006-06-30": "", "2006-03-31": "", "2005-12-31": "", "2005-09-30": "", "2005-06-30": "", "2005-03-31": ""}, "Operating Expenses": {"2020-12-31": "2448.00000", "2020-09-30": "1450.00000", "2020-06-30": "1426.00000", "2020-03-31": "1459.00000", "2019-12-31": "1393.00000", "2019-09-30": "1391.00000", "2019-06-30": "1341.00000", "2019-03-31": "1365.00000", "2018-12-31": "1347.00000", "2018-09-30": "1232.00000", "2018-06-30": "1233.00000", "2018-03-31": "1256.00000", "2017-12-31": "1167.00000", "2017-09-30": "1113.00000", "2017-06-30": "1109.00000", "2017-03-31": "1132.00000", "2016-12-31": "1042.00000", "2016-09-30": "1021.00000", "2016-06-30": "1017.00000", "2016-03-31": "1026.00000", "2015-12-31": "960.00000", "2015-09-30": "927.00000", "2015-06-30": "913.00000", "2015-03-31": "959.00000", "2014-12-31": "914.00000", "2014-09-30": "955.00000", "2014-06-30": "882.00000", "2014-03-31": "881.00000", "2013-12-31": "863.00000", "2013-09-30": "825.00000", "2013-06-30": "851.00000", "2013-03-31": "891.00000", "2012-12-31": "801.00000", "2012-09-30": "769.00000", "2012-06-30": "779.00000", "2012-03-31": "810.00000", "2011-12-31": "791.00000", "2011-09-30": "748.00000", "2011-06-30": "740.00000", "2011-03-31": "751.00000", "2010-12-31": "831.00000", "2010-09-30": "782.00000", "2010-06-30": "677.00000", "2010-03-31": "897.00000", "2009-12-31": "664.00000", "2009-09-30": "628.00000", "2009-06-30": "682.00000", "2009-03-31": "719.00000", "2008-12-31": "717.00000", "2008-09-30": "687.00000", "2008-06-30": "741.00000", "2008-03-31": "761.00000", "2007-12-31": "774.00000", "2007-09-30": "731.00000", "2007-06-30": "742.00000", "2007-03-31": "726.00000", "2006-12-31": "684.00000", "2006-09-30": "653.00000", "2006-06-30": "685.00000", "2006-03-31": "668.00000", "2005-12-31": "210.00000", "2005-09-30": "767.00000", "2005-06-30": "735.00000", "2005-03-31": "739.00000"}, "Operating Income": {"2020-12-31": "1728.00000", "2020-09-30": "998.00000", "2020-06-30": "1024.00000", "2020-03-31": "1158.00000", "2019-12-31": "1213.00000", "2019-09-30": "1320.00000", "2019-06-30": "1340.00000", "2019-03-31": "1358.00000", "2018-12-31": "1322.00000", "2018-09-30": "1347.00000", "2018-06-30": "1253.00000", "2018-03-31": "1142.00000", "2017-12-31": "1075.00000", "2017-09-30": "1052.00000", "2017-06-30": "1021.00000", "2017-03-31": "949.00000", "2016-12-31": "930.00000", "2016-09-30": "893.00000", "2016-06-30": "811.00000", "2016-03-31": "738.00000", "2015-12-31": "731.00000", "2015-09-30": "670.00000", "2015-06-30": "653.00000", "2015-03-31": "567.00000", "2014-12-31": "637.00000", "2014-09-30": "596.00000", "2014-06-30": "596.00000", "2014-03-31": "597.00000", "2013-12-31": "572.00000", "2013-09-30": "548.00000", "2013-06-30": "486.00000", "2013-03-31": "399.00000", "2012-12-31": "414.00000", "2012-09-30": "427.00000", "2012-06-30": "504.00000", "2012-03-31": "379.00000", "2011-12-31": "322.00000", "2011-09-30": "433.00000", "2011-06-30": "450.00000", "2011-03-31": "456.00000", "2010-12-31": "296.00000", "2010-09-30": "281.00000", "2010-06-30": "403.00000", "2010-03-31": "81.00000", "2009-12-31": "322.00000", "2009-09-30": "383.00000", "2009-06-30": "403.00000", "2009-03-31": "392.00000", "2008-12-31": "567.00000", "2008-09-30": "564.00000", "2008-06-30": "567.00000", "2008-03-31": "546.00000", "2007-12-31": "571.00000", "2007-09-30": "560.00000", "2007-06-30": "463.00000", "2007-03-31": "427.00000", "2006-12-31": "412.00000", "2006-09-30": "413.00000", "2006-06-30": "408.00000", "2006-03-31": "386.00000", "2005-12-31": "125.00000", "2005-09-30": "371.00000", "2005-06-30": "352.00000", "2005-03-31": "320.00000"}, "Total Non-Operating Income/Expense": {"2020-12-31": "-252.00000", "2020-09-30": "-109.00000", "2020-06-30": "-136.00000", "2020-03-31": "-111.00000", "2019-12-31": "-101.00000", "2019-09-30": "-84.00000", "2019-06-30": "-104.00000", "2019-03-31": "-94.00000", "2018-12-31": "-112.00000", "2018-09-30": "-128.00000", "2018-06-30": "-122.00000", "2018-03-31": "-140.00000", "2017-12-31": "-122.00000", "2017-09-30": "-107.00000", "2017-06-30": "-112.00000", "2017-03-31": "-106.00000", "2016-12-31": "-106.00000", "2016-09-30": "-99.00000", "2016-06-30": "-91.00000", "2016-03-31": "-83.00000", "2015-12-31": "-86.00000", "2015-09-30": "-87.00000", "2015-06-30": "-86.00000", "2015-03-31": "-83.00000", "2014-12-31": "-83.00000", "2014-09-30": "-78.00000", "2014-06-30": "-75.00000", "2014-03-31": "-75.00000", "2013-12-31": "-74.00000", "2013-09-30": "-84.00000", "2013-06-30": "-74.00000", "2013-03-31": "-68.00000", "2012-12-31": "-70.00000", "2012-09-30": "-66.00000", "2012-06-30": "-72.00000", "2012-03-31": "-66.00000", "2011-12-31": "-70.00000", "2011-09-30": "-73.00000", "2011-06-30": "-64.00000", "2011-03-31": "-62.00000", "2010-12-31": "-67.00000", "2010-09-30": "-82.00000", "2010-06-30": "-65.00000", "2010-03-31": "-68.00000", "2009-12-31": "-56.00000", "2009-09-30": "-63.00000", "2009-06-30": "-68.00000", "2009-03-31": "-37.00000", "2008-12-31": "-60.00000", "2008-09-30": "-65.00000", "2008-06-30": "-53.00000", "2008-03-31": "-38.00000", "2007-12-31": "-45.00000", "2007-09-30": "-48.00000", "2007-06-30": "-39.00000", "2007-03-31": "-36.00000", "2006-12-31": "-40.00000", "2006-09-30": "-31.00000", "2006-06-30": "-39.00000", "2006-03-31": "-33.00000", "2005-12-31": "24.00000", "2005-09-30": "-42.00000", "2005-06-30": "-49.00000", "2005-03-31": "-74.00000"}, "Pre-Tax Income": {"2020-12-31": "1476.00000", "2020-09-30": "889.00000", "2020-06-30": "888.00000", "2020-03-31": "1047.00000", "2019-12-31": "1112.00000", "2019-09-30": "1236.00000", "2019-06-30": "1236.00000", "2019-03-31": "1264.00000", "2018-12-31": "1210.00000", "2018-09-30": "1219.00000", "2018-06-30": "1131.00000", "2018-03-31": "1002.00000", "2017-12-31": "953.00000", "2017-09-30": "945.00000", "2017-06-30": "909.00000", "2017-03-31": "843.00000", "2016-12-31": "824.00000", "2016-09-30": "794.00000", "2016-06-30": "720.00000", "2016-03-31": "655.00000", "2015-12-31": "645.00000", "2015-09-30": "583.00000", "2015-06-30": "567.00000", "2015-03-31": "484.00000", "2014-12-31": "554.00000", "2014-09-30": "518.00000", "2014-06-30": "521.00000", "2014-03-31": "522.00000", "2013-12-31": "498.00000", "2013-09-30": "464.00000", "2013-06-30": "412.00000", "2013-03-31": "331.00000", "2012-12-31": "344.00000", "2012-09-30": "361.00000", "2012-06-30": "432.00000", "2012-03-31": "313.00000", "2011-12-31": "252.00000", "2011-09-30": "360.00000", "2011-06-30": "386.00000", "2011-03-31": "394.00000", "2010-12-31": "229.00000", "2010-09-30": "199.00000", "2010-06-30": "338.00000", "2010-03-31": "13.00000", "2009-12-31": "266.00000", "2009-09-30": "320.00000", "2009-06-30": "335.00000", "2009-03-31": "355.00000", "2008-12-31": "507.00000", "2008-09-30": "499.00000", "2008-06-30": "514.00000", "2008-03-31": "508.00000", "2007-12-31": "526.00000", "2007-09-30": "512.00000", "2007-06-30": "424.00000", "2007-03-31": "391.00000", "2006-12-31": "372.00000", "2006-09-30": "382.00000", "2006-06-30": "369.00000", "2006-03-31": "353.00000", "2005-12-31": "149.00000", "2005-09-30": "329.00000", "2005-06-30": "303.00000", "2005-03-31": "246.00000"}, "Income Taxes": {"2020-12-31": "341.00000", "2020-09-30": "191.00000", "2020-06-30": "217.00000", "2020-03-31": "252.00000", "2019-12-31": "260.00000", "2019-09-30": "285.00000", "2019-06-30": "299.00000", "2019-03-31": "300.00000", "2018-12-31": "275.00000", "2018-09-30": "296.00000", "2018-06-30": "265.00000", "2018-03-31": "219.00000", "2017-12-31": "356.00000", "2017-09-30": "327.00000", "2017-06-30": "334.00000", "2017-03-31": "279.00000", "2016-12-31": "302.00000", "2016-09-30": "291.00000", "2016-06-30": "268.00000", "2016-03-31": "243.00000", "2015-12-31": "229.00000", "2015-09-30": "207.00000", "2015-06-30": "214.00000", "2015-03-31": "182.00000", "2014-12-31": "204.00000", "2014-09-30": "197.00000", "2014-06-30": "197.00000", "2014-03-31": "196.00000", "2013-12-31": "179.00000", "2013-09-30": "174.00000", "2013-06-30": "156.00000", "2013-03-31": "125.00000", "2012-12-31": "133.00000", "2012-09-30": "114.00000", "2012-06-30": "157.00000", "2012-03-31": "118.00000", "2011-12-31": "89.00000", "2011-09-30": "140.00000", "2011-06-30": "148.00000", "2011-03-31": "151.00000", "2010-12-31": "110.00000", "2010-09-30": "75.00000", "2010-06-30": "133.00000", "2010-03-31": "7.00000", "2009-12-31": "102.00000", "2009-09-30": "120.00000", "2009-06-30": "130.00000", "2009-03-31": "137.00000", "2008-12-31": "199.00000", "2008-09-30": "195.00000", "2008-06-30": "201.00000", "2008-03-31": "203.00000", "2007-12-31": "221.00000", "2007-09-30": "189.00000", "2007-06-30": "168.00000", "2007-03-31": "155.00000", "2006-12-31": "148.00000", "2006-09-30": "152.00000", "2006-06-30": "146.00000", "2006-03-31": "139.00000", "2005-12-31": "58.00000", "2005-09-30": "123.00000", "2005-06-30": "117.00000", "2005-03-31": "95.00000"}, "Income After Taxes": {"2020-12-31": "1135.00000", "2020-09-30": "698.00000", "2020-06-30": "671.00000", "2020-03-31": "795.00000", "2019-12-31": "852.00000", "2019-09-30": "951.00000", "2019-06-30": "937.00000", "2019-03-31": "964.00000", "2018-12-31": "935.00000", "2018-09-30": "923.00000", "2018-06-30": "866.00000", "2018-03-31": "783.00000", "2017-12-31": "597.00000", "2017-09-30": "618.00000", "2017-06-30": "575.00000", "2017-03-31": "564.00000", "2016-12-31": "522.00000", "2016-09-30": "503.00000", "2016-06-30": "452.00000", "2016-03-31": "412.00000", "2015-12-31": "416.00000", "2015-09-30": "376.00000", "2015-06-30": "353.00000", "2015-03-31": "302.00000", "2014-12-31": "350.00000", "2014-09-30": "321.00000", "2014-06-30": "324.00000", "2014-03-31": "326.00000", "2013-12-31": "319.00000", "2013-09-30": "290.00000", "2013-06-30": "256.00000", "2013-03-31": "206.00000", "2012-12-31": "211.00000", "2012-09-30": "247.00000", "2012-06-30": "275.00000", "2012-03-31": "195.00000", "2011-12-31": "163.00000", "2011-09-30": "220.00000", "2011-06-30": "238.00000", "2011-03-31": "243.00000", "2010-12-31": "119.00000", "2010-09-30": "124.00000", "2010-06-30": "205.00000", "2010-03-31": "6.00000", "2009-12-31": "164.00000", "2009-09-30": "200.00000", "2009-06-30": "205.00000", "2009-03-31": "218.00000", "2008-12-31": "308.00000", "2008-09-30": "304.00000", "2008-06-30": "313.00000", "2008-03-31": "305.00000", "2007-12-31": "305.00000", "2007-09-30": "323.00000", "2007-06-30": "256.00000", "2007-03-31": "236.00000", "2006-12-31": "224.00000", "2006-09-30": "230.00000", "2006-06-30": "223.00000", "2006-03-31": "214.00000", "2005-12-31": "91.00000", "2005-09-30": "206.00000", "2005-06-30": "186.00000", "2005-03-31": "151.00000"}, "Other Income": {"2020-12-31": "", "2020-09-30": "", "2020-06-30": "", "2020-03-31": "", "2019-12-31": "", "2019-09-30": "", "2019-06-30": "", "2019-03-31": "", "2018-12-31": "", "2018-09-30": "", "2018-06-30": "", "2018-03-31": "", "2017-12-31": "", "2017-09-30": "", "2017-06-30": "", "2017-03-31": "", "2016-12-31": "", "2016-09-30": "", "2016-06-30": "", "2016-03-31": "", "2015-12-31": "", "2015-09-30": "", "2015-06-30": "", "2015-03-31": "", "2014-12-31": "", "2014-09-30": "", "2014-06-30": "", "2014-03-31": "", "2013-12-31": "", "2013-09-30": "", "2013-06-30": "", "2013-03-31": "", "2012-12-31": "", "2012-09-30": "", "2012-06-30": "", "2012-03-31": "", "2011-12-31": "", "2011-09-30": "", "2011-06-30": "", "2011-03-31": "", "2010-12-31": "", "2010-09-30": "", "2010-06-30": "", "2010-03-31": "", "2009-12-31": "", "2009-09-30": "", "2009-06-30": "", "2009-03-31": "", "2008-12-31": "", "2008-09-30": "", "2008-06-30": "", "2008-03-31": "", "2007-12-31": "", "2007-09-30": "", "2007-06-30": "", "2007-03-31": "", "2006-12-31": "", "2006-09-30": "", "2006-06-30": "", "2006-03-31": "", "2005-12-31": "", "2005-09-30": "", "2005-06-30": "", "2005-03-31": ""}, "Income From Continuous Operations": {"2020-12-31": "1135.00000", "2020-09-30": "698.00000", "2020-06-30": "671.00000", "2020-03-31": "795.00000", "2019-12-31": "852.00000", "2019-09-30": "951.00000", "2019-06-30": "937.00000", "2019-03-31": "964.00000", "2018-12-31": "935.00000", "2018-09-30": "923.00000", "2018-06-30": "866.00000", "2018-03-31": "783.00000", "2017-12-31": "597.00000", "2017-09-30": "618.00000", "2017-06-30": "575.00000", "2017-03-31": "564.00000", "2016-12-31": "522.00000", "2016-09-30": "503.00000", "2016-06-30": "452.00000", "2016-03-31": "412.00000", "2015-12-31": "416.00000", "2015-09-30": "376.00000", "2015-06-30": "353.00000", "2015-03-31": "302.00000", "2014-12-31": "350.00000", "2014-09-30": "321.00000", "2014-06-30": "324.00000", "2014-03-31": "326.00000", "2013-12-31": "319.00000", "2013-09-30": "290.00000", "2013-06-30": "256.00000", "2013-03-31": "206.00000", "2012-12-31": "211.00000", "2012-09-30": "247.00000", "2012-06-30": "275.00000", "2012-03-31": "195.00000", "2011-12-31": "163.00000", "2011-09-30": "220.00000", "2011-06-30": "238.00000", "2011-03-31": "243.00000", "2010-12-31": "119.00000", "2010-09-30": "124.00000", "2010-06-30": "205.00000", "2010-03-31": "6.00000", "2009-12-31": "164.00000", "2009-09-30": "200.00000", "2009-06-30": "205.00000", "2009-03-31": "218.00000", "2008-12-31": "308.00000", "2008-09-30": "304.00000", "2008-06-30": "313.00000", "2008-03-31": "305.00000", "2007-12-31": "305.00000", "2007-09-30": "323.00000", "2007-06-30": "256.00000", "2007-03-31": "236.00000", "2006-12-31": "224.00000", "2006-09-30": "230.00000", "2006-06-30": "223.00000", "2006-03-31": "214.00000", "2005-12-31": "91.00000", "2005-09-30": "206.00000", "2005-06-30": "186.00000", "2005-03-31": "151.00000"}, "Income From Discontinued Operations": {"2020-12-31": "", "2020-09-30": "", "2020-06-30": "", "2020-03-31": "", "2019-12-31": "", "2019-09-30": "", "2019-06-30": "", "2019-03-31": "", "2018-12-31": "", "2018-09-30": "", "2018-06-30": "", "2018-03-31": "", "2017-12-31": "", "2017-09-30": "", "2017-06-30": "", "2017-03-31": "", "2016-12-31": "", "2016-09-30": "", "2016-06-30": "", "2016-03-31": "", "2015-12-31": "", "2015-09-30": "", "2015-06-30": "", "2015-03-31": "", "2014-12-31": "", "2014-09-30": "", "2014-06-30": "", "2014-03-31": "", "2013-12-31": "", "2013-09-30": "", "2013-06-30": "", "2013-03-31": "", "2012-12-31": "", "2012-09-30": "", "2012-06-30": "", "2012-03-31": "", "2011-12-31": "", "2011-09-30": "", "2011-06-30": "", "2011-03-31": "", "2010-12-31": "", "2010-09-30": "", "2010-06-30": "", "2010-03-31": "", "2009-12-31": "", "2009-09-30": "", "2009-06-30": "", "2009-03-31": "", "2008-12-31": "", "2008-09-30": "", "2008-06-30": "-18.00000", "2008-03-31": "", "2007-12-31": "3.00000", "2007-09-30": "1211.00000", "2007-06-30": "36.00000", "2007-03-31": "37.00000", "2006-12-31": "243.00000", "2006-09-30": "36.00000", "2006-06-30": "28.00000", "2006-03-31": "29.00000", "2005-12-31": "96.00000", "2005-09-30": "1.00000", "2005-06-30": "", "2005-03-31": "-6.00000"}, "Net Income": {"2020-12-31": "1050.00000", "2020-09-30": "615.00000", "2020-06-30": "621.00000", "2020-03-31": "757.00000", "2019-12-31": "801.00000", "2019-09-30": "913.00000", "2019-06-30": "887.00000", "2019-03-31": "925.00000", "2018-12-31": "885.00000", "2018-09-30": "885.00000", "2018-06-30": "813.00000", "2018-03-31": "746.00000", "2017-12-31": "550.00000", "2017-09-30": "575.00000", "2017-06-30": "530.00000", "2017-03-31": "525.00000", "2016-12-31": "478.00000", "2016-09-30": "470.00000", "2016-06-30": "406.00000", "2016-03-31": "392.00000", "2015-12-31": "378.00000", "2015-09-30": "365.00000", "2015-06-30": "330.00000", "2015-03-31": "291.00000", "2014-12-31": "329.00000", "2014-09-30": "312.00000", "2014-06-30": "302.00000", "2014-03-31": "318.00000", "2013-12-31": "297.00000", "2013-09-30": "282.00000", "2013-06-30": "233.00000", "2013-03-31": "198.00000", "2012-12-31": "189.00000", "2012-09-30": "238.00000", "2012-06-30": "261.00000", "2012-03-31": "195.00000", "2011-12-31": "163.00000", "2011-09-30": "220.00000", "2011-06-30": "238.00000", "2011-03-31": "243.00000", "2010-12-31": "119.00000", "2010-09-30": "124.00000", "2010-06-30": "205.00000", "2010-03-31": "6.00000", "2009-12-31": "164.00000", "2009-09-30": "200.00000", "2009-06-30": "205.00000", "2009-03-31": "218.00000", "2008-12-31": "308.00000", "2008-09-30": "304.00000", "2008-06-30": "295.00000", "2008-03-31": "305.00000", "2007-12-31": "308.00000", "2007-09-30": "1534.00000", "2007-06-30": "292.00000", "2007-03-31": "273.00000", "2006-12-31": "467.00000", "2006-09-30": "266.00000", "2006-06-30": "251.00000", "2006-03-31": "243.00000", "2005-12-31": "187.00000", "2005-09-30": "207.00000", "2005-06-30": "186.00000", "2005-03-31": "145.00000"}, "EBITDA": {"2020-12-31": "", "2020-09-30": "1621.00000", "2020-06-30": "1454.00000", "2020-03-31": "1444.00000", "2019-12-31": "1471.00000", "2019-09-30": "1531.00000", "2019-06-30": "1515.00000", "2019-03-31": "1509.00000", "2018-12-31": "1476.00000", "2018-09-30": "1514.00000", "2018-06-30": "1419.00000", "2018-03-31": "1311.00000", "2017-12-31": "1246.00000", "2017-09-30": "1213.00000", "2017-06-30": "1163.00000", "2017-03-31": "1086.00000", "2016-12-31": "1076.00000", "2016-09-30": "1027.00000", "2016-06-30": "929.00000", "2016-03-31": "840.00000", "2015-12-31": "832.00000", "2015-09-30": "769.00000", "2015-06-30": "747.00000", "2015-03-31": "659.00000", "2014-12-31": "725.00000", "2014-09-30": "678.00000", "2014-06-30": "675.00000", "2014-03-31": "672.00000", "2013-12-31": "654.00000", "2013-09-30": "636.00000", "2013-06-30": "585.00000", "2013-03-31": "494.00000", "2012-12-31": "523.00000", "2012-09-30": "542.00000", "2012-06-30": "598.00000", "2012-03-31": "479.00000", "2011-12-31": "444.00000", "2011-09-30": "497.00000", "2011-06-30": "497.00000", "2011-03-31": "514.00000", "2010-12-31": "369.00000", "2010-09-30": "316.00000", "2010-06-30": "439.00000", "2010-03-31": "118.00000", "2009-12-31": "342.00000", "2009-09-30": "421.00000", "2009-06-30": "444.00000", "2009-03-31": "434.00000", "2008-12-31": "606.00000", "2008-09-30": "602.00000", "2008-06-30": "604.00000", "2008-03-31": "584.00000", "2007-12-31": "610.00000", "2007-09-30": "599.00000", "2007-06-30": "502.00000", "2007-03-31": "466.00000", "2006-12-31": "450.00000", "2006-09-30": "452.00000", "2006-06-30": "447.00000", "2006-03-31": "427.00000", "2005-12-31": "147.00000", "2005-09-30": "423.00000", "2005-06-30": "403.00000", "2005-03-31": "374.00000"}, "EBIT": {"2020-12-31": "1728.00000", "2020-09-30": "998.00000", "2020-06-30": "1024.00000", "2020-03-31": "1158.00000", "2019-12-31": "1213.00000", "2019-09-30": "1320.00000", "2019-06-30": "1340.00000", "2019-03-31": "1358.00000", "2018-12-31": "1322.00000", "2018-09-30": "1347.00000", "2018-06-30": "1253.00000", "2018-03-31": "1142.00000", "2017-12-31": "1075.00000", "2017-09-30": "1052.00000", "2017-06-30": "1021.00000", "2017-03-31": "949.00000", "2016-12-31": "930.00000", "2016-09-30": "893.00000", "2016-06-30": "811.00000", "2016-03-31": "738.00000", "2015-12-31": "731.00000", "2015-09-30": "670.00000", "2015-06-30": "653.00000", "2015-03-31": "567.00000", "2014-12-31": "637.00000", "2014-09-30": "596.00000", "2014-06-30": "596.00000", "2014-03-31": "597.00000", "2013-12-31": "572.00000", "2013-09-30": "548.00000", "2013-06-30": "486.00000", "2013-03-31": "399.00000", "2012-12-31": "414.00000", "2012-09-30": "427.00000", "2012-06-30": "504.00000", "2012-03-31": "379.00000", "2011-12-31": "322.00000", "2011-09-30": "433.00000", "2011-06-30": "450.00000", "2011-03-31": "456.00000", "2010-12-31": "296.00000", "2010-09-30": "281.00000", "2010-06-30": "403.00000", "2010-03-31": "81.00000", "2009-12-31": "322.00000", "2009-09-30": "383.00000", "2009-06-30": "403.00000", "2009-03-31": "392.00000", "2008-12-31": "567.00000", "2008-09-30": "564.00000", "2008-06-30": "567.00000", "2008-03-31": "546.00000", "2007-12-31": "571.00000", "2007-09-30": "560.00000", "2007-06-30": "463.00000", "2007-03-31": "427.00000", "2006-12-31": "412.00000", "2006-09-30": "413.00000", "2006-06-30": "408.00000", "2006-03-31": "386.00000", "2005-12-31": "125.00000", "2005-09-30": "371.00000", "2005-06-30": "352.00000", "2005-03-31": "320.00000"}, "Basic Shares Outstanding": {"2020-12-31": "1848.00000", "2020-09-30": "1289.00000", "2020-06-30": "1288.00000", "2020-03-31": "1287.00000", "2019-12-31": "1311.00000", "2019-09-30": "1300.00000", "2019-06-30": "1328.00000", "2019-03-31": "1333.00000", "2018-12-31": "1348.00000", "2018-09-30": "1351.00000", "2018-06-30": "1350.00000", "2018-03-31": "1347.00000", "2017-12-31": "1339.00000", "2017-09-30": "1339.00000", "2017-06-30": "1338.00000", "2017-03-31": "1336.00000", "2016-12-31": "1324.00000", "2016-09-30": "1324.00000", "2016-06-30": "1322.00000", "2016-03-31": "1321.00000", "2015-12-31": "1315.00000", "2015-09-30": "1316.00000", "2015-06-30": "1314.00000", "2015-03-31": "1312.00000", "2014-12-31": "1303.00000", "2014-09-30": "1316.00000", "2014-06-30": "1313.00000", "2014-03-31": "1311.00000", "2013-12-31": "1285.00000", "2013-09-30": "1296.00000", "2013-06-30": "1288.00000", "2013-03-31": "1282.00000", "2012-12-31": "1275.00000", "2012-09-30": "1274.00000", "2012-06-30": "1274.00000", "2012-03-31": "1273.00000", "2011-12-31": "1229.00000", "2011-09-30": "1228.00000", "2011-06-30": "1207.00000", "2011-03-31": "1203.00000", "2010-12-31": "1191.00000", "2010-09-30": "1194.00000", "2010-06-30": "1195.00000", "2010-03-31": "1188.00000", "2009-12-31": "1156.00000", "2009-09-30": "1163.00000", "2009-06-30": "1156.00000", "2009-03-31": "1156.00000", "2008-12-31": "1148.00000", "2008-09-30": "1148.00000", "2008-06-30": "1145.00000", "2008-03-31": "1149.00000", "2007-12-31": "1208.00000", "2007-09-30": "1188.00000", "2007-06-30": "1243.00000", "2007-03-31": "1251.00000", "2006-12-31": "1270.00000", "2006-09-30": "1263.00000", "2006-06-30": "1278.00000", "2006-03-31": "1281.00000", "2005-12-31": "1295.00000", "2005-09-30": "1290.00000", "2005-06-30": "1300.00000", "2005-03-31": "1310.00000"}, "Shares Outstanding": {"2020-12-31": "1855.00000", "2020-09-30": "1294.00000", "2020-06-30": "1294.00000", "2020-03-31": "1294.00000", "2019-12-31": "1320.00000", "2019-09-30": "1308.00000", "2019-06-30": "1337.00000", "2019-03-31": "1344.00000", "2018-12-31": "1361.00000", "2018-09-30": "1364.00000", "2018-06-30": "1364.00000", "2018-03-31": "1362.00000", "2017-12-31": "1353.00000", "2017-09-30": "1353.00000", "2017-06-30": "1351.00000", "2017-03-31": "1351.00000", "2016-12-31": "1334.00000", "2016-09-30": "1334.00000", "2016-06-30": "1333.00000", "2016-03-31": "1330.00000", "2015-12-31": "1327.00000", "2015-09-30": "1328.00000", "2015-06-30": "1326.00000", "2015-03-31": "1323.00000", "2014-12-31": "1315.00000", "2014-09-30": "1316.00000", "2014-06-30": "1313.00000", "2014-03-31": "1311.00000", "2013-12-31": "1293.00000", "2013-09-30": "1296.00000", "2013-06-30": "1288.00000", "2013-03-31": "1282.00000", "2012-12-31": "1275.00000", "2012-09-30": "1275.00000", "2012-06-30": "1274.00000", "2012-03-31": "1273.00000", "2011-12-31": "1229.00000", "2011-09-30": "1229.00000", "2011-06-30": "1210.00000", "2011-03-31": "1207.00000", "2010-12-31": "1194.00000", "2010-09-30": "1194.00000", "2010-06-30": "1195.00000", "2010-03-31": "1188.00000", "2009-12-31": "1160.00000", "2009-09-30": "1163.00000", "2009-06-30": "1160.00000", "2009-03-31": "1156.00000", "2008-12-31": "1157.00000", "2008-09-30": "1158.00000", "2008-06-30": "1154.00000", "2008-03-31": "1159.00000", "2007-12-31": "1222.00000", "2007-09-30": "1201.00000", "2007-06-30": "1257.00000", "2007-03-31": "1266.00000", "2006-12-31": "1286.00000", "2006-09-30": "1277.00000", "2006-06-30": "1294.00000", "2006-03-31": "1296.00000", "2005-12-31": "1308.00000", "2005-09-30": "1308.00000", "2005-06-30": "1314.00000", "2005-03-31": "1326.00000"}, "Basic EPS": {"2020-12-31": "0.57000", "2020-09-30": "0.48000", "2020-06-30": "0.48000", "2020-03-31": "0.59000", "2019-12-31": "0.63000", "2019-09-30": "0.70000", "2019-06-30": "0.67000", "2019-03-31": "0.69000", "2018-12-31": "0.66000", "2018-09-30": "0.66000", "2018-06-30": "0.60000", "2018-03-31": "0.55000", "2017-12-31": "0.41000", "2017-09-30": "0.43000", "2017-06-30": "0.40000", "2017-03-31": "0.39000", "2016-12-31": "0.35000", "2016-09-30": "0.36000", "2016-06-30": "0.31000", "2016-03-31": "0.30000", "2015-12-31": "0.29000", "2015-09-30": "0.28000", "2015-06-30": "0.25000", "2015-03-31": "0.22000", "2014-12-31": "0.25000", "2014-09-30": "0.24000", "2014-06-30": "0.23000", "2014-03-31": "0.24000", "2013-12-31": "0.23000", "2013-09-30": "0.22000", "2013-06-30": "0.18000", "2013-03-31": "0.15000", "2012-12-31": "0.15000", "2012-09-30": "0.19000", "2012-06-30": "0.20000", "2012-03-31": "0.15000", "2011-12-31": "0.12000", "2011-09-30": "0.18000", "2011-06-30": "0.20000", "2011-03-31": "0.20000", "2010-12-31": "0.11000", "2010-09-30": "0.10000", "2010-06-30": "0.17000", "2010-03-31": "0.00000", "2009-12-31": "0.14000", "2009-09-30": "0.17000", "2009-06-30": "0.18000", "2009-03-31": "0.19000", "2008-12-31": "0.27000", "2008-09-30": "0.26000", "2008-06-30": "0.26000", "2008-03-31": "0.27000", "2007-12-31": "0.23000", "2007-09-30": "1.29000", "2007-06-30": "0.24000", "2007-03-31": "0.22000", "2006-12-31": "0.37000", "2006-09-30": "0.21000", "2006-06-30": "0.20000", "2006-03-31": "0.19000", "2005-12-31": "0.15000", "2005-09-30": "0.16000", "2005-06-30": "0.14000", "2005-03-31": "0.11000"}, "EPS - Earnings Per Share": {"2020-12-31": "0.57000", "2020-09-30": "0.48000", "2020-06-30": "0.48000", "2020-03-31": "0.58000", "2019-12-31": "0.62000", "2019-09-30": "0.70000", "2019-06-30": "0.66000", "2019-03-31": "0.69000", "2018-12-31": "0.65000", "2018-09-30": "0.65000", "2018-06-30": "0.60000", "2018-03-31": "0.55000", "2017-12-31": "0.41000", "2017-09-30": "0.42000", "2017-06-30": "0.39000", "2017-03-31": "0.39000", "2016-12-31": "0.37000", "2016-09-30": "0.35000", "2016-06-30": "0.30000", "2016-03-31": "0.29000", "2015-12-31": "0.28000", "2015-09-30": "0.28000", "2015-06-30": "0.25000", "2015-03-31": "0.22000", "2014-12-31": "0.24000", "2014-09-30": "0.24000", "2014-06-30": "0.23000", "2014-03-31": "0.24000", "2013-12-31": "0.23000", "2013-09-30": "0.22000", "2013-06-30": "0.18000", "2013-03-31": "0.15000", "2012-12-31": "0.15000", "2012-09-30": "0.19000", "2012-06-30": "0.20000", "2012-03-31": "0.15000", "2011-12-31": "0.12000", "2011-09-30": "0.18000", "2011-06-30": "0.20000", "2011-03-31": "0.20000", "2010-12-31": "0.11000", "2010-09-30": "0.10000", "2010-06-30": "0.17000", "2010-03-31": "0.00000", "2009-12-31": "0.14000", "2009-09-30": "0.17000", "2009-06-30": "0.18000", "2009-03-31": "0.19000", "2008-12-31": "0.27000", "2008-09-30": "0.26000", "2008-06-30": "0.26000", "2008-03-31": "0.26000", "2007-12-31": "0.23000", "2007-09-30": "1.28000", "2007-06-30": "0.23000", "2007-03-31": "0.22000", "2006-12-31": "0.36000", "2006-09-30": "0.21000", "2006-06-30": "0.19000", "2006-03-31": "0.19000", "2005-12-31": "0.14000", "2005-09-30": "0.16000", "2005-06-30": "0.14000", "2005-03-31": "0.11000"}}, "balance sheet": {"Cash On Hand": {"2020-12-31": "", "2019-12-31": "49828.00000", "2018-12-31": "41501.00000", "2017-12-31": "29356.00000", "2016-12-31": "33002.00000", "2015-12-31": "31576.00000", "2014-12-31": "32144.00000", "2013-12-31": "31281.00000", "2012-12-31": "41132.00000", "2011-12-31": "34713.00000", "2010-12-31": "27680.00000", "2009-12-31": "26614.00000", "2008-12-31": "20127.00000", "2007-12-31": "15567.00000", "2006-12-31": "15369.00000", "2005-12-31": "17097.00000"}, "Receivables": {"2020-12-31": "", "2019-12-31": "39979.00000", "2018-12-31": "38260.00000", "2017-12-31": "158629.00000", "2016-12-31": "33286.00000", "2015-12-31": "32229.00000", "2014-12-31": "29537.00000", "2013-12-31": "26879.00000", "2012-12-31": "24517.00000", "2011-12-31": "21184.00000", "2010-12-31": "20560.00000", "2009-12-31": "16639.00000", "2008-12-31": "13973.00000", "2007-12-31": "16526.00000", "2006-12-31": "13941.00000", "2005-12-31": "13563.00000"}, "Inventory": {"2020-12-31": "", "2019-12-31": "", "2018-12-31": "", "2017-12-31": "50534.00000", "2016-12-31": "449.00000", "2015-12-31": "533.00000", "2014-12-31": "516.00000", "2013-12-31": "517.00000", "2012-12-31": "636.00000", "2011-12-31": "593.00000", "2010-12-31": "337.00000", "2009-12-31": "916.00000", "2008-12-31": "626.00000", "2007-12-31": "675.00000", "2006-12-31": "6386.00000", "2005-12-31": "4195.00000"}, "Pre-Paid Expenses": {"2020-12-31": "", "2019-12-31": "", "2018-12-31": "", "2017-12-31": "", "2016-12-31": "", "2015-12-31": "", "2014-12-31": "", "2013-12-31": "", "2012-12-31": "", "2011-12-31": "", "2010-12-31": "", "2009-12-31": "", "2008-12-31": "", "2007-12-31": "", "2006-12-31": "", "2005-12-31": ""}, "Other Current Assets": {"2020-12-31": "", "2019-12-31": "", "2018-12-31": "", "2017-12-31": "", "2016-12-31": "", "2015-12-31": "", "2014-12-31": "", "2013-12-31": "", "2012-12-31": "", "2011-12-31": "", "2010-12-31": "", "2009-12-31": "", "2008-12-31": "", "2007-12-31": "", "2006-12-31": "", "2005-12-31": ""}, "Total Current Assets": {"2020-12-31": "", "2019-12-31": "89807.00000", "2018-12-31": "79761.00000", "2017-12-31": "238519.00000", "2016-12-31": "66737.00000", "2015-12-31": "64338.00000", "2014-12-31": "62197.00000", "2013-12-31": "58677.00000", "2012-12-31": "66285.00000", "2011-12-31": "56490.00000", "2010-12-31": "48577.00000", "2009-12-31": "44169.00000", "2008-12-31": "34726.00000", "2007-12-31": "32768.00000", "2006-12-31": "35696.00000", "2005-12-31": "34855.00000"}, "Property, Plant, And Equipment": {"2020-12-31": "", "2019-12-31": "2128.00000", "2018-12-31": "1769.00000", "2017-12-31": "1471.00000", "2016-12-31": "1299.00000", "2015-12-31": "1145.00000", "2014-12-31": "1039.00000", "2013-12-31": "790.00000", "2012-12-31": "675.00000", "2011-12-31": "685.00000", "2010-12-31": "624.00000", "2009-12-31": "641.00000", "2008-12-31": "661.00000", "2007-12-31": "617.00000", "2006-12-31": "602.00000", "2005-12-31": "699.00000"}, "Long-Term Investments": {"2020-12-31": "", "2019-12-31": "196128.00000", "2018-12-31": "210587.00000", "2017-12-31": "", "2016-12-31": "152568.00000", "2015-12-31": "115653.00000", "2014-12-31": "89172.00000", "2013-12-31": "81936.00000", "2012-12-31": "64317.00000", "2011-12-31": "49073.00000", "2010-12-31": "41755.00000", "2009-12-31": "28959.00000", "2008-12-31": "14689.00000", "2007-12-31": "7526.00000", "2006-12-31": "", "2005-12-31": ""}, "Goodwill And Intangible Assets": {"2020-12-31": "", "2019-12-31": "1227.00000", "2018-12-31": "1227.00000", "2017-12-31": "1227.00000", "2016-12-31": "1371.00000", "2015-12-31": "1408.00000", "2014-12-31": "1454.00000", "2013-12-31": "1493.00000", "2012-12-31": "1547.00000", "2011-12-31": "1487.00000", "2010-12-31": "685.00000", "2009-12-31": "528.00000", "2008-12-31": "528.00000", "2007-12-31": "525.00000", "2006-12-31": "419.00000", "2005-12-31": "419.00000"}, "Other Long-Term Assets": {"2020-12-31": "", "2019-12-31": "4715.00000", "2018-12-31": "3138.00000", "2017-12-31": "2057.00000", "2016-12-31": "1408.00000", "2015-12-31": "1161.00000", "2014-12-31": "780.00000", "2013-12-31": "746.00000", "2012-12-31": "813.00000", "2011-12-31": "818.00000", "2010-12-31": "927.00000", "2009-12-31": "1134.00000", "2008-12-31": "1071.00000", "2007-12-31": "850.00000", "2006-12-31": "524.00000", "2005-12-31": "401.00000"}, "Total Long-Term Assets": {"2020-12-31": "", "2019-12-31": "204198.00000", "2018-12-31": "216721.00000", "2017-12-31": "4755.00000", "2016-12-31": "156646.00000", "2015-12-31": "119367.00000", "2014-12-31": "92445.00000", "2013-12-31": "84965.00000", "2012-12-31": "67352.00000", "2011-12-31": "52063.00000", "2010-12-31": "43991.00000", "2009-12-31": "31262.00000", "2008-12-31": "16949.00000", "2007-12-31": "9518.00000", "2006-12-31": "13296.00000", "2005-12-31": "12496.00000"}, "Total Assets": {"2020-12-31": "0.00000", "2019-12-31": "294005.00000", "2018-12-31": "296482.00000", "2017-12-31": "243274.00000", "2016-12-31": "223383.00000", "2015-12-31": "183705.00000", "2014-12-31": "154642.00000", "2013-12-31": "143642.00000", "2012-12-31": "133637.00000", "2011-12-31": "108553.00000", "2010-12-31": "92568.00000", "2009-12-31": "75431.00000", "2008-12-31": "51675.00000", "2007-12-31": "42286.00000", "2006-12-31": "48992.00000", "2005-12-31": "47351.00000"}, "Total Current Liabilities": {"2020-12-31": "", "2019-12-31": "264830.00000", "2018-12-31": "268934.00000", "2017-12-31": "219996.00000", "2016-12-31": "204086.00000", "2015-12-31": "167426.00000", "2014-12-31": "140940.00000", "2013-12-31": "131358.00000", "2012-12-31": "122416.00000", "2011-12-31": "98838.00000", "2010-12-31": "84336.00000", "2009-12-31": "68846.00000", "2008-12-31": "46731.00000", "2007-12-31": "37655.00000", "2006-12-31": "34532.00000", "2005-12-31": "34206.00000"}, "Long Term Debt": {"2020-12-31": "", "2019-12-31": "7430.00000", "2018-12-31": "6878.00000", "2017-12-31": "4753.00000", "2016-12-31": "2876.00000", "2015-12-31": "2877.00000", "2014-12-31": "1899.00000", "2013-12-31": "1903.00000", "2012-12-31": "1632.00000", "2011-12-31": "2001.00000", "2010-12-31": "2006.00000", "2009-12-31": "1512.00000", "2008-12-31": "883.00000", "2007-12-31": "899.00000", "2006-12-31": "388.00000", "2005-12-31": "462.00000"}, "Other Non-Current Liabilities": {"2020-12-31": "", "2019-12-31": "", "2018-12-31": "", "2017-12-31": "", "2016-12-31": "", "2015-12-31": "", "2014-12-31": "", "2013-12-31": "", "2012-12-31": "", "2011-12-31": "", "2010-12-31": "", "2009-12-31": "", "2008-12-31": "", "2007-12-31": "", "2006-12-31": "", "2005-12-31": ""}, "Total Long Term Liabilities": {"2020-12-31": "", "2019-12-31": "7430.00000", "2018-12-31": "6878.00000", "2017-12-31": "4753.00000", "2016-12-31": "2876.00000", "2015-12-31": "2877.00000", "2014-12-31": "1899.00000", "2013-12-31": "1903.00000", "2012-12-31": "1632.00000", "2011-12-31": "2001.00000", "2010-12-31": "2006.00000", "2009-12-31": "1512.00000", "2008-12-31": "883.00000", "2007-12-31": "899.00000", "2006-12-31": "9452.00000", "2005-12-31": "8695.00000"}, "Total Liabilities": {"2020-12-31": "", "2019-12-31": "272260.00000", "2018-12-31": "275812.00000", "2017-12-31": "224749.00000", "2016-12-31": "206962.00000", "2015-12-31": "170303.00000", "2014-12-31": "142839.00000", "2013-12-31": "133261.00000", "2012-12-31": "124048.00000", "2011-12-31": "100839.00000", "2010-12-31": "86342.00000", "2009-12-31": "70358.00000", "2008-12-31": "47614.00000", "2007-12-31": "38554.00000", "2006-12-31": "43984.00000", "2005-12-31": "42901.00000"}, "Common Stock Net": {"2020-12-31": "", "2019-12-31": "15.00000", "2018-12-31": "15.00000", "2017-12-31": "15.00000", "2016-12-31": "15.00000", "2015-12-31": "15.00000", "2014-12-31": "15.00000", "2013-12-31": "15.00000", "2012-12-31": "15.00000", "2011-12-31": "15.00000", "2010-12-31": "14.00000", "2009-12-31": "14.00000", "2008-12-31": "14.00000", "2007-12-31": "14.00000", "2006-12-31": "14.00000", "2005-12-31": "14.00000"}, "Retained Earnings (Accumulated Deficit)": {"2020-12-31": "", "2019-12-31": "19960.00000", "2018-12-31": "17329.00000", "2017-12-31": "14408.00000", "2016-12-31": "12649.00000", "2015-12-31": "11253.00000", "2014-12-31": "10198.00000", "2013-12-31": "9253.00000", "2012-12-31": "8554.00000", "2011-12-31": "7978.00000", "2010-12-31": "7409.00000", "2009-12-31": "7243.00000", "2008-12-31": "6735.00000", "2007-12-31": "5776.00000", "2006-12-31": "4901.00000", "2005-12-31": "3847.00000"}, "Comprehensive Income": {"2020-12-31": "", "2019-12-31": "88.00000", "2018-12-31": "-252.00000", "2017-12-31": "-152.00000", "2016-12-31": "-163.00000", "2015-12-31": "-134.00000", "2014-12-31": "165.00000", "2013-12-31": "9.00000", "2012-12-31": "298.00000", "2011-12-31": "8.00000", "2010-12-31": "16.00000", "2009-12-31": "-191.00000", "2008-12-31": "-553.00000", "2007-12-31": "-17.00000", "2006-12-31": "-36.00000", "2005-12-31": "-33.00000"}, "Other Share Holders Equity": {"2020-12-31": "", "2019-12-31": "", "2018-12-31": "", "2017-12-31": "", "2016-12-31": "", "2015-12-31": "", "2014-12-31": "", "2013-12-31": "", "2012-12-31": "", "2011-12-31": "", "2010-12-31": "", "2009-12-31": "", "2008-12-31": "", "2007-12-31": "", "2006-12-31": "", "2005-12-31": "-81.00000"}, "Share Holder Equity": {"2020-12-31": "", "2019-12-31": "21745.00000", "2018-12-31": "20670.00000", "2017-12-31": "18525.00000", "2016-12-31": "16421.00000", "2015-12-31": "13402.00000", "2014-12-31": "11803.00000", "2013-12-31": "10381.00000", "2012-12-31": "9589.00000", "2011-12-31": "7714.00000", "2010-12-31": "6226.00000", "2009-12-31": "5073.00000", "2008-12-31": "4061.00000", "2007-12-31": "3732.00000", "2006-12-31": "5008.00000", "2005-12-31": "4450.00000"}, "Total Liabilities And Share Holders Equity": {"2020-12-31": "", "2019-12-31": "294005.00000", "2018-12-31": "296482.00000", "2017-12-31": "243274.00000", "2016-12-31": "223383.00000", "2015-12-31": "183705.00000", "2014-12-31": "154642.00000", "2013-12-31": "143642.00000", "2012-12-31": "133637.00000", "2011-12-31": "108553.00000", "2010-12-31": "92568.00000", "2009-12-31": "75431.00000", "2008-12-31": "51675.00000", "2007-12-31": "42286.00000", "2006-12-31": "48992.00000", "2005-12-31": "47351.00000"}}, "balance sheet, quarterly": {"Cash On Hand": {"2020-12-31": "", "2020-09-30": "57044.00000", "2020-06-30": "66762.00000", "2020-03-31": "102767.00000", "2019-12-31": "49828.00000", "2019-09-30": "36416.00000", "2019-06-30": "38345.00000", "2019-03-31": "46482.00000", "2018-12-31": "41501.00000", "2018-09-30": "30317.00000", "2018-06-30": "24262.00000", "2018-03-31": "26968.00000", "2017-12-31": "29356.00000", "2017-09-30": "28186.00000", "2017-06-30": "28058.00000", "2017-03-31": "30956.00000", "2016-12-31": "33002.00000", "2016-09-30": "30508.00000", "2016-06-30": "31569.00000", "2016-03-31": "30717.00000", "2015-12-31": "31576.00000", "2015-09-30": "27609.00000", "2015-06-30": "26901.00000", "2015-03-31": "28395.00000", "2014-12-31": "32144.00000", "2014-09-30": "28478.00000", "2014-06-30": "25925.00000", "2014-03-31": "27721.00000", "2013-12-31": "31281.00000", "2013-09-30": "30882.00000", "2013-06-30": "33245.00000", "2013-03-31": "33828.00000", "2012-12-31": "41132.00000", "2012-09-30": "33564.00000", "2012-06-30": "30812.00000", "2012-03-31": "33699.00000", "2011-12-31": "34713.00000", "2011-09-30": "33385.00000", "2011-06-30": "30308.00000", "2011-03-31": "28619.00000", "2010-12-31": "27680.00000", "2010-09-30": "25767.00000", "2010-06-30": "28383.00000", "2010-03-31": "25800.00000", "2009-12-31": "26614.00000", "2009-09-30": "25555.00000", "2009-06-30": "24886.00000", "2009-03-31": "22454.00000", "2008-12-31": "20127.00000", "2008-09-30": "19077.00000", "2008-06-30": "14593.00000", "2008-03-31": "15865.00000", "2007-12-31": "15567.00000", "2007-09-30": "14270.00000", "2007-06-30": "12619.00000", "2007-03-31": "13799.00000", "2006-12-31": "15369.00000", "2006-09-30": "14823.00000", "2006-06-30": "14766.00000", "2006-03-31": "16723.00000", "2005-12-31": "17097.00000", "2005-09-30": "17435.00000", "2005-06-30": "19974.00000", "2005-03-31": "20592.00000"}, "Receivables": {"2020-12-31": "", "2020-09-30": "47727.00000", "2020-06-30": "42292.00000", "2020-03-31": "38522.00000", "2019-12-31": "39979.00000", "2019-09-30": "39281.00000", "2019-06-30": "38530.00000", "2019-03-31": "37655.00000", "2018-12-31": "38260.00000", "2018-09-30": "39773.00000", "2018-06-30": "39945.00000", "2018-03-31": "38436.00000", "2017-12-31": "158629.00000", "2017-09-30": "35358.00000", "2017-06-30": "34720.00000", "2017-03-31": "32998.00000", "2016-12-31": "33286.00000", "2016-09-30": "32185.00000", "2016-06-30": "32500.00000", "2016-03-31": "31483.00000", "2015-12-31": "32229.00000", "2015-09-30": "31924.00000", "2015-06-30": "31549.00000", "2015-03-31": "30073.00000", "2014-12-31": "29537.00000", "2014-09-30": "28954.00000", "2014-06-30": "28061.00000", "2014-03-31": "27644.00000", "2013-12-31": "26879.00000", "2013-09-30": "25750.00000", "2013-06-30": "24952.00000", "2013-03-31": "24221.00000", "2012-12-31": "24517.00000", "2012-09-30": "22623.00000", "2012-06-30": "22111.00000", "2012-03-31": "21607.00000", "2011-12-31": "21184.00000", "2011-09-30": "21427.00000", "2011-06-30": "21620.00000", "2011-03-31": "20970.00000", "2010-12-31": "20560.00000", "2010-09-30": "18651.00000", "2010-06-30": "18254.00000", "2010-03-31": "17573.00000", "2009-12-31": "16639.00000", "2009-09-30": "15428.00000", "2009-06-30": "14902.00000", "2009-03-31": "13645.00000", "2008-12-31": "13973.00000", "2008-09-30": "17225.00000", "2008-06-30": "18400.00000", "2008-03-31": "16360.00000", "2007-12-31": "16526.00000", "2007-09-30": "15095.00000", "2007-06-30": "15131.00000", "2007-03-31": "13975.00000", "2006-12-31": "13941.00000", "2006-09-30": "20244.00000", "2006-06-30": "20516.00000", "2006-03-31": "20232.00000", "2005-12-31": "13563.00000", "2005-09-30": "19186.00000", "2005-06-30": "18012.00000", "2005-03-31": "17450.00000"}, "Inventory": {"2020-12-31": "", "2020-09-30": "", "2020-06-30": "", "2020-03-31": "", "2019-12-31": "", "2019-09-30": "497.00000", "2019-06-30": "538.00000", "2019-03-31": "521.00000", "2018-12-31": "", "2018-09-30": "500.00000", "2018-06-30": "525.00000", "2018-03-31": "500.00000", "2017-12-31": "50534.00000", "2017-09-30": "427.00000", "2017-06-30": "460.00000", "2017-03-31": "564.00000", "2016-12-31": "449.00000", "2016-09-30": "858.00000", "2016-06-30": "525.00000", "2016-03-31": "485.00000", "2015-12-31": "533.00000", "2015-09-30": "470.00000", "2015-06-30": "611.00000", "2015-03-31": "657.00000", "2014-12-31": "516.00000", "2014-09-30": "572.00000", "2014-06-30": "583.00000", "2014-03-31": "456.00000", "2013-12-31": "517.00000", "2013-09-30": "482.00000", "2013-06-30": "488.00000", "2013-03-31": "545.00000", "2012-12-31": "636.00000", "2012-09-30": "513.00000", "2012-06-30": "425.00000", "2012-03-31": "456.00000", "2011-12-31": "593.00000", "2011-09-30": "448.00000", "2011-06-30": "410.00000", "2011-03-31": "386.00000", "2010-12-31": "337.00000", "2010-09-30": "341.00000", "2010-06-30": "401.00000", "2010-03-31": "516.00000", "2009-12-31": "916.00000", "2009-09-30": "665.00000", "2009-06-30": "381.00000", "2009-03-31": "426.00000", "2008-12-31": "626.00000", "2008-09-30": "14230.00000", "2008-06-30": "13280.00000", "2008-03-31": "10259.00000", "2007-12-31": "675.00000", "2007-09-30": "7991.00000", "2007-06-30": "8249.00000", "2007-03-31": "6812.00000", "2006-12-31": "6386.00000", "2006-09-30": "9327.00000", "2006-06-30": "8848.00000", "2006-03-31": "7926.00000", "2005-12-31": "4195.00000", "2005-09-30": "5979.00000", "2005-06-30": "5703.00000", "2005-03-31": "5555.00000"}, "Pre-Paid Expenses": {"2020-12-31": "", "2020-09-30": "", "2020-06-30": "", "2020-03-31": "", "2019-12-31": "", "2019-09-30": "", "2019-06-30": "", "2019-03-31": "", "2018-12-31": "", "2018-09-30": "", "2018-06-30": "", "2018-03-31": "", "2017-12-31": "", "2017-09-30": "", "2017-06-30": "", "2017-03-31": "", "2016-12-31": "", "2016-09-30": "", "2016-06-30": "", "2016-03-31": "", "2015-12-31": "", "2015-09-30": "", "2015-06-30": "", "2015-03-31": "", "2014-12-31": "", "2014-09-30": "", "2014-06-30": "", "2014-03-31": "", "2013-12-31": "", "2013-09-30": "", "2013-06-30": "", "2013-03-31": "", "2012-12-31": "", "2012-09-30": "", "2012-06-30": "", "2012-03-31": "", "2011-12-31": "", "2011-09-30": "", "2011-06-30": "", "2011-03-31": "", "2010-12-31": "", "2010-09-30": "", "2010-06-30": "", "2010-03-31": "", "2009-12-31": "", "2009-09-30": "", "2009-06-30": "", "2009-03-31": "", "2008-12-31": "", "2008-09-30": "", "2008-06-30": "", "2008-03-31": "", "2007-12-31": "", "2007-09-30": "", "2007-06-30": "", "2007-03-31": "", "2006-12-31": "", "2006-09-30": "", "2006-06-30": "", "2006-03-31": "", "2005-12-31": "", "2005-09-30": "", "2005-06-30": "", "2005-03-31": ""}, "Other Current Assets": {"2020-12-31": "", "2020-09-30": "", "2020-06-30": "", "2020-03-31": "", "2019-12-31": "", "2019-09-30": "", "2019-06-30": "", "2019-03-31": "", "2018-12-31": "", "2018-09-30": "", "2018-06-30": "", "2018-03-31": "", "2017-12-31": "", "2017-09-30": "", "2017-06-30": "", "2017-03-31": "", "2016-12-31": "", "2016-09-30": "", "2016-06-30": "", "2016-03-31": "", "2015-12-31": "", "2015-09-30": "", "2015-06-30": "", "2015-03-31": "", "2014-12-31": "", "2014-09-30": "", "2014-06-30": "", "2014-03-31": "", "2013-12-31": "", "2013-09-30": "", "2013-06-30": "", "2013-03-31": "", "2012-12-31": "", "2012-09-30": "", "2012-06-30": "", "2012-03-31": "", "2011-12-31": "", "2011-09-30": "", "2011-06-30": "", "2011-03-31": "", "2010-12-31": "", "2010-09-30": "", "2010-06-30": "", "2010-03-31": "", "2009-12-31": "", "2009-09-30": "", "2009-06-30": "", "2009-03-31": "", "2008-12-31": "", "2008-09-30": "", "2008-06-30": "", "2008-03-31": "", "2007-12-31": "", "2007-09-30": "", "2007-06-30": "", "2007-03-31": "", "2006-12-31": "", "2006-09-30": "", "2006-06-30": "", "2006-03-31": "", "2005-12-31": "", "2005-09-30": "", "2005-06-30": "", "2005-03-31": ""}, "Total Current Assets": {"2020-12-31": "", "2020-09-30": "104771.00000", "2020-06-30": "109054.00000", "2020-03-31": "141289.00000", "2019-12-31": "89807.00000", "2019-09-30": "76194.00000", "2019-06-30": "77413.00000", "2019-03-31": "84658.00000", "2018-12-31": "79761.00000", "2018-09-30": "70590.00000", "2018-06-30": "64732.00000", "2018-03-31": "65904.00000", "2017-12-31": "238519.00000", "2017-09-30": "63971.00000", "2017-06-30": "63238.00000", "2017-03-31": "64518.00000", "2016-12-31": "66737.00000", "2016-09-30": "63551.00000", "2016-06-30": "64594.00000", "2016-03-31": "62685.00000", "2015-12-31": "64338.00000", "2015-09-30": "60003.00000", "2015-06-30": "59061.00000", "2015-03-31": "59125.00000", "2014-12-31": "62197.00000", "2014-09-30": "58004.00000", "2014-06-30": "54569.00000", "2014-03-31": "55821.00000", "2013-12-31": "58677.00000", "2013-09-30": "57114.00000", "2013-06-30": "58685.00000", "2013-03-31": "58594.00000", "2012-12-31": "66285.00000", "2012-09-30": "56700.00000", "2012-06-30": "53348.00000", "2012-03-31": "55762.00000", "2011-12-31": "56490.00000", "2011-09-30": "55260.00000", "2011-06-30": "52338.00000", "2011-03-31": "49975.00000", "2010-12-31": "48577.00000", "2010-09-30": "44759.00000", "2010-06-30": "47038.00000", "2010-03-31": "43889.00000", "2009-12-31": "44169.00000", "2009-09-30": "41648.00000", "2009-06-30": "40169.00000", "2009-03-31": "36525.00000", "2008-12-31": "34726.00000", "2008-09-30": "50532.00000", "2008-06-30": "46273.00000", "2008-03-31": "42484.00000", "2007-12-31": "32768.00000", "2007-09-30": "37356.00000", "2007-06-30": "35999.00000", "2007-03-31": "34586.00000", "2006-12-31": "35696.00000", "2006-09-30": "44394.00000", "2006-06-30": "44130.00000", "2006-03-31": "44881.00000", "2005-12-31": "34855.00000", "2005-09-30": "42600.00000", "2005-06-30": "43689.00000", "2005-03-31": "43597.00000"}, "Property, Plant, And Equipment": {"2020-12-31": "", "2020-09-30": "2346.00000", "2020-06-30": "2314.00000", "2020-03-31": "2291.00000", "2019-12-31": "2128.00000", "2019-09-30": "2017.00000", "2019-06-30": "1909.00000", "2019-03-31": "1813.00000", "2018-12-31": "1769.00000", "2018-09-30": "1683.00000", "2018-06-30": "1599.00000", "2018-03-31": "1540.00000", "2017-12-31": "1471.00000", "2017-09-30": "1392.00000", "2017-06-30": "1335.00000", "2017-03-31": "1305.00000", "2016-12-31": "1299.00000", "2016-09-30": "1266.00000", "2016-06-30": "1242.00000", "2016-03-31": "1159.00000", "2015-12-31": "1145.00000", "2015-09-30": "1126.00000", "2015-06-30": "1091.00000", "2015-03-31": "1058.00000", "2014-12-31": "1039.00000", "2014-09-30": "991.00000", "2014-06-30": "883.00000", "2014-03-31": "820.00000", "2013-12-31": "790.00000", "2013-09-30": "738.00000", "2013-06-30": "711.00000", "2013-03-31": "681.00000", "2012-12-31": "675.00000", "2012-09-30": "672.00000", "2012-06-30": "677.00000", "2012-03-31": "684.00000", "2011-12-31": "685.00000", "2011-09-30": "665.00000", "2011-06-30": "639.00000", "2011-03-31": "627.00000", "2010-12-31": "624.00000", "2010-09-30": "610.00000", "2010-06-30": "617.00000", "2010-03-31": "628.00000", "2009-12-31": "641.00000", "2009-09-30": "646.00000", "2009-06-30": "650.00000", "2009-03-31": "649.00000", "2008-12-31": "661.00000", "2008-09-30": "633.00000", "2008-06-30": "623.00000", "2008-03-31": "628.00000", "2007-12-31": "617.00000", "2007-09-30": "604.00000", "2007-06-30": "609.00000", "2007-03-31": "606.00000", "2006-12-31": "602.00000", "2006-09-30": "698.00000", "2006-06-30": "705.00000", "2006-03-31": "773.00000", "2005-12-31": "699.00000", "2005-09-30": "825.00000", "2005-06-30": "852.00000", "2005-03-31": "874.00000"}, "Long-Term Investments": {"2020-12-31": "", "2020-09-30": "303758.00000", "2020-06-30": "281216.00000", "2020-03-31": "221232.00000", "2019-12-31": "196128.00000", "2019-09-30": "196677.00000", "2019-06-30": "192974.00000", "2019-03-31": "192425.00000", "2018-12-31": "210587.00000", "2018-09-30": "196510.00000", "2018-06-30": "192314.00000", "2018-03-31": "177510.00000", "2017-12-31": "", "2017-09-30": "162438.00000", "2017-06-30": "153244.00000", "2017-03-31": "158559.00000", "2016-12-31": "152568.00000", "2016-09-30": "141847.00000", "2016-06-30": "129535.00000", "2016-03-31": "124570.00000", "2015-12-31": "115653.00000", "2015-09-30": "106888.00000", "2015-06-30": "101162.00000", "2015-03-31": "97687.00000", "2014-12-31": "89172.00000", "2014-09-30": "86208.00000", "2014-06-30": "85698.00000", "2014-03-31": "85203.00000", "2013-12-31": "81936.00000", "2013-09-30": "80084.00000", "2013-06-30": "74232.00000", "2013-03-31": "71729.00000", "2012-12-31": "64317.00000", "2012-09-30": "58060.00000", "2012-06-30": "55555.00000", "2012-03-31": "52773.00000", "2011-12-31": "49073.00000", "2011-09-30": "44737.00000", "2011-06-30": "43007.00000", "2011-03-31": "42692.00000", "2010-12-31": "41755.00000", "2010-09-30": "40407.00000", "2010-06-30": "33173.00000", "2010-03-31": "32192.00000", "2009-12-31": "28959.00000", "2009-09-30": "24279.00000", "2009-06-30": "19929.00000", "2009-03-31": "16166.00000", "2008-12-31": "14689.00000", "2008-09-30": "", "2008-06-30": "", "2008-03-31": "", "2007-12-31": "7526.00000", "2007-09-30": "", "2007-06-30": "", "2007-03-31": "", "2006-12-31": "", "2006-09-30": "", "2006-06-30": "", "2006-03-31": "", "2005-12-31": "", "2005-09-30": "", "2005-06-30": "", "2005-03-31": ""}, "Goodwill And Intangible Assets": {"2020-12-31": "", "2020-09-30": "2995.00000", "2020-06-30": "3011.00000", "2020-03-31": "1227.00000", "2019-12-31": "1355.00000", "2019-09-30": "1227.00000", "2019-06-30": "1227.00000", "2019-03-31": "1227.00000", "2018-12-31": "1227.00000", "2018-09-30": "1227.00000", "2018-06-30": "1320.00000", "2018-03-31": "1328.00000", "2017-12-31": "1227.00000", "2017-09-30": "1342.00000", "2017-06-30": "1352.00000", "2017-03-31": "1362.00000", "2016-12-31": "1371.00000", "2016-09-30": "1381.00000", "2016-06-30": "1390.00000", "2016-03-31": "1399.00000", "2015-12-31": "1408.00000", "2015-09-30": "1419.00000", "2015-06-30": "1431.00000", "2015-03-31": "1443.00000", "2014-12-31": "1454.00000", "2014-09-30": "1460.00000", "2014-06-30": "1471.00000", "2014-03-31": "1482.00000", "2013-12-31": "1493.00000", "2013-09-30": "1505.00000", "2013-06-30": "1521.00000", "2013-03-31": "1533.00000", "2012-12-31": "1547.00000", "2012-09-30": "1451.00000", "2012-06-30": "1469.00000", "2012-03-31": "1480.00000", "2011-12-31": "1487.00000", "2011-09-30": "1470.00000", "2011-06-30": "631.00000", "2011-03-31": "631.00000", "2010-12-31": "685.00000", "2010-09-30": "528.00000", "2010-06-30": "528.00000", "2010-03-31": "528.00000", "2009-12-31": "528.00000", "2009-09-30": "528.00000", "2009-06-30": "528.00000", "2009-03-31": "528.00000", "2008-12-31": "528.00000", "2008-09-30": "528.00000", "2008-06-30": "528.00000", "2008-03-31": "528.00000", "2007-12-31": "525.00000", "2007-09-30": "525.00000", "2007-06-30": "524.00000", "2007-03-31": "523.00000", "2006-12-31": "419.00000", "2006-09-30": "945.00000", "2006-06-30": "947.00000", "2006-03-31": "950.00000", "2005-12-31": "419.00000", "2005-09-30": "954.00000", "2005-06-30": "959.00000", "2005-03-31": "961.00000"}, "Other Long-Term Assets": {"2020-12-31": "", "2020-09-30": "5485.00000", "2020-06-30": "4889.00000", "2020-03-31": "4740.00000", "2019-12-31": "4587.00000", "2019-09-30": "2872.00000", "2019-06-30": "2798.00000", "2019-03-31": "2692.00000", "2018-12-31": "3138.00000", "2018-09-30": "2092.00000", "2018-06-30": "1917.00000", "2018-03-31": "2038.00000", "2017-12-31": "2057.00000", "2017-09-30": "1571.00000", "2017-06-30": "1432.00000", "2017-03-31": "1317.00000", "2016-12-31": "1408.00000", "2016-09-30": "1292.00000", "2016-06-30": "1291.00000", "2016-03-31": "1185.00000", "2015-12-31": "1161.00000", "2015-09-30": "966.00000", "2015-06-30": "882.00000", "2015-03-31": "856.00000", "2014-12-31": "780.00000", "2014-09-30": "781.00000", "2014-06-30": "780.00000", "2014-03-31": "740.00000", "2013-12-31": "746.00000", "2013-09-30": "770.00000", "2013-06-30": "758.00000", "2013-03-31": "787.00000", "2012-12-31": "813.00000", "2012-09-30": "775.00000", "2012-06-30": "767.00000", "2012-03-31": "783.00000", "2011-12-31": "818.00000", "2011-09-30": "774.00000", "2011-06-30": "957.00000", "2011-03-31": "958.00000", "2010-12-31": "927.00000", "2010-09-30": "994.00000", "2010-06-30": "939.00000", "2010-03-31": "1100.00000", "2009-12-31": "1134.00000", "2009-09-30": "883.00000", "2009-06-30": "985.00000", "2009-03-31": "1030.00000", "2008-12-31": "1071.00000", "2008-09-30": "605.00000", "2008-06-30": "591.00000", "2008-03-31": "576.00000", "2007-12-31": "850.00000", "2007-09-30": "583.00000", "2007-06-30": "554.00000", "2007-03-31": "522.00000", "2006-12-31": "524.00000", "2006-09-30": "1103.00000", "2006-06-30": "1084.00000", "2006-03-31": "1018.00000", "2005-12-31": "401.00000", "2005-09-30": "994.00000", "2005-06-30": "975.00000", "2005-03-31": "973.00000"}, "Total Long-Term Assets": {"2020-12-31": "", "2020-09-30": "314584.00000", "2020-06-30": "291430.00000", "2020-03-31": "229490.00000", "2019-12-31": "204198.00000", "2019-09-30": "202793.00000", "2019-06-30": "198908.00000", "2019-03-31": "198157.00000", "2018-12-31": "216721.00000", "2018-09-30": "201512.00000", "2018-06-30": "197150.00000", "2018-03-31": "182416.00000", "2017-12-31": "4755.00000", "2017-09-30": "166743.00000", "2017-06-30": "157363.00000", "2017-03-31": "162543.00000", "2016-12-31": "156646.00000", "2016-09-30": "145786.00000", "2016-06-30": "133458.00000", "2016-03-31": "128313.00000", "2015-12-31": "119367.00000", "2015-09-30": "110399.00000", "2015-06-30": "104566.00000", "2015-03-31": "101044.00000", "2014-12-31": "92445.00000", "2014-09-30": "89440.00000", "2014-06-30": "88832.00000", "2014-03-31": "88245.00000", "2013-12-31": "84965.00000", "2013-09-30": "83097.00000", "2013-06-30": "77222.00000", "2013-03-31": "74730.00000", "2012-12-31": "67352.00000", "2012-09-30": "60958.00000", "2012-06-30": "58468.00000", "2012-03-31": "55720.00000", "2011-12-31": "52063.00000", "2011-09-30": "47646.00000", "2011-06-30": "45234.00000", "2011-03-31": "44908.00000", "2010-12-31": "43991.00000", "2010-09-30": "42539.00000", "2010-06-30": "35257.00000", "2010-03-31": "34448.00000", "2009-12-31": "31262.00000", "2009-09-30": "26336.00000", "2009-06-30": "22092.00000", "2009-03-31": "18373.00000", "2008-12-31": "16949.00000", "2008-09-30": "2228.00000", "2008-06-30": "2087.00000", "2008-03-31": "2067.00000", "2007-12-31": "9518.00000", "2007-09-30": "1953.00000", "2007-06-30": "13005.00000", "2007-03-31": "12692.00000", "2006-12-31": "13296.00000", "2006-09-30": "2746.00000", "2006-06-30": "2736.00000", "2006-03-31": "2741.00000", "2005-12-31": "12496.00000", "2005-09-30": "2773.00000", "2005-06-30": "2786.00000", "2005-03-31": "2808.00000"}, "Total Assets": {"2020-12-31": "0.00000", "2020-09-30": "419355.00000", "2020-06-30": "400484.00000", "2020-03-31": "370779.00000", "2019-12-31": "294005.00000", "2019-09-30": "278987.00000", "2019-06-30": "276321.00000", "2019-03-31": "282815.00000", "2018-12-31": "296482.00000", "2018-09-30": "272102.00000", "2018-06-30": "261882.00000", "2018-03-31": "248320.00000", "2017-12-31": "243274.00000", "2017-09-30": "230714.00000", "2017-06-30": "220601.00000", "2017-03-31": "227061.00000", "2016-12-31": "223383.00000", "2016-09-30": "209337.00000", "2016-06-30": "198052.00000", "2016-03-31": "190998.00000", "2015-12-31": "183705.00000", "2015-09-30": "170402.00000", "2015-06-30": "163627.00000", "2015-03-31": "160169.00000", "2014-12-31": "154642.00000", "2014-09-30": "147444.00000", "2014-06-30": "143401.00000", "2014-03-31": "144066.00000", "2013-12-31": "143642.00000", "2013-09-30": "140211.00000", "2013-06-30": "135907.00000", "2013-03-31": "133324.00000", "2012-12-31": "133637.00000", "2012-09-30": "117658.00000", "2012-06-30": "111816.00000", "2012-03-31": "111482.00000", "2011-12-31": "108553.00000", "2011-09-30": "102906.00000", "2011-06-30": "97572.00000", "2011-03-31": "94883.00000", "2010-12-31": "92568.00000", "2010-09-30": "87298.00000", "2010-06-30": "82295.00000", "2010-03-31": "78337.00000", "2009-12-31": "75431.00000", "2009-09-30": "67984.00000", "2009-06-30": "62261.00000", "2009-03-31": "54898.00000", "2008-12-31": "51675.00000", "2008-09-30": "52760.00000", "2008-06-30": "48360.00000", "2008-03-31": "44551.00000", "2007-12-31": "42286.00000", "2007-09-30": "39309.00000", "2007-06-30": "49004.00000", "2007-03-31": "47278.00000", "2006-12-31": "48992.00000", "2006-09-30": "47140.00000", "2006-06-30": "46866.00000", "2006-03-31": "47622.00000", "2005-12-31": "47351.00000", "2005-09-30": "45373.00000", "2005-06-30": "46475.00000", "2005-03-31": "46405.00000"}, "Total Current Liabilities": {"2020-12-31": "", "2020-09-30": "380188.00000", "2020-06-30": "361143.00000", "2020-03-31": "335987.00000", "2019-12-31": "264830.00000", "2019-09-30": "250206.00000", "2019-06-30": "247577.00000", "2019-03-31": "254361.00000", "2018-12-31": "268934.00000", "2018-09-30": "245478.00000", "2018-06-30": "235996.00000", "2018-03-31": "224862.00000", "2017-12-31": "219996.00000", "2017-09-30": "209419.00000", "2017-06-30": "199594.00000", "2017-03-31": "206561.00000", "2016-12-31": "204086.00000", "2016-09-30": "190991.00000", "2016-06-30": "180186.00000", "2016-03-31": "173608.00000", "2015-12-31": "167426.00000", "2015-09-30": "154313.00000", "2015-06-30": "148310.00000", "2015-03-31": "145116.00000", "2014-12-31": "140940.00000", "2014-09-30": "134071.00000", "2014-06-30": "130330.00000", "2014-03-31": "131349.00000", "2013-12-31": "131358.00000", "2013-09-30": "128254.00000", "2013-06-30": "124557.00000", "2013-03-31": "121917.00000", "2012-12-31": "122416.00000", "2012-09-30": "106417.00000", "2012-06-30": "100707.00000", "2012-03-31": "101145.00000", "2011-12-31": "98838.00000", "2011-09-30": "93249.00000", "2011-06-30": "88834.00000", "2011-03-31": "86391.00000", "2010-12-31": "84336.00000", "2010-09-30": "79255.00000", "2010-06-30": "75108.00000", "2010-03-31": "71357.00000", "2009-12-31": "68846.00000", "2009-09-30": "61565.00000", "2009-06-30": "56087.00000", "2009-03-31": "49781.00000", "2008-12-31": "46731.00000", "2008-09-30": "47816.00000", "2008-06-30": "43587.00000", "2008-03-31": "40086.00000", "2007-12-31": "37655.00000", "2007-09-30": "35290.00000", "2007-06-30": "33970.00000", "2007-03-31": "33601.00000", "2006-12-31": "34532.00000", "2006-09-30": "42065.00000", "2006-06-30": "41798.00000", "2006-03-31": "42481.00000", "2005-12-31": "34206.00000", "2005-09-30": "40487.00000", "2005-06-30": "41592.00000", "2005-03-31": "41553.00000"}, "Long Term Debt": {"2020-12-31": "", "2020-09-30": "7836.00000", "2020-06-30": "8526.00000", "2020-03-31": "8522.00000", "2019-12-31": "7430.00000", "2019-09-30": "7427.00000", "2019-06-30": "7424.00000", "2019-03-31": "6829.00000", "2018-12-31": "6878.00000", "2018-09-30": "5790.00000", "2018-06-30": "5789.00000", "2018-03-31": "4128.00000", "2017-12-31": "4753.00000", "2017-09-30": "3268.00000", "2017-06-30": "3518.00000", "2017-03-31": "3518.00000", "2016-12-31": "2876.00000", "2016-09-30": "2876.00000", "2016-06-30": "2876.00000", "2016-03-31": "2877.00000", "2015-12-31": "2877.00000", "2015-09-30": "2893.00000", "2015-06-30": "2894.00000", "2015-03-31": "2895.00000", "2014-12-31": "1899.00000", "2014-09-30": "1900.00000", "2014-06-30": "1901.00000", "2014-03-31": "1902.00000", "2013-12-31": "1903.00000", "2013-09-30": "1904.00000", "2013-06-30": "1630.00000", "2013-03-31": "1631.00000", "2012-12-31": "1632.00000", "2012-09-30": "1776.00000", "2012-06-30": "1999.00000", "2012-03-31": "2000.00000", "2011-12-31": "2001.00000", "2011-09-30": "2002.00000", "2011-06-30": "2004.00000", "2011-03-31": "2005.00000", "2010-12-31": "2006.00000", "2010-09-30": "2008.00000", "2010-06-30": "1308.00000", "2010-03-31": "1309.00000", "2009-12-31": "1512.00000", "2009-09-30": "1516.00000", "2009-06-30": "1560.00000", "2009-03-31": "816.00000", "2008-12-31": "883.00000", "2008-09-30": "881.00000", "2008-06-30": "882.00000", "2008-03-31": "903.00000", "2007-12-31": "899.00000", "2007-09-30": "625.00000", "2007-06-30": "384.00000", "2007-03-31": "387.00000", "2006-12-31": "388.00000", "2006-09-30": "441.00000", "2006-06-30": "466.00000", "2006-03-31": "509.00000", "2005-12-31": "462.00000", "2005-09-30": "537.00000", "2005-06-30": "565.00000", "2005-03-31": "577.00000"}, "Other Non-Current Liabilities": {"2020-12-31": "", "2020-09-30": "", "2020-06-30": "", "2020-03-31": "", "2019-12-31": "", "2019-09-30": "", "2019-06-30": "", "2019-03-31": "", "2018-12-31": "", "2018-09-30": "", "2018-06-30": "", "2018-03-31": "", "2017-12-31": "", "2017-09-30": "", "2017-06-30": "", "2017-03-31": "", "2016-12-31": "", "2016-09-30": "", "2016-06-30": "", "2016-03-31": "", "2015-12-31": "", "2015-09-30": "", "2015-06-30": "", "2015-03-31": "", "2014-12-31": "", "2014-09-30": "", "2014-06-30": "", "2014-03-31": "", "2013-12-31": "", "2013-09-30": "", "2013-06-30": "", "2013-03-31": "", "2012-12-31": "", "2012-09-30": "", "2012-06-30": "", "2012-03-31": "", "2011-12-31": "", "2011-09-30": "", "2011-06-30": "", "2011-03-31": "", "2010-12-31": "", "2010-09-30": "", "2010-06-30": "", "2010-03-31": "", "2009-12-31": "", "2009-09-30": "", "2009-06-30": "", "2009-03-31": "", "2008-12-31": "", "2008-09-30": "", "2008-06-30": "", "2008-03-31": "", "2007-12-31": "", "2007-09-30": "", "2007-06-30": "", "2007-03-31": "", "2006-12-31": "", "2006-09-30": "", "2006-06-30": "", "2006-03-31": "", "2005-12-31": "", "2005-09-30": "", "2005-06-30": "", "2005-03-31": ""}, "Total Long Term Liabilities": {"2020-12-31": "", "2020-09-30": "7836.00000", "2020-06-30": "8526.00000", "2020-03-31": "8522.00000", "2019-12-31": "7430.00000", "2019-09-30": "7427.00000", "2019-06-30": "7424.00000", "2019-03-31": "6829.00000", "2018-12-31": "6878.00000", "2018-09-30": "5790.00000", "2018-06-30": "5789.00000", "2018-03-31": "4128.00000", "2017-12-31": "4753.00000", "2017-09-30": "3268.00000", "2017-06-30": "3518.00000", "2017-03-31": "3518.00000", "2016-12-31": "2876.00000", "2016-09-30": "2876.00000", "2016-06-30": "2876.00000", "2016-03-31": "2877.00000", "2015-12-31": "2877.00000", "2015-09-30": "2893.00000", "2015-06-30": "2894.00000", "2015-03-31": "2895.00000", "2014-12-31": "1899.00000", "2014-09-30": "1900.00000", "2014-06-30": "1901.00000", "2014-03-31": "1902.00000", "2013-12-31": "1903.00000", "2013-09-30": "1904.00000", "2013-06-30": "1630.00000", "2013-03-31": "1631.00000", "2012-12-31": "1632.00000", "2012-09-30": "1776.00000", "2012-06-30": "1999.00000", "2012-03-31": "2000.00000", "2011-12-31": "2001.00000", "2011-09-30": "2002.00000", "2011-06-30": "2004.00000", "2011-03-31": "2005.00000", "2010-12-31": "2006.00000", "2010-09-30": "2008.00000", "2010-06-30": "1308.00000", "2010-03-31": "1309.00000", "2009-12-31": "1512.00000", "2009-09-30": "1516.00000", "2009-06-30": "1560.00000", "2009-03-31": "816.00000", "2008-12-31": "883.00000", "2008-09-30": "881.00000", "2008-06-30": "882.00000", "2008-03-31": "903.00000", "2007-12-31": "899.00000", "2007-09-30": "625.00000", "2007-06-30": "9960.00000", "2007-03-31": "8742.00000", "2006-12-31": "9452.00000", "2006-09-30": "441.00000", "2006-06-30": "466.00000", "2006-03-31": "509.00000", "2005-12-31": "8695.00000", "2005-09-30": "537.00000", "2005-06-30": "565.00000", "2005-03-31": "577.00000"}, "Total Liabilities": {"2020-12-31": "", "2020-09-30": "388024.00000", "2020-06-30": "369669.00000", "2020-03-31": "344509.00000", "2019-12-31": "272260.00000", "2019-09-30": "257633.00000", "2019-06-30": "255001.00000", "2019-03-31": "261190.00000", "2018-12-31": "275812.00000", "2018-09-30": "251268.00000", "2018-06-30": "241785.00000", "2018-03-31": "228990.00000", "2017-12-31": "224749.00000", "2017-09-30": "212687.00000", "2017-06-30": "203112.00000", "2017-03-31": "210079.00000", "2016-12-31": "206962.00000", "2016-09-30": "193867.00000", "2016-06-30": "183062.00000", "2016-03-31": "176485.00000", "2015-12-31": "170303.00000", "2015-09-30": "157206.00000", "2015-06-30": "151204.00000", "2015-03-31": "148011.00000", "2014-12-31": "142839.00000", "2014-09-30": "135971.00000", "2014-06-30": "132231.00000", "2014-03-31": "133251.00000", "2013-12-31": "133261.00000", "2013-09-30": "130158.00000", "2013-06-30": "126187.00000", "2013-03-31": "123548.00000", "2012-12-31": "124048.00000", "2012-09-30": "108193.00000", "2012-06-30": "102706.00000", "2012-03-31": "103145.00000", "2011-12-31": "100839.00000", "2011-09-30": "95251.00000", "2011-06-30": "90838.00000", "2011-03-31": "88396.00000", "2010-12-31": "86342.00000", "2010-09-30": "81263.00000", "2010-06-30": "76416.00000", "2010-03-31": "72666.00000", "2009-12-31": "70358.00000", "2009-09-30": "63081.00000", "2009-06-30": "57647.00000", "2009-03-31": "50597.00000", "2008-12-31": "47614.00000", "2008-09-30": "48697.00000", "2008-06-30": "44469.00000", "2008-03-31": "40989.00000", "2007-12-31": "38554.00000", "2007-09-30": "35915.00000", "2007-06-30": "43930.00000", "2007-03-31": "42343.00000", "2006-12-31": "43984.00000", "2006-09-30": "42506.00000", "2006-06-30": "42264.00000", "2006-03-31": "42990.00000", "2005-12-31": "42901.00000", "2005-09-30": "41024.00000", "2005-06-30": "42157.00000", "2005-03-31": "42130.00000"}, "Common Stock Net": {"2020-12-31": "", "2020-09-30": "15.00000", "2020-06-30": "15.00000", "2020-03-31": "15.00000", "2019-12-31": "15.00000", "2019-09-30": "15.00000", "2019-06-30": "15.00000", "2019-03-31": "15.00000", "2018-12-31": "15.00000", "2018-09-30": "15.00000", "2018-06-30": "15.00000", "2018-03-31": "15.00000", "2017-12-31": "15.00000", "2017-09-30": "15.00000", "2017-06-30": "15.00000", "2017-03-31": "15.00000", "2016-12-31": "15.00000", "2016-09-30": "15.00000", "2016-06-30": "15.00000", "2016-03-31": "15.00000", "2015-12-31": "15.00000", "2015-09-30": "15.00000", "2015-06-30": "15.00000", "2015-03-31": "15.00000", "2014-12-31": "15.00000", "2014-09-30": "15.00000", "2014-06-30": "15.00000", "2014-03-31": "15.00000", "2013-12-31": "15.00000", "2013-09-30": "15.00000", "2013-06-30": "15.00000", "2013-03-31": "15.00000", "2012-12-31": "15.00000", "2012-09-30": "15.00000", "2012-06-30": "15.00000", "2012-03-31": "15.00000", "2011-12-31": "15.00000", "2011-09-30": "15.00000", "2011-06-30": "14.00000", "2011-03-31": "14.00000", "2010-12-31": "14.00000", "2010-09-30": "14.00000", "2010-06-30": "14.00000", "2010-03-31": "14.00000", "2009-12-31": "14.00000", "2009-09-30": "14.00000", "2009-06-30": "14.00000", "2009-03-31": "14.00000", "2008-12-31": "14.00000", "2008-09-30": "14.00000", "2008-06-30": "14.00000", "2008-03-31": "14.00000", "2007-12-31": "14.00000", "2007-09-30": "14.00000", "2007-06-30": "14.00000", "2007-03-31": "14.00000", "2006-12-31": "14.00000", "2006-09-30": "14.00000", "2006-06-30": "14.00000", "2006-03-31": "14.00000", "2005-12-31": "14.00000", "2005-09-30": "14.00000", "2005-06-30": "14.00000", "2005-03-31": "14.00000"}, "Retained Earnings (Accumulated Deficit)": {"2020-12-31": "", "2020-09-30": "21261.00000", "2020-06-30": "20876.00000", "2020-03-31": "20487.00000", "2019-12-31": "19960.00000", "2019-09-30": "19374.00000", "2019-06-30": "18680.00000", "2019-03-31": "18017.00000", "2018-12-31": "17329.00000", "2018-09-30": "16615.00000", "2018-06-30": "15903.00000", "2018-03-31": "15222.00000", "2017-12-31": "14408.00000", "2017-09-30": "13963.00000", "2017-06-30": "13495.00000", "2017-03-31": "13069.00000", "2016-12-31": "12649.00000", "2016-09-30": "12261.00000", "2016-06-30": "11882.00000", "2016-03-31": "11567.00000", "2015-12-31": "11253.00000", "2015-09-30": "10952.00000", "2015-06-30": "10664.00000", "2015-03-31": "10412.00000", "2014-12-31": "10198.00000", "2014-09-30": "9949.00000", "2014-06-30": "9715.00000", "2014-03-31": "9492.00000", "2013-12-31": "9253.00000", "2013-09-30": "9034.00000", "2013-06-30": "8830.00000", "2013-03-31": "8674.00000", "2012-12-31": "8554.00000", "2012-09-30": "8442.00000", "2012-06-30": "8280.00000", "2012-03-31": "8097.00000", "2011-12-31": "7978.00000", "2011-09-30": "7892.00000", "2011-06-30": "7745.00000", "2011-03-31": "7580.00000", "2010-12-31": "7409.00000", "2010-09-30": "7363.00000", "2010-06-30": "7310.00000", "2010-03-31": "7177.00000", "2009-12-31": "7243.00000", "2009-09-30": "7149.00000", "2009-06-30": "7019.00000", "2009-03-31": "6883.00000", "2008-12-31": "6735.00000", "2008-09-30": "6496.00000", "2008-06-30": "6261.00000", "2008-03-31": "6024.00000", "2007-12-31": "5776.00000", "2007-09-30": "5526.00000", "2007-06-30": "5308.00000", "2007-03-31": "5078.00000", "2006-12-31": "4901.00000", "2006-09-30": "4498.00000", "2006-06-30": "4270.00000", "2006-03-31": "4058.00000", "2005-12-31": "3847.00000", "2005-09-30": "3692.00000", "2005-06-30": "3529.00000", "2005-03-31": "3372.00000"}, "Comprehensive Income": {"2020-12-31": "", "2020-09-30": "5686.00000", "2020-06-30": "5611.00000", "2020-03-31": "3995.00000", "2019-12-31": "88.00000", "2019-09-30": "144.00000", "2019-06-30": "99.00000", "2019-03-31": "-71.00000", "2018-12-31": "-252.00000", "2018-09-30": "-304.00000", "2018-06-30": "-278.00000", "2018-03-31": "-260.00000", "2017-12-31": "-152.00000", "2017-09-30": "-106.00000", "2017-06-30": "-112.00000", "2017-03-31": "-132.00000", "2016-12-31": "-163.00000", "2016-09-30": "31.00000", "2016-06-30": "-17.00000", "2016-03-31": "-120.00000", "2015-12-31": "-134.00000", "2015-09-30": "19.00000", "2015-06-30": "174.00000", "2015-03-31": "231.00000", "2014-12-31": "165.00000", "2014-09-30": "163.00000", "2014-06-30": "186.00000", "2014-03-31": "108.00000", "2013-12-31": "9.00000", "2013-09-30": "46.00000", "2013-06-30": "3.00000", "2013-03-31": "300.00000", "2012-12-31": "298.00000", "2012-09-30": "312.00000", "2012-06-30": "154.00000", "2012-03-31": "76.00000", "2011-12-31": "8.00000", "2011-09-30": "56.00000", "2011-06-30": "45.00000", "2011-03-31": "34.00000", "2010-12-31": "16.00000", "2010-09-30": "3.00000", "2010-06-30": "-65.00000", "2010-03-31": "-111.00000", "2009-12-31": "-191.00000", "2009-09-30": "-246.00000", "2009-06-30": "-362.00000", "2009-03-31": "-500.00000", "2008-12-31": "-553.00000", "2008-09-30": "-285.00000", "2008-06-30": "-142.00000", "2008-03-31": "-135.00000", "2007-12-31": "-17.00000", "2007-09-30": "-12.00000", "2007-06-30": "-56.00000", "2007-03-31": "-29.00000", "2006-12-31": "-36.00000", "2006-09-30": "-32.00000", "2006-06-30": "-61.00000", "2006-03-31": "-47.00000", "2005-12-31": "-33.00000", "2005-09-30": "-26.00000", "2005-06-30": "-12.00000", "2005-03-31": "-22.00000"}, "Other Share Holders Equity": {"2020-12-31": "", "2020-09-30": "", "2020-06-30": "", "2020-03-31": "", "2019-12-31": "", "2019-09-30": "", "2019-06-30": "", "2019-03-31": "", "2018-12-31": "", "2018-09-30": "", "2018-06-30": "", "2018-03-31": "", "2017-12-31": "", "2017-09-30": "", "2017-06-30": "", "2017-03-31": "", "2016-12-31": "", "2016-09-30": "", "2016-06-30": "", "2016-03-31": "", "2015-12-31": "", "2015-09-30": "", "2015-06-30": "", "2015-03-31": "", "2014-12-31": "", "2014-09-30": "", "2014-06-30": "", "2014-03-31": "", "2013-12-31": "", "2013-09-30": "", "2013-06-30": "", "2013-03-31": "", "2012-12-31": "", "2012-09-30": "", "2012-06-30": "", "2012-03-31": "", "2011-12-31": "", "2011-09-30": "", "2011-06-30": "", "2011-03-31": "", "2010-12-31": "", "2010-09-30": "", "2010-06-30": "", "2010-03-31": "", "2009-12-31": "", "2009-09-30": "", "2009-06-30": "", "2009-03-31": "", "2008-12-31": "", "2008-09-30": "", "2008-06-30": "", "2008-03-31": "", "2007-12-31": "", "2007-09-30": "", "2007-06-30": "", "2007-03-31": "", "2006-12-31": "", "2006-09-30": "", "2006-06-30": "", "2006-03-31": "", "2005-12-31": "-81.00000", "2005-09-30": "-40.00000", "2005-06-30": "-47.00000", "2005-03-31": "-51.00000"}, "Share Holder Equity": {"2020-12-31": "", "2020-09-30": "31331.00000", "2020-06-30": "30815.00000", "2020-03-31": "26270.00000", "2019-12-31": "21745.00000", "2019-09-30": "21354.00000", "2019-06-30": "21320.00000", "2019-03-31": "21625.00000", "2018-12-31": "20670.00000", "2018-09-30": "20834.00000", "2018-06-30": "20097.00000", "2018-03-31": "19330.00000", "2017-12-31": "18525.00000", "2017-09-30": "18027.00000", "2017-06-30": "17489.00000", "2017-03-31": "16982.00000", "2016-12-31": "16421.00000", "2016-09-30": "15470.00000", "2016-06-30": "14990.00000", "2016-03-31": "14513.00000", "2015-12-31": "13402.00000", "2015-09-30": "13196.00000", "2015-06-30": "12423.00000", "2015-03-31": "12158.00000", "2014-12-31": "11803.00000", "2014-09-30": "11473.00000", "2014-06-30": "11170.00000", "2014-03-31": "10815.00000", "2013-12-31": "10381.00000", "2013-09-30": "10053.00000", "2013-06-30": "9720.00000", "2013-03-31": "9776.00000", "2012-12-31": "9589.00000", "2012-09-30": "9465.00000", "2012-06-30": "9110.00000", "2012-03-31": "8337.00000", "2011-12-31": "7714.00000", "2011-09-30": "7655.00000", "2011-06-30": "6734.00000", "2011-03-31": "6487.00000", "2010-12-31": "6226.00000", "2010-09-30": "6035.00000", "2010-06-30": "5879.00000", "2010-03-31": "5671.00000", "2009-12-31": "5073.00000", "2009-09-30": "4903.00000", "2009-06-30": "4614.00000", "2009-03-31": "4301.00000", "2008-12-31": "4061.00000", "2008-09-30": "4063.00000", "2008-06-30": "3891.00000", "2008-03-31": "3562.00000", "2007-12-31": "3732.00000", "2007-09-30": "3394.00000", "2007-06-30": "5074.00000", "2007-03-31": "4935.00000", "2006-12-31": "5008.00000", "2006-09-30": "4634.00000", "2006-06-30": "4602.00000", "2006-03-31": "4632.00000", "2005-12-31": "4450.00000", "2005-09-30": "4349.00000", "2005-06-30": "4318.00000", "2005-03-31": "4275.00000"}, "Total Liabilities And Share Holders Equity": {"2020-12-31": "", "2020-09-30": "419355.00000", "2020-06-30": "400484.00000", "2020-03-31": "370779.00000", "2019-12-31": "294005.00000", "2019-09-30": "278987.00000", "2019-06-30": "276321.00000", "2019-03-31": "282815.00000", "2018-12-31": "296482.00000", "2018-09-30": "272102.00000", "2018-06-30": "261882.00000", "2018-03-31": "248320.00000", "2017-12-31": "243274.00000", "2017-09-30": "230714.00000", "2017-06-30": "220601.00000", "2017-03-31": "227061.00000", "2016-12-31": "223383.00000", "2016-09-30": "209337.00000", "2016-06-30": "198052.00000", "2016-03-31": "190998.00000", "2015-12-31": "183705.00000", "2015-09-30": "170402.00000", "2015-06-30": "163627.00000", "2015-03-31": "160169.00000", "2014-12-31": "154642.00000", "2014-09-30": "147444.00000", "2014-06-30": "143401.00000", "2014-03-31": "144066.00000", "2013-12-31": "143642.00000", "2013-09-30": "140211.00000", "2013-06-30": "135907.00000", "2013-03-31": "133324.00000", "2012-12-31": "133637.00000", "2012-09-30": "117658.00000", "2012-06-30": "111816.00000", "2012-03-31": "111482.00000", "2011-12-31": "108553.00000", "2011-09-30": "102906.00000", "2011-06-30": "97572.00000", "2011-03-31": "94883.00000", "2010-12-31": "92568.00000", "2010-09-30": "87298.00000", "2010-06-30": "82295.00000", "2010-03-31": "78337.00000", "2009-12-31": "75431.00000", "2009-09-30": "67984.00000", "2009-06-30": "62261.00000", "2009-03-31": "54898.00000", "2008-12-31": "51675.00000", "2008-09-30": "52760.00000", "2008-06-30": "48360.00000", "2008-03-31": "44551.00000", "2007-12-31": "42286.00000", "2007-09-30": "39309.00000", "2007-06-30": "49004.00000", "2007-03-31": "47278.00000", "2006-12-31": "48992.00000", "2006-09-30": "47140.00000", "2006-06-30": "46866.00000", "2006-03-31": "47622.00000", "2005-12-31": "47351.00000", "2005-09-30": "45373.00000", "2005-06-30": "46475.00000", "2005-03-31": "46405.00000"}}, "cash flow statement": {"Net Income/Loss": {"2020-12-31": "0.00000", "2019-12-31": "3704.00000", "2018-12-31": "3507.00000", "2017-12-31": "2354.00000", "2016-12-31": "1889.00000", "2015-12-31": "1447.00000", "2014-12-31": "1321.00000", "2013-12-31": "1071.00000", "2012-12-31": "928.00000", "2011-12-31": "864.00000", "2010-12-31": "454.00000", "2009-12-31": "787.00000", "2008-12-31": "1212.00000", "2007-12-31": "2407.00000", "2006-12-31": "1227.00000", "2005-12-31": "725.00000"}, "Total Depreciation And Amortization - Cash Flow": {"2020-12-31": "", "2019-12-31": "795.00000", "2018-12-31": "656.00000", "2017-12-31": "611.00000", "2016-12-31": "500.00000", "2015-12-31": "386.00000", "2014-12-31": "324.00000", "2013-12-31": "364.00000", "2012-12-31": "418.00000", "2011-12-31": "291.00000", "2010-12-31": "181.00000", "2009-12-31": "141.00000", "2008-12-31": "152.00000", "2007-12-31": "156.00000", "2006-12-31": "157.00000", "2005-12-31": "179.00000"}, "Other Non-Cash Items": {"2020-12-31": "", "2019-12-31": "185.00000", "2018-12-31": "246.00000", "2017-12-31": "211.00000", "2016-12-31": "156.00000", "2015-12-31": "117.00000", "2014-12-31": "87.00000", "2013-12-31": "104.00000", "2012-12-31": "158.00000", "2011-12-31": "200.00000", "2010-12-31": "99.00000", "2009-12-31": "189.00000", "2008-12-31": "195.00000", "2007-12-31": "-773.00000", "2006-12-31": "-316.00000", "2005-12-31": "263.00000"}, "Total Non-Cash Items": {"2020-12-31": "", "2019-12-31": "980.00000", "2018-12-31": "902.00000", "2017-12-31": "822.00000", "2016-12-31": "656.00000", "2015-12-31": "503.00000", "2014-12-31": "411.00000", "2013-12-31": "468.00000", "2012-12-31": "576.00000", "2011-12-31": "491.00000", "2010-12-31": "280.00000", "2009-12-31": "330.00000", "2008-12-31": "347.00000", "2007-12-31": "-617.00000", "2006-12-31": "-159.00000", "2005-12-31": "442.00000"}, "Change In Accounts Receivable": {"2020-12-31": "", "2019-12-31": "-125.00000", "2018-12-31": "-1100.00000", "2017-12-31": "-3428.00000", "2016-12-31": "3.00000", "2015-12-31": "-1760.00000", "2014-12-31": "-1681.00000", "2013-12-31": "-671.00000", "2012-12-31": "-2495.00000", "2011-12-31": "561.00000", "2010-12-31": "-2464.00000", "2009-12-31": "-1301.00000", "2008-12-31": "5139.00000", "2007-12-31": "-1469.00000", "2006-12-31": "19.00000", "2005-12-31": "-1284.00000"}, "Change In Inventories": {"2020-12-31": "", "2019-12-31": "-977.00000", "2018-12-31": "6922.00000", "2017-12-31": "4933.00000", "2016-12-31": "-1551.00000", "2015-12-31": "1166.00000", "2014-12-31": "2773.00000", "2013-12-31": "5035.00000", "2012-12-31": "-2592.00000", "2011-12-31": "-2442.00000", "2010-12-31": "-3795.00000", "2009-12-31": "-3978.00000", "2008-12-31": "-5834.00000", "2007-12-31": "1782.00000", "2006-12-31": "4404.00000", "2005-12-31": "3692.00000"}, "Change In Accounts Payable": {"2020-12-31": "", "2019-12-31": "6494.00000", "2018-12-31": "1483.00000", "2017-12-31": "-4651.00000", "2016-12-31": "2528.00000", "2015-12-31": "-312.00000", "2014-12-31": "-635.00000", "2013-12-31": "-4679.00000", "2012-12-31": "4978.00000", "2011-12-31": "3050.00000", "2010-12-31": "5169.00000", "2009-12-31": "6046.00000", "2008-12-31": "-856.00000", "2007-12-31": "93.00000", "2006-12-31": "-3875.00000", "2005-12-31": "-2628.00000"}, "Change In Assets/Liabilities": {"2020-12-31": "", "2019-12-31": "-950.00000", "2018-12-31": "605.00000", "2017-12-31": "-920.00000", "2016-12-31": "74.00000", "2015-12-31": "206.00000", "2014-12-31": "166.00000", "2013-12-31": "417.00000", "2012-12-31": "-155.00000", "2011-12-31": "-69.00000", "2010-12-31": "350.00000", "2009-12-31": "-415.00000", "2008-12-31": "-59.00000", "2007-12-31": "-466.00000", "2006-12-31": "146.00000", "2005-12-31": "-181.00000"}, "Total Change In Assets/Liabilities": {"2020-12-31": "", "2019-12-31": "4442.00000", "2018-12-31": "7910.00000", "2017-12-31": "-4066.00000", "2016-12-31": "1054.00000", "2015-12-31": "-700.00000", "2014-12-31": "623.00000", "2013-12-31": "102.00000", "2012-12-31": "-264.00000", "2011-12-31": "1100.00000", "2010-12-31": "-740.00000", "2009-12-31": "352.00000", "2008-12-31": "-1610.00000", "2007-12-31": "-60.00000", "2006-12-31": "694.00000", "2005-12-31": "-401.00000"}, "Cash Flow From Operating Activities": {"2020-12-31": "", "2019-12-31": "9325.00000", "2018-12-31": "12456.00000", "2017-12-31": "-839.00000", "2016-12-31": "3603.00000", "2015-12-31": "1246.00000", "2014-12-31": "2348.00000", "2013-12-31": "1656.00000", "2012-12-31": "1266.00000", "2011-12-31": "2464.00000", "2010-12-31": "-9.00000", "2009-12-31": "1437.00000", "2008-12-31": "2.00000", "2007-12-31": "1746.00000", "2006-12-31": "1760.00000", "2005-12-31": "777.00000"}, "Net Change In Property, Plant, And Equipment": {"2020-12-31": "", "2019-12-31": "-708.00000", "2018-12-31": "-570.00000", "2017-12-31": "-400.00000", "2016-12-31": "-346.00000", "2015-12-31": "-266.00000", "2014-12-31": "-400.00000", "2013-12-31": "-249.00000", "2012-12-31": "-148.00000", "2011-12-31": "-180.00000", "2010-12-31": "-129.00000", "2009-12-31": "-140.00000", "2008-12-31": "-188.00000", "2007-12-31": "-168.00000", "2006-12-31": "-59.00000", "2005-12-31": "-78.00000"}, "Net Change In Intangible Assets": {"2020-12-31": "", "2019-12-31": "", "2018-12-31": "", "2017-12-31": "", "2016-12-31": "", "2015-12-31": "", "2014-12-31": "", "2013-12-31": "", "2012-12-31": "", "2011-12-31": "", "2010-12-31": "", "2009-12-31": "", "2008-12-31": "", "2007-12-31": "", "2006-12-31": "", "2005-12-31": ""}, "Net Acquisitions/Divestitures": {"2020-12-31": "", "2019-12-31": "", "2018-12-31": "", "2017-12-31": "", "2016-12-31": "", "2015-12-31": "", "2014-12-31": "", "2013-12-31": "", "2012-12-31": "-80.00000", "2011-12-31": "54.00000", "2010-12-31": "-44.00000", "2009-12-31": "", "2008-12-31": "-5.00000", "2007-12-31": "3118.00000", "2006-12-31": "", "2005-12-31": "4.00000"}, "Net Change In Short-term Investments": {"2020-12-31": "", "2019-12-31": "", "2018-12-31": "", "2017-12-31": "", "2016-12-31": "", "2015-12-31": "", "2014-12-31": "", "2013-12-31": "", "2012-12-31": "", "2011-12-31": "", "2010-12-31": "", "2009-12-31": "", "2008-12-31": "", "2007-12-31": "", "2006-12-31": "", "2005-12-31": ""}, "Net Change In Long-Term Investments": {"2020-12-31": "", "2019-12-31": "14458.00000", "2018-12-31": "-39760.00000", "2017-12-31": "-18943.00000", "2016-12-31": "-37287.00000", "2015-12-31": "-27342.00000", "2014-12-31": "-6968.00000", "2013-12-31": "-18169.00000", "2012-12-31": "-20510.00000", "2011-12-31": "-7423.00000", "2010-12-31": "-16471.00000", "2009-12-31": "-12642.00000", "2008-12-31": "-8067.00000", "2007-12-31": "-1520.00000", "2006-12-31": "-2289.00000", "2005-12-31": "-1475.00000"}, "Net Change In Investments - Total": {"2020-12-31": "", "2019-12-31": "14458.00000", "2018-12-31": "-39760.00000", "2017-12-31": "-18943.00000", "2016-12-31": "-37287.00000", "2015-12-31": "-27342.00000", "2014-12-31": "-6968.00000", "2013-12-31": "-18169.00000", "2012-12-31": "-20510.00000", "2011-12-31": "-7423.00000", "2010-12-31": "-16471.00000", "2009-12-31": "-12642.00000", "2008-12-31": "-8067.00000", "2007-12-31": "-1520.00000", "2006-12-31": "-2289.00000", "2005-12-31": "-1475.00000"}, "Investing Activities - Other": {"2020-12-31": "", "2019-12-31": "-1786.00000", "2018-12-31": "-225.00000", "2017-12-31": "-1130.00000", "2016-12-31": "-1142.00000", "2015-12-31": "-1015.00000", "2014-12-31": "-1027.00000", "2013-12-31": "-1632.00000", "2012-12-31": "4478.00000", "2011-12-31": "-1118.00000", "2010-12-31": "1234.00000", "2009-12-31": "-1275.00000", "2008-12-31": "-2641.00000", "2007-12-31": "-1063.00000", "2006-12-31": "-892.00000", "2005-12-31": "-1819.00000"}, "Cash Flow From Investing Activities": {"2020-12-31": "", "2019-12-31": "11964.00000", "2018-12-31": "-40555.00000", "2017-12-31": "-20473.00000", "2016-12-31": "-38775.00000", "2015-12-31": "-28623.00000", "2014-12-31": "-8395.00000", "2013-12-31": "-20050.00000", "2012-12-31": "-16260.00000", "2011-12-31": "-8667.00000", "2010-12-31": "-15410.00000", "2009-12-31": "-14057.00000", "2008-12-31": "-10901.00000", "2007-12-31": "367.00000", "2006-12-31": "-3240.00000", "2005-12-31": "-3368.00000"}, "Net Long-Term Debt": {"2020-12-31": "", "2019-12-31": "593.00000", "2018-12-31": "2115.00000", "2017-12-31": "1872.00000", "2016-12-31": "-7.00000", "2015-12-31": "989.00000", "2014-12-31": "-6.00000", "2013-12-31": "269.00000", "2012-12-31": "-382.00000", "2011-12-31": "-116.00000", "2010-12-31": "496.00000", "2009-12-31": "667.00000", "2008-12-31": "-20.00000", "2007-12-31": "506.00000", "2006-12-31": "-68.00000", "2005-12-31": "-56.00000"}, "Net Current Debt": {"2020-12-31": "", "2019-12-31": "", "2018-12-31": "-15000.00000", "2017-12-31": "15000.00000", "2016-12-31": "", "2015-12-31": "", "2014-12-31": "", "2013-12-31": "-300.00000", "2012-12-31": "300.00000", "2011-12-31": "", "2010-12-31": "", "2009-12-31": "", "2008-12-31": "", "2007-12-31": "", "2006-12-31": "", "2005-12-31": ""}, "Debt Issuance/Retirement Net - Total": {"2020-12-31": "", "2019-12-31": "593.00000", "2018-12-31": "-12885.00000", "2017-12-31": "16872.00000", "2016-12-31": "-7.00000", "2015-12-31": "989.00000", "2014-12-31": "-6.00000", "2013-12-31": "-31.00000", "2012-12-31": "-82.00000", "2011-12-31": "-116.00000", "2010-12-31": "496.00000", "2009-12-31": "667.00000", "2008-12-31": "-20.00000", "2007-12-31": "506.00000", "2006-12-31": "-68.00000", "2005-12-31": "-56.00000"}, "Net Common Equity Issued/Repurchased": {"2020-12-31": "", "2019-12-31": "-2102.00000", "2018-12-31": "-875.00000", "2017-12-31": "171.00000", "2016-12-31": "144.00000", "2015-12-31": "90.00000", "2014-12-31": "189.00000", "2013-12-31": "258.00000", "2012-12-31": "35.00000", "2011-12-31": "96.00000", "2010-12-31": "578.00000", "2009-12-31": "53.00000", "2008-12-31": "-219.00000", "2007-12-31": "-2328.00000", "2006-12-31": "-615.00000", "2005-12-31": "-582.00000"}, "Net Total Equity Issued/Repurchased": {"2020-12-31": "", "2019-12-31": "-2102.00000", "2018-12-31": "-875.00000", "2017-12-31": "178.00000", "2016-12-31": "1460.00000", "2015-12-31": "671.00000", "2014-12-31": "189.00000", "2013-12-31": "258.00000", "2012-12-31": "898.00000", "2011-12-31": "96.00000", "2010-12-31": "578.00000", "2009-12-31": "53.00000", "2008-12-31": "-219.00000", "2007-12-31": "-2328.00000", "2006-12-31": "-615.00000", "2005-12-31": "-582.00000"}, "Total Common And Preferred Stock Dividends Paid": {"2020-12-31": "", "2019-12-31": "-1060.00000", "2018-12-31": "-787.00000", "2017-12-31": "-592.00000", "2016-12-31": "-486.00000", "2015-12-31": "-387.00000", "2014-12-31": "-373.00000", "2013-12-31": "-368.00000", "2012-12-31": "-337.00000", "2011-12-31": "-295.00000", "2010-12-31": "-288.00000", "2009-12-31": "-279.00000", "2008-12-31": "-253.00000", "2007-12-31": "-1500.00000", "2006-12-31": "-173.00000", "2005-12-31": "-116.00000"}, "Financial Activities - Other": {"2020-12-31": "", "2019-12-31": "-11370.00000", "2018-12-31": "61713.00000", "2017-12-31": "6141.00000", "2016-12-31": "33996.00000", "2015-12-31": "26719.00000", "2014-12-31": "9872.00000", "2013-12-31": "13600.00000", "2012-12-31": "18499.00000", "2011-12-31": "10266.00000", "2010-12-31": "11323.00000", "2009-12-31": "14978.00000", "2008-12-31": "10069.00000", "2007-12-31": "3466.00000", "2006-12-31": "4938.00000", "2005-12-31": "2999.00000"}, "Cash Flow From Financial Activities": {"2020-12-31": "", "2019-12-31": "-13939.00000", "2018-12-31": "47166.00000", "2017-12-31": "22599.00000", "2016-12-31": "34963.00000", "2015-12-31": "27992.00000", "2014-12-31": "9682.00000", "2013-12-31": "13459.00000", "2012-12-31": "18978.00000", "2011-12-31": "9951.00000", "2010-12-31": "12109.00000", "2009-12-31": "15419.00000", "2008-12-31": "9577.00000", "2007-12-31": "144.00000", "2006-12-31": "4082.00000", "2005-12-31": "2245.00000"}, "Net Cash Flow": {"2020-12-31": "", "2019-12-31": "7350.00000", "2018-12-31": "19067.00000", "2017-12-31": "1287.00000", "2016-12-31": "-209.00000", "2015-12-31": "615.00000", "2014-12-31": "3635.00000", "2013-12-31": "-4935.00000", "2012-12-31": "3984.00000", "2011-12-31": "3748.00000", "2010-12-31": "-3310.00000", "2009-12-31": "2799.00000", "2008-12-31": "-1322.00000", "2007-12-31": "2257.00000", "2006-12-31": "2602.00000", "2005-12-31": "-346.00000"}, "Stock-Based Compensation": {"2020-12-31": "", "2019-12-31": "183.00000", "2018-12-31": "197.00000", "2017-12-31": "153.00000", "2016-12-31": "141.00000", "2015-12-31": "135.00000", "2014-12-31": "115.00000", "2013-12-31": "116.00000", "2012-12-31": "105.00000", "2011-12-31": "99.00000", "2010-12-31": "87.00000", "2009-12-31": "75.00000", "2008-12-31": "69.00000", "2007-12-31": "58.00000", "2006-12-31": "39.00000", "2005-12-31": "17.00000"}, "Common Stock Dividends Paid": {"2020-12-31": "", "2019-12-31": "-1060.00000", "2018-12-31": "-787.00000", "2017-12-31": "-592.00000", "2016-12-31": "-486.00000", "2015-12-31": "-387.00000", "2014-12-31": "-373.00000", "2013-12-31": "-368.00000", "2012-12-31": "-337.00000", "2011-12-31": "-295.00000", "2010-12-31": "-288.00000", "2009-12-31": "-279.00000", "2008-12-31": "-253.00000", "2007-12-31": "-1500.00000", "2006-12-31": "-173.00000", "2005-12-31": "-116.00000"}}, "cash flow statement, quarterly": {"Net Income/Loss": {"2020-12-31": -2164, "2020-09-30": 698, "2020-06-30": 671, "2020-03-31": "795.00000", "2019-12-31": 852, "2019-09-30": 951, "2019-06-30": 937, "2019-03-31": "964.00000", "2018-12-31": 935, "2018-09-30": 923, "2018-06-30": 866, "2018-03-31": "783.00000", "2017-12-31": 597, "2017-09-30": 618, "2017-06-30": 575, "2017-03-31": "564.00000", "2016-12-31": 522, "2016-09-30": 503, "2016-06-30": 452, "2016-03-31": "412.00000", "2015-12-31": 416, "2015-09-30": 376, "2015-06-30": 353, "2015-03-31": "302.00000", "2014-12-31": 350, "2014-09-30": 321, "2014-06-30": 324, "2014-03-31": "326.00000", "2013-12-31": 319, "2013-09-30": 290, "2013-06-30": 256, "2013-03-31": "206.00000", "2012-12-31": 211, "2012-09-30": 247, "2012-06-30": 275, "2012-03-31": "195.00000", "2011-12-31": 163, "2011-09-30": 220, "2011-06-30": 238, "2011-03-31": "243.00000", "2010-12-31": 119, "2010-09-30": 124, "2010-06-30": 205, "2010-03-31": "6.00000", "2009-12-31": 164, "2009-09-30": 200, "2009-06-30": 205, "2009-03-31": "218.00000", "2008-12-31": 308, "2008-09-30": 304, "2008-06-30": 295, "2008-03-31": "305.00000", "2007-12-31": 308, "2007-09-30": 1534, "2007-06-30": 292, "2007-03-31": "273.00000", "2006-12-31": 467, "2006-09-30": 266, "2006-06-30": 251, "2006-03-31": "243.00000", "2005-12-31": 187, "2005-09-30": 207, "2005-06-30": 186, "2005-03-31": "145.00000"}, "Total Depreciation And Amortization - Cash Flow": {"2020-12-31": -1339, "2020-09-30": 623, "2020-06-30": 430, "2020-03-31": "286.00000", "2019-12-31": 258, "2019-09-30": 211, "2019-06-30": 175, "2019-03-31": "151.00000", "2018-12-31": 154, "2018-09-30": 167, "2018-06-30": 166, "2018-03-31": "169.00000", "2017-12-31": 171, "2017-09-30": 161, "2017-06-30": 142, "2017-03-31": "137.00000", "2016-12-31": 146, "2016-09-30": 134, "2016-06-30": 118, "2016-03-31": "102.00000", "2015-12-31": 101, "2015-09-30": 99, "2015-06-30": 94, "2015-03-31": "92.00000", "2014-12-31": 88, "2014-09-30": 82, "2014-06-30": 79, "2014-03-31": "75.00000", "2013-12-31": 82, "2013-09-30": 88, "2013-06-30": 99, "2013-03-31": "95.00000", "2012-12-31": 109, "2012-09-30": 115, "2012-06-30": 94, "2012-03-31": "100.00000", "2011-12-31": 122, "2011-09-30": 64, "2011-06-30": 47, "2011-03-31": "58.00000", "2010-12-31": 73, "2010-09-30": 35, "2010-06-30": 36, "2010-03-31": "37.00000", "2009-12-31": 20, "2009-09-30": 38, "2009-06-30": 41, "2009-03-31": "42.00000", "2008-12-31": 39, "2008-09-30": 38, "2008-06-30": 37, "2008-03-31": "38.00000", "2007-12-31": 39, "2007-09-30": 39, "2007-06-30": 39, "2007-03-31": "39.00000", "2006-12-31": 38, "2006-09-30": 39, "2006-06-30": 39, "2006-03-31": "41.00000", "2005-12-31": 22, "2005-09-30": 52, "2005-06-30": 51, "2005-03-31": "54.00000"}, "Other Non-Cash Items": {"2020-12-31": -124, "2020-09-30": 33, "2020-06-30": 35, "2020-03-31": "56.00000", "2019-12-31": 54, "2019-09-30": 36, "2019-06-30": 39, "2019-03-31": "56.00000", "2018-12-31": 133, "2018-09-30": 30, "2018-06-30": 33, "2018-03-31": "50.00000", "2017-12-31": 100, "2017-09-30": 27, "2017-06-30": 32, "2017-03-31": "52.00000", "2016-12-31": 60, "2016-09-30": 21, "2016-06-30": 26, "2016-03-31": "49.00000", "2015-12-31": 30, "2015-09-30": 24, "2015-06-30": 28, "2015-03-31": "35.00000", "2014-12-31": 13, "2014-09-30": 26, "2014-06-30": 18, "2014-03-31": "30.00000", "2013-12-31": 12, "2013-09-30": 21, "2013-06-30": 24, "2013-03-31": "47.00000", "2012-12-31": 37, "2012-09-30": 38, "2012-06-30": 40, "2012-03-31": "43.00000", "2011-12-31": 92, "2011-09-30": 47, "2011-06-30": 32, "2011-03-31": "29.00000", "2010-12-31": -2, "2010-09-30": 30, "2010-06-30": 30, "2010-03-31": "41.00000", "2009-12-31": 97, "2009-09-30": 30, "2009-06-30": 31, "2009-03-31": "31.00000", "2008-12-31": 131, "2008-09-30": 13, "2008-06-30": 34, "2008-03-31": "17.00000", "2007-12-31": 167, "2007-09-30": -1223, "2007-06-30": -209, "2007-03-31": "492.00000", "2006-12-31": -229, "2006-09-30": -389, "2006-06-30": 12, "2006-03-31": "290.00000", "2005-12-31": 215, "2005-09-30": 18, "2005-06-30": 29, "2005-03-31": "1.00000"}, "Total Non-Cash Items": {"2020-12-31": -1463, "2020-09-30": 656, "2020-06-30": 465, "2020-03-31": "342.00000", "2019-12-31": 312, "2019-09-30": 247, "2019-06-30": 214, "2019-03-31": "207.00000", "2018-12-31": 287, "2018-09-30": 197, "2018-06-30": 199, "2018-03-31": "219.00000", "2017-12-31": 271, "2017-09-30": 188, "2017-06-30": 174, "2017-03-31": "189.00000", "2016-12-31": 206, "2016-09-30": 155, "2016-06-30": 144, "2016-03-31": "151.00000", "2015-12-31": 131, "2015-09-30": 123, "2015-06-30": 122, "2015-03-31": "127.00000", "2014-12-31": 101, "2014-09-30": 108, "2014-06-30": 97, "2014-03-31": "105.00000", "2013-12-31": 94, "2013-09-30": 109, "2013-06-30": 123, "2013-03-31": "142.00000", "2012-12-31": 146, "2012-09-30": 153, "2012-06-30": 134, "2012-03-31": "143.00000", "2011-12-31": 214, "2011-09-30": 111, "2011-06-30": 79, "2011-03-31": "87.00000", "2010-12-31": 71, "2010-09-30": 65, "2010-06-30": 66, "2010-03-31": "78.00000", "2009-12-31": 117, "2009-09-30": 68, "2009-06-30": 72, "2009-03-31": "73.00000", "2008-12-31": 170, "2008-09-30": 51, "2008-06-30": 71, "2008-03-31": "55.00000", "2007-12-31": 206, "2007-09-30": -1184, "2007-06-30": -170, "2007-03-31": "531.00000", "2006-12-31": -191, "2006-09-30": -350, "2006-06-30": 51, "2006-03-31": "331.00000", "2005-12-31": 237, "2005-09-30": 70, "2005-06-30": 80, "2005-03-31": "55.00000"}, "Change In Accounts Receivable": {"2020-12-31": 3609, "2020-09-30": -4027, "2020-06-30": -2345, "2020-03-31": "2763.00000", "2019-12-31": -701, "2019-09-30": 357, "2019-06-30": -902, "2019-03-31": "1121.00000", "2018-12-31": 905, "2018-09-30": 166, "2018-06-30": -1331, "2018-03-31": "-840.00000", "2017-12-31": -2179, "2017-09-30": -228, "2017-06-30": -1456, "2017-03-31": "435.00000", "2016-12-31": -555, "2016-09-30": 503, "2016-06-30": -771, "2016-03-31": "826.00000", "2015-12-31": -224, "2015-09-30": -137, "2015-06-30": -1066, "2015-03-31": "-333.00000", "2014-12-31": -268, "2014-09-30": -682, "2014-06-30": -138, "2014-03-31": "-593.00000", "2013-12-31": -826, "2013-09-30": -414, "2013-06-30": -300, "2013-03-31": "869.00000", "2012-12-31": -1275, "2012-09-30": -249, "2012-06-30": -475, "2012-03-31": "-496.00000", "2011-12-31": 339, "2011-09-30": 682, "2011-06-30": -301, "2011-03-31": "-159.00000", "2010-12-31": -1297, "2010-09-30": 24, "2010-06-30": -479, "2010-03-31": "-712.00000", "2009-12-31": -739, "2009-09-30": -260, "2009-06-30": -1045, "2009-03-31": "743.00000", "2008-12-31": 3748, "2008-09-30": 1793, "2008-06-30": -1258, "2008-03-31": "856.00000", "2007-12-31": -1063, "2007-09-30": 381, "2007-06-30": -868, "2007-03-31": "81.00000", "2006-12-31": -471, "2006-09-30": 456, "2006-06-30": -18, "2006-03-31": "52.00000", "2005-12-31": -649, "2005-09-30": -552, "2005-06-30": -126, "2005-03-31": "43.00000"}, "Change In Inventories": {"2020-12-31": 14431, "2020-09-30": 1767, "2020-06-30": -12388, "2020-03-31": "-3810.00000", "2019-12-31": -119, "2019-09-30": 31, "2019-06-30": 631, "2019-03-31": "-1520.00000", "2018-12-31": -90, "2018-09-30": 2146, "2018-06-30": 3974, "2018-03-31": "892.00000", "2017-12-31": -1953, "2017-09-30": 4573, "2017-06-30": 2978, "2017-03-31": "-665.00000", "2016-12-31": -747, "2016-09-30": -1817, "2016-06-30": 1627, "2016-03-31": "-614.00000", "2015-12-31": -2418, "2015-09-30": 782, "2015-06-30": 1546, "2015-03-31": "1256.00000", "2014-12-31": -835, "2014-09-30": -786, "2014-06-30": 1328, "2014-03-31": "3066.00000", "2013-12-31": -68, "2013-09-30": 3497, "2013-06-30": -57, "2013-03-31": "1663.00000", "2012-12-31": -3552, "2012-09-30": -2519, "2012-06-30": 4213, "2012-03-31": "-734.00000", "2011-12-31": 831, "2011-09-30": -2100, "2011-06-30": -802, "2011-03-31": "-371.00000", "2010-12-31": -2679, "2010-09-30": -1133, "2010-06-30": 750, "2010-03-31": "-733.00000", "2009-12-31": -1185, "2009-09-30": -2199, "2009-06-30": 440, "2009-03-31": "-1034.00000", "2008-12-31": -564, "2008-09-30": -4922, "2008-06-30": 1810, "2008-03-31": "-2158.00000", "2007-12-31": 270, "2007-09-30": -257, "2007-06-30": 1440, "2007-03-31": "329.00000", "2006-12-31": 49, "2006-09-30": 719, "2006-06-30": 2812, "2006-03-31": "824.00000", "2005-12-31": 97, "2005-09-30": 1876, "2005-06-30": 1091, "2005-03-31": "628.00000"}, "Change In Accounts Payable": {"2020-12-31": -8314, "2020-09-30": 1871, "2020-06-30": -3588, "2020-03-31": "10031.00000", "2019-12-31": 3598, "2019-09-30": 4609, "2019-06-30": 1312, "2019-03-31": "-3025.00000", "2018-12-31": 4832, "2018-09-30": -2408, "2018-06-30": -461, "2018-03-31": "-480.00000", "2017-12-31": 720, "2017-09-30": -2043, "2017-06-30": -1355, "2017-03-31": "-1973.00000", "2016-12-31": 2863, "2016-09-30": 18, "2016-06-30": 670, "2016-03-31": "-1023.00000", "2015-12-31": 2480, "2015-09-30": -236, "2015-06-30": -213, "2015-03-31": "-2343.00000", "2014-12-31": 1178, "2014-09-30": 1941, "2014-06-30": -1022, "2014-03-31": "-2732.00000", "2013-12-31": 1018, "2013-09-30": -2881, "2013-06-30": 542, "2013-03-31": "-3358.00000", "2012-12-31": 5513, "2012-09-30": 2909, "2012-06-30": -4482, "2012-03-31": "1038.00000", "2011-12-31": -1221, "2011-09-30": 1248, "2011-06-30": 1541, "2011-03-31": "1482.00000", "2010-12-31": 3091, "2010-09-30": 1338, "2010-06-30": 109, "2010-03-31": "631.00000", "2009-12-31": 2664, "2009-09-30": 1621, "2009-06-30": 1282, "2009-03-31": "479.00000", "2008-12-31": -2604, "2008-09-30": 1671, "2008-06-30": -715, "2008-03-31": "792.00000", "2007-12-31": 1347, "2007-09-30": -44, "2007-06-30": 79, "2007-03-31": "-1289.00000", "2006-12-31": 377, "2006-09-30": -1482, "2006-06-30": -2080, "2006-03-31": "-690.00000", "2005-12-31": 875, "2005-09-30": -1696, "2005-06-30": -877, "2005-03-31": "-930.00000"}, "Change In Assets/Liabilities": {"2020-12-31": 556, "2020-09-30": -1129, "2020-06-30": 659, "2020-03-31": "-86.00000", "2019-12-31": 290, "2019-09-30": -855, "2019-06-30": -10, "2019-03-31": "-375.00000", "2018-12-31": 903, "2018-09-30": 220, "2018-06-30": -156, "2018-03-31": "-362.00000", "2017-12-31": -762, "2017-09-30": 185, "2017-06-30": -204, "2017-03-31": "-139.00000", "2016-12-31": 361, "2016-09-30": 81, "2016-06-30": -237, "2016-03-31": "-131.00000", "2015-12-31": 518, "2015-09-30": 179, "2015-06-30": -179, "2015-03-31": "-312.00000", "2014-12-31": 336, "2014-09-30": 97, "2014-06-30": -162, "2014-03-31": "-105.00000", "2013-12-31": 302, "2013-09-30": 57, "2013-06-30": -45, "2013-03-31": "103.00000", "2012-12-31": -172, "2012-09-30": 61, "2012-06-30": 4, "2012-03-31": "-48.00000", "2011-12-31": 114, "2011-09-30": -73, "2011-06-30": -135, "2011-03-31": "25.00000", "2010-12-31": 241, "2010-09-30": -260, "2010-06-30": 218, "2010-03-31": "151.00000", "2009-12-31": -278, "2009-09-30": 170, "2009-06-30": -12, "2009-03-31": "-295.00000", "2008-12-31": -377, "2008-09-30": 566, "2008-06-30": -79, "2008-03-31": "-169.00000", "2007-12-31": -314, "2007-09-30": -73, "2007-06-30": 19, "2007-03-31": "-98.00000", "2006-12-31": 190, "2006-09-30": -33, "2006-06-30": 16, "2006-03-31": "-27.00000", "2005-12-31": -7, "2005-09-30": 15, "2005-06-30": -80, "2005-03-31": "-109.00000"}, "Total Change In Assets/Liabilities": {"2020-12-31": 10282, "2020-09-30": -1518, "2020-06-30": -17662, "2020-03-31": "8898.00000", "2019-12-31": 3068, "2019-09-30": 4142, "2019-06-30": 1031, "2019-03-31": "-3799.00000", "2018-12-31": 6550, "2018-09-30": 124, "2018-06-30": 2026, "2018-03-31": "-790.00000", "2017-12-31": -4174, "2017-09-30": 2487, "2017-06-30": -37, "2017-03-31": "-2342.00000", "2016-12-31": 1922, "2016-09-30": -1215, "2016-06-30": 1289, "2016-03-31": "-942.00000", "2015-12-31": 356, "2015-09-30": 588, "2015-06-30": 88, "2015-03-31": "-1732.00000", "2014-12-31": 411, "2014-09-30": 570, "2014-06-30": 6, "2014-03-31": "-364.00000", "2013-12-31": 426, "2013-09-30": 259, "2013-06-30": 140, "2013-03-31": "-723.00000", "2012-12-31": 514, "2012-09-30": 202, "2012-06-30": -740, "2012-03-31": "-240.00000", "2011-12-31": 63, "2011-09-30": -243, "2011-06-30": 303, "2011-03-31": "977.00000", "2010-12-31": -644, "2010-09-30": -31, "2010-06-30": 598, "2010-03-31": "-663.00000", "2009-12-31": 462, "2009-09-30": -668, "2009-06-30": 665, "2009-03-31": "-107.00000", "2008-12-31": 203, "2008-09-30": -892, "2008-06-30": -242, "2008-03-31": "-679.00000", "2007-12-31": 240, "2007-09-30": 7, "2007-06-30": 670, "2007-03-31": "-977.00000", "2006-12-31": 145, "2006-09-30": -340, "2006-06-30": 730, "2006-03-31": "159.00000", "2005-12-31": 316, "2005-09-30": -357, "2005-06-30": 8, "2005-03-31": "-368.00000"}, "Cash Flow From Operating Activities": {"2020-12-31": 6405, "2020-09-30": -80, "2020-06-30": -16443, "2020-03-31": "10118.00000", "2019-12-31": 4304, "2019-09-30": 5402, "2019-06-30": 2214, "2019-03-31": "-2595.00000", "2018-12-31": 7801, "2018-09-30": 1275, "2018-06-30": 3132, "2018-03-31": "248.00000", "2017-12-31": -3290, "2017-09-30": 3309, "2017-06-30": 719, "2017-03-31": "-1577.00000", "2016-12-31": 2629, "2016-09-30": -549, "2016-06-30": 1892, "2016-03-31": "-369.00000", "2015-12-31": 892, "2015-09-30": 1091, "2015-06-30": 568, "2015-03-31": "-1305.00000", "2014-12-31": 860, "2014-09-30": 987, "2014-06-30": 432, "2014-03-31": "69.00000", "2013-12-31": 831, "2013-09-30": 661, "2013-06-30": 532, "2013-03-31": "-368.00000", "2012-12-31": 893, "2012-09-30": 605, "2012-06-30": -330, "2012-03-31": "98.00000", "2011-12-31": 452, "2011-09-30": 94, "2011-06-30": 615, "2011-03-31": "1303.00000", "2010-12-31": -451, "2010-09-30": 166, "2010-06-30": 865, "2010-03-31": "-589.00000", "2009-12-31": 737, "2009-09-30": -406, "2009-06-30": 947, "2009-03-31": "159.00000", "2008-12-31": 714, "2008-09-30": -488, "2008-06-30": 98, "2008-03-31": "-322.00000", "2007-12-31": 578, "2007-09-30": 527, "2007-06-30": 811, "2007-03-31": "-170.00000", "2006-12-31": 416, "2006-09-30": -415, "2006-06-30": 1022, "2006-03-31": "737.00000", "2005-12-31": 736, "2005-09-30": -77, "2005-06-30": 277, "2005-03-31": "-159.00000"}, "Net Change In Property, Plant, And Equipment": {"2020-12-31": 465, "2020-09-30": -130, "2020-06-30": -179, "2020-03-31": "-156.00000", "2019-12-31": -193, "2019-09-30": -205, "2019-06-30": -171, "2019-03-31": "-139.00000", "2018-12-31": -170, "2018-09-30": -147, "2018-06-30": -131, "2018-03-31": "-122.00000", "2017-12-31": -133, "2017-09-30": -103, "2017-06-30": -84, "2017-03-31": "-80.00000", "2016-12-31": -74, "2016-09-30": -77, "2016-06-30": -139, "2016-03-31": "-56.00000", "2015-12-31": -62, "2015-09-30": -79, "2015-06-30": -70, "2015-03-31": "-55.00000", "2014-12-31": -90, "2014-09-30": -145, "2014-06-30": -112, "2014-03-31": "-53.00000", "2013-12-31": -73, "2013-09-30": -65, "2013-06-30": -62, "2013-03-31": "-49.00000", "2012-12-31": -41, "2012-09-30": -31, "2012-06-30": -34, "2012-03-31": "-42.00000", "2011-12-31": -43, "2011-09-30": -60, "2011-06-30": -39, "2011-03-31": "-38.00000", "2010-12-31": -47, "2010-09-30": -28, "2010-06-30": -25, "2010-03-31": "-29.00000", "2009-12-31": -32, "2009-09-30": -39, "2009-06-30": -37, "2009-03-31": "-32.00000", "2008-12-31": -60, "2008-09-30": -47, "2008-06-30": -33, "2008-03-31": "-48.00000", "2007-12-31": -52, "2007-09-30": -33, "2007-06-30": -44, "2007-03-31": "-39.00000", "2006-12-31": -40, "2006-09-30": -32, "2006-06-30": 32, "2006-03-31": "-19.00000", "2005-12-31": -1, "2005-09-30": -25, "2005-06-30": -29, "2005-03-31": "-23.00000"}, "Net Change In Intangible Assets": {"2020-12-31": 0, "2020-09-30": 0, "2020-06-30": 0, "2020-03-31": "", "2019-12-31": 0, "2019-09-30": 0, "2019-06-30": 0, "2019-03-31": "", "2018-12-31": 0, "2018-09-30": 0, "2018-06-30": 0, "2018-03-31": "", "2017-12-31": 0, "2017-09-30": 0, "2017-06-30": 0, "2017-03-31": "", "2016-12-31": 0, "2016-09-30": 0, "2016-06-30": 0, "2016-03-31": "", "2015-12-31": 0, "2015-09-30": 0, "2015-06-30": 0, "2015-03-31": "", "2014-12-31": 0, "2014-09-30": 0, "2014-06-30": 0, "2014-03-31": "", "2013-12-31": 0, "2013-09-30": 0, "2013-06-30": 0, "2013-03-31": "", "2012-12-31": 0, "2012-09-30": 0, "2012-06-30": 0, "2012-03-31": "", "2011-12-31": 0, "2011-09-30": 0, "2011-06-30": 0, "2011-03-31": "", "2010-12-31": 0, "2010-09-30": 0, "2010-06-30": 0, "2010-03-31": "", "2009-12-31": 0, "2009-09-30": 0, "2009-06-30": 0, "2009-03-31": "", "2008-12-31": 0, "2008-09-30": 0, "2008-06-30": 0, "2008-03-31": "", "2007-12-31": 0, "2007-09-30": 0, "2007-06-30": 0, "2007-03-31": "", "2006-12-31": 0, "2006-09-30": 0, "2006-06-30": 0, "2006-03-31": "", "2005-12-31": 0, "2005-09-30": 0, "2005-06-30": 0, "2005-03-31": ""}, "Net Acquisitions/Divestitures": {"2020-12-31": -2756, "2020-09-30": 0, "2020-06-30": 2756, "2020-03-31": "", "2019-12-31": 0, "2019-09-30": 2, "2019-06-30": -2, "2019-03-31": "", "2018-12-31": 0, "2018-09-30": 0, "2018-06-30": 0, "2018-03-31": "", "2017-12-31": 0, "2017-09-30": 0, "2017-06-30": 0, "2017-03-31": "", "2016-12-31": 0, "2016-09-30": 0, "2016-06-30": 0, "2016-03-31": "", "2015-12-31": 0, "2015-09-30": 0, "2015-06-30": 0, "2015-03-31": "", "2014-12-31": 0, "2014-09-30": 0, "2014-06-30": 0, "2014-03-31": "", "2013-12-31": 0, "2013-09-30": 0, "2013-06-30": 0, "2013-03-31": "", "2012-12-31": -80, "2012-09-30": 0, "2012-06-30": 0, "2012-03-31": "", "2011-12-31": -30, "2011-09-30": 84, "2011-06-30": 0, "2011-03-31": "", "2010-12-31": -44, "2010-09-30": 0, "2010-06-30": 0, "2010-03-31": "", "2009-12-31": 0, "2009-09-30": 0, "2009-06-30": 0, "2009-03-31": "", "2008-12-31": -5, "2008-09-30": 0, "2008-06-30": 0, "2008-03-31": "", "2007-12-31": -2, "2007-09-30": 3237, "2007-06-30": 0, "2007-03-31": "-117.00000", "2006-12-31": 0, "2006-09-30": 0, "2006-06-30": 0, "2006-03-31": "", "2005-12-31": 4, "2005-09-30": 2, "2005-06-30": -2, "2005-03-31": ""}, "Net Change In Short-term Investments": {"2020-12-31": 0, "2020-09-30": 0, "2020-06-30": 0, "2020-03-31": "", "2019-12-31": 0, "2019-09-30": 0, "2019-06-30": 0, "2019-03-31": "", "2018-12-31": 0, "2018-09-30": 0, "2018-06-30": 0, "2018-03-31": "", "2017-12-31": 0, "2017-09-30": 0, "2017-06-30": 0, "2017-03-31": "", "2016-12-31": 0, "2016-09-30": 0, "2016-06-30": 0, "2016-03-31": "", "2015-12-31": 0, "2015-09-30": 0, "2015-06-30": 0, "2015-03-31": "", "2014-12-31": 0, "2014-09-30": 0, "2014-06-30": 0, "2014-03-31": "", "2013-12-31": 0, "2013-09-30": 0, "2013-06-30": 0, "2013-03-31": "", "2012-12-31": 0, "2012-09-30": 0, "2012-06-30": 0, "2012-03-31": "", "2011-12-31": 0, "2011-09-30": 0, "2011-06-30": 0, "2011-03-31": "", "2010-12-31": 0, "2010-09-30": 0, "2010-06-30": 0, "2010-03-31": "", "2009-12-31": 0, "2009-09-30": 0, "2009-06-30": 0, "2009-03-31": "", "2008-12-31": 0, "2008-09-30": 0, "2008-06-30": 0, "2008-03-31": "", "2007-12-31": 0, "2007-09-30": 0, "2007-06-30": 0, "2007-03-31": "", "2006-12-31": 0, "2006-09-30": 0, "2006-06-30": 0, "2006-03-31": "", "2005-12-31": 0, "2005-09-30": 0, "2005-06-30": 0, "2005-03-31": ""}, "Net Change In Long-Term Investments": {"2020-12-31": 101491, "2020-09-30": -24389, "2020-06-30": -59411, "2020-03-31": "-17691.00000", "2019-12-31": 328, "2019-09-30": -6680, "2019-06-30": 2492, "2019-03-31": "18318.00000", "2018-12-31": -14300, "2018-09-30": -6220, "2018-06-30": -12789, "2018-03-31": "-6451.00000", "2017-12-31": -12860, "2017-09-30": -5362, "2017-06-30": 6377, "2017-03-31": "-7098.00000", "2016-12-31": -12140, "2016-09-30": -11884, "2016-06-30": -4701, "2016-03-31": "-8562.00000", "2015-12-31": -9509, "2015-09-30": -6026, "2015-06-30": -3421, "2015-03-31": "-8386.00000", "2014-12-31": -3102, "2014-09-30": -489, "2014-06-30": -399, "2014-03-31": "-2978.00000", "2013-12-31": -1901, "2013-09-30": -6201, "2013-06-30": -2609, "2013-03-31": "-7458.00000", "2012-12-31": -12083, "2012-09-30": -2077, "2012-06-30": -2638, "2012-03-31": "-3712.00000", "2011-12-31": -4641, "2011-09-30": -1539, "2011-06-30": -308, "2011-03-31": "-935.00000", "2010-12-31": -4044, "2010-09-30": -7130, "2010-06-30": -1166, "2010-03-31": "-4131.00000", "2009-12-31": -3483, "2009-09-30": -4166, "2009-06-30": -3542, "2009-03-31": "-1451.00000", "2008-12-31": -1836, "2008-09-30": -763, "2008-06-30": -3101, "2008-03-31": "-2367.00000", "2007-12-31": 109, "2007-09-30": 278, "2007-06-30": -1509, "2007-03-31": "-398.00000", "2006-12-31": -64, "2006-09-30": 58, "2006-06-30": -1200, "2006-03-31": "-1083.00000", "2005-12-31": -654, "2005-09-30": -418, "2005-06-30": -82, "2005-03-31": "-321.00000"}, "Net Change In Investments - Total": {"2020-12-31": 101491, "2020-09-30": -24389, "2020-06-30": -59411, "2020-03-31": "-17691.00000", "2019-12-31": 328, "2019-09-30": -6680, "2019-06-30": 2492, "2019-03-31": "18318.00000", "2018-12-31": -14300, "2018-09-30": -6220, "2018-06-30": -12789, "2018-03-31": "-6451.00000", "2017-12-31": -12860, "2017-09-30": -5362, "2017-06-30": 6377, "2017-03-31": "-7098.00000", "2016-12-31": -12140, "2016-09-30": -11884, "2016-06-30": -4701, "2016-03-31": "-8562.00000", "2015-12-31": -9509, "2015-09-30": -6026, "2015-06-30": -3421, "2015-03-31": "-8386.00000", "2014-12-31": -3102, "2014-09-30": -489, "2014-06-30": -399, "2014-03-31": "-2978.00000", "2013-12-31": -1901, "2013-09-30": -6201, "2013-06-30": -2609, "2013-03-31": "-7458.00000", "2012-12-31": -12083, "2012-09-30": -2077, "2012-06-30": -2638, "2012-03-31": "-3712.00000", "2011-12-31": -4641, "2011-09-30": -1539, "2011-06-30": -308, "2011-03-31": "-935.00000", "2010-12-31": -4044, "2010-09-30": -7130, "2010-06-30": -1166, "2010-03-31": "-4131.00000", "2009-12-31": -3483, "2009-09-30": -4166, "2009-06-30": -3542, "2009-03-31": "-1451.00000", "2008-12-31": -1836, "2008-09-30": -763, "2008-06-30": -3101, "2008-03-31": "-2367.00000", "2007-12-31": 109, "2007-09-30": 278, "2007-06-30": -1509, "2007-03-31": "-398.00000", "2006-12-31": -64, "2006-09-30": 58, "2006-06-30": -1200, "2006-03-31": "-1083.00000", "2005-12-31": -654, "2005-09-30": -418, "2005-06-30": -82, "2005-03-31": "-321.00000"}, "Investing Activities - Other": {"2020-12-31": 4245, "2020-09-30": -1481, "2020-06-30": -1415, "2020-03-31": "-1349.00000", "2019-12-31": -1430, "2019-09-30": -306, "2019-06-30": -156, "2019-03-31": "106.00000", "2018-12-31": -65, "2018-09-30": 1, "2018-06-30": -195, "2018-03-31": "34.00000", "2017-12-31": -249, "2017-09-30": -449, "2017-06-30": -2023, "2017-03-31": "1591.00000", "2016-12-31": -517, "2016-09-30": -249, "2016-06-30": -232, "2016-03-31": "-144.00000", "2015-12-31": -134, "2015-09-30": -245, "2015-06-30": -415, "2015-03-31": "-221.00000", "2014-12-31": -347, "2014-09-30": -212, "2014-06-30": -289, "2014-03-31": "-179.00000", "2013-12-31": -319, "2013-09-30": -339, "2013-06-30": -446, "2013-03-31": "-528.00000", "2012-12-31": 4786, "2012-09-30": -246, "2012-06-30": -96, "2012-03-31": "34.00000", "2011-12-31": -132, "2011-09-30": -239, "2011-06-30": -334, "2011-03-31": "-413.00000", "2010-12-31": 2127, "2010-09-30": -393, "2010-06-30": -225, "2010-03-31": "-275.00000", "2009-12-31": -354, "2009-09-30": -339, "2009-06-30": -298, "2009-03-31": "-284.00000", "2008-12-31": -525, "2008-09-30": -650, "2008-06-30": -865, "2008-03-31": "-601.00000", "2007-12-31": -382, "2007-09-30": -340, "2007-06-30": -347, "2007-03-31": "6.00000", "2006-12-31": -144, "2006-09-30": -367, "2006-06-30": -103, "2006-03-31": "-278.00000", "2005-12-31": -450, "2005-09-30": -615, "2005-06-30": -428, "2005-03-31": "-326.00000"}, "Cash Flow From Investing Activities": {"2020-12-31": 103445, "2020-09-30": -26000, "2020-06-30": -58249, "2020-03-31": "-19196.00000", "2019-12-31": -1295, "2019-09-30": -7189, "2019-06-30": 2163, "2019-03-31": "18285.00000", "2018-12-31": -14535, "2018-09-30": -6366, "2018-06-30": -13115, "2018-03-31": "-6539.00000", "2017-12-31": -13242, "2017-09-30": -5914, "2017-06-30": 4270, "2017-03-31": "-5587.00000", "2016-12-31": -12731, "2016-09-30": -12210, "2016-06-30": -5072, "2016-03-31": "-8762.00000", "2015-12-31": -9705, "2015-09-30": -6350, "2015-06-30": -3906, "2015-03-31": "-8662.00000", "2014-12-31": -3539, "2014-09-30": -846, "2014-06-30": -800, "2014-03-31": "-3210.00000", "2013-12-31": -2293, "2013-09-30": -6605, "2013-06-30": -3117, "2013-03-31": "-8035.00000", "2012-12-31": -7418, "2012-09-30": -2354, "2012-06-30": -2768, "2012-03-31": "-3720.00000", "2011-12-31": -4846, "2011-09-30": -1754, "2011-06-30": -681, "2011-03-31": "-1386.00000", "2010-12-31": -2008, "2010-09-30": -7551, "2010-06-30": -1416, "2010-03-31": "-4435.00000", "2009-12-31": -3869, "2009-09-30": -4544, "2009-06-30": -3877, "2009-03-31": "-1767.00000", "2008-12-31": -2426, "2008-09-30": -1460, "2008-06-30": -3999, "2008-03-31": "-3016.00000", "2007-12-31": -327, "2007-09-30": 3142, "2007-06-30": -1900, "2007-03-31": "-548.00000", "2006-12-31": -248, "2006-09-30": -341, "2006-06-30": -1271, "2006-03-31": "-1380.00000", "2005-12-31": -1101, "2005-09-30": -1056, "2005-06-30": -541, "2005-03-31": "-670.00000"}, "Net Long-Term Debt": {"2020-12-31": -389, "2020-09-30": -700, "2020-06-30": 0, "2020-03-31": "1089.00000", "2019-12-31": 0, "2019-09-30": 0, "2019-06-30": 593, "2019-03-31": "", "2018-12-31": 1085, "2018-09-30": -2, "2018-06-30": 1659, "2018-03-31": "-627.00000", "2017-12-31": 1485, "2017-09-30": -252, "2017-06-30": -2, "2017-03-31": "641.00000", "2016-12-31": -2, "2016-09-30": -2, "2016-06-30": -2, "2016-03-31": "-1.00000", "2015-12-31": -3, "2015-09-30": -2, "2015-06-30": -2, "2015-03-31": "996.00000", "2014-12-31": -1, "2014-09-30": -1, "2014-06-30": -2, "2014-03-31": "-2.00000", "2013-12-31": -2, "2013-09-30": 274, "2013-06-30": -1, "2013-03-31": "-2.00000", "2012-12-31": -175, "2012-09-30": -204, "2012-06-30": -2, "2012-03-31": "-1.00000", "2011-12-31": -1, "2011-09-30": -112, "2011-06-30": -2, "2011-03-31": "-1.00000", "2010-12-31": -1, "2010-09-30": 700, "2010-06-30": -2, "2010-03-31": "-201.00000", "2009-12-31": -1, "2009-09-30": -39, "2009-06-30": 746, "2009-03-31": "-39.00000", "2008-12-31": -1, "2008-09-30": -2, "2008-06-30": -16, "2008-03-31": "-1.00000", "2007-12-31": 267, "2007-09-30": 239, "2007-06-30": 0, "2007-03-31": "", "2006-12-31": 0, "2006-09-30": -28, "2006-06-30": -40, "2006-03-31": "", "2005-12-31": -20, "2005-09-30": -21, "2005-06-30": -15, "2005-03-31": ""}, "Net Current Debt": {"2020-12-31": 0, "2020-09-30": 0, "2020-06-30": 0, "2020-03-31": "", "2019-12-31": 0, "2019-09-30": 0, "2019-06-30": 0, "2019-03-31": "", "2018-12-31": 0, "2018-09-30": -30266, "2018-06-30": 30266, "2018-03-31": "-15000.00000", "2017-12-31": 10000, "2017-09-30": 4700, "2017-06-30": -300, "2017-03-31": "600.00000", "2016-12-31": -3001, "2016-09-30": -1999, "2016-06-30": 4200, "2016-03-31": "800.00000", "2015-12-31": 0, "2015-09-30": 0, "2015-06-30": 0, "2015-03-31": "", "2014-12-31": 0, "2014-09-30": 0, "2014-06-30": 0, "2014-03-31": "", "2013-12-31": 0, "2013-09-30": 0, "2013-06-30": 0, "2013-03-31": "-300.00000", "2012-12-31": 300, "2012-09-30": 0, "2012-06-30": 0, "2012-03-31": "", "2011-12-31": 0, "2011-09-30": 0, "2011-06-30": -58, "2011-03-31": "58.00000", "2010-12-31": 0, "2010-09-30": 0, "2010-06-30": 0, "2010-03-31": "", "2009-12-31": 0, "2009-09-30": 0, "2009-06-30": 0, "2009-03-31": "", "2008-12-31": 0, "2008-09-30": 0, "2008-06-30": 0, "2008-03-31": "", "2007-12-31": 0, "2007-09-30": 0, "2007-06-30": 0, "2007-03-31": "", "2006-12-31": 0, "2006-09-30": 0, "2006-06-30": 0, "2006-03-31": "", "2005-12-31": -179, "2005-09-30": -316, "2005-06-30": 366, "2005-03-31": "129.00000"}, "Debt Issuance/Retirement Net - Total": {"2020-12-31": -389, "2020-09-30": -700, "2020-06-30": 0, "2020-03-31": "1089.00000", "2019-12-31": 0, "2019-09-30": 0, "2019-06-30": 593, "2019-03-31": "", "2018-12-31": 1085, "2018-09-30": -30268, "2018-06-30": 31925, "2018-03-31": "-15627.00000", "2017-12-31": 11485, "2017-09-30": 4448, "2017-06-30": -302, "2017-03-31": "1241.00000", "2016-12-31": -3003, "2016-09-30": -2001, "2016-06-30": 4198, "2016-03-31": "799.00000", "2015-12-31": -3, "2015-09-30": -2, "2015-06-30": -2, "2015-03-31": "996.00000", "2014-12-31": -1, "2014-09-30": -1, "2014-06-30": -2, "2014-03-31": "-2.00000", "2013-12-31": -2, "2013-09-30": 274, "2013-06-30": -1, "2013-03-31": "-302.00000", "2012-12-31": 125, "2012-09-30": -204, "2012-06-30": -2, "2012-03-31": "-1.00000", "2011-12-31": -1, "2011-09-30": -112, "2011-06-30": -60, "2011-03-31": "57.00000", "2010-12-31": -1, "2010-09-30": 700, "2010-06-30": -2, "2010-03-31": "-201.00000", "2009-12-31": -1, "2009-09-30": -39, "2009-06-30": 746, "2009-03-31": "-39.00000", "2008-12-31": -1, "2008-09-30": -2, "2008-06-30": -16, "2008-03-31": "-1.00000", "2007-12-31": 267, "2007-09-30": 239, "2007-06-30": 0, "2007-03-31": "", "2006-12-31": 0, "2006-09-30": -28, "2006-06-30": -40, "2006-03-31": "", "2005-12-31": -199, "2005-09-30": -337, "2005-06-30": 351, "2005-03-31": "129.00000"}, "Net Common Equity Issued/Repurchased": {"2020-12-31": -2505, "2020-09-30": 6, "2020-06-30": 2476, "2020-03-31": "23.00000", "2019-12-31": -203, "2019-09-30": -792, "2019-06-30": -1133, "2019-03-31": "26.00000", "2018-12-31": -983, "2018-09-30": 9, "2018-06-30": 50, "2018-03-31": "49.00000", "2017-12-31": 73, "2017-09-30": 27, "2017-06-30": 13, "2017-03-31": "58.00000", "2016-12-31": 113, "2016-09-30": 12, "2016-06-30": 12, "2016-03-31": "7.00000", "2015-12-31": 23, "2015-09-30": 17, "2015-06-30": 22, "2015-03-31": "28.00000", "2014-12-31": 51, "2014-09-30": 57, "2014-06-30": 16, "2014-03-31": "65.00000", "2013-12-31": 118, "2013-09-30": 59, "2013-06-30": 56, "2013-03-31": "25.00000", "2012-12-31": -854, "2012-09-30": 5, "2012-06-30": 475, "2012-03-31": "409.00000", "2011-12-31": 7, "2011-09-30": 16, "2011-06-30": 35, "2011-03-31": "38.00000", "2010-12-31": 12, "2010-09-30": 4, "2010-06-30": 7, "2010-03-31": "555.00000", "2009-12-31": 7, "2009-09-30": 15, "2009-06-30": 19, "2009-03-31": "12.00000", "2008-12-31": 15, "2008-09-30": 41, "2008-06-30": 54, "2008-03-31": "-329.00000", "2007-12-31": 67, "2007-09-30": -2004, "2007-06-30": -98, "2007-03-31": "-293.00000", "2006-12-31": -52, "2006-09-30": -250, "2006-06-30": -249, "2006-03-31": "-64.00000", "2005-12-31": -64, "2005-09-30": -157, "2005-06-30": -139, "2005-03-31": "-222.00000"}, "Net Total Equity Issued/Repurchased": {"2020-12-31": -2505, "2020-09-30": 6, "2020-06-30": 2476, "2020-03-31": "23.00000", "2019-12-31": -203, "2019-09-30": -792, "2019-06-30": -1133, "2019-03-31": "26.00000", "2018-12-31": -983, "2018-09-30": 9, "2018-06-30": 50, "2018-03-31": "49.00000", "2017-12-31": 80, "2017-09-30": 27, "2017-06-30": 13, "2017-03-31": "58.00000", "2016-12-31": 704, "2016-09-30": 12, "2016-06-30": 12, "2016-03-31": "732.00000", "2015-12-31": 23, "2015-09-30": 598, "2015-06-30": 22, "2015-03-31": "28.00000", "2014-12-31": 51, "2014-09-30": 57, "2014-06-30": 16, "2014-03-31": "65.00000", "2013-12-31": 118, "2013-09-30": 59, "2013-06-30": 56, "2013-03-31": "25.00000", "2012-12-31": 9, "2012-09-30": 5, "2012-06-30": 475, "2012-03-31": "409.00000", "2011-12-31": 7, "2011-09-30": 16, "2011-06-30": 35, "2011-03-31": "38.00000", "2010-12-31": 12, "2010-09-30": 4, "2010-06-30": 7, "2010-03-31": "555.00000", "2009-12-31": 7, "2009-09-30": 15, "2009-06-30": 19, "2009-03-31": "12.00000", "2008-12-31": 15, "2008-09-30": 41, "2008-06-30": 54, "2008-03-31": "-329.00000", "2007-12-31": 67, "2007-09-30": -2004, "2007-06-30": -98, "2007-03-31": "-293.00000", "2006-12-31": -52, "2006-09-30": -250, "2006-06-30": -249, "2006-03-31": "-64.00000", "2005-12-31": -64, "2005-09-30": -157, "2005-06-30": -139, "2005-03-31": "-222.00000"}, "Total Common And Preferred Stock Dividends Paid": {"2020-12-31": 874, "2020-09-30": -327, "2020-06-30": -266, "2020-03-31": "-281.00000", "2019-12-31": -252, "2019-09-30": -271, "2019-06-30": -261, "2019-03-31": "-276.00000", "2018-12-31": -208, "2018-09-30": -225, "2018-06-30": -170, "2018-03-31": "-184.00000", "2017-12-31": -136, "2017-09-30": -163, "2017-06-30": -135, "2017-03-31": "-158.00000", "2016-12-31": -121, "2016-09-30": -135, "2016-06-30": -120, "2016-03-31": "-110.00000", "2015-12-31": -99, "2015-09-30": -100, "2015-06-30": -88, "2015-03-31": "-100.00000", "2014-12-31": -87, "2014-09-30": -100, "2014-06-30": -86, "2014-03-31": "-100.00000", "2013-12-31": -85, "2013-09-30": -99, "2013-06-30": -86, "2013-03-31": "-98.00000", "2012-12-31": -85, "2012-09-30": -98, "2012-06-30": -77, "2012-03-31": "-77.00000", "2011-12-31": -77, "2011-09-30": -73, "2011-06-30": -73, "2011-03-31": "-72.00000", "2010-12-31": -73, "2010-09-30": -72, "2010-06-30": -71, "2010-03-31": "-72.00000", "2009-12-31": -70, "2009-09-30": -70, "2009-06-30": -70, "2009-03-31": "-69.00000", "2008-12-31": -68, "2008-09-30": -70, "2008-06-30": -57, "2008-03-31": "-58.00000", "2007-12-31": -58, "2007-09-30": -1317, "2007-06-30": -62, "2007-03-31": "-63.00000", "2006-12-31": -64, "2006-09-30": -38, "2006-06-30": -39, "2006-03-31": "-32.00000", "2005-12-31": -32, "2005-09-30": -29, "2005-06-30": -29, "2005-03-31": "-26.00000"}, "Financial Activities - Other": {"2020-12-31": -100615, "2020-09-30": 19150, "2020-06-30": 24088, "2020-03-31": "57377.00000", "2019-12-31": 10739, "2019-09-30": 952, "2019-06-30": -11082, "2019-03-31": "-11979.00000", "2018-12-31": 17973, "2018-09-30": 43751, "2018-06-30": -20529, "2018-03-31": "20518.00000", "2017-12-31": 4342, "2017-09-30": 2961, "2017-06-30": -4589, "2017-03-31": "3427.00000", "2016-12-31": 13860, "2016-09-30": 12338, "2016-06-30": 1609, "2016-03-31": "6189.00000", "2015-12-31": 10504, "2015-09-30": 6112, "2015-06-30": 3412, "2015-03-31": "6691.00000", "2014-12-31": 5491, "2014-09-30": 1659, "2014-06-30": 99, "2014-03-31": "2623.00000", "2013-12-31": 1797, "2013-09-30": 6838, "2013-06-30": 1919, "2013-03-31": "3046.00000", "2012-12-31": 10616, "2012-09-30": 2480, "2012-06-30": 3997, "2012-03-31": "1406.00000", "2011-12-31": 6768, "2011-09-30": 1739, "2011-06-30": 1082, "2011-03-31": "677.00000", "2010-12-31": 1751, "2010-09-30": 2944, "2010-06-30": 3833, "2010-03-31": "2795.00000", "2009-12-31": 3321, "2009-09-30": 3798, "2009-06-30": 5062, "2009-03-31": "2797.00000", "2008-12-31": 1885, "2008-09-30": 2063, "2008-06-30": 4368, "2008-03-31": "1753.00000", "2007-12-31": 1368, "2007-09-30": 811, "2007-06-30": 1463, "2007-03-31": "-176.00000", "2006-12-31": 1138, "2006-09-30": 1476, "2006-06-30": 1378, "2006-03-31": "946.00000", "2005-12-31": 1203, "2005-09-30": 929, "2005-06-30": 557, "2005-03-31": "310.00000"}, "Cash Flow From Financial Activities": {"2020-12-31": -102635, "2020-09-30": 18129, "2020-06-30": 26298, "2020-03-31": "58208.00000", "2019-12-31": 10284, "2019-09-30": -111, "2019-06-30": -11883, "2019-03-31": "-12229.00000", "2018-12-31": 17867, "2018-09-30": 13267, "2018-06-30": 11276, "2018-03-31": "4756.00000", "2017-12-31": 15771, "2017-09-30": 7273, "2017-06-30": -5013, "2017-03-31": "4568.00000", "2016-12-31": 11440, "2016-09-30": 10214, "2016-06-30": 5699, "2016-03-31": "7610.00000", "2015-12-31": 10425, "2015-09-30": 6608, "2015-06-30": 3344, "2015-03-31": "7615.00000", "2014-12-31": 5454, "2014-09-30": 1615, "2014-06-30": 27, "2014-03-31": "2586.00000", "2013-12-31": 1828, "2013-09-30": 7072, "2013-06-30": 1888, "2013-03-31": "2671.00000", "2012-12-31": 10665, "2012-09-30": 2183, "2012-06-30": 4393, "2012-03-31": "1737.00000", "2011-12-31": 6697, "2011-09-30": 1570, "2011-06-30": 984, "2011-03-31": "700.00000", "2010-12-31": 1689, "2010-09-30": 3576, "2010-06-30": 3767, "2010-03-31": "3077.00000", "2009-12-31": 3257, "2009-09-30": 3704, "2009-06-30": 5757, "2009-03-31": "2701.00000", "2008-12-31": 1831, "2008-09-30": 2032, "2008-06-30": 4349, "2008-03-31": "1365.00000", "2007-12-31": 1644, "2007-09-30": -2271, "2007-06-30": 1303, "2007-03-31": "-532.00000", "2006-12-31": 1022, "2006-09-30": 1160, "2006-06-30": 1050, "2006-03-31": "850.00000", "2005-12-31": 908, "2005-09-30": 406, "2005-06-30": 740, "2005-03-31": "191.00000"}, "Net Cash Flow": {"2020-12-31": 7215, "2020-09-30": -7951, "2020-06-30": -48394, "2020-03-31": "49130.00000", "2019-12-31": 13293, "2019-09-30": -1898, "2019-06-30": -7506, "2019-03-31": "3461.00000", "2018-12-31": 11133, "2018-09-30": 8176, "2018-06-30": 1293, "2018-03-31": "-1535.00000", "2017-12-31": -761, "2017-09-30": 4668, "2017-06-30": -24, "2017-03-31": "-2596.00000", "2016-12-31": 1338, "2016-09-30": -2545, "2016-06-30": 2519, "2016-03-31": "-1521.00000", "2015-12-31": 1612, "2015-09-30": 1349, "2015-06-30": 6, "2015-03-31": "-2352.00000", "2014-12-31": 2775, "2014-09-30": 1756, "2014-06-30": -341, "2014-03-31": "-555.00000", "2013-12-31": 366, "2013-09-30": 1128, "2013-06-30": -697, "2013-03-31": "-5732.00000", "2012-12-31": 4140, "2012-09-30": 434, "2012-06-30": 1295, "2012-03-31": "-1885.00000", "2011-12-31": 2303, "2011-09-30": -90, "2011-06-30": 918, "2011-03-31": "617.00000", "2010-12-31": -770, "2010-09-30": -3809, "2010-06-30": 3216, "2010-03-31": "-1947.00000", "2009-12-31": 125, "2009-09-30": -1246, "2009-06-30": 2827, "2009-03-31": "1093.00000", "2008-12-31": 119, "2008-09-30": 84, "2008-06-30": 448, "2008-03-31": "-1973.00000", "2007-12-31": 1895, "2007-09-30": 1398, "2007-06-30": 214, "2007-03-31": "-1250.00000", "2006-12-31": 1190, "2006-09-30": 404, "2006-06-30": 801, "2006-03-31": "207.00000", "2005-12-31": 543, "2005-09-30": -727, "2005-06-30": 476, "2005-03-31": "-638.00000"}, "Stock-Based Compensation": {"2020-12-31": -124, "2020-09-30": 33, "2020-06-30": 35, "2020-03-31": "56.00000", "2019-12-31": 52, "2019-09-30": 36, "2019-06-30": 39, "2019-03-31": "56.00000", "2018-12-31": 84, "2018-09-30": 30, "2018-06-30": 33, "2018-03-31": "50.00000", "2017-12-31": 42, "2017-09-30": 27, "2017-06-30": 32, "2017-03-31": "52.00000", "2016-12-31": 40, "2016-09-30": 26, "2016-06-30": 28, "2016-03-31": "47.00000", "2015-12-31": 37, "2015-09-30": 29, "2015-06-30": 30, "2015-03-31": "39.00000", "2014-12-31": 35, "2014-09-30": 26, "2014-06-30": 25, "2014-03-31": "29.00000", "2013-12-31": 33, "2013-09-30": 24, "2013-06-30": 22, "2013-03-31": "37.00000", "2012-12-31": 26, "2012-09-30": 25, "2012-06-30": 29, "2012-03-31": "25.00000", "2011-12-31": 26, "2011-09-30": 26, "2011-06-30": 29, "2011-03-31": "18.00000", "2010-12-31": 23, "2010-09-30": 21, "2010-06-30": 22, "2010-03-31": "21.00000", "2009-12-31": 21, "2009-09-30": 19, "2009-06-30": 17, "2009-03-31": "18.00000", "2008-12-31": 20, "2008-09-30": 16, "2008-06-30": 16, "2008-03-31": "17.00000", "2007-12-31": 18, "2007-09-30": 14, "2007-06-30": 14, "2007-03-31": "12.00000", "2006-12-31": 13, "2006-09-30": 8, "2006-06-30": 9, "2006-03-31": "9.00000", "2005-12-31": 2, "2005-09-30": 4, "2005-06-30": 5, "2005-03-31": "6.00000"}, "Common Stock Dividends Paid": {"2020-12-31": 874, "2020-09-30": -327, "2020-06-30": -266, "2020-03-31": "-281.00000", "2019-12-31": -252, "2019-09-30": -271, "2019-06-30": -261, "2019-03-31": "-276.00000", "2018-12-31": -208, "2018-09-30": -225, "2018-06-30": -170, "2018-03-31": "-184.00000", "2017-12-31": -136, "2017-09-30": -163, "2017-06-30": -135, "2017-03-31": "-158.00000", "2016-12-31": -121, "2016-09-30": -135, "2016-06-30": -120, "2016-03-31": "-110.00000", "2015-12-31": -99, "2015-09-30": -100, "2015-06-30": -88, "2015-03-31": "-100.00000", "2014-12-31": -87, "2014-09-30": -100, "2014-06-30": -86, "2014-03-31": "-100.00000", "2013-12-31": -85, "2013-09-30": -99, "2013-06-30": -86, "2013-03-31": "-98.00000", "2012-12-31": -85, "2012-09-30": -98, "2012-06-30": -77, "2012-03-31": "-77.00000", "2011-12-31": -77, "2011-09-30": -73, "2011-06-30": -73, "2011-03-31": "-72.00000", "2010-12-31": -73, "2010-09-30": -72, "2010-06-30": -71, "2010-03-31": "-72.00000", "2009-12-31": -70, "2009-09-30": -70, "2009-06-30": -70, "2009-03-31": "-69.00000", "2008-12-31": -68, "2008-09-30": -70, "2008-06-30": -57, "2008-03-31": "-58.00000", "2007-12-31": -58, "2007-09-30": -1317, "2007-06-30": -62, "2007-03-31": "-63.00000", "2006-12-31": -64, "2006-09-30": -38, "2006-06-30": -39, "2006-03-31": "-32.00000", "2005-12-31": -32, "2005-09-30": -29, "2005-06-30": -29, "2005-03-31": "-26.00000"}}, "financial ratios": {"Current Ratio": {"2019-12-31": "0.33910", "2018-12-31": "0.29660", "2017-12-31": "1.08420", "2016-12-31": "0.32700", "2015-12-31": "0.38430", "2014-12-31": "0.44130", "2013-12-31": "0.44670", "2012-12-31": "0.54150", "2011-12-31": "0.57150", "2010-12-31": "0.57600", "2009-12-31": "0.64160", "2008-12-31": "0.74310", "2007-12-31": "0.87020", "2006-12-31": "1.03370", "2005-12-31": "1.01900"}, "Long-term Debt / Capital": {"2019-12-31": "0.25470", "2018-12-31": "0.24970", "2017-12-31": "0.20420", "2016-12-31": "0.14900", "2015-12-31": "0.17670", "2014-12-31": "0.13860", "2013-12-31": "0.15490", "2012-12-31": "0.14540", "2011-12-31": "0.20600", "2010-12-31": "0.24370", "2009-12-31": "0.22960", "2008-12-31": "0.17860", "2007-12-31": "0.19410", "2006-12-31": "0.07190", "2005-12-31": "0.09410"}, "Debt/Equity Ratio": {"2019-12-31": "0.34170", "2018-12-31": "0.33280", "2017-12-31": "1.06630", "2016-12-31": "0.17510", "2015-12-31": "0.21470", "2014-12-31": "0.16090", "2013-12-31": "0.18330", "2012-12-31": "0.17020", "2011-12-31": "0.25940", "2010-12-31": "0.32220", "2009-12-31": "0.29800", "2008-12-31": "0.21740", "2007-12-31": "0.24090", "2006-12-31": "0.07750", "2005-12-31": "0.15440"}, "Gross Margin": {"2019-12-31": "100.00000", "2018-12-31": "100.00000", "2017-12-31": "100.00000", "2016-12-31": "100.00000", "2015-12-31": "100.00000", "2014-12-31": "100.00000", "2013-12-31": "100.00000", "2012-12-31": "100.00000", "2011-12-31": "100.00000", "2010-12-31": "100.00000", "2009-12-31": "100.00000", "2008-12-31": "100.00000", "2007-12-31": "100.00000", "2006-12-31": "100.00000", "2005-12-31": "100.00000"}, "Operating Margin": {"2019-12-31": "48.79210", "2018-12-31": "49.98030", "2017-12-31": "47.54000", "2016-12-31": "45.09230", "2015-12-31": "41.08150", "2014-12-31": "40.04620", "2013-12-31": "36.89050", "2012-12-31": "35.30620", "2011-12-31": "35.40820", "2010-12-31": "24.97650", "2009-12-31": "35.77390", "2008-12-31": "43.57280", "2007-12-31": "40.46860", "2006-12-31": "37.57250", "2005-12-31": "32.27410"}, "EBIT Margin": {"2019-12-31": "48.79210", "2018-12-31": "49.98030", "2017-12-31": "47.54000", "2016-12-31": "45.09230", "2015-12-31": "41.08150", "2014-12-31": "40.04620", "2013-12-31": "36.89050", "2012-12-31": "35.30620", "2011-12-31": "35.40820", "2010-12-31": "24.97650", "2009-12-31": "35.77390", "2008-12-31": "43.57280", "2007-12-31": "40.46860", "2006-12-31": "37.57250", "2005-12-31": "32.27410"}, "EBITDA Margin": {"2019-12-31": "56.20740", "2018-12-31": "56.45480", "2017-12-31": "54.62980", "2016-12-31": "51.77860", "2015-12-31": "47.13170", "2014-12-31": "45.39450", "2013-12-31": "43.58790", "2012-12-31": "43.86650", "2011-12-31": "41.61160", "2010-12-31": "29.23730", "2009-12-31": "39.13670", "2008-12-31": "46.52430", "2007-12-31": "43.59230", "2006-12-31": "41.21610", "2005-12-31": "37.22020"}, "Pre-Tax Profit Margin": {"2019-12-31": "45.21970", "2018-12-31": "45.02570", "2017-12-31": "42.35320", "2016-12-31": "40.02410", "2015-12-31": "35.72100", "2014-12-31": "34.91250", "2013-12-31": "31.37070", "2012-12-31": "29.69490", "2011-12-31": "29.67390", "2010-12-31": "18.33800", "2009-12-31": "30.43170", "2008-12-31": "39.37860", "2007-12-31": "37.10450", "2006-12-31": "34.25390", "2005-12-31": "28.37800"}, "Net Profit Margin": {"2019-12-31": "32.88870", "2018-12-31": "32.85630", "2017-12-31": "25.29590", "2016-12-31": "23.34850", "2015-12-31": "21.37930", "2014-12-31": "20.81550", "2013-12-31": "18.58330", "2012-12-31": "18.08320", "2011-12-31": "18.41830", "2010-12-31": "10.68740", "2009-12-31": "18.76940", "2008-12-31": "23.53400", "2007-12-31": "48.19780", "2006-12-31": "28.47530", "2005-12-31": "20.03320"}, "Asset Turnover": {"2019-12-31": "0.03650", "2018-12-31": "0.03420", "2017-12-31": "0.03540", "2016-12-31": "0.03350", "2015-12-31": "0.03470", "2014-12-31": "0.03920", "2013-12-31": "0.03780", "2012-12-31": "0.03650", "2011-12-31": "0.04320", "2010-12-31": "0.04590", "2009-12-31": "0.05560", "2008-12-31": "0.09970", "2007-12-31": "0.11810", "2006-12-31": "0.08800", "2005-12-31": "0.07640"}, "Inventory Turnover Ratio": {"2019-12-31": "", "2018-12-31": "", "2017-12-31": "", "2016-12-31": "", "2015-12-31": "", "2014-12-31": "", "2013-12-31": "", "2012-12-31": "", "2011-12-31": "", "2010-12-31": "", "2009-12-31": "", "2008-12-31": "", "2007-12-31": "", "2006-12-31": "", "2005-12-31": ""}, "Receiveable Turnover": {"2019-12-31": "0.49250", "2018-12-31": "0.46800", "2017-12-31": "0.40600", "2016-12-31": "0.41820", "2015-12-31": "0.35650", "2014-12-31": "0.37540", "2013-12-31": "0.37590", "2012-12-31": "0.35410", "2011-12-31": "0.41510", "2010-12-31": "0.36460", "2009-12-31": "0.45640", "2008-12-31": "0.65290", "2007-12-31": "0.38300", "2006-12-31": "0.37220", "2005-12-31": "0.31200"}, "Days Sales In Receivables": {"2019-12-31": "741.06470", "2018-12-31": "779.96590", "2017-12-31": "898.94700", "2016-12-31": "872.86640", "2015-12-31": "1023.77300", "2014-12-31": "972.32920", "2013-12-31": "971.09480", "2012-12-31": "1030.86500", "2011-12-31": "879.39250", "2010-12-31": "1001.00000", "2009-12-31": "799.72690", "2008-12-31": "559.05240", "2007-12-31": "952.99050", "2006-12-31": "980.64640", "2005-12-31": "1169.93700"}, "ROE - Return On Equity": {"2019-12-31": "19.54410", "2018-12-31": "19.61740", "2017-12-31": "14.96310", "2016-12-31": "13.85100", "2015-12-31": "12.11590", "2014-12-31": "12.08490", "2013-12-31": "11.25950", "2012-12-31": "10.63730", "2011-12-31": "11.20040", "2010-12-31": "7.29200", "2009-12-31": "15.51350", "2008-12-31": "30.28810", "2007-12-31": "30.01070", "2006-12-31": "17.79150", "2005-12-31": "14.24720"}, "Return On Tangible Equity": {"2019-12-31": "18.05240", "2018-12-31": "18.03730", "2017-12-31": "13.60850", "2016-12-31": "12.55150", "2015-12-31": "12.06440", "2014-12-31": "12.76450", "2013-12-31": "12.05000", "2012-12-31": "11.53940", "2011-12-31": "13.87510", "2010-12-31": "8.19350", "2009-12-31": "17.31570", "2008-12-31": "34.81460", "2007-12-31": "34.92360", "2006-12-31": "19.41600", "2005-12-31": "15.72810"}, "ROA - Return On Assets": {"2019-12-31": "1.25980", "2018-12-31": "1.18290", "2017-12-31": "0.96760", "2016-12-31": "0.84560", "2015-12-31": "0.78770", "2014-12-31": "0.85420", "2013-12-31": "0.74560", "2012-12-31": "0.69440", "2011-12-31": "0.79590", "2010-12-31": "0.49050", "2009-12-31": "1.04330", "2008-12-31": "2.38030", "2007-12-31": "2.64860", "2006-12-31": "1.81870", "2005-12-31": "1.33890"}, "ROI - Return On Investment": {"2019-12-31": "12.69580", "2018-12-31": "12.73050", "2017-12-31": "10.11260", "2016-12-31": "9.78910", "2015-12-31": "8.88880", "2014-12-31": "9.64090", "2013-12-31": "8.71870", "2012-12-31": "8.27020", "2011-12-31": "8.89350", "2010-12-31": "5.51510", "2009-12-31": "11.95140", "2008-12-31": "24.87860", "2007-12-31": "24.18480", "2006-12-31": "16.51220", "2005-12-31": "12.90720"}, "Book Value Per Share": {"2019-12-31": "16.91260", "2018-12-31": "15.51310", "2017-12-31": "13.76980", "2016-12-31": "12.32110", "2015-12-31": "10.15040", "2014-12-31": "9.00500", "2013-12-31": "8.00460", "2012-12-31": "7.50590", "2011-12-31": "6.06840", "2010-12-31": "5.17810", "2009-12-31": "4.36530", "2008-12-31": "3.50990", "2007-12-31": "3.21500", "2006-12-31": "3.95830", "2005-12-31": "3.44770"}, "Operating Cash Flow Per Share": {"2019-12-31": -2.0877, "2018-12-31": 9.7722, "2017-12-31": -3.321, "2016-12-31": 1.7619, "2015-12-31": -0.8466, "2014-12-31": 0.5049, "2013-12-31": 0.2878, "2012-12-31": -1.012, "2011-12-31": 2.0124, "2010-12-31": -1.2463, "2009-12-31": 1.2371, "2008-12-31": -1.4271, "2007-12-31": 0.0602, "2006-12-31": 0.7746, "2005-12-31": 0.594}, "Free Cash Flow Per Share": {"2019-12-31": -2.2053, "2018-12-31": 9.649, "2017-12-31": -3.3572, "2016-12-31": 1.703, "2015-12-31": -0.7429, "2014-12-31": 0.3932, "2013-12-31": 0.2113, "2012-12-31": -0.9815, "2011-12-31": 1.974, "2010-12-31": -1.2337, "2009-12-31": 1.2789, "2008-12-31": -1.4521, "2007-12-31": -0.0314, "2006-12-31": 0.7883, "2005-12-31": 0.5344}}, "financial ratios, quarterly": {"Current Ratio": {"2020-09-30": "0.27560", "2020-06-30": "0.30200", "2020-03-31": "0.42050", "2019-12-31": "0.33910", "2019-09-30": "0.30450", "2019-06-30": "0.31270", "2019-03-31": "0.33280", "2018-12-31": "0.29660", "2018-09-30": "0.28760", "2018-06-30": "0.27430", "2018-03-31": "0.29310", "2017-12-31": "1.08420", "2017-09-30": "0.30550", "2017-06-30": "0.31680", "2017-03-31": "0.31230", "2016-12-31": "0.32700", "2016-09-30": "0.33270", "2016-06-30": "0.35850", "2016-03-31": "0.36110", "2015-12-31": "0.38430", "2015-09-30": "0.38880", "2015-06-30": "0.39820", "2015-03-31": "0.40740", "2014-12-31": "0.44130", "2014-09-30": "0.43260", "2014-06-30": "0.41870", "2014-03-31": "0.42500", "2013-12-31": "0.44670", "2013-09-30": "0.44530", "2013-06-30": "0.47110", "2013-03-31": "0.48060", "2012-12-31": "0.54150", "2012-09-30": "0.53280", "2012-06-30": "0.52970", "2012-03-31": "0.55130", "2011-12-31": "0.57150", "2011-09-30": "0.59260", "2011-06-30": "0.58920", "2011-03-31": "0.57850", "2010-12-31": "0.57600", "2010-09-30": "0.56470", "2010-06-30": "0.62630", "2010-03-31": "0.61510", "2009-12-31": "0.64160", "2009-09-30": "0.67650", "2009-06-30": "0.71620", "2009-03-31": "0.73370", "2008-12-31": "0.74310", "2008-09-30": "1.05680", "2008-06-30": "1.06160", "2008-03-31": "1.05980", "2007-12-31": "0.87020", "2007-09-30": "1.05850", "2007-06-30": "1.05970", "2007-03-31": "1.02930", "2006-12-31": "1.03370", "2006-09-30": "1.05540", "2006-06-30": "1.05580", "2006-03-31": "1.05650", "2005-12-31": "1.01900", "2005-09-30": "1.05220", "2005-06-30": "1.05040", "2005-03-31": "1.04920"}, "Long-term Debt / Capital": {"2020-09-30": "0.20010", "2020-06-30": "0.21670", "2020-03-31": "0.24490", "2019-12-31": "0.25470", "2019-09-30": "0.25810", "2019-06-30": "0.25830", "2019-03-31": "0.24000", "2018-12-31": "0.24970", "2018-09-30": "0.21750", "2018-06-30": "0.22360", "2018-03-31": "0.17600", "2017-12-31": "0.20420", "2017-09-30": "0.15350", "2017-06-30": "0.16750", "2017-03-31": "0.17160", "2016-12-31": "0.14900", "2016-09-30": "0.15680", "2016-06-30": "0.16100", "2016-03-31": "0.16540", "2015-12-31": "0.17670", "2015-09-30": "0.17980", "2015-06-30": "0.18890", "2015-03-31": "0.19230", "2014-12-31": "0.13860", "2014-09-30": "0.14210", "2014-06-30": "0.14540", "2014-03-31": "0.14960", "2013-12-31": "0.15490", "2013-09-30": "0.15920", "2013-06-30": "0.14360", "2013-03-31": "0.14300", "2012-12-31": "0.14540", "2012-09-30": "0.15800", "2012-06-30": "0.17990", "2012-03-31": "0.19350", "2011-12-31": "0.20600", "2011-09-30": "0.20730", "2011-06-30": "0.22930", "2011-03-31": "0.23610", "2010-12-31": "0.24370", "2010-09-30": "0.24970", "2010-06-30": "0.18200", "2010-03-31": "0.18750", "2009-12-31": "0.22960", "2009-09-30": "0.23620", "2009-06-30": "0.25270", "2009-03-31": "0.15950", "2008-12-31": "0.17860", "2008-09-30": "0.17820", "2008-06-30": "0.18480", "2008-03-31": "0.20220", "2007-12-31": "0.19410", "2007-09-30": "0.15550", "2007-06-30": "0.07040", "2007-03-31": "0.07270", "2006-12-31": "0.07190", "2006-09-30": "0.08690", "2006-06-30": "0.09190", "2006-03-31": "0.09900", "2005-12-31": "0.09410", "2005-09-30": "0.10990", "2005-06-30": "0.11570", "2005-03-31": "0.11890"}, "Debt/Equity Ratio": {"2020-09-30": "0.25010", "2020-06-30": "0.27670", "2020-03-31": "0.32440", "2019-12-31": "0.34170", "2019-09-30": "0.34780", "2019-06-30": "0.34820", "2019-03-31": "0.31580", "2018-12-31": "0.33280", "2018-09-30": "0.27790", "2018-06-30": "0.28810", "2018-03-31": "0.21360", "2017-12-31": "1.06630", "2017-09-30": "0.45860", "2017-06-30": "0.21830", "2017-03-31": "0.24250", "2016-12-31": "0.17510", "2016-09-30": "0.37990", "2016-06-30": "0.52540", "2016-03-31": "0.25340", "2015-12-31": "0.21470", "2015-09-30": "0.21920", "2015-06-30": "0.23300", "2015-03-31": "0.23810", "2014-12-31": "0.16090", "2014-09-30": "0.16560", "2014-06-30": "0.17020", "2014-03-31": "0.17590", "2013-12-31": "0.18330", "2013-09-30": "0.18940", "2013-06-30": "0.16770", "2013-03-31": "0.16680", "2012-12-31": "0.17020", "2012-09-30": "0.18760", "2012-06-30": "0.21940", "2012-03-31": "0.23990", "2011-12-31": "0.25940", "2011-09-30": "0.26150", "2011-06-30": "0.29760", "2011-03-31": "0.30910", "2010-12-31": "0.32220", "2010-09-30": "0.33270", "2010-06-30": "0.22250", "2010-03-31": "0.23080", "2009-12-31": "0.29800", "2009-09-30": "0.30920", "2009-06-30": "0.33810", "2009-03-31": "0.18970", "2008-12-31": "0.21740", "2008-09-30": "0.21680", "2008-06-30": "0.22670", "2008-03-31": "0.25350", "2007-12-31": "0.24090", "2007-09-30": "0.28140", "2007-06-30": "0.13360", "2007-03-31": "0.13980", "2006-12-31": "0.07750", "2006-09-30": "0.34140", "2006-06-30": "0.44830", "2006-03-31": "0.33010", "2005-12-31": "0.15440", "2005-09-30": "0.35570", "2005-06-30": "0.45670", "2005-03-31": "0.38970"}, "Gross Margin": {"2020-09-30": "100.00000", "2020-06-30": "100.00000", "2020-03-31": "100.00000", "2019-12-31": "100.00000", "2019-09-30": "100.00000", "2019-06-30": "100.00000", "2019-03-31": "100.00000", "2018-12-31": "100.00000", "2018-09-30": "100.00000", "2018-06-30": "100.00000", "2018-03-31": "100.00000", "2017-12-31": "100.00000", "2017-09-30": "100.00000", "2017-06-30": "100.00000", "2017-03-31": "100.00000", "2016-12-31": "100.00000", "2016-09-30": "100.00000", "2016-06-30": "100.00000", "2016-03-31": "100.00000", "2015-12-31": "100.00000", "2015-09-30": "100.00000", "2015-06-30": "100.00000", "2015-03-31": "100.00000", "2014-12-31": "100.00000", "2014-09-30": "100.00000", "2014-06-30": "100.00000", "2014-03-31": "100.00000", "2013-12-31": "100.00000", "2013-09-30": "100.00000", "2013-06-30": "100.00000", "2013-03-31": "100.00000", "2012-12-31": "100.00000", "2012-09-30": "100.00000", "2012-06-30": "100.00000", "2012-03-31": "100.00000", "2011-12-31": "100.00000", "2011-09-30": "100.00000", "2011-06-30": "100.00000", "2011-03-31": "100.00000", "2010-12-31": "100.00000", "2010-09-30": "100.00000", "2010-06-30": "100.00000", "2010-03-31": "100.00000", "2009-12-31": "100.00000", "2009-09-30": "100.00000", "2009-06-30": "100.00000", "2009-03-31": "100.00000", "2008-12-31": "100.00000", "2008-09-30": "100.00000", "2008-06-30": "100.00000", "2008-03-31": "100.00000", "2007-12-31": "100.00000", "2007-09-30": "100.00000", "2007-06-30": "100.00000", "2007-03-31": "100.00000", "2006-12-31": "100.00000", "2006-09-30": "100.00000", "2006-06-30": "100.00000", "2006-03-31": "100.00000", "2005-12-31": "100.00000", "2005-09-30": "100.00000", "2005-06-30": "100.00000", "2005-03-31": "100.00000"}, "Operating Margin": {"2020-09-30": "40.76800", "2020-06-30": "41.79590", "2020-03-31": "44.24910", "2019-12-31": "46.54640", "2019-09-30": "48.69050", "2019-06-30": "49.98140", "2019-03-31": "49.87150", "2018-12-31": "49.53170", "2018-09-30": "52.22960", "2018-06-30": "50.40230", "2018-03-31": "47.62300", "2017-12-31": "47.94830", "2017-09-30": "48.59120", "2017-06-30": "47.93430", "2017-03-31": "45.60310", "2016-12-31": "47.16020", "2016-09-30": "46.65620", "2016-06-30": "44.36540", "2016-03-31": "41.83670", "2015-12-31": "43.22890", "2015-09-30": "41.95370", "2015-06-30": "41.69860", "2015-03-31": "37.15600", "2014-12-31": "41.07030", "2014-09-30": "38.42680", "2014-06-30": "40.32480", "2014-03-31": "40.39240", "2013-12-31": "39.86060", "2013-09-30": "39.91260", "2013-06-30": "36.35000", "2013-03-31": "30.93020", "2012-12-31": "34.07410", "2012-09-30": "35.70230", "2012-06-30": "39.28290", "2012-03-31": "31.87550", "2011-12-31": "28.93080", "2011-09-30": "36.66390", "2011-06-30": "37.81510", "2011-03-31": "37.77960", "2010-12-31": "26.26440", "2010-09-30": "26.43460", "2010-06-30": "37.31480", "2010-03-31": "8.28220", "2009-12-31": "32.65720", "2009-09-30": "37.88330", "2009-06-30": "37.14290", "2009-03-31": "35.28350", "2008-12-31": "44.15890", "2008-09-30": "45.08390", "2008-06-30": "43.34860", "2008-03-31": "41.77510", "2007-12-31": "42.45350", "2007-09-30": "43.37720", "2007-06-30": "38.42320", "2007-03-31": "37.03380", "2006-12-31": "37.59120", "2006-09-30": "38.74300", "2006-06-30": "37.32850", "2006-03-31": "36.62240", "2005-12-31": "37.31340", "2005-09-30": "32.60110", "2005-06-30": "32.38270", "2005-03-31": "30.21720"}, "EBIT Margin": {"2020-09-30": "40.76800", "2020-06-30": "41.79590", "2020-03-31": "44.24910", "2019-12-31": "46.54640", "2019-09-30": "48.69050", "2019-06-30": "49.98140", "2019-03-31": "49.87150", "2018-12-31": "49.53170", "2018-09-30": "52.22960", "2018-06-30": "50.40230", "2018-03-31": "47.62300", "2017-12-31": "47.94830", "2017-09-30": "48.59120", "2017-06-30": "47.93430", "2017-03-31": "45.60310", "2016-12-31": "47.16020", "2016-09-30": "46.65620", "2016-06-30": "44.36540", "2016-03-31": "41.83670", "2015-12-31": "43.22890", "2015-09-30": "41.95370", "2015-06-30": "41.69860", "2015-03-31": "37.15600", "2014-12-31": "41.07030", "2014-09-30": "38.42680", "2014-06-30": "40.32480", "2014-03-31": "40.39240", "2013-12-31": "39.86060", "2013-09-30": "39.91260", "2013-06-30": "36.35000", "2013-03-31": "30.93020", "2012-12-31": "34.07410", "2012-09-30": "35.70230", "2012-06-30": "39.28290", "2012-03-31": "31.87550", "2011-12-31": "28.93080", "2011-09-30": "36.66390", "2011-06-30": "37.81510", "2011-03-31": "37.77960", "2010-12-31": "26.26440", "2010-09-30": "26.43460", "2010-06-30": "37.31480", "2010-03-31": "8.28220", "2009-12-31": "32.65720", "2009-09-30": "37.88330", "2009-06-30": "37.14290", "2009-03-31": "35.28350", "2008-12-31": "44.15890", "2008-09-30": "45.08390", "2008-06-30": "43.34860", "2008-03-31": "41.77510", "2007-12-31": "42.45350", "2007-09-30": "43.37720", "2007-06-30": "38.42320", "2007-03-31": "37.03380", "2006-12-31": "37.59120", "2006-09-30": "38.74300", "2006-06-30": "37.32850", "2006-03-31": "36.62240", "2005-12-31": "37.31340", "2005-09-30": "32.60110", "2005-06-30": "32.38270", "2005-03-31": "30.21720"}, "EBITDA Margin": {"2020-09-30": "", "2020-06-30": "", "2020-03-31": "", "2019-12-31": "", "2019-09-30": "", "2019-06-30": "", "2019-03-31": "", "2018-12-31": "", "2018-09-30": "", "2018-06-30": "", "2018-03-31": "", "2017-12-31": "", "2017-09-30": "", "2017-06-30": "", "2017-03-31": "", "2016-12-31": "", "2016-09-30": "", "2016-06-30": "", "2016-03-31": "", "2015-12-31": "", "2015-09-30": "", "2015-06-30": "", "2015-03-31": "", "2014-12-31": "", "2014-09-30": "", "2014-06-30": "", "2014-03-31": "", "2013-12-31": "", "2013-09-30": "", "2013-06-30": "", "2013-03-31": "", "2012-12-31": "", "2012-09-30": "", "2012-06-30": "", "2012-03-31": "", "2011-12-31": "", "2011-09-30": "", "2011-06-30": "", "2011-03-31": "", "2010-12-31": "", "2010-09-30": "", "2010-06-30": "", "2010-03-31": "", "2009-12-31": "", "2009-09-30": "", "2009-06-30": "", "2009-03-31": "", "2008-12-31": "", "2008-09-30": "", "2008-06-30": "", "2008-03-31": "", "2007-12-31": "", "2007-09-30": "", "2007-06-30": "", "2007-03-31": "", "2006-12-31": "", "2006-09-30": "", "2006-06-30": "", "2006-03-31": "", "2005-12-31": "", "2005-09-30": "", "2005-06-30": "", "2005-03-31": ""}, "Pre-Tax Profit Margin": {"2020-09-30": "36.31540", "2020-06-30": "36.24490", "2020-03-31": "40.00760", "2019-12-31": "42.67080", "2019-09-30": "45.59200", "2019-06-30": "46.10220", "2019-03-31": "46.41940", "2018-12-31": "45.33530", "2018-09-30": "47.26640", "2018-06-30": "45.49480", "2018-03-31": "41.78480", "2017-12-31": "42.50670", "2017-09-30": "43.64900", "2017-06-30": "42.67610", "2017-03-31": "40.50940", "2016-12-31": "41.78500", "2016-09-30": "41.48380", "2016-06-30": "39.38730", "2016-03-31": "37.13150", "2015-12-31": "38.14310", "2015-09-30": "36.50600", "2015-06-30": "36.20690", "2015-03-31": "31.71690", "2014-12-31": "35.71890", "2014-09-30": "33.39780", "2014-06-30": "35.25030", "2014-03-31": "35.31800", "2013-12-31": "34.70380", "2013-09-30": "33.79460", "2013-06-30": "30.81530", "2013-03-31": "25.65890", "2012-12-31": "28.31280", "2012-09-30": "30.18400", "2012-06-30": "33.67110", "2012-03-31": "26.32460", "2011-12-31": "22.64150", "2011-09-30": "30.48260", "2011-06-30": "32.43700", "2011-03-31": "32.64290", "2010-12-31": "20.31940", "2010-09-30": "18.72060", "2010-06-30": "31.29630", "2010-03-31": "1.32920", "2009-12-31": "26.97770", "2009-09-30": "31.65180", "2009-06-30": "30.87560", "2009-03-31": "31.95320", "2008-12-31": "39.48600", "2008-09-30": "39.88810", "2008-06-30": "39.29660", "2008-03-31": "38.86760", "2007-12-31": "39.10780", "2007-09-30": "39.65920", "2007-06-30": "35.18670", "2007-03-31": "33.91150", "2006-12-31": "33.94160", "2006-09-30": "35.83490", "2006-06-30": "33.76030", "2006-03-31": "33.49150", "2005-12-31": "44.47760", "2005-09-30": "28.91040", "2005-06-30": "27.87490", "2005-03-31": "23.22950"}, "Net Profit Margin": {"2020-09-30": "25.12260", "2020-06-30": "25.34690", "2020-03-31": "28.92630", "2019-12-31": "30.73680", "2019-09-30": "33.67760", "2019-06-30": "33.08470", "2019-03-31": "33.96990", "2018-12-31": "33.15850", "2018-09-30": "34.31560", "2018-06-30": "32.70310", "2018-03-31": "31.10930", "2017-12-31": "24.53170", "2017-09-30": "26.55890", "2017-06-30": "24.88260", "2017-03-31": "25.22830", "2016-12-31": "24.23940", "2016-09-30": "24.55590", "2016-06-30": "22.21010", "2016-03-31": "22.22220", "2015-12-31": "22.35360", "2015-09-30": "22.85540", "2015-06-30": "21.07280", "2015-03-31": "19.06950", "2014-12-31": "21.21210", "2014-09-30": "20.11610", "2014-06-30": "20.43300", "2014-03-31": "21.51560", "2013-12-31": "20.69690", "2013-09-30": "20.53900", "2013-06-30": "17.42710", "2013-03-31": "15.34880", "2012-12-31": "15.55560", "2012-09-30": "19.89970", "2012-06-30": "20.34300", "2012-03-31": "16.40030", "2011-12-31": "14.64510", "2011-09-30": "18.62830", "2011-06-30": "20.00000", "2011-03-31": "20.13260", "2010-12-31": "10.55900", "2010-09-30": "11.66510", "2010-06-30": "18.98150", "2010-03-31": "0.61350", "2009-12-31": "16.63290", "2009-09-30": "19.78240", "2009-06-30": "18.89400", "2009-03-31": "19.62200", "2008-12-31": "23.98750", "2008-09-30": "24.30060", "2008-06-30": "22.55350", "2008-03-31": "23.33590", "2007-12-31": "22.89960", "2007-09-30": "118.82260", "2007-06-30": "24.23240", "2007-03-31": "23.67740", "2006-12-31": "42.60950", "2006-09-30": "24.95310", "2006-06-30": "22.96430", "2006-03-31": "23.05500", "2005-12-31": "55.82090", "2005-09-30": "18.18980", "2005-06-30": "17.11130", "2005-03-31": "13.69220"}, "Asset Turnover": {"2020-09-30": "0.00580", "2020-06-30": "0.00610", "2020-03-31": "0.00710", "2019-12-31": "0.00890", "2019-09-30": "0.00970", "2019-06-30": "0.00970", "2019-03-31": "0.00960", "2018-12-31": "0.00900", "2018-09-30": "0.00950", "2018-06-30": "0.00950", "2018-03-31": "0.00970", "2017-12-31": "0.00920", "2017-09-30": "0.00940", "2017-06-30": "0.00970", "2017-03-31": "0.00920", "2016-12-31": "0.00880", "2016-09-30": "0.00910", "2016-06-30": "0.00920", "2016-03-31": "0.00920", "2015-12-31": "0.00920", "2015-09-30": "0.00940", "2015-06-30": "0.00960", "2015-03-31": "0.00950", "2014-12-31": "0.01000", "2014-09-30": "0.01050", "2014-06-30": "0.01030", "2014-03-31": "0.01030", "2013-12-31": "0.01000", "2013-09-30": "0.00980", "2013-06-30": "0.00980", "2013-03-31": "0.00970", "2012-12-31": "0.00910", "2012-09-30": "0.01020", "2012-06-30": "0.01150", "2012-03-31": "0.01070", "2011-12-31": "0.01030", "2011-09-30": "0.01150", "2011-06-30": "0.01220", "2011-03-31": "0.01270", "2010-12-31": "0.01220", "2010-09-30": "0.01220", "2010-06-30": "0.01310", "2010-03-31": "0.01250", "2009-12-31": "0.01310", "2009-09-30": "0.01490", "2009-06-30": "0.01740", "2009-03-31": "0.02020", "2008-12-31": "0.02480", "2008-09-30": "0.02370", "2008-06-30": "0.02700", "2008-03-31": "0.02930", "2007-12-31": "0.03180", "2007-09-30": "0.03280", "2007-06-30": "0.02460", "2007-03-31": "0.02440", "2006-12-31": "0.02240", "2006-09-30": "0.02260", "2006-06-30": "0.02330", "2006-03-31": "0.02210", "2005-12-31": "0.00710", "2005-09-30": "0.02510", "2005-06-30": "0.02340", "2005-03-31": "0.02280"}, "Inventory Turnover Ratio": {"2020-09-30": "", "2020-06-30": "", "2020-03-31": "", "2019-12-31": "", "2019-09-30": "", "2019-06-30": "", "2019-03-31": "", "2018-12-31": "", "2018-09-30": "", "2018-06-30": "", "2018-03-31": "", "2017-12-31": "", "2017-09-30": "", "2017-06-30": "", "2017-03-31": "", "2016-12-31": "", "2016-09-30": "", "2016-06-30": "", "2016-03-31": "", "2015-12-31": "", "2015-09-30": "", "2015-06-30": "", "2015-03-31": "", "2014-12-31": "", "2014-09-30": "", "2014-06-30": "", "2014-03-31": "", "2013-12-31": "", "2013-09-30": "", "2013-06-30": "", "2013-03-31": "", "2012-12-31": "", "2012-09-30": "", "2012-06-30": "", "2012-03-31": "", "2011-12-31": "", "2011-09-30": "", "2011-06-30": "", "2011-03-31": "", "2010-12-31": "", "2010-09-30": "", "2010-06-30": "", "2010-03-31": "", "2009-12-31": "", "2009-09-30": "", "2009-06-30": "", "2009-03-31": "", "2008-12-31": "", "2008-09-30": "", "2008-06-30": "", "2008-03-31": "", "2007-12-31": "", "2007-09-30": "", "2007-06-30": "", "2007-03-31": "", "2006-12-31": "", "2006-09-30": "", "2006-06-30": "", "2006-03-31": "", "2005-12-31": "", "2005-09-30": "", "2005-06-30": "", "2005-03-31": ""}, "Receiveable Turnover": {"2020-09-30": "0.09620", "2020-06-30": "0.11440", "2020-03-31": "0.13770", "2019-12-31": "0.11970", "2019-09-30": "0.12110", "2019-06-30": "0.12250", "2019-03-31": "0.12880", "2018-12-31": "0.12330", "2018-09-30": "0.11110", "2018-06-30": "0.10630", "2018-03-31": "0.10880", "2017-12-31": "0.10560", "2017-09-30": "0.11320", "2017-06-30": "0.11270", "2017-03-31": "0.11930", "2016-12-31": "0.11030", "2016-09-30": "0.11050", "2016-06-30": "0.10250", "2016-03-31": "0.10340", "2015-12-31": "0.09450", "2015-09-30": "0.09040", "2015-06-30": "0.08930", "2015-03-31": "0.09270", "2014-12-31": "0.09610", "2014-09-30": "0.09770", "2014-06-30": "0.09730", "2014-03-31": "0.09820", "2013-12-31": "0.09920", "2013-09-30": "0.10070", "2013-06-30": "0.10110", "2013-03-31": "0.09980", "2012-12-31": "0.08810", "2012-09-30": "0.09550", "2012-06-30": "0.10450", "2012-03-31": "0.10080", "2011-12-31": "0.09850", "2011-09-30": "0.10140", "2011-06-30": "0.09830", "2011-03-31": "0.10220", "2010-12-31": "0.09670", "2010-09-30": "0.10270", "2010-06-30": "0.10400", "2010-03-31": "0.09870", "2009-12-31": "0.10730", "2009-09-30": "0.11970", "2009-06-30": "0.13240", "2009-03-31": "0.15540", "2008-12-31": "0.16280", "2008-09-30": "0.10740", "2008-06-30": "0.09740", "2008-03-31": "0.10730", "2007-12-31": "0.10320", "2007-09-30": "0.10780", "2007-06-30": "0.09750", "2007-03-31": "0.10030", "2006-12-31": "0.09470", "2006-09-30": "0.09600", "2006-06-30": "0.09450", "2006-03-31": "0.09130", "2005-12-31": "0.02890", "2005-09-30": "0.10390", "2005-06-30": "0.10450", "2005-03-31": "0.10310"}, "Days Sales In Receivables": {"2020-09-30": "935.33090", "2020-06-30": "786.89390", "2020-03-31": "653.45430", "2019-12-31": "751.73830", "2019-09-30": "743.17220", "2019-06-30": "734.87130", "2019-03-31": "698.87990", "2018-12-31": "730.08240", "2018-09-30": "809.93020", "2018-06-30": "846.27510", "2018-03-31": "827.45200", "2017-12-31": "852.02940", "2017-09-30": "795.07620", "2017-06-30": "798.71830", "2017-03-31": "754.68520", "2016-12-31": "816.16130", "2016-09-30": "814.74920", "2016-06-30": "877.84470", "2016-03-31": "870.71430", "2015-12-31": "952.42460", "2015-09-30": "995.91730", "2015-06-30": "1007.75900", "2015-03-31": "971.36300", "2014-12-31": "936.44100", "2014-09-30": "921.12180", "2014-06-30": "925.08800", "2014-03-31": "916.62380", "2013-12-31": "906.89890", "2013-09-30": "893.77280", "2013-06-30": "889.90280", "2013-03-31": "901.46510", "2012-12-31": "1021.55600", "2012-09-30": "942.21570", "2012-06-30": "860.85740", "2012-03-31": "892.80910", "2011-12-31": "913.90830", "2011-09-30": "887.27350", "2011-06-30": "915.12610", "2011-03-31": "880.31480", "2010-12-31": "930.34610", "2010-09-30": "876.46280", "2010-06-30": "865.00000", "2010-03-31": "911.68710", "2009-12-31": "838.57000", "2009-09-30": "752.13650", "2009-06-30": "679.68660", "2009-03-31": "579.12690", "2008-12-31": "552.89720", "2008-09-30": "838.05760", "2008-06-30": "924.42660", "2008-03-31": "838.64580", "2007-12-31": "872.49820", "2007-09-30": "834.95740", "2007-06-30": "923.22820", "2007-03-31": "897.18990", "2006-12-31": "950.66610", "2006-09-30": "937.73920", "2006-06-30": "952.28730", "2006-03-31": "986.15750", "2005-12-31": "3116.41800", "2005-09-30": "866.15110", "2005-06-30": "861.08550", "2005-03-31": "873.22950"}, "ROE - Return On Equity": {"2020-09-30": "2.67760", "2020-06-30": "2.62600", "2020-03-31": "3.38630", "2019-12-31": "4.49560", "2019-09-30": "5.12360", "2019-06-30": "5.05750", "2019-03-31": "5.11890", "2018-12-31": "5.23020", "2018-09-30": "5.11610", "2018-06-30": "5.00460", "2018-03-31": "4.73480", "2017-12-31": "3.79480", "2017-09-30": "4.05410", "2017-06-30": "3.91000", "2017-03-31": "3.97210", "2016-12-31": "3.82750", "2016-09-30": "3.78820", "2016-06-30": "3.53100", "2016-03-31": "3.34230", "2015-12-31": "3.48320", "2015-09-30": "3.20300", "2015-06-30": "3.05650", "2015-03-31": "2.67610", "2014-12-31": "3.20190", "2014-09-30": "3.02800", "2014-06-30": "3.14590", "2014-03-31": "3.27800", "2013-12-31": "3.35370", "2013-09-30": "3.15730", "2013-06-30": "2.89170", "2013-03-31": "2.31200", "2012-12-31": "2.41860", "2012-09-30": "2.87180", "2012-06-30": "3.33450", "2012-03-31": "2.45500", "2011-12-31": "2.11300", "2011-09-30": "2.87390", "2011-06-30": "3.53430", "2011-03-31": "3.74600", "2010-12-31": "1.91130", "2010-09-30": "2.05470", "2010-06-30": "3.48700", "2010-03-31": "0.10580", "2009-12-31": "3.23280", "2009-09-30": "4.07910", "2009-06-30": "4.44300", "2009-03-31": "5.06860", "2008-12-31": "7.58430", "2008-09-30": "7.48220", "2008-06-30": "8.04420", "2008-03-31": "8.56260", "2007-12-31": "8.17260", "2007-09-30": "9.51680", "2007-06-30": "5.04530", "2007-03-31": "4.78220", "2006-12-31": "4.47280", "2006-09-30": "4.96330", "2006-06-30": "4.84570", "2006-03-31": "4.62000", "2005-12-31": "2.04490", "2005-09-30": "4.73670", "2005-06-30": "4.30760", "2005-03-31": "3.53220"}, "Return On Tangible Equity": {"2020-09-30": "2.46330", "2020-06-30": "2.41330", "2020-03-31": "3.17450", "2019-12-31": "4.17850", "2019-09-30": "4.72500", "2019-06-30": "4.66330", "2019-03-31": "4.72600", "2018-12-31": "4.80890", "2018-09-30": "4.70750", "2018-06-30": "4.61200", "2018-03-31": "4.34950", "2017-12-31": "3.45130", "2017-09-30": "3.70390", "2017-06-30": "3.56320", "2017-03-31": "3.61080", "2016-12-31": "3.46840", "2016-09-30": "3.57020", "2016-06-30": "3.32350", "2016-03-31": "3.14170", "2015-12-31": "3.46840", "2015-09-30": "3.19270", "2015-06-30": "3.21140", "2015-03-31": "2.81850", "2014-12-31": "3.38200", "2014-09-30": "3.20580", "2014-06-30": "3.34060", "2014-03-31": "3.49300", "2013-12-31": "3.58910", "2013-09-30": "3.39260", "2013-06-30": "3.12230", "2013-03-31": "2.49910", "2012-12-31": "2.62370", "2012-09-30": "3.08210", "2012-06-30": "3.59900", "2012-03-31": "2.84380", "2011-12-31": "2.61760", "2011-09-30": "3.55700", "2011-06-30": "3.89970", "2011-03-31": "4.14960", "2010-12-31": "2.14760", "2010-09-30": "2.25170", "2010-06-30": "3.83110", "2010-03-31": "0.11670", "2009-12-31": "3.60840", "2009-09-30": "4.57140", "2009-06-30": "5.01710", "2009-03-31": "5.77790", "2008-12-31": "8.71780", "2008-09-30": "8.59970", "2008-06-30": "9.30720", "2008-03-31": "10.05270", "2007-12-31": "9.51040", "2007-09-30": "11.25830", "2007-06-30": "5.62640", "2007-03-31": "5.34900", "2006-12-31": "4.88120", "2006-09-30": "6.23480", "2006-06-30": "6.10120", "2006-03-31": "5.81210", "2005-12-31": "2.25750", "2005-09-30": "6.06770", "2005-06-30": "5.53740", "2005-03-31": "4.55640"}, "ROA - Return On Assets": {"2020-09-30": "0.16640", "2020-06-30": "0.16750", "2020-03-31": "0.21440", "2019-12-31": "0.28980", "2019-09-30": "0.34090", "2019-06-30": "0.33910", "2019-03-31": "0.34090", "2018-12-31": "0.31540", "2018-09-30": "0.33920", "2018-06-30": "0.33070", "2018-03-31": "0.31530", "2017-12-31": "0.24540", "2017-09-30": "0.26790", "2017-06-30": "0.26070", "2017-03-31": "0.24840", "2016-12-31": "0.23370", "2016-09-30": "0.24030", "2016-06-30": "0.22820", "2016-03-31": "0.21570", "2015-12-31": "0.22650", "2015-09-30": "0.22070", "2015-06-30": "0.21570", "2015-03-31": "0.18860", "2014-12-31": "0.22630", "2014-09-30": "0.21770", "2014-06-30": "0.22590", "2014-03-31": "0.22630", "2013-12-31": "0.22210", "2013-09-30": "0.20680", "2013-06-30": "0.18840", "2013-03-31": "0.15450", "2012-12-31": "0.15790", "2012-09-30": "0.20990", "2012-06-30": "0.24590", "2012-03-31": "0.17490", "2011-12-31": "0.15020", "2011-09-30": "0.21380", "2011-06-30": "0.24390", "2011-03-31": "0.25610", "2010-12-31": "0.12860", "2010-09-30": "0.14200", "2010-06-30": "0.24910", "2010-03-31": "0.00770", "2009-12-31": "0.21740", "2009-09-30": "0.29420", "2009-06-30": "0.32930", "2009-03-31": "0.39710", "2008-12-31": "0.59600", "2008-09-30": "0.57620", "2008-06-30": "0.64720", "2008-03-31": "0.68460", "2007-12-31": "0.72130", "2007-09-30": "0.82170", "2007-06-30": "0.52240", "2007-03-31": "0.49920", "2006-12-31": "0.45720", "2006-09-30": "0.48790", "2006-06-30": "0.47580", "2006-03-31": "0.44940", "2005-12-31": "0.19220", "2005-09-30": "0.45400", "2005-06-30": "0.40020", "2005-03-31": "0.32540"}, "ROI - Return On Investment": {"2020-09-30": "1.78210", "2020-06-30": "1.70560", "2020-03-31": "2.28500", "2019-12-31": "2.92030", "2019-09-30": "3.30430", "2019-06-30": "3.25980", "2019-03-31": "3.38790", "2018-12-31": "3.39410", "2018-09-30": "3.46680", "2018-06-30": "3.34540", "2018-03-31": "3.33790", "2017-12-31": "2.56470", "2017-09-30": "2.90210", "2017-06-30": "2.73720", "2017-03-31": "2.75120", "2016-12-31": "2.70510", "2016-09-30": "2.74170", "2016-06-30": "2.52990", "2016-03-31": "2.36920", "2015-12-31": "2.55540", "2015-09-30": "2.33700", "2015-06-30": "2.30460", "2015-03-31": "2.00620", "2014-12-31": "2.55440", "2014-09-30": "2.40040", "2014-06-30": "2.47880", "2014-03-31": "2.56350", "2013-12-31": "2.59690", "2013-09-30": "2.42540", "2013-06-30": "2.25550", "2013-03-31": "1.80590", "2012-12-31": "1.88040", "2012-09-30": "2.19730", "2012-06-30": "2.47550", "2012-03-31": "1.88640", "2011-12-31": "1.67780", "2011-09-30": "2.27810", "2011-06-30": "2.72370", "2011-03-31": "2.86150", "2010-12-31": "1.44560", "2010-09-30": "1.54170", "2010-06-30": "2.85240", "2010-03-31": "0.08600", "2009-12-31": "2.49050", "2009-09-30": "3.11580", "2009-06-30": "3.32040", "2009-03-31": "4.26030", "2008-12-31": "6.22980", "2008-09-30": "6.14890", "2008-06-30": "6.55770", "2008-03-31": "6.83090", "2007-12-31": "6.58610", "2007-09-30": "8.03680", "2007-06-30": "4.69040", "2007-03-31": "4.43440", "2006-12-31": "4.15120", "2006-09-30": "4.53200", "2006-06-30": "4.40020", "2006-03-31": "4.16260", "2005-12-31": "1.85260", "2005-09-30": "4.21610", "2005-06-30": "3.80910", "2005-03-31": "3.11210"}, "Book Value Per Share": {"2020-09-30": "24.29850", "2020-06-30": "23.91570", "2020-03-31": "20.40670", "2019-12-31": "16.91260", "2019-09-30": "16.56720", "2019-06-30": "16.29340", "2019-03-31": "16.20580", "2018-12-31": "15.51310", "2018-09-30": "15.41280", "2018-06-30": "14.87590", "2018-03-31": "14.33750", "2017-12-31": "13.76980", "2017-09-30": "13.45270", "2017-06-30": "13.06900", "2017-03-31": "12.70290", "2016-12-31": "12.32110", "2016-09-30": "11.68410", "2016-06-30": "11.33140", "2016-03-31": "10.98250", "2015-12-31": "10.15040", "2015-09-30": "10.02440", "2015-06-30": "9.44670", "2015-03-31": "9.25870", "2014-12-31": "9.00500", "2014-09-30": "8.78790", "2014-06-30": "8.57730", "2014-03-31": "8.31350", "2013-12-31": "8.00460", "2013-09-30": "7.80680", "2013-06-30": "7.57010", "2013-03-31": "7.63850", "2012-12-31": "7.50590", "2012-09-30": "7.42360", "2012-06-30": "7.15040", "2012-03-31": "6.54940", "2011-12-31": "6.06840", "2011-09-30": "6.02980", "2011-06-30": "5.57030", "2011-03-31": "5.38020", "2010-12-31": "5.17810", "2010-09-30": "5.05130", "2010-06-30": "4.92490", "2010-03-31": "4.75290", "2009-12-31": "4.36530", "2009-09-30": "4.21930", "2009-06-30": "3.97650", "2009-03-31": "3.71170", "2008-12-31": "3.50990", "2008-09-30": "3.51850", "2008-06-30": "3.37940", "2008-03-31": "3.15880", "2007-12-31": "3.21500", "2007-09-30": "2.93840", "2007-06-30": "4.05310", "2007-03-31": "3.93970", "2006-12-31": "3.95830", "2006-09-30": "3.67290", "2006-06-30": "3.60810", "2006-03-31": "3.59260", "2005-12-31": "3.44770", "2005-09-30": "3.37000", "2005-06-30": "3.31940", "2005-03-31": "3.26510"}, "Operating Cash Flow Per Share": {"2020-09-30": -0.0619, "2020-06-30": -12.7071, "2020-03-31": "7.81920", "2019-12-31": 3.2257, "2019-09-30": 4.1237, "2019-06-30": 1.6458, "2019-03-31": "-1.93080", "2018-12-31": 5.7393, "2018-09-30": 0.9348, "2018-06-30": 2.2959, "2018-03-31": "0.18210", "2017-12-31": -2.4316, "2017-09-30": 2.4466, "2017-06-30": 0.5322, "2017-03-31": "-1.16730", "2016-12-31": 1.9708, "2016-09-30": -0.4124, "2016-06-30": 1.4199, "2016-03-31": "-0.27740", "2015-12-31": 0.6724, "2015-09-30": 0.8224, "2015-06-30": 0.4306, "2015-03-31": "-0.98640", "2014-12-31": 0.6549, "2014-09-30": 0.7491, "2014-06-30": 0.329, "2014-03-31": "0.05260", "2013-12-31": 0.6441, "2013-09-30": 0.5093, "2013-06-30": 0.4144, "2013-03-31": "-0.28710", "2012-12-31": 0.7004, "2012-09-30": 0.4746, "2012-06-30": -0.2591, "2012-03-31": "0.07700", "2011-12-31": 0.3678, "2011-09-30": 0.052, "2011-06-30": 0.5056, "2011-03-31": "1.07950", "2010-12-31": -0.3777, "2010-09-30": 0.1392, "2010-06-30": 0.7268, "2010-03-31": "-0.49580", "2009-12-31": 0.6369, "2009-09-30": -0.3515, "2009-06-30": 0.8159, "2009-03-31": "0.13750", "2008-12-31": 0.6166, "2008-09-30": -0.4208, "2008-06-30": 0.0837, "2008-03-31": "-0.27780", "2007-12-31": 0.4563, "2007-09-30": 0.4626, "2007-06-30": 0.6442, "2007-03-31": "-0.13430", "2006-12-31": 0.3161, "2006-09-30": -0.3069, "2006-06-30": 0.7907, "2006-03-31": "0.56870", "2005-12-31": 0.5627, "2005-09-30": -0.0585, "2005-06-30": 0.2097, "2005-03-31": "-0.11990"}, "Free Cash Flow Per Share": {"2020-09-30": -0.1623, "2020-06-30": -12.8454, "2020-03-31": "7.69860", "2019-12-31": 3.083, "2019-09-30": 3.9618, "2019-06-30": 1.5174, "2019-03-31": "-2.03420", "2018-12-31": 5.6138, "2018-09-30": 0.827, "2018-06-30": 2.2, "2018-03-31": "0.09250", "2017-12-31": -2.5299, "2017-09-30": 2.3707, "2017-06-30": 0.47, "2017-03-31": "-1.22650", "2016-12-31": 1.9153, "2016-09-30": -0.47, "2016-06-30": 1.3157, "2016-03-31": "-0.31950", "2015-12-31": 0.6255, "2015-09-30": 0.7631, "2015-06-30": 0.3779, "2015-03-31": "-1.02800", "2014-12-31": 0.5863, "2014-09-30": 0.6392, "2014-06-30": 0.2437, "2014-03-31": "0.01220", "2013-12-31": 0.5874, "2013-09-30": 0.4597, "2013-06-30": 0.3664, "2013-03-31": "-0.32530", "2012-12-31": 0.6683, "2012-09-30": 0.4504, "2012-06-30": -0.2858, "2012-03-31": "0.04400", "2011-12-31": 0.3328, "2011-09-30": 0.0041, "2011-06-30": 0.4734, "2011-03-31": "1.04810", "2010-12-31": -0.4171, "2010-09-30": 0.1157, "2010-06-30": 0.706, "2010-03-31": "-0.52020", "2009-12-31": 0.6091, "2009-09-30": -0.385, "2009-06-30": 0.7841, "2009-03-31": "0.10990", "2008-12-31": 0.5646, "2008-09-30": -0.4611, "2008-06-30": 0.0549, "2008-03-31": "-0.31920", "2007-12-31": 0.4154, "2007-09-30": 0.432, "2007-06-30": 0.609, "2007-03-31": "-0.16510", "2006-12-31": 0.2851, "2006-09-30": -0.3318, "2006-06-30": 0.8154, "2006-03-31": "0.55400", "2005-12-31": 0.5619, "2005-09-30": -0.0777, "2005-06-30": 0.1875, "2005-03-31": "-0.13730"}}, "revenue": {"Charles Schwab Annual Revenue (Millions of US $)": {"2020": "$11,691", "2019": "$10,721", "2018": "$10,132", "2017": "$8,618", "2016": "$7,478", "2015": "$6,380", "2014": "$6,058", "2013": "$5,435", "2012": "$4,883", "2011": "$4,691", "2010": "$4,248", "2009": "$4,193", "2008": "$5,150", "2007": "$4,994", "2006": "$4,309", "2005": "$3,619"}, "Charles Schwab Quarterly Revenue (Millions of US $)": {"2020-12-31": "$4,176", "2020-09-30": "$2,448", "2020-06-30": "$2,450", "2020-03-31": "$2,617", "2019-12-31": "$2,606", "2019-09-30": "$2,711", "2019-06-30": "$2,681", "2019-03-31": "$2,723", "2018-12-31": "$2,669", "2018-09-30": "$2,579", "2018-06-30": "$2,486", "2018-03-31": "$2,398", "2017-12-31": "$2,242", "2017-09-30": "$2,165", "2017-06-30": "$2,130", "2017-03-31": "$2,081", "2016-12-31": "$1,972", "2016-09-30": "$1,914", "2016-06-30": "$1,828", "2016-03-31": "$1,764", "2015-12-31": "$1,691", "2015-09-30": "$1,597", "2015-06-30": "$1,566", "2015-03-31": "$1,526", "2014-12-31": "$1,551", "2014-09-30": "$1,551", "2014-06-30": "$1,478", "2014-03-31": "$1,478", "2013-12-31": "$1,435", "2013-09-30": "$1,373", "2013-06-30": "$1,337", "2013-03-31": "$1,290", "2012-12-31": "$1,215", "2012-09-30": "$1,196", "2012-06-30": "$1,283", "2012-03-31": "$1,189", "2011-12-31": "$1,113", "2011-09-30": "$1,181", "2011-06-30": "$1,190", "2011-03-31": "$1,207", "2010-12-31": "$1,127", "2010-09-30": "$1,063", "2010-06-30": "$1,080", "2010-03-31": "$978", "2009-12-31": "$986", "2009-09-30": "$1,011", "2009-06-30": "$1,085", "2009-03-31": "$1,111", "2008-12-31": "$1,284", "2008-09-30": "$1,251", "2008-06-30": "$1,308", "2008-03-31": "$1,307", "2007-12-31": "$1,345", "2007-09-30": "$1,291", "2007-06-30": "$1,205", "2007-03-31": "$1,153", "2006-12-31": "$1,096", "2006-09-30": "$1,066", "2006-06-30": "$1,093", "2006-03-31": "$1,054", "2005-12-31": "$335", "2005-09-30": "$1,138", "2005-06-30": "$1,087", "2005-03-31": "$1,059"}}, "gross-profit": {"Charles Schwab Annual Gross Profit (Millions of US $)": {"2020": "$11,691", "2019": "$10,721", "2018": "$10,132", "2017": "$8,618", "2016": "$7,478", "2015": "$6,380", "2014": "$6,058", "2013": "$5,435", "2012": "$4,883", "2011": "$4,691", "2010": "$4,248", "2009": "$4,193", "2008": "$5,150", "2007": "$4,994", "2006": "$4,309", "2005": "$3,619"}, "Charles Schwab Quarterly Gross Profit (Millions of US $)": {"2020-12-31": "$4,176", "2020-09-30": "$2,448", "2020-06-30": "$2,450", "2020-03-31": "$2,617", "2019-12-31": "$2,606", "2019-09-30": "$2,711", "2019-06-30": "$2,681", "2019-03-31": "$2,723", "2018-12-31": "$2,669", "2018-09-30": "$2,579", "2018-06-30": "$2,486", "2018-03-31": "$2,398", "2017-12-31": "$2,242", "2017-09-30": "$2,165", "2017-06-30": "$2,130", "2017-03-31": "$2,081", "2016-12-31": "$1,972", "2016-09-30": "$1,914", "2016-06-30": "$1,828", "2016-03-31": "$1,764", "2015-12-31": "$1,691", "2015-09-30": "$1,597", "2015-06-30": "$1,566", "2015-03-31": "$1,526", "2014-12-31": "$1,551", "2014-09-30": "$1,551", "2014-06-30": "$1,478", "2014-03-31": "$1,478", "2013-12-31": "$1,435", "2013-09-30": "$1,373", "2013-06-30": "$1,337", "2013-03-31": "$1,290", "2012-12-31": "$1,215", "2012-09-30": "$1,196", "2012-06-30": "$1,283", "2012-03-31": "$1,189", "2011-12-31": "$1,113", "2011-09-30": "$1,181", "2011-06-30": "$1,190", "2011-03-31": "$1,207", "2010-12-31": "$1,127", "2010-09-30": "$1,063", "2010-06-30": "$1,080", "2010-03-31": "$978", "2009-12-31": "$986", "2009-09-30": "$1,011", "2009-06-30": "$1,085", "2009-03-31": "$1,111", "2008-12-31": "$1,284", "2008-09-30": "$1,251", "2008-06-30": "$1,308", "2008-03-31": "$1,307", "2007-12-31": "$1,345", "2007-09-30": "$1,291", "2007-06-30": "$1,205", "2007-03-31": "$1,153", "2006-12-31": "$1,096", "2006-09-30": "$1,066", "2006-06-30": "$1,093", "2006-03-31": "$1,054", "2005-12-31": "$335", "2005-09-30": "$1,138", "2005-06-30": "$1,087", "2005-03-31": "$1,059"}}, "operating-income": {"Charles Schwab Annual Operating Income (Millions of US $)": {"2020": "$4,908", "2019": "$5,231", "2018": "$5,064", "2017": "$4,097", "2016": "$3,372", "2015": "$2,621", "2014": "$2,426", "2013": "$2,005", "2012": "$1,724", "2011": "$1,661", "2010": "$1,061", "2009": "$1,500", "2008": "$2,244", "2007": "$2,021", "2006": "$1,619", "2005": "$1,168"}, "Charles Schwab Quarterly Operating Income (Millions of US $)": {"2020-12-31": "$1,728", "2020-09-30": "$998", "2020-06-30": "$1,024", "2020-03-31": "$1,158", "2019-12-31": "$1,213", "2019-09-30": "$1,320", "2019-06-30": "$1,340", "2019-03-31": "$1,358", "2018-12-31": "$1,322", "2018-09-30": "$1,347", "2018-06-30": "$1,253", "2018-03-31": "$1,142", "2017-12-31": "$1,075", "2017-09-30": "$1,052", "2017-06-30": "$1,021", "2017-03-31": "$949", "2016-12-31": "$930", "2016-09-30": "$893", "2016-06-30": "$811", "2016-03-31": "$738", "2015-12-31": "$731", "2015-09-30": "$670", "2015-06-30": "$653", "2015-03-31": "$567", "2014-12-31": "$637", "2014-09-30": "$596", "2014-06-30": "$596", "2014-03-31": "$597", "2013-12-31": "$572", "2013-09-30": "$548", "2013-06-30": "$486", "2013-03-31": "$399", "2012-12-31": "$414", "2012-09-30": "$427", "2012-06-30": "$504", "2012-03-31": "$379", "2011-12-31": "$322", "2011-09-30": "$433", "2011-06-30": "$450", "2011-03-31": "$456", "2010-12-31": "$296", "2010-09-30": "$281", "2010-06-30": "$403", "2010-03-31": "$81", "2009-12-31": "$322", "2009-09-30": "$383", "2009-06-30": "$403", "2009-03-31": "$392", "2008-12-31": "$567", "2008-09-30": "$564", "2008-06-30": "$567", "2008-03-31": "$546", "2007-12-31": "$571", "2007-09-30": "$560", "2007-06-30": "$463", "2007-03-31": "$427", "2006-12-31": "$412", "2006-09-30": "$413", "2006-06-30": "$408", "2006-03-31": "$386", "2005-12-31": "$125", "2005-09-30": "$371", "2005-06-30": "$352", "2005-03-31": "$320"}}, "ebitda": {"Charles Schwab Annual EBITDA (Millions of US $)": {"2019": "$6,026", "2018": "$5,720", "2017": "$4,708", "2016": "$3,872", "2015": "$3,007", "2014": "$2,750", "2013": "$2,369", "2012": "$2,142", "2011": "$1,952", "2010": "$1,242", "2009": "$1,641", "2008": "$2,396", "2007": "$2,177", "2006": "$1,776", "2005": "$1,347"}, "Charles Schwab Quarterly EBITDA (Millions of US $)": {"2020-09-30": "$1,621", "2020-06-30": "$1,454", "2020-03-31": "$1,444", "2019-12-31": "$1,471", "2019-09-30": "$1,531", "2019-06-30": "$1,515", "2019-03-31": "$1,509", "2018-12-31": "$1,476", "2018-09-30": "$1,514", "2018-06-30": "$1,419", "2018-03-31": "$1,311", "2017-12-31": "$1,246", "2017-09-30": "$1,213", "2017-06-30": "$1,163", "2017-03-31": "$1,086", "2016-12-31": "$1,076", "2016-09-30": "$1,027", "2016-06-30": "$929", "2016-03-31": "$840", "2015-12-31": "$832", "2015-09-30": "$769", "2015-06-30": "$747", "2015-03-31": "$659", "2014-12-31": "$725", "2014-09-30": "$678", "2014-06-30": "$675", "2014-03-31": "$672", "2013-12-31": "$654", "2013-09-30": "$636", "2013-06-30": "$585", "2013-03-31": "$494", "2012-12-31": "$523", "2012-09-30": "$542", "2012-06-30": "$598", "2012-03-31": "$479", "2011-12-31": "$444", "2011-09-30": "$497", "2011-06-30": "$497", "2011-03-31": "$514", "2010-12-31": "$369", "2010-09-30": "$316", "2010-06-30": "$439", "2010-03-31": "$118", "2009-12-31": "$342", "2009-09-30": "$421", "2009-06-30": "$444", "2009-03-31": "$434", "2008-12-31": "$606", "2008-09-30": "$602", "2008-06-30": "$604", "2008-03-31": "$584", "2007-12-31": "$610", "2007-09-30": "$599", "2007-06-30": "$502", "2007-03-31": "$466", "2006-12-31": "$450", "2006-09-30": "$452", "2006-06-30": "$447", "2006-03-31": "$427", "2005-12-31": "$147", "2005-09-30": "$423", "2005-06-30": "$403", "2005-03-31": "$374"}}, "net-income": {"Charles Schwab Annual Net Income (Millions of US $)": {"2020": "$3,043", "2019": "$3,526", "2018": "$3,329", "2017": "$2,180", "2016": "$1,746", "2015": "$1,364", "2014": "$1,261", "2013": "$1,010", "2012": "$883", "2011": "$864", "2010": "$454", "2009": "$787", "2008": "$1,212", "2007": "$2,407", "2006": "$1,227", "2005": "$725"}, "Charles Schwab Quarterly Net Income (Millions of US $)": {"2020-12-31": "$1,050", "2020-09-30": "$615", "2020-06-30": "$621", "2020-03-31": "$757", "2019-12-31": "$801", "2019-09-30": "$913", "2019-06-30": "$887", "2019-03-31": "$925", "2018-12-31": "$885", "2018-09-30": "$885", "2018-06-30": "$813", "2018-03-31": "$746", "2017-12-31": "$550", "2017-09-30": "$575", "2017-06-30": "$530", "2017-03-31": "$525", "2016-12-31": "$478", "2016-09-30": "$470", "2016-06-30": "$406", "2016-03-31": "$392", "2015-12-31": "$378", "2015-09-30": "$365", "2015-06-30": "$330", "2015-03-31": "$291", "2014-12-31": "$329", "2014-09-30": "$312", "2014-06-30": "$302", "2014-03-31": "$318", "2013-12-31": "$297", "2013-09-30": "$282", "2013-06-30": "$233", "2013-03-31": "$198", "2012-12-31": "$189", "2012-09-30": "$238", "2012-06-30": "$261", "2012-03-31": "$195", "2011-12-31": "$163", "2011-09-30": "$220", "2011-06-30": "$238", "2011-03-31": "$243", "2010-12-31": "$119", "2010-09-30": "$124", "2010-06-30": "$205", "2010-03-31": "$6", "2009-12-31": "$164", "2009-09-30": "$200", "2009-06-30": "$205", "2009-03-31": "$218", "2008-12-31": "$308", "2008-09-30": "$304", "2008-06-30": "$295", "2008-03-31": "$305", "2007-12-31": "$308", "2007-09-30": "$1,534", "2007-06-30": "$292", "2007-03-31": "$273", "2006-12-31": "$467", "2006-09-30": "$266", "2006-06-30": "$251", "2006-03-31": "$243", "2005-12-31": "$187", "2005-09-30": "$207", "2005-06-30": "$186", "2005-03-31": "$145"}}, "eps-earnings-per-share-diluted": {"Charles Schwab Annual EPS": {"2020": "$2.12", "2019": "$2.67", "2018": "$2.45", "2017": "$1.61", "2016": "$1.31", "2015": "$1.03", "2014": "$0.95", "2013": "$0.78", "2012": "$0.69", "2011": "$0.70", "2010": "$0.38", "2009": "$0.68", "2008": "$1.05", "2007": "$1.96", "2006": "$0.95", "2005": "$0.55"}, "Charles Schwab Quarterly EPS": {"2020-12-31": "$0.57", "2020-09-30": "$0.48", "2020-06-30": "$0.48", "2020-03-31": "$0.58", "2019-12-31": "$0.62", "2019-09-30": "$0.70", "2019-06-30": "$0.66", "2019-03-31": "$0.69", "2018-12-31": "$0.65", "2018-09-30": "$0.65", "2018-06-30": "$0.60", "2018-03-31": "$0.55", "2017-12-31": "$0.41", "2017-09-30": "$0.42", "2017-06-30": "$0.39", "2017-03-31": "$0.39", "2016-12-31": "$0.37", "2016-09-30": "$0.35", "2016-06-30": "$0.30", "2016-03-31": "$0.29", "2015-12-31": "$0.28", "2015-09-30": "$0.28", "2015-06-30": "$0.25", "2015-03-31": "$0.22", "2014-12-31": "$0.24", "2014-09-30": "$0.24", "2014-06-30": "$0.23", "2014-03-31": "$0.24", "2013-12-31": "$0.23", "2013-09-30": "$0.22", "2013-06-30": "$0.18", "2013-03-31": "$0.15", "2012-12-31": "$0.15", "2012-09-30": "$0.19", "2012-06-30": "$0.20", "2012-03-31": "$0.15", "2011-12-31": "$0.12", "2011-09-30": "$0.18", "2011-06-30": "$0.20", "2011-03-31": "$0.20", "2010-12-31": "$0.11", "2010-09-30": "$0.10", "2010-06-30": "$0.17", "2010-03-31": "$0.00", "2009-12-31": "$0.14", "2009-09-30": "$0.17", "2009-06-30": "$0.18", "2009-03-31": "$0.19", "2008-12-31": "$0.27", "2008-09-30": "$0.26", "2008-06-30": "$0.26", "2008-03-31": "$0.26", "2007-12-31": "$0.23", "2007-09-30": "$1.28", "2007-06-30": "$0.23", "2007-03-31": "$0.22", "2006-12-31": "$0.36", "2006-09-30": "$0.21", "2006-06-30": "$0.19", "2006-03-31": "$0.19", "2005-12-31": "$0.14", "2005-09-30": "$0.16", "2005-06-30": "$0.14", "2005-03-31": "$0.11"}}, "shares-outstanding": {"Charles Schwab Annual Shares Outstanding (Millions of Shares)": {"2020": "1,435", "2019": "1,320", "2018": "1,361", "2017": "1,353", "2016": "1,334", "2015": "1,327", "2014": "1,315", "2013": "1,293", "2012": "1,275", "2011": "1,229", "2010": "1,194", "2009": "1,160", "2008": "1,157", "2007": "1,222", "2006": "1,286", "2005": "1,308"}, "Charles Schwab Quarterly Shares Outstanding (Millions of Shares)": {"2020-12-31": "1,855", "2020-09-30": "1,294", "2020-06-30": "1,294", "2020-03-31": "1,294", "2019-12-31": "1,320", "2019-09-30": "1,308", "2019-06-30": "1,337", "2019-03-31": "1,344", "2018-12-31": "1,361", "2018-09-30": "1,364", "2018-06-30": "1,364", "2018-03-31": "1,362", "2017-12-31": "1,353", "2017-09-30": "1,353", "2017-06-30": "1,351", "2017-03-31": "1,351", "2016-12-31": "1,334", "2016-09-30": "1,334", "2016-06-30": "1,333", "2016-03-31": "1,330", "2015-12-31": "1,327", "2015-09-30": "1,328", "2015-06-30": "1,326", "2015-03-31": "1,323", "2014-12-31": "1,315", "2014-09-30": "1,316", "2014-06-30": "1,313", "2014-03-31": "1,311", "2013-12-31": "1,293", "2013-09-30": "1,296", "2013-06-30": "1,288", "2013-03-31": "1,282", "2012-12-31": "1,275", "2012-09-30": "1,275", "2012-06-30": "1,274", "2012-03-31": "1,273", "2011-12-31": "1,229", "2011-09-30": "1,229", "2011-06-30": "1,210", "2011-03-31": "1,207", "2010-12-31": "1,194", "2010-09-30": "1,194", "2010-06-30": "1,195", "2010-03-31": "1,188", "2009-12-31": "1,160", "2009-09-30": "1,163", "2009-06-30": "1,160", "2009-03-31": "1,156", "2008-12-31": "1,157", "2008-09-30": "1,158", "2008-06-30": "1,154", "2008-03-31": "1,159", "2007-12-31": "1,222", "2007-09-30": "1,201", "2007-06-30": "1,257", "2007-03-31": "1,266", "2006-12-31": "1,286", "2006-09-30": "1,277", "2006-06-30": "1,294", "2006-03-31": "1,296", "2005-12-31": "1,308", "2005-09-30": "1,308", "2005-06-30": "1,314", "2005-03-31": "1,326"}}, "total-assets": {"Charles Schwab Annual Total Assets (Millions of US $)": {"2019": "$294,005", "2018": "$296,482", "2017": "$243,274", "2016": "$223,383", "2015": "$183,705", "2014": "$154,642", "2013": "$143,642", "2012": "$133,637", "2011": "$108,553", "2010": "$92,568", "2009": "$75,431", "2008": "$51,675", "2007": "$42,286", "2006": "$48,992", "2005": "$47,351"}, "Charles Schwab Quarterly Total Assets (Millions of US $)": {"2020-09-30": "$419,355", "2020-06-30": "$400,484", "2020-03-31": "$370,779", "2019-12-31": "$294,005", "2019-09-30": "$278,987", "2019-06-30": "$276,321", "2019-03-31": "$282,815", "2018-12-31": "$296,482", "2018-09-30": "$272,102", "2018-06-30": "$261,882", "2018-03-31": "$248,320", "2017-12-31": "$243,274", "2017-09-30": "$230,714", "2017-06-30": "$220,601", "2017-03-31": "$227,061", "2016-12-31": "$223,383", "2016-09-30": "$209,337", "2016-06-30": "$198,052", "2016-03-31": "$190,998", "2015-12-31": "$183,705", "2015-09-30": "$170,402", "2015-06-30": "$163,627", "2015-03-31": "$160,169", "2014-12-31": "$154,642", "2014-09-30": "$147,444", "2014-06-30": "$143,401", "2014-03-31": "$144,066", "2013-12-31": "$143,642", "2013-09-30": "$140,211", "2013-06-30": "$135,907", "2013-03-31": "$133,324", "2012-12-31": "$133,637", "2012-09-30": "$117,658", "2012-06-30": "$111,816", "2012-03-31": "$111,482", "2011-12-31": "$108,553", "2011-09-30": "$102,906", "2011-06-30": "$97,572", "2011-03-31": "$94,883", "2010-12-31": "$92,568", "2010-09-30": "$87,298", "2010-06-30": "$82,295", "2010-03-31": "$78,337", "2009-12-31": "$75,431", "2009-09-30": "$67,984", "2009-06-30": "$62,261", "2009-03-31": "$54,898", "2008-12-31": "$51,675", "2008-09-30": "$52,760", "2008-06-30": "$48,360", "2008-03-31": "$44,551", "2007-12-31": "$42,286", "2007-09-30": "$39,309", "2007-06-30": "$49,004", "2007-03-31": "$47,278", "2006-12-31": "$48,992", "2006-09-30": "$47,140", "2006-06-30": "$46,866", "2006-03-31": "$47,622", "2005-12-31": "$47,351", "2005-09-30": "$45,373", "2005-06-30": "$46,475", "2005-03-31": "$46,405"}}, "cash-on-hand": {"Charles Schwab Annual Cash on Hand (Millions of US $)": {"2019": "$49,828", "2018": "$41,501", "2017": "$29,356", "2016": "$33,002", "2015": "$31,576", "2014": "$32,144", "2013": "$31,281", "2012": "$41,132", "2011": "$34,713", "2010": "$27,680", "2009": "$26,614", "2008": "$20,127", "2007": "$15,567", "2006": "$15,369", "2005": "$17,097"}, "Charles Schwab Quarterly Cash on Hand (Millions of US $)": {"2020-09-30": "$57,044", "2020-06-30": "$66,762", "2020-03-31": "$102,767", "2019-12-31": "$49,828", "2019-09-30": "$36,416", "2019-06-30": "$38,345", "2019-03-31": "$46,482", "2018-12-31": "$41,501", "2018-09-30": "$30,317", "2018-06-30": "$24,262", "2018-03-31": "$26,968", "2017-12-31": "$29,356", "2017-09-30": "$28,186", "2017-06-30": "$28,058", "2017-03-31": "$30,956", "2016-12-31": "$33,002", "2016-09-30": "$30,508", "2016-06-30": "$31,569", "2016-03-31": "$30,717", "2015-12-31": "$31,576", "2015-09-30": "$27,609", "2015-06-30": "$26,901", "2015-03-31": "$28,395", "2014-12-31": "$32,144", "2014-09-30": "$28,478", "2014-06-30": "$25,925", "2014-03-31": "$27,721", "2013-12-31": "$31,281", "2013-09-30": "$30,882", "2013-06-30": "$33,245", "2013-03-31": "$33,828", "2012-12-31": "$41,132", "2012-09-30": "$33,564", "2012-06-30": "$30,812", "2012-03-31": "$33,699", "2011-12-31": "$34,713", "2011-09-30": "$33,385", "2011-06-30": "$30,308", "2011-03-31": "$28,619", "2010-12-31": "$27,680", "2010-09-30": "$25,767", "2010-06-30": "$28,383", "2010-03-31": "$25,800", "2009-12-31": "$26,614", "2009-09-30": "$25,555", "2009-06-30": "$24,886", "2009-03-31": "$22,454", "2008-12-31": "$20,127", "2008-09-30": "$19,077", "2008-06-30": "$14,593", "2008-03-31": "$15,865", "2007-12-31": "$15,567", "2007-09-30": "$14,270", "2007-06-30": "$12,619", "2007-03-31": "$13,799", "2006-12-31": "$15,369", "2006-09-30": "$14,823", "2006-06-30": "$14,766", "2006-03-31": "$16,723", "2005-12-31": "$17,097", "2005-09-30": "$17,435", "2005-06-30": "$19,974", "2005-03-31": "$20,592"}}, "long-term-debt": {"Charles Schwab Annual Long Term Debt (Millions of US $)": {"2019": "$7,430", "2018": "$6,878", "2017": "$4,753", "2016": "$2,876", "2015": "$2,877", "2014": "$1,899", "2013": "$1,903", "2012": "$1,632", "2011": "$2,001", "2010": "$2,006", "2009": "$1,512", "2008": "$883", "2007": "$899", "2006": "$388", "2005": "$462"}, "Charles Schwab Quarterly Long Term Debt (Millions of US $)": {"2020-09-30": "$7,836", "2020-06-30": "$8,526", "2020-03-31": "$8,522", "2019-12-31": "$7,430", "2019-09-30": "$7,427", "2019-06-30": "$7,424", "2019-03-31": "$6,829", "2018-12-31": "$6,878", "2018-09-30": "$5,790", "2018-06-30": "$5,789", "2018-03-31": "$4,128", "2017-12-31": "$4,753", "2017-09-30": "$3,268", "2017-06-30": "$3,518", "2017-03-31": "$3,518", "2016-12-31": "$2,876", "2016-09-30": "$2,876", "2016-06-30": "$2,876", "2016-03-31": "$2,877", "2015-12-31": "$2,877", "2015-09-30": "$2,893", "2015-06-30": "$2,894", "2015-03-31": "$2,895", "2014-12-31": "$1,899", "2014-09-30": "$1,900", "2014-06-30": "$1,901", "2014-03-31": "$1,902", "2013-12-31": "$1,903", "2013-09-30": "$1,904", "2013-06-30": "$1,630", "2013-03-31": "$1,631", "2012-12-31": "$1,632", "2012-09-30": "$1,776", "2012-06-30": "$1,999", "2012-03-31": "$2,000", "2011-12-31": "$2,001", "2011-09-30": "$2,002", "2011-06-30": "$2,004", "2011-03-31": "$2,005", "2010-12-31": "$2,006", "2010-09-30": "$2,008", "2010-06-30": "$1,308", "2010-03-31": "$1,309", "2009-12-31": "$1,512", "2009-09-30": "$1,516", "2009-06-30": "$1,560", "2009-03-31": "$816", "2008-12-31": "$883", "2008-09-30": "$881", "2008-06-30": "$882", "2008-03-31": "$903", "2007-12-31": "$899", "2007-09-30": "$625", "2007-06-30": "$384", "2007-03-31": "$387", "2006-12-31": "$388", "2006-09-30": "$441", "2006-06-30": "$466", "2006-03-31": "$509", "2005-12-31": "$462", "2005-09-30": "$537", "2005-06-30": "$565", "2005-03-31": "$577"}}, "total-liabilities": {"Charles Schwab Annual Total Liabilities (Millions of US $)": {"2019": "$272,260", "2018": "$275,812", "2017": "$224,749", "2016": "$206,962", "2015": "$170,303", "2014": "$142,839", "2013": "$133,261", "2012": "$124,048", "2011": "$100,839", "2010": "$86,342", "2009": "$70,358", "2008": "$47,614", "2007": "$38,554", "2006": "$43,984", "2005": "$42,901"}, "Charles Schwab Quarterly Total Liabilities (Millions of US $)": {"2020-09-30": "$388,024", "2020-06-30": "$369,669", "2020-03-31": "$344,509", "2019-12-31": "$272,260", "2019-09-30": "$257,633", "2019-06-30": "$255,001", "2019-03-31": "$261,190", "2018-12-31": "$275,812", "2018-09-30": "$251,268", "2018-06-30": "$241,785", "2018-03-31": "$228,990", "2017-12-31": "$224,749", "2017-09-30": "$212,687", "2017-06-30": "$203,112", "2017-03-31": "$210,079", "2016-12-31": "$206,962", "2016-09-30": "$193,867", "2016-06-30": "$183,062", "2016-03-31": "$176,485", "2015-12-31": "$170,303", "2015-09-30": "$157,206", "2015-06-30": "$151,204", "2015-03-31": "$148,011", "2014-12-31": "$142,839", "2014-09-30": "$135,971", "2014-06-30": "$132,231", "2014-03-31": "$133,251", "2013-12-31": "$133,261", "2013-09-30": "$130,158", "2013-06-30": "$126,187", "2013-03-31": "$123,548", "2012-12-31": "$124,048", "2012-09-30": "$108,193", "2012-06-30": "$102,706", "2012-03-31": "$103,145", "2011-12-31": "$100,839", "2011-09-30": "$95,251", "2011-06-30": "$90,838", "2011-03-31": "$88,396", "2010-12-31": "$86,342", "2010-09-30": "$81,263", "2010-06-30": "$76,416", "2010-03-31": "$72,666", "2009-12-31": "$70,358", "2009-09-30": "$63,081", "2009-06-30": "$57,647", "2009-03-31": "$50,597", "2008-12-31": "$47,614", "2008-09-30": "$48,697", "2008-06-30": "$44,469", "2008-03-31": "$40,989", "2007-12-31": "$38,554", "2007-09-30": "$35,915", "2007-06-30": "$43,930", "2007-03-31": "$42,343", "2006-12-31": "$43,984", "2006-09-30": "$42,506", "2006-06-30": "$42,264", "2006-03-31": "$42,990", "2005-12-31": "$42,901", "2005-09-30": "$41,024", "2005-06-30": "$42,157", "2005-03-31": "$42,130"}}, "total-share-holder-equity": {"Charles Schwab Annual Share Holder Equity (Millions of US $)": {"2019": "$21,745", "2018": "$20,670", "2017": "$18,525", "2016": "$16,421", "2015": "$13,402", "2014": "$11,803", "2013": "$10,381", "2012": "$9,589", "2011": "$7,714", "2010": "$6,226", "2009": "$5,073", "2008": "$4,061", "2007": "$3,732", "2006": "$5,008", "2005": "$4,450"}, "Charles Schwab Quarterly Share Holder Equity (Millions of US $)": {"2020-09-30": "$31,331", "2020-06-30": "$30,815", "2020-03-31": "$26,270", "2019-12-31": "$21,745", "2019-09-30": "$21,354", "2019-06-30": "$21,320", "2019-03-31": "$21,625", "2018-12-31": "$20,670", "2018-09-30": "$20,834", "2018-06-30": "$20,097", "2018-03-31": "$19,330", "2017-12-31": "$18,525", "2017-09-30": "$18,027", "2017-06-30": "$17,489", "2017-03-31": "$16,982", "2016-12-31": "$16,421", "2016-09-30": "$15,470", "2016-06-30": "$14,990", "2016-03-31": "$14,513", "2015-12-31": "$13,402", "2015-09-30": "$13,196", "2015-06-30": "$12,423", "2015-03-31": "$12,158", "2014-12-31": "$11,803", "2014-09-30": "$11,473", "2014-06-30": "$11,170", "2014-03-31": "$10,815", "2013-12-31": "$10,381", "2013-09-30": "$10,053", "2013-06-30": "$9,720", "2013-03-31": "$9,776", "2012-12-31": "$9,589", "2012-09-30": "$9,465", "2012-06-30": "$9,110", "2012-03-31": "$8,337", "2011-12-31": "$7,714", "2011-09-30": "$7,655", "2011-06-30": "$6,734", "2011-03-31": "$6,487", "2010-12-31": "$6,226", "2010-09-30": "$6,035", "2010-06-30": "$5,879", "2010-03-31": "$5,671", "2009-12-31": "$5,073", "2009-09-30": "$4,903", "2009-06-30": "$4,614", "2009-03-31": "$4,301", "2008-12-31": "$4,061", "2008-09-30": "$4,063", "2008-06-30": "$3,891", "2008-03-31": "$3,562", "2007-12-31": "$3,732", "2007-09-30": "$3,394", "2007-06-30": "$5,074", "2007-03-31": "$4,935", "2006-12-31": "$5,008", "2006-09-30": "$4,634", "2006-06-30": "$4,602", "2006-03-31": "$4,632", "2005-12-31": "$4,450", "2005-09-30": "$4,349", "2005-06-30": "$4,318", "2005-03-31": "$4,275"}}, "profit-margins": {"current": "28.22%"}, "gross margin": {"2020-12-31": "100.00%", "2020-09-30": "100.00%", "2020-06-30": "100.00%", "2020-03-31": "100.00%", "2019-12-31": "100.00%", "2019-09-30": "100.00%", "2019-06-30": "100.00%", "2019-03-31": "100.00%", "2018-12-31": "100.00%", "2018-09-30": "100.00%", "2018-06-30": "100.00%", "2018-03-31": "100.00%", "2017-12-31": "100.00%", "2017-09-30": "100.00%", "2017-06-30": "100.00%", "2017-03-31": "100.00%", "2016-12-31": "100.00%", "2016-09-30": "100.00%", "2016-06-30": "100.00%", "2016-03-31": "100.00%", "2015-12-31": "100.00%", "2015-09-30": "100.00%", "2015-06-30": "100.00%", "2015-03-31": "100.00%", "2014-12-31": "100.00%", "2014-09-30": "100.00%", "2014-06-30": "100.00%", "2014-03-31": "100.00%", "2013-12-31": "100.00%", "2013-09-30": "100.00%", "2013-06-30": "100.00%", "2013-03-31": "100.00%", "2012-12-31": "100.00%", "2012-09-30": "100.00%", "2012-06-30": "100.00%", "2012-03-31": "100.00%", "2011-12-31": "100.00%", "2011-09-30": "100.00%", "2011-06-30": "100.00%", "2011-03-31": "100.00%", "2010-12-31": "100.00%", "2010-09-30": "100.00%", "2010-06-30": "100.00%", "2010-03-31": "100.00%", "2009-12-31": "100.00%", "2009-09-30": "100.00%", "2009-06-30": "100.00%", "2009-03-31": "100.00%", "2008-12-31": "100.00%", "2008-09-30": "100.00%", "2008-06-30": "100.00%", "2008-03-31": "100.00%", "2007-12-31": "100.00%", "2007-09-30": "100.00%", "2007-06-30": "100.00%", "2007-03-31": "100.00%", "2006-12-31": "100.00%", "2006-09-30": "100.00%", "2006-06-30": "100.00%", "2006-03-31": "100.00%", "2005-12-31": "100.00%"}, "operating margin": {"2020-12-31": "41.98%", "2020-09-30": "43.40%", "2020-06-30": "45.41%", "2020-03-31": "47.40%", "2019-12-31": "48.79%", "2019-09-30": "49.52%", "2019-06-30": "50.38%", "2019-03-31": "50.49%", "2018-12-31": "49.98%", "2018-09-30": "49.63%", "2018-06-30": "48.67%", "2018-03-31": "48.01%", "2017-12-31": "47.54%", "2017-09-30": "47.34%", "2017-06-30": "46.84%", "2017-03-31": "45.97%", "2016-12-31": "45.09%", "2016-09-30": "44.09%", "2016-06-30": "42.88%", "2016-03-31": "42.19%", "2015-12-31": "41.08%", "2015-09-30": "40.50%", "2015-06-30": "39.60%", "2015-03-31": "39.24%", "2014-12-31": "40.05%", "2014-09-30": "39.73%", "2014-06-30": "40.13%", "2014-03-31": "39.18%", "2013-12-31": "36.89%", "2013-09-30": "35.42%", "2013-06-30": "34.26%", "2013-03-31": "34.99%", "2012-12-31": "35.31%", "2012-09-30": "34.14%", "2012-06-30": "34.37%", "2012-03-31": "33.90%", "2011-12-31": "35.41%", "2011-09-30": "34.75%", "2011-06-30": "32.33%", "2011-03-31": "32.08%", "2010-12-31": "24.98%", "2010-09-30": "26.47%", "2010-06-30": "29.32%", "2010-03-31": "29.29%", "2009-12-31": "35.77%", "2009-09-30": "38.86%", "2009-06-30": "40.71%", "2009-03-31": "42.19%", "2008-12-31": "43.57%", "2008-09-30": "43.14%", "2008-06-30": "42.73%", "2008-03-31": "41.57%", "2007-12-31": "40.47%", "2007-09-30": "39.24%", "2007-06-30": "37.94%", "2007-03-31": "37.66%", "2006-12-31": "37.57%", "2006-09-30": "37.54%", "2006-06-30": "35.64%", "2006-03-31": "34.14%", "2005-12-31": "32.27%"}, "ebitda margin": {"2020-09-30": "59.18%", "2020-06-30": "56.82%", "2020-03-31": "56.16%", "2019-12-31": "56.21%", "2019-09-30": "55.93%", "2019-06-30": "56.46%", "2019-03-31": "56.59%", "2018-12-31": "56.45%", "2018-09-30": "56.57%", "2018-06-30": "55.85%", "2018-03-31": "55.21%", "2017-12-31": "54.63%", "2017-09-30": "54.36%", "2017-06-30": "53.75%", "2017-03-31": "52.83%", "2016-12-31": "51.78%", "2016-09-30": "50.41%", "2016-06-30": "48.98%", "2016-03-31": "48.17%", "2015-12-31": "47.13%", "2015-09-30": "46.47%", "2015-06-30": "45.35%", "2015-03-31": "44.82%", "2014-12-31": "45.39%", "2014-09-30": "45.09%", "2014-06-30": "45.75%", "2014-03-31": "45.30%", "2013-12-31": "43.59%", "2013-09-30": "42.91%", "2013-06-30": "42.56%", "2013-03-31": "43.28%", "2012-12-31": "43.87%", "2012-09-30": "43.15%", "2012-06-30": "42.34%", "2012-03-31": "41.02%", "2011-12-31": "41.61%", "2011-09-30": "39.89%", "2011-06-30": "36.97%", "2011-03-31": "36.59%", "2010-12-31": "29.24%", "2010-09-30": "29.58%", "2010-06-30": "32.55%", "2010-03-31": "32.64%", "2009-12-31": "39.14%", "2009-09-30": "42.42%", "2009-06-30": "44.09%", "2009-03-31": "45.34%", "2008-12-31": "46.52%", "2008-09-30": "46.06%", "2008-06-30": "45.65%", "2008-03-31": "44.58%", "2007-12-31": "43.59%", "2007-09-30": "42.51%", "2007-06-30": "41.37%", "2007-03-31": "41.18%", "2006-12-31": "41.22%", "2006-09-30": "41.52%", "2006-06-30": "39.89%", "2006-03-31": "38.74%", "2005-12-31": "37.22%"}, "pre tax profit margin": {"2020-12-31": "36.78%", "2020-09-30": "38.89%", "2020-06-30": "41.25%", "2020-03-31": "43.63%", "2019-12-31": "45.22%", "2019-09-30": "45.86%", "2019-06-30": "46.27%", "2019-03-31": "46.13%", "2018-12-31": "45.03%", "2018-09-30": "44.36%", "2018-06-30": "43.39%", "2018-03-31": "42.63%", "2017-12-31": "42.35%", "2017-09-30": "42.18%", "2017-06-30": "41.62%", "2017-03-31": "40.81%", "2016-12-31": "40.02%", "2016-09-30": "39.10%", "2016-06-30": "37.83%", "2016-03-31": "37.02%", "2015-12-31": "35.72%", "2015-09-30": "35.06%", "2015-06-30": "34.28%", "2015-03-31": "34.02%", "2014-12-31": "34.91%", "2014-09-30": "34.65%", "2014-06-30": "34.78%", "2014-03-31": "33.72%", "2013-12-31": "31.37%", "2013-09-30": "29.74%", "2013-06-30": "28.74%", "2013-03-31": "29.45%", "2012-12-31": "29.69%", "2012-09-30": "28.40%", "2012-06-30": "28.47%", "2012-03-31": "28.05%", "2011-12-31": "29.67%", "2011-09-30": "29.10%", "2011-06-30": "26.34%", "2011-03-31": "25.91%", "2010-12-31": "18.34%", "2010-09-30": "19.87%", "2010-06-30": "23.11%", "2010-03-31": "23.00%", "2009-12-31": "30.43%", "2009-09-30": "33.78%", "2009-06-30": "35.85%", "2009-03-31": "37.85%", "2008-12-31": "39.38%", "2008-09-30": "39.28%", "2008-06-30": "39.23%", "2008-03-31": "38.27%", "2007-12-31": "37.10%", "2007-09-30": "35.81%", "2007-06-30": "34.71%", "2007-03-31": "34.35%", "2006-12-31": "34.25%", "2006-09-30": "35.32%", "2006-06-30": "33.15%", "2006-03-31": "31.38%", "2005-12-31": "28.38%"}, "net profit margin": {"2020-12-31": "26.03%", "2020-09-30": "27.61%", "2020-06-30": "29.78%", "2020-03-31": "31.63%", "2019-12-31": "32.89%", "2019-09-30": "33.48%", "2019-06-30": "33.63%", "2019-03-31": "33.55%", "2018-12-31": "32.86%", "2018-09-30": "30.85%", "2018-06-30": "28.89%", "2018-03-31": "26.87%", "2017-12-31": "25.30%", "2017-09-30": "25.25%", "2017-06-30": "24.74%", "2017-03-31": "24.11%", "2016-12-31": "23.35%", "2016-09-30": "22.87%", "2016-06-30": "22.40%", "2016-03-31": "22.14%", "2015-12-31": "21.38%", "2015-09-30": "21.07%", "2015-06-30": "20.37%", "2015-03-31": "20.21%", "2014-12-31": "20.82%", "2014-09-30": "20.68%", "2014-06-30": "20.80%", "2014-03-31": "20.10%", "2013-12-31": "18.58%", "2013-09-30": "17.30%", "2013-06-30": "17.03%", "2013-03-31": "17.78%", "2012-12-31": "18.08%", "2012-09-30": "17.93%", "2012-06-30": "17.60%", "2012-03-31": "17.46%", "2011-12-31": "18.42%", "2011-09-30": "17.43%", "2011-06-30": "15.78%", "2011-03-31": "15.43%", "2010-12-31": "10.69%", "2010-09-30": "12.15%", "2010-06-30": "14.18%", "2010-03-31": "14.16%", "2009-12-31": "18.77%", "2009-09-30": "20.73%", "2009-06-30": "21.88%", "2009-03-31": "22.71%", "2008-12-31": "23.53%", "2008-09-30": "23.26%", "2008-06-30": "46.51%", "2008-03-31": "47.38%", "2007-12-31": "48.20%", "2007-09-30": "54.08%", "2007-06-30": "28.72%", "2007-03-31": "28.52%", "2006-12-31": "28.48%", "2006-09-30": "26.69%", "2006-06-30": "24.53%", "2006-03-31": "22.77%", "2005-12-31": "20.03%"}, "pe ratio": {"current": "23.32", "2021-02-05": "36.19", "2020-12-31": "34.44", "2020-09-30": "16.71", "2020-06-30": "14.04", "2020-03-31": "12.94", "2019-12-31": "17.49", "2019-09-30": "15.15", "2019-06-30": "14.77", "2019-03-31": "16.01", "2018-12-31": "16.38", "2018-09-30": "21.43", "2018-06-30": "24.81", "2018-03-31": "28.31", "2017-12-31": "30.56", "2017-09-30": "26.80", "2017-06-30": "27.51", "2017-03-31": "27.76", "2016-12-31": "28.85", "2016-09-30": "24.54", "2016-06-30": "20.82", "2016-03-31": "24.04", "2015-12-31": "30.09", "2015-09-30": "26.83", "2015-06-30": "31.90", "2015-03-31": "30.31", "2014-12-31": "29.37", "2014-09-30": "29.14", "2014-06-30": "27.22", "2014-03-31": "29.15", "2013-12-31": "30.85", "2013-09-30": "27.88", "2013-06-30": "29.18", "2013-03-31": "23.52", "2012-12-31": "19.03", "2012-09-30": "17.37", "2012-06-30": "17.75", "2012-03-31": "19.64", "2011-12-31": "14.24", "2011-09-30": "14.81", "2011-06-30": "24.37", "2011-03-31": "28.03", "2010-12-31": "32.15", "2010-09-30": "23.98", "2010-06-30": "21.42", "2010-03-31": "27.67", "2009-12-31": "24.09", "2009-09-30": "20.51", "2009-06-30": "16.85", "2009-03-31": "13.63", "2008-12-31": "13.22", "2008-09-30": "21.37", "2008-06-30": "8.50", "2008-03-31": "7.89", "2007-12-31": "10.90", "2007-09-30": "8.71", "2007-06-30": "16.03", "2007-03-31": "14.83", "2006-12-31": "16.13"}, "price sales": {"2021-02-05": "6.92", "2020-12-31": "6.58", "2020-09-30": "4.64", "2020-06-30": "4.20", "2020-03-31": "4.10", "2019-12-31": "5.78", "2019-09-30": "5.07", "2019-06-30": "4.96", "2019-03-31": "5.39", "2018-12-31": "5.40", "2018-09-30": "6.64", "2018-06-30": "7.18", "2018-03-31": "7.60", "2017-12-31": "7.72", "2017-09-30": "6.75", "2017-06-30": "6.80", "2017-03-31": "6.67", "2016-12-31": "6.69", "2016-09-30": "5.54", "2016-06-30": "4.63", "2016-03-31": "5.31", "2015-12-31": "6.44", "2015-09-30": "5.69", "2015-06-30": "6.53", "2015-03-31": "6.14", "2014-12-31": "6.12", "2014-09-30": "6.03", "2014-06-30": "5.66", "2014-03-31": "5.85", "2013-12-31": "5.71", "2013-09-30": "4.81", "2013-06-30": "4.97", "2013-03-31": "4.16", "2012-12-31": "3.43", "2012-09-30": "3.07", "2012-06-30": "3.08", "2012-03-31": "3.43", "2011-12-31": "2.63", "2011-09-30": "2.59", "2011-06-30": "3.83", "2011-03-31": "4.27", "2010-12-31": "4.24", "2010-09-30": "3.53", "2010-06-30": "3.61", "2010-03-31": "4.69", "2009-12-31": "4.53", "2009-09-30": "4.29", "2009-06-30": "3.71", "2009-03-31": "3.12", "2008-12-31": "3.12", "2008-09-30": "5.00", "2008-06-30": "3.95", "2008-03-31": "3.76", "2007-12-31": "5.36", "2007-09-30": "4.82", "2007-06-30": "4.64", "2007-03-31": "4.26", "2006-12-31": "4.63"}, "price book": {"current": "2.76", "2021-02-05": "2.29", "2020-09-30": "1.49", "2020-06-30": "1.40", "2020-03-31": "1.62", "2019-12-31": "2.76", "2019-09-30": "2.47", "2019-06-30": "2.40", "2019-03-31": "2.56", "2018-12-31": "2.59", "2018-09-30": "3.07", "2018-06-30": "3.30", "2018-03-31": "3.50", "2017-12-31": "3.57", "2017-09-30": "3.11", "2017-06-30": "3.14", "2017-03-31": "3.06", "2016-12-31": "3.04", "2016-09-30": "2.56", "2016-06-30": "2.11", "2016-03-31": "2.41", "2015-12-31": "3.05", "2015-09-30": "2.68", "2015-06-30": "3.24", "2015-03-31": "3.08", "2014-12-31": "3.13", "2014-09-30": "3.12", "2014-06-30": "2.92", "2014-03-31": "3.05", "2013-12-31": "3.01", "2013-09-30": "2.50", "2013-06-30": "2.58", "2013-03-31": "2.13", "2012-12-31": "1.75", "2012-09-30": "1.57", "2012-06-30": "1.64", "2012-03-31": "1.98", "2011-12-31": "1.67", "2011-09-30": "1.67", "2011-06-30": "2.63", "2011-03-31": "2.97", "2010-12-31": "2.92", "2010-09-30": "2.42", "2010-06-30": "2.52", "2010-03-31": "3.43", "2009-12-31": "3.75", "2009-09-30": "3.94", "2009-06-30": "3.81", "2009-03-31": "3.60", "2008-12-31": "3.95", "2008-09-30": "6.32", "2008-06-30": "5.18", "2008-03-31": "5.07", "2007-12-31": "6.74", "2007-09-30": "6.22", "2007-06-30": "4.07", "2007-03-31": "3.73", "2006-12-31": "3.91", "2006-09-30": "3.89", "2006-06-30": "3.53", "2006-03-31": "3.81"}, "price fcf": {"2021-02-05": "", "2020-09-30": "$-2.23", "2020-06-30": "$1.90", "2020-03-31": "$16.26", "2019-12-31": "$6.53", "2019-09-30": "$9.06", "2019-06-30": "$5.92", "2019-03-31": "$6.61", "2018-12-31": "$8.73", "2018-09-30": "$0.59", "2018-06-30": "$2.13", "2018-03-31": "$0.40", "2017-12-31": "$-0.92", "2017-09-30": "$3.53", "2017-06-30": "$0.69", "2017-03-31": "$1.53", "2016-12-31": "$2.44", "2016-09-30": "$1.15", "2016-06-30": "$2.38", "2016-03-31": "$1.45", "2015-12-31": "$0.74", "2015-09-30": "$0.70", "2015-06-30": "$0.58", "2015-03-31": "$0.44", "2014-12-31": "$1.48", "2014-09-30": "$1.48", "2014-06-30": "$1.30", "2014-03-31": "$1.43", "2013-12-31": "$1.09", "2013-09-30": "$1.17", "2013-06-30": "$1.16", "2013-03-31": "$0.51", "2012-12-31": "$0.88", "2012-09-30": "$0.54", "2012-06-30": "$0.10", "2012-03-31": "$0.85", "2011-12-31": "$1.86", "2011-09-30": "$1.11", "2011-06-30": "$1.22", "2011-03-31": "$1.45", "2010-12-31": "$-0.12", "2010-09-30": "$0.91", "2010-06-30": "$0.41", "2010-03-31": "$0.49", "2009-12-31": "$1.12", "2009-09-30": "$1.07", "2009-06-30": "$1.00", "2009-03-31": "$0.27", "2008-12-31": "$-0.16", "2008-09-30": "$-0.31", "2008-06-30": "$0.58", "2008-03-31": "$1.14", "2007-12-31": "$1.29", "2007-09-30": "$1.16", "2007-06-30": "$0.40", "2007-03-31": "$0.60", "2006-12-31": "$1.32"}, "net worth": {"value": "$104.6B"}, "current ratio": {"2020-12-31": "0.00", "2020-09-30": "0.28", "2020-06-30": "0.30", "2020-03-31": "0.42", "2019-12-31": "0.34", "2019-09-30": "0.31", "2019-06-30": "0.31", "2019-03-31": "0.33", "2018-12-31": "0.30", "2018-09-30": "0.29", "2018-06-30": "0.27", "2018-03-31": "0.29", "2017-12-31": "1.08", "2017-09-30": "0.31", "2017-06-30": "0.32", "2017-03-31": "0.31", "2016-12-31": "0.33", "2016-09-30": "0.33", "2016-06-30": "0.36", "2016-03-31": "0.36", "2015-12-31": "0.38", "2015-09-30": "0.39", "2015-06-30": "0.40", "2015-03-31": "0.41", "2014-12-31": "0.44", "2014-09-30": "0.43", "2014-06-30": "0.42", "2014-03-31": "0.43", "2013-12-31": "0.45", "2013-09-30": "0.45", "2013-06-30": "0.47", "2013-03-31": "0.48", "2012-12-31": "0.54", "2012-09-30": "0.53", "2012-06-30": "0.53", "2012-03-31": "0.55", "2011-12-31": "0.57", "2011-09-30": "0.59", "2011-06-30": "0.59", "2011-03-31": "0.58", "2010-12-31": "0.58", "2010-09-30": "0.57", "2010-06-30": "0.63", "2010-03-31": "0.62", "2009-12-31": "0.64", "2009-09-30": "0.68", "2009-06-30": "0.72", "2009-03-31": "0.73", "2008-12-31": "0.74", "2008-09-30": "1.06", "2008-06-30": "1.06", "2008-03-31": "1.06", "2007-12-31": "0.87", "2007-09-30": "1.06", "2007-06-30": "1.06", "2007-03-31": "1.03", "2006-12-31": "1.03", "2006-09-30": "1.06", "2006-06-30": "1.06", "2006-03-31": "1.06", "2005-12-31": "1.02", "2005-09-30": "1.05", "2005-06-30": "1.05", "2005-03-31": "1.05"}, "quick ratio": {"2020-12-31": "0.00", "2020-09-30": "0.00", "2020-06-30": "0.00", "2020-03-31": "0.00", "2019-12-31": "0.00", "2019-09-30": "0.30", "2019-06-30": "0.31", "2019-03-31": "0.33", "2018-12-31": "0.00", "2018-09-30": "0.29", "2018-06-30": "0.27", "2018-03-31": "0.29", "2017-12-31": "0.85", "2017-09-30": "0.30", "2017-06-30": "0.32", "2017-03-31": "0.31", "2016-12-31": "0.33", "2016-09-30": "0.33", "2016-06-30": "0.36", "2016-03-31": "0.36", "2015-12-31": "0.38", "2015-09-30": "0.39", "2015-06-30": "0.39", "2015-03-31": "0.40", "2014-12-31": "0.44", "2014-09-30": "0.43", "2014-06-30": "0.41", "2014-03-31": "0.42", "2013-12-31": "0.44", "2013-09-30": "0.44", "2013-06-30": "0.47", "2013-03-31": "0.48", "2012-12-31": "0.54", "2012-09-30": "0.53", "2012-06-30": "0.53", "2012-03-31": "0.55", "2011-12-31": "0.57", "2011-09-30": "0.59", "2011-06-30": "0.59", "2011-03-31": "0.57", "2010-12-31": "0.57", "2010-09-30": "0.56", "2010-06-30": "0.62", "2010-03-31": "0.61", "2009-12-31": "0.63", "2009-09-30": "0.67", "2009-06-30": "0.71", "2009-03-31": "0.73", "2008-12-31": "0.73", "2008-09-30": "0.76", "2008-06-30": "0.76", "2008-03-31": "0.80", "2007-12-31": "0.85", "2007-09-30": "0.83", "2007-06-30": "0.82", "2007-03-31": "0.83", "2006-12-31": "0.85", "2006-09-30": "0.83", "2006-06-30": "0.84", "2006-03-31": "0.87", "2005-12-31": "0.90", "2005-09-30": "0.91", "2005-06-30": "0.91", "2005-03-31": "0.92"}, "debt equity ratio": {"current": "0.30", "2020-12-31": "0.00", "2020-09-30": "12.39", "2020-06-30": "12.00", "2020-03-31": "13.11", "2019-12-31": "12.52", "2019-09-30": "12.07", "2019-06-30": "11.96", "2019-03-31": "12.08", "2018-12-31": "13.34", "2018-09-30": "12.06", "2018-06-30": "12.03", "2018-03-31": "11.85", "2017-12-31": "12.13", "2017-09-30": "11.80", "2017-06-30": "11.61", "2017-03-31": "12.37", "2016-12-31": "12.60", "2016-09-30": "12.53", "2016-06-30": "12.21", "2016-03-31": "12.16", "2015-12-31": "12.71", "2015-09-30": "11.91", "2015-06-30": "12.17", "2015-03-31": "12.17", "2014-12-31": "12.10", "2014-09-30": "11.85", "2014-06-30": "11.84", "2014-03-31": "12.32", "2013-12-31": "12.84", "2013-09-30": "12.95", "2013-06-30": "12.98", "2013-03-31": "12.64", "2012-12-31": "12.94", "2012-09-30": "11.43", "2012-06-30": "11.27", "2012-03-31": "12.37", "2011-12-31": "13.07", "2011-09-30": "12.44", "2011-06-30": "13.49", "2011-03-31": "13.63", "2010-12-31": "13.87", "2010-09-30": "13.47", "2010-06-30": "13.00", "2010-03-31": "12.81", "2009-12-31": "13.87", "2009-09-30": "12.87", "2009-06-30": "12.49", "2009-03-31": "11.76", "2008-12-31": "11.73", "2008-09-30": "11.99", "2008-06-30": "11.43", "2008-03-31": "11.51", "2007-12-31": "10.33", "2007-09-30": "10.58", "2007-06-30": "8.66", "2007-03-31": "8.58", "2006-12-31": "8.78", "2006-09-30": "9.17", "2006-06-30": "9.18", "2006-03-31": "9.28", "2005-12-31": "9.64", "2005-09-30": "9.43", "2005-06-30": "9.76", "2005-03-31": "9.86"}, "return on equity": {"2020-12-31": "13.77%", "2020-09-30": "10.15%", "2020-06-30": "12.35%", "2020-03-31": "14.81%", "2019-12-31": "16.39%", "2019-09-30": "16.99%", "2019-06-30": "16.97%", "2019-03-31": "16.86%", "2018-12-31": "16.45%", "2018-09-30": "15.20%", "2018-06-30": "14.13%", "2018-03-31": "13.09%", "2017-12-31": "12.28%", "2017-09-30": "12.23%", "2017-06-30": "12.07%", "2017-03-31": "11.77%", "2016-12-31": "11.38%", "2016-09-30": "11.28%", "2016-06-30": "10.99%", "2016-03-31": "10.95%", "2015-12-31": "10.66%", "2015-09-30": "10.61%", "2015-06-30": "10.55%", "2015-03-31": "10.59%", "2014-12-31": "11.14%", "2014-09-30": "11.21%", "2014-06-30": "11.31%", "2014-03-31": "11.03%", "2013-12-31": "10.12%", "2013-09-30": "9.22%", "2013-06-30": "8.90%", "2013-03-31": "9.34%", "2012-12-31": "9.68%", "2012-09-30": "9.90%", "2012-06-30": "10.23%", "2012-03-31": "10.72%", "2011-12-31": "12.09%", "2011-09-30": "12.10%", "2011-06-30": "11.36%", "2011-03-31": "11.22%", "2010-12-31": "7.63%", "2010-09-30": "8.81%", "2010-06-30": "10.68%", "2010-03-31": "11.35%", "2009-12-31": "16.66%", "2009-09-30": "20.83%", "2009-06-30": "24.30%", "2009-03-31": "27.58%", "2008-12-31": "31.12%", "2008-09-30": "31.79%", "2008-06-30": "67.00%", "2008-03-31": "61.90%", "2007-12-31": "56.19%", "2007-09-30": "55.75%", "2007-06-30": "26.42%", "2007-03-31": "26.22%", "2006-12-31": "26.00%", "2006-09-30": "20.68%", "2006-06-30": "19.70%", "2006-03-31": "18.55%", "2005-12-31": "16.67%"}, "return on assets": {"2020-12-31": "1.02%", "2020-09-30": "0.75%", "2020-06-30": "0.92%", "2020-03-31": "1.10%", "2019-12-31": "1.25%", "2019-09-30": "1.27%", "2019-06-30": "1.27%", "2019-03-31": "1.26%", "2018-12-31": "1.23%", "2018-09-30": "1.17%", "2018-06-30": "1.09%", "2018-03-31": "1.02%", "2017-12-31": "0.95%", "2017-09-30": "0.94%", "2017-06-30": "0.91%", "2017-03-31": "0.88%", "2016-12-31": "0.85%", "2016-09-30": "0.84%", "2016-06-30": "0.83%", "2016-03-31": "0.83%", "2015-12-31": "0.80%", "2015-09-30": "0.81%", "2015-06-30": "0.81%", "2015-03-31": "0.81%", "2014-12-31": "0.86%", "2014-09-30": "0.85%", "2014-06-30": "0.84%", "2014-03-31": "0.80%", "2013-12-31": "0.73%", "2013-09-30": "0.66%", "2013-06-30": "0.66%", "2013-03-31": "0.71%", "2012-12-31": "0.74%", "2012-09-30": "0.76%", "2012-06-30": "0.77%", "2012-03-31": "0.78%", "2011-12-31": "0.86%", "2011-09-30": "0.85%", "2011-06-30": "0.78%", "2011-03-31": "0.77%", "2010-12-31": "0.53%", "2010-09-30": "0.62%", "2010-06-30": "0.76%", "2010-03-31": "0.81%", "2009-12-31": "1.21%", "2009-09-30": "1.57%", "2009-06-30": "1.87%", "2009-03-31": "2.17%", "2008-12-31": "2.46%", "2008-09-30": "2.58%", "2008-06-30": "5.60%", "2008-03-31": "5.57%", "2007-12-31": "5.41%", "2007-09-30": "5.56%", "2007-06-30": "2.70%", "2007-03-31": "2.64%", "2006-12-31": "2.57%", "2006-09-30": "2.00%", "2006-06-30": "1.90%", "2006-03-31": "1.76%", "2005-12-31": "1.56%"}, "return on investments": {"2020-12-31": "17.33%", "2020-09-30": "12.33%", "2020-06-30": "14.28%", "2020-03-31": "16.56%", "2019-12-31": "18.17%", "2019-09-30": "18.81%", "2019-06-30": "19.28%", "2019-03-31": "19.46%", "2018-12-31": "19.57%", "2018-09-30": "19.41%", "2018-06-30": "19.26%", "2018-03-31": "19.27%", "2017-12-31": "19.04%", "2017-09-30": "19.25%", "2017-06-30": "19.17%", "2017-03-31": "18.86%", "2016-12-31": "18.50%", "2016-09-30": "18.16%", "2016-06-30": "17.45%", "2016-03-31": "17.16%", "2015-12-31": "16.71%", "2015-09-30": "16.80%", "2015-06-30": "17.08%", "2015-03-31": "17.36%", "2014-12-31": "18.36%", "2014-09-30": "18.36%", "2014-06-30": "18.49%", "2014-03-31": "18.24%", "2013-12-31": "17.06%", "2013-09-30": "16.08%", "2013-06-30": "15.27%", "2013-03-31": "15.51%", "2012-12-31": "15.71%", "2012-09-30": "15.40%", "2012-06-30": "16.05%", "2012-03-31": "16.48%", "2011-12-31": "18.15%", "2011-09-30": "18.62%", "2011-06-30": "17.70%", "2011-03-31": "17.98%", "2010-12-31": "13.94%", "2010-09-30": "15.10%", "2010-06-30": "17.50%", "2010-03-31": "18.18%", "2009-12-31": "24.70%", "2009-09-30": "30.81%", "2009-06-30": "36.38%", "2009-03-31": "42.27%", "2008-12-31": "46.93%", "2008-09-30": "47.80%", "2008-06-30": "50.18%", "2008-03-31": "46.09%", "2007-12-31": "41.61%", "2007-09-30": "36.88%", "2007-06-30": "32.28%", "2007-03-31": "31.83%", "2006-12-31": "31.32%", "2006-09-30": "26.38%", "2006-06-30": "25.79%", "2006-03-31": "24.90%", "2005-12-31": "23.92%"}, "return on tangible equity": {"2020-09-30": "11.00%", "2020-06-30": "13.25%", "2020-03-31": "15.68%", "2019-12-31": "17.41%", "2019-09-30": "18.04%", "2019-06-30": "18.01%", "2019-03-31": "17.94%", "2018-12-31": "17.56%", "2018-09-30": "16.25%", "2018-06-30": "15.17%", "2018-03-31": "14.10%", "2017-12-31": "13.26%", "2017-09-30": "13.28%", "2017-06-30": "13.16%", "2017-03-31": "12.88%", "2016-12-31": "12.50%", "2016-09-30": "12.47%", "2016-06-30": "12.21%", "2016-03-31": "12.24%", "2015-12-31": "12.00%", "2015-09-30": "12.00%", "2015-06-30": "12.00%", "2015-03-31": "12.11%", "2014-12-31": "12.80%", "2014-09-30": "12.96%", "2014-06-30": "13.15%", "2014-03-31": "12.93%", "2013-12-31": "11.93%", "2013-09-30": "10.92%", "2013-06-30": "10.56%", "2013-03-31": "11.10%", "2012-12-31": "11.56%", "2012-09-30": "11.93%", "2012-06-30": "12.47%", "2012-03-31": "12.86%", "2011-12-31": "14.18%", "2011-09-30": "13.85%", "2011-06-30": "12.59%", "2011-03-31": "12.42%", "2010-12-31": "8.43%", "2010-09-30": "9.71%", "2010-06-30": "11.85%", "2010-03-31": "12.67%", "2009-12-31": "18.76%", "2009-09-30": "23.62%", "2009-06-30": "27.73%", "2009-03-31": "31.68%", "2008-12-31": "36.00%", "2008-09-30": "36.90%", "2008-06-30": "78.31%", "2008-03-31": "71.42%", "2007-12-31": "64.02%", "2007-09-30": "62.51%", "2007-06-30": "30.12%", "2007-03-31": "30.76%", "2006-12-31": "31.43%", "2006-09-30": "25.16%", "2006-06-30": "24.06%", "2006-03-31": "22.76%", "2005-12-31": "20.57%"}, "dividend yield history": {"last payout": "$0.72", "last yield": "1.29%"}}