{"ticker": "CRL", "price": {"title": "Charles River Laboratories Historical Annual Stock Price Data", "value": 275.76, "historical": {"2020": {"Average Stock Price": "189.2381", "Year Open": "153.8900", "Year High": "252.6200", "Year Low": "98.9000", "Year Close": "249.8600", "Annual % Change": "63.56%"}, "2019": {"Average Stock Price": "134.9250", "Year Open": "111.0900", "Year High": "152.7600", "Year Low": "104.8200", "Year Close": "152.7600", "Annual % Change": "34.97%"}, "2018": {"Average Stock Price": "116.1663", "Year Open": "110.6500", "Year High": "137.2300", "Year Low": "98.1900", "Year Close": "113.1800", "Annual % Change": "3.41%"}, "2017": {"Average Stock Price": "97.1831", "Year Open": "76.5300", "Year High": "118.0900", "Year Low": "76.5300", "Year Close": "109.4500", "Annual % Change": "43.65%"}, "2016": {"Average Stock Price": "79.1136", "Year Open": "78.2500", "Year High": "88.4400", "Year Low": "67.1000", "Year Close": "76.1900", "Annual % Change": "-5.22%"}, "2015": {"Average Stock Price": "72.9128", "Year Open": "63.8800", "Year High": "84.2000", "Year Low": "61.5900", "Year Close": "80.3900", "Annual % Change": "26.32%"}, "2014": {"Average Stock Price": "58.2804", "Year Open": "52.8800", "Year High": "65.5900", "Year Low": "50.7400", "Year Close": "63.6400", "Annual % Change": "19.98%"}, "2013": {"Average Stock Price": "45.2635", "Year Open": "38.0400", "Year High": "53.3600", "Year Low": "38.0400", "Year Close": "53.0400", "Annual % Change": "41.55%"}, "2012": {"Average Stock Price": "35.7702", "Year Open": "27.7500", "Year High": "41.2400", "Year Low": "27.3900", "Year Close": "37.4700", "Annual % Change": "37.10%"}, "2011": {"Average Stock Price": "35.2165", "Year Open": "35.8400", "Year High": "42.4700", "Year Low": "25.9500", "Year Close": "27.3300", "Annual % Change": "-23.10%"}, "2010": {"Average Stock Price": "34.3705", "Year Open": "33.5700", "Year High": "41.5600", "Year Low": "28.2500", "Year Close": "35.5400", "Annual % Change": "5.49%"}, "2009": {"Average Stock Price": "31.0978", "Year Open": "26.8900", "Year High": "40.0900", "Year Low": "23.1500", "Year Close": "33.6900", "Annual % Change": "28.59%"}, "2008": {"Average Stock Price": "54.5137", "Year Open": "65.1800", "Year High": "68.8200", "Year Low": "20.7800", "Year Close": "26.2000", "Annual % Change": "-60.18%"}, "2007": {"Average Stock Price": "52.4677", "Year Open": "43.2400", "Year High": "67.3500", "Year Low": "43.2400", "Year Close": "65.8000", "Annual % Change": "52.14%"}, "2006": {"Average Stock Price": "42.8401", "Year Open": "42.6600", "Year High": "50.5600", "Year Low": "33.9200", "Year Close": "43.2500", "Annual % Change": "2.08%"}, "2005": {"Average Stock Price": "46.7138", "Year Open": "45.3500", "Year High": "52.7100", "Year Low": "41.7600", "Year Close": "42.3700", "Annual % Change": "-7.91%"}, "2004": {"Average Stock Price": "44.1685", "Year Open": "34.0400", "Year High": "48.8700", "Year Low": "33.7700", "Year Close": "46.0100", "Annual % Change": "34.02%"}, "2003": {"Average Stock Price": "31.1159", "Year Open": "38.5500", "Year High": "38.5500", "Year Low": "24.7500", "Year Close": "34.3300", "Annual % Change": "-10.78%"}, "2002": {"Average Stock Price": "34.7652", "Year Open": "32.4900", "Year High": "40.9800", "Year Low": "27.8000", "Year Close": "38.4800", "Annual % Change": "14.93%"}, "2001": {"Average Stock Price": "29.3127", "Year Open": "26.1300", "Year High": "37.4000", "Year Low": "18.0000", "Year Close": "33.4800", "Annual % Change": "22.28%"}, "2000": {"Average Stock Price": "25.5661", "Year Open": "22.0000", "Year High": "34.0000", "Year Low": "20.5000", "Year Close": "27.3800", "Annual % Change": "0.00%"}}}, "market cap": {"value": "$13.72B"}, "income statement": {"Revenue": {"2019-12-31": "2621.22600", "2018-12-31": "2266.09600", "2017-12-31": "1857.60100", "2016-12-31": "1681.43200", "2015-12-31": "1363.30200", "2014-12-31": "1297.66200", "2013-12-31": "1165.52800", "2012-12-31": "1129.53000", "2011-12-31": "1142.64700", "2010-12-31": "1133.41600", "2009-12-31": "1171.64200", "2008-12-31": "1295.29900", "2007-12-31": "1230.62600", "2006-12-31": "1058.38500", "2005-12-31": "993.32800"}, "Cost Of Goods Sold": {"2019-12-31": "1662.91500", "2018-12-31": "1426.02900", "2017-12-31": "1156.68300", "2016-12-31": "1037.47300", "2015-12-31": "832.21000", "2014-12-31": "825.00200", "2013-12-31": "770.62600", "2012-12-31": "737.44900", "2011-12-31": "740.40500", "2010-12-31": "748.65600", "2009-12-31": "748.65000", "2008-12-31": "796.47800", "2007-12-31": "752.43500", "2006-12-31": "651.77800", "2005-12-31": "603.62400"}, "Gross Profit": {"2019-12-31": "958.31100", "2018-12-31": "840.06700", "2017-12-31": "700.91800", "2016-12-31": "643.95900", "2015-12-31": "531.09200", "2014-12-31": "472.66000", "2013-12-31": "394.90200", "2012-12-31": "392.08110", "2011-12-31": "402.24190", "2010-12-31": "384.76000", "2009-12-31": "422.99190", "2008-12-31": "498.82090", "2007-12-31": "478.19100", "2006-12-31": "406.60700", "2005-12-31": "389.70400"}, "Research And Development Expenses": {"2019-12-31": "", "2018-12-31": "", "2017-12-31": "", "2016-12-31": "", "2015-12-31": "", "2014-12-31": "", "2013-12-31": "", "2012-12-31": "", "2011-12-31": "", "2010-12-31": "", "2009-12-31": "", "2008-12-31": "", "2007-12-31": "", "2006-12-31": "", "2005-12-31": ""}, "SG&A Expenses": {"2019-12-31": "517.62200", "2018-12-31": "443.85400", "2017-12-31": "371.26600", "2016-12-31": "364.70800", "2015-12-31": "300.41400", "2014-12-31": "269.03300", "2013-12-31": "225.69500", "2012-12-31": "208.24800", "2011-12-31": "198.64800", "2010-12-31": "232.48900", "2009-12-31": "227.66300", "2008-12-31": "223.93500", "2007-12-31": "217.52300", "2006-12-31": "180.79500", "2005-12-31": "157.99900"}, "Other Operating Income Or Expenses": {"2019-12-31": "", "2018-12-31": "", "2017-12-31": "", "2016-12-31": "", "2015-12-31": "", "2014-12-31": "", "2013-12-31": "", "2012-12-31": "", "2011-12-31": "-7.49200", "2010-12-31": "-121.37800", "2009-12-31": "0.00000", "2008-12-31": "", "2007-12-31": "", "2006-12-31": "", "2005-12-31": ""}, "Operating Expenses": {"2019-12-31": "2270.07500", "2018-12-31": "1934.71300", "2017-12-31": "1569.31900", "2016-12-31": "1443.88000", "2015-12-31": "1156.85300", "2014-12-31": "1119.99200", "2013-12-31": "1014.12700", "2012-12-31": "963.76500", "2011-12-31": "968.34110", "2010-12-31": "1431.92800", "2009-12-31": "1002.02900", "2008-12-31": "1747.13800", "2007-12-31": "1003.46700", "2006-12-31": "870.21200", "2005-12-31": "808.63400"}, "Operating Income": {"2019-12-31": "351.15110", "2018-12-31": "331.38310", "2017-12-31": "288.28200", "2016-12-31": "237.55200", "2015-12-31": "206.44900", "2014-12-31": "177.67000", "2013-12-31": "151.40090", "2012-12-31": "165.76510", "2011-12-31": "174.30590", "2010-12-31": "-298.51210", "2009-12-31": "169.61290", "2008-12-31": "-451.83900", "2007-12-31": "227.15900", "2006-12-31": "188.17300", "2005-12-31": "184.69400"}, "Total Non-Operating Income/Expense": {"2019-12-31": "-47.06700", "2018-12-31": "-49.70200", "2017-12-31": "8.67300", "2016-12-31": "-14.63100", "2015-12-31": "-11.02100", "2014-12-31": "-0.07500", "2013-12-31": "-13.07400", "2012-12-31": "-36.01900", "2011-12-31": "-41.64400", "2010-12-31": "-35.57000", "2009-12-31": "-18.05600", "2008-12-31": "-19.60700", "2007-12-31": "-16.21800", "2006-12-31": "-11.60900", "2005-12-31": "-20.80600"}, "Pre-Tax Income": {"2019-12-31": "304.08400", "2018-12-31": "281.68100", "2017-12-31": "296.95500", "2016-12-31": "222.92100", "2015-12-31": "195.42800", "2014-12-31": "177.59500", "2013-12-31": "138.32700", "2012-12-31": "129.74600", "2011-12-31": "132.66200", "2010-12-31": "-334.08200", "2009-12-31": "151.55700", "2008-12-31": "-471.44600", "2007-12-31": "210.94100", "2006-12-31": "176.56400", "2005-12-31": "163.88800"}, "Income Taxes": {"2019-12-31": "50.02300", "2018-12-31": "54.46300", "2017-12-31": "171.36900", "2016-12-31": "66.83500", "2015-12-31": "43.39100", "2014-12-31": "47.67100", "2013-12-31": "32.91100", "2012-12-31": "27.62800", "2011-12-31": "17.14000", "2010-12-31": "0.02300", "2009-12-31": "40.35400", "2008-12-31": "57.02900", "2007-12-31": "56.67700", "2006-12-31": "49.73800", "2005-12-31": "16.26100"}, "Income After Taxes": {"2019-12-31": "254.06100", "2018-12-31": "227.21800", "2017-12-31": "125.58600", "2016-12-31": "156.08600", "2015-12-31": "152.03700", "2014-12-31": "129.92400", "2013-12-31": "105.41600", "2012-12-31": "102.11800", "2011-12-31": "115.52200", "2010-12-31": "-334.10500", "2009-12-31": "111.20300", "2008-12-31": "-528.47500", "2007-12-31": "154.26400", "2006-12-31": "126.82600", "2005-12-31": "147.62700"}, "Other Income": {"2019-12-31": "", "2018-12-31": "", "2017-12-31": "", "2016-12-31": "", "2015-12-31": "", "2014-12-31": "", "2013-12-31": "", "2012-12-31": "", "2011-12-31": "", "2010-12-31": "", "2009-12-31": "", "2008-12-31": "", "2007-12-31": "", "2006-12-31": "", "2005-12-31": ""}, "Income From Continuous Operations": {"2019-12-31": "254.06100", "2018-12-31": "227.21800", "2017-12-31": "125.58600", "2016-12-31": "156.08600", "2015-12-31": "152.03700", "2014-12-31": "129.92400", "2013-12-31": "105.41600", "2012-12-31": "102.11800", "2011-12-31": "115.52200", "2010-12-31": "-334.10500", "2009-12-31": "111.20300", "2008-12-31": "-528.47500", "2007-12-31": "154.26400", "2006-12-31": "125.22100", "2005-12-31": "145.78900"}, "Income From Discontinued Operations": {"2019-12-31": "0.00000", "2018-12-31": "1.50600", "2017-12-31": "-0.13700", "2016-12-31": "0.28000", "2015-12-31": "-0.95000", "2014-12-31": "-1.72600", "2013-12-31": "-1.26500", "2012-12-31": "-4.25200", "2011-12-31": "-5.54500", "2010-12-31": "-8.01200", "2009-12-31": "1.39900", "2008-12-31": "3.28300", "2007-12-31": "-3.14600", "2006-12-31": "-181.00400", "2005-12-31": "-3.79000"}, "Net Income": {"2019-12-31": "252.01900", "2018-12-31": "226.37300", "2017-12-31": "123.35500", "2016-12-31": "154.76500", "2015-12-31": "149.31300", "2014-12-31": "126.69800", "2013-12-31": "102.82800", "2012-12-31": "97.29500", "2011-12-31": "109.56600", "2010-12-31": "-336.66900", "2009-12-31": "114.44100", "2008-12-31": "-524.50500", "2007-12-31": "150.64800", "2006-12-31": "-55.78300", "2005-12-31": "141.99900"}, "EBITDA": {"2019-12-31": "549.24610", "2018-12-31": "493.16200", "2017-12-31": "419.44100", "2016-12-31": "364.21000", "2015-12-31": "301.33000", "2014-12-31": "275.84000", "2013-12-31": "257.59790", "2012-12-31": "264.66210", "2011-12-31": "279.54590", "2010-12-31": "119.91390", "2009-12-31": "273.37290", "2008-12-31": "348.47600", "2007-12-31": "313.57000", "2006-12-31": "270.75900", "2005-12-31": "274.81100"}, "EBIT": {"2019-12-31": "351.15110", "2018-12-31": "331.38310", "2017-12-31": "288.28200", "2016-12-31": "237.55200", "2015-12-31": "206.44900", "2014-12-31": "177.67000", "2013-12-31": "151.40090", "2012-12-31": "165.76510", "2011-12-31": "174.30590", "2010-12-31": "-298.51210", "2009-12-31": "169.61290", "2008-12-31": "-451.83900", "2007-12-31": "227.15900", "2006-12-31": "188.17300", "2005-12-31": "184.69400"}, "Basic Shares Outstanding": {"2019-12-31": "48.73000", "2018-12-31": "47.94700", "2017-12-31": "47.48100", "2016-12-31": "47.01400", "2015-12-31": "46.49600", "2014-12-31": "46.62700", "2013-12-31": "47.74000", "2012-12-31": "47.91200", "2011-12-31": "50.82300", "2010-12-31": "62.56100", "2009-12-31": "65.36600", "2008-12-31": "67.27400", "2007-12-31": "66.96100", "2006-12-31": "68.94600", "2005-12-31": "69.73000"}, "Shares Outstanding": {"2019-12-31": "49.69300", "2018-12-31": "49.01800", "2017-12-31": "48.56400", "2016-12-31": "47.95800", "2015-12-31": "47.63400", "2014-12-31": "47.55800", "2013-12-31": "48.48900", "2012-12-31": "48.40600", "2011-12-31": "51.31800", "2010-12-31": "62.56100", "2009-12-31": "65.63600", "2008-12-31": "67.27400", "2007-12-31": "68.73600", "2006-12-31": "69.94800", "2005-12-31": "72.90200"}, "Basic EPS": {"2019-12-31": "5.17000", "2018-12-31": "4.72000", "2017-12-31": "2.60000", "2016-12-31": "3.29000", "2015-12-31": "3.21000", "2014-12-31": "2.72000", "2013-12-31": "2.15000", "2012-12-31": "2.03000", "2011-12-31": "2.16000", "2010-12-31": "-5.38000", "2009-12-31": "1.75000", "2008-12-31": "-7.80000", "2007-12-31": "2.25000", "2006-12-31": "-0.81000", "2005-12-31": "2.04000"}, "EPS - Earnings Per Share": {"2019-12-31": "5.07000", "2018-12-31": "4.62000", "2017-12-31": "2.54000", "2016-12-31": "3.23000", "2015-12-31": "3.13000", "2014-12-31": "2.66000", "2013-12-31": "2.12000", "2012-12-31": "2.01000", "2011-12-31": "2.14000", "2010-12-31": "-5.38000", "2009-12-31": "1.74000", "2008-12-31": "-7.80000", "2007-12-31": "2.19000", "2006-12-31": "-0.80000", "2005-12-31": "1.96000"}}, "income statement, quarterly": {"Revenue": {"2020-09-30": "743.30000", "2020-06-30": "682.58400", "2020-03-31": "707.05900", "2019-12-31": "691.13820", "2019-09-30": "667.95100", "2019-06-30": "657.56800", "2019-03-31": "604.56900", "2018-12-31": "601.53000", "2018-09-30": "585.29500", "2018-06-30": "585.30100", "2018-03-31": "493.97000", "2017-12-31": "478.47690", "2017-09-30": "464.23200", "2017-06-30": "469.12900", "2017-03-31": "445.76300", "2016-12-31": "466.78900", "2016-09-30": "425.72000", "2016-06-30": "434.05500", "2016-03-31": "354.86800", "2015-12-31": "353.85000", "2015-09-30": "349.46500", "2015-06-30": "339.57300", "2015-03-31": "320.41400", "2014-12-31": "329.54800", "2014-09-30": "327.56700", "2014-06-30": "341.17900", "2014-03-31": "299.36800", "2013-12-31": "289.22790", "2013-09-30": "292.12900", "2013-06-30": "292.93300", "2013-03-31": "291.23800", "2012-12-31": "280.14000", "2012-09-30": "278.68600", "2012-06-30": "284.72300", "2012-03-31": "285.98100", "2011-12-31": "290.96200", "2011-09-30": "277.57900", "2011-06-30": "288.26300", "2011-03-31": "285.84300", "2010-12-31": "281.65200", "2010-09-30": "270.88500", "2010-06-30": "288.59200", "2010-03-31": "292.28700", "2009-12-31": "264.47200", "2009-09-30": "297.48500", "2009-06-30": "308.15900", "2009-03-31": "301.52600", "2008-12-31": "263.25300", "2008-09-30": "342.22700", "2008-06-30": "352.13400", "2008-03-31": "337.68500", "2007-12-31": "318.02800", "2007-09-30": "313.96400", "2007-06-30": "307.43500", "2007-03-31": "291.19900", "2006-12-31": "271.72500", "2006-09-30": "264.66000", "2006-06-30": "267.85900", "2006-03-31": "254.14100", "2005-12-31": "225.88700", "2005-09-30": "242.82900", "2005-06-30": "250.89000", "2005-03-31": "273.72200"}, "Cost Of Goods Sold": {"2020-09-30": "454.02600", "2020-06-30": "450.34600", "2020-03-31": "454.99800", "2019-12-31": "428.82410", "2019-09-30": "421.83500", "2019-06-30": "419.46400", "2019-03-31": "392.79200", "2018-12-31": "375.11290", "2018-09-30": "369.09500", "2018-06-30": "369.32000", "2018-03-31": "312.50100", "2017-12-31": "311.08300", "2017-09-30": "287.38500", "2017-06-30": "283.80400", "2017-03-31": "274.41100", "2016-12-31": "289.61500", "2016-09-30": "269.45000", "2016-06-30": "264.30800", "2016-03-31": "214.10000", "2015-12-31": "213.27600", "2015-09-30": "211.39000", "2015-06-30": "206.79000", "2015-03-31": "200.75400", "2014-12-31": "209.60300", "2014-09-30": "209.29900", "2014-06-30": "215.54500", "2014-03-31": "190.55500", "2013-12-31": "201.03300", "2013-09-30": "192.20300", "2013-06-30": "190.36300", "2013-03-31": "187.02700", "2012-12-31": "189.11500", "2012-09-30": "185.42700", "2012-06-30": "181.13800", "2012-03-31": "181.76900", "2011-12-31": "190.39410", "2011-09-30": "184.86300", "2011-06-30": "181.94300", "2011-03-31": "183.20500", "2010-12-31": "187.36100", "2010-09-30": "180.38500", "2010-06-30": "187.82800", "2010-03-31": "193.08200", "2009-12-31": "170.72700", "2009-09-30": "190.92100", "2009-06-30": "193.69600", "2009-03-31": "193.30600", "2008-12-31": "163.06600", "2008-09-30": "211.95700", "2008-06-30": "214.14700", "2008-03-31": "207.30800", "2007-12-31": "200.26500", "2007-09-30": "190.06500", "2007-06-30": "186.47900", "2007-03-31": "175.62600", "2006-12-31": "169.99500", "2006-09-30": "162.39800", "2006-06-30": "160.74900", "2006-03-31": "158.63600", "2005-12-31": "138.47500", "2005-09-30": "146.75200", "2005-06-30": "149.28600", "2005-03-31": "169.11100"}, "Gross Profit": {"2020-09-30": "289.27400", "2020-06-30": "232.23800", "2020-03-31": "252.06100", "2019-12-31": "262.31410", "2019-09-30": "246.11600", "2019-06-30": "238.10400", "2019-03-31": "211.77700", "2018-12-31": "226.41710", "2018-09-30": "216.20000", "2018-06-30": "215.98100", "2018-03-31": "181.46900", "2017-12-31": "167.39390", "2017-09-30": "176.84700", "2017-06-30": "185.32500", "2017-03-31": "171.35200", "2016-12-31": "177.17400", "2016-09-30": "156.27000", "2016-06-30": "169.74700", "2016-03-31": "140.76800", "2015-12-31": "140.57400", "2015-09-30": "138.07500", "2015-06-30": "132.78300", "2015-03-31": "119.66000", "2014-12-31": "119.94500", "2014-09-30": "118.26800", "2014-06-30": "125.63400", "2014-03-31": "108.81300", "2013-12-31": "88.19490", "2013-09-30": "99.92600", "2013-06-30": "102.57000", "2013-03-31": "104.21100", "2012-12-31": "91.02500", "2012-09-30": "93.25900", "2012-06-30": "103.58500", "2012-03-31": "104.21200", "2011-12-31": "100.56790", "2011-09-30": "92.71600", "2011-06-30": "106.32000", "2011-03-31": "102.63800", "2010-12-31": "94.29100", "2010-09-30": "90.50000", "2010-06-30": "100.76400", "2010-03-31": "99.20500", "2009-12-31": "93.74500", "2009-09-30": "106.56400", "2009-06-30": "114.46300", "2009-03-31": "108.22000", "2008-12-31": "100.18700", "2008-09-30": "130.27000", "2008-06-30": "137.98700", "2008-03-31": "130.37700", "2007-12-31": "117.76300", "2007-09-30": "123.89900", "2007-06-30": "120.95600", "2007-03-31": "115.57300", "2006-12-31": "101.73000", "2006-09-30": "102.26200", "2006-06-30": "107.11000", "2006-03-31": "95.50500", "2005-12-31": "87.41200", "2005-09-30": "96.07700", "2005-06-30": "101.60400", "2005-03-31": "104.61100"}, "Research And Development Expenses": {"2020-09-30": "", "2020-06-30": "", "2020-03-31": "", "2019-12-31": "", "2019-09-30": "", "2019-06-30": "", "2019-03-31": "", "2018-12-31": "", "2018-09-30": "", "2018-06-30": "", "2018-03-31": "", "2017-12-31": "", "2017-09-30": "", "2017-06-30": "", "2017-03-31": "", "2016-12-31": "", "2016-09-30": "", "2016-06-30": "", "2016-03-31": "", "2015-12-31": "", "2015-09-30": "", "2015-06-30": "", "2015-03-31": "", "2014-12-31": "", "2014-09-30": "", "2014-06-30": "", "2014-03-31": "", "2013-12-31": "", "2013-09-30": "", "2013-06-30": "", "2013-03-31": "", "2012-12-31": "", "2012-09-30": "", "2012-06-30": "", "2012-03-31": "", "2011-12-31": "", "2011-09-30": "", "2011-06-30": "", "2011-03-31": "", "2010-12-31": "", "2010-09-30": "", "2010-06-30": "", "2010-03-31": "", "2009-12-31": "", "2009-09-30": "", "2009-06-30": "", "2009-03-31": "", "2008-12-31": "", "2008-09-30": "", "2008-06-30": "", "2008-03-31": "", "2007-12-31": "", "2007-09-30": "", "2007-06-30": "", "2007-03-31": "", "2006-12-31": "", "2006-09-30": "", "2006-06-30": "", "2006-03-31": "", "2005-12-31": "", "2005-09-30": "", "2005-06-30": "", "2005-03-31": ""}, "SG&A Expenses": {"2020-09-30": "128.28900", "2020-06-30": "127.71200", "2020-03-31": "129.90100", "2019-12-31": "129.59800", "2019-09-30": "129.50900", "2019-06-30": "135.94100", "2019-03-31": "122.57400", "2018-12-31": "106.91800", "2018-09-30": "113.03300", "2018-06-30": "120.53100", "2018-03-31": "103.37200", "2017-12-31": "94.10900", "2017-09-30": "92.42800", "2017-06-30": "93.82000", "2017-03-31": "90.90900", "2016-12-31": "95.64100", "2016-09-30": "85.65000", "2016-06-30": "100.47300", "2016-03-31": "82.94400", "2015-12-31": "81.46100", "2015-09-30": "76.22500", "2015-06-30": "71.33100", "2015-03-31": "71.39700", "2014-12-31": "72.03400", "2014-09-30": "64.47600", "2014-06-30": "67.75600", "2014-03-31": "64.76700", "2013-12-31": "58.67400", "2013-09-30": "54.90300", "2013-06-30": "54.91900", "2013-03-31": "57.19900", "2012-12-31": "51.32400", "2012-09-30": "51.04700", "2012-06-30": "49.90000", "2012-03-31": "55.97700", "2011-12-31": "46.08700", "2011-09-30": "50.34500", "2011-06-30": "47.20900", "2011-03-31": "55.00700", "2010-12-31": "56.91300", "2010-09-30": "48.00500", "2010-06-30": "65.24000", "2010-03-31": "62.33100", "2009-12-31": "54.77400", "2009-09-30": "54.12900", "2009-06-30": "56.58200", "2009-03-31": "62.17800", "2008-12-31": "49.04800", "2008-09-30": "54.48800", "2008-06-30": "61.07900", "2008-03-31": "59.32000", "2007-12-31": "56.56700", "2007-09-30": "51.84700", "2007-06-30": "56.09200", "2007-03-31": "53.01700", "2006-12-31": "46.81900", "2006-09-30": "41.21100", "2006-06-30": "50.03100", "2006-03-31": "42.73400", "2005-12-31": "34.67000", "2005-09-30": "37.40700", "2005-06-30": "41.07000", "2005-03-31": "44.85200"}, "Other Operating Income Or Expenses": {"2020-09-30": "", "2020-06-30": "", "2020-03-31": "", "2019-12-31": "", "2019-09-30": "", "2019-06-30": "", "2019-03-31": "", "2018-12-31": "", "2018-09-30": "", "2018-06-30": "", "2018-03-31": "", "2017-12-31": "", "2017-09-30": "", "2017-06-30": "", "2017-03-31": "", "2016-12-31": "", "2016-09-30": "", "2016-06-30": "", "2016-03-31": "", "2015-12-31": "", "2015-09-30": "", "2015-06-30": "", "2015-03-31": "", "2014-12-31": "", "2014-09-30": "", "2014-06-30": "", "2014-03-31": "", "2013-12-31": "", "2013-09-30": "", "2013-06-30": "", "2013-03-31": "", "2012-12-31": "", "2012-09-30": "", "2012-06-30": "", "2012-03-31": "", "2011-12-31": "", "2011-09-30": "", "2011-06-30": "", "2011-03-31": "", "2010-12-31": "-91.37800", "2010-09-30": "-30.00000", "2010-06-30": "", "2010-03-31": "", "2009-12-31": "", "2009-09-30": "", "2009-06-30": "", "2009-03-31": "", "2008-12-31": "", "2008-09-30": "", "2008-06-30": "", "2008-03-31": "", "2007-12-31": "", "2007-09-30": "", "2007-06-30": "", "2007-03-31": "", "2006-12-31": "", "2006-09-30": "", "2006-06-30": "", "2006-03-31": "", "2005-12-31": "", "2005-09-30": "", "2005-06-30": "", "2005-03-31": ""}, "Operating Expenses": {"2020-09-30": "610.54700", "2020-06-30": "605.81600", "2020-03-31": "612.77800", "2019-12-31": "582.34900", "2019-09-30": "575.14900", "2019-06-30": "577.80000", "2019-03-31": "534.77700", "2018-12-31": "499.04790", "2018-09-30": "500.93300", "2018-06-30": "508.59100", "2018-03-31": "426.14100", "2017-12-31": "415.64890", "2017-09-30": "390.17000", "2017-06-30": "387.44300", "2017-03-31": "376.05700", "2016-12-31": "397.56490", "2016-09-30": "366.92500", "2016-06-30": "375.99400", "2016-03-31": "303.39600", "2015-12-31": "301.58100", "2015-09-30": "294.02500", "2015-06-30": "283.83800", "2015-03-31": "277.40900", "2014-12-31": "288.78090", "2014-09-30": "281.39500", "2014-06-30": "290.15400", "2014-03-31": "259.66200", "2013-12-31": "264.62100", "2013-09-30": "251.28600", "2013-06-30": "249.74500", "2013-03-31": "248.47500", "2012-12-31": "245.07100", "2012-09-30": "241.00400", "2012-06-30": "235.44900", "2012-03-31": "242.24100", "2011-12-31": "249.31510", "2011-09-30": "240.48500", "2011-06-30": "234.94900", "2011-03-31": "243.59200", "2010-12-31": "646.81120", "2010-09-30": "264.41700", "2010-06-30": "258.60700", "2010-03-31": "262.09300", "2009-12-31": "229.86100", "2009-09-30": "253.03800", "2009-06-30": "257.49700", "2009-03-31": "261.63300", "2008-12-31": "916.05900", "2008-09-30": "274.05400", "2008-06-30": "282.82600", "2008-03-31": "274.19900", "2007-12-31": "265.92600", "2007-09-30": "250.33300", "2007-06-30": "250.71000", "2007-03-31": "236.49800", "2006-12-31": "226.57100", "2006-09-30": "213.03900", "2006-06-30": "220.15700", "2006-03-31": "210.44500", "2005-12-31": "182.81400", "2005-09-30": "195.66200", "2005-06-30": "201.83200", "2005-03-31": "228.32600"}, "Operating Income": {"2020-09-30": "132.75300", "2020-06-30": "76.76800", "2020-03-31": "94.28100", "2019-12-31": "108.78920", "2019-09-30": "92.80200", "2019-06-30": "79.76800", "2019-03-31": "69.79200", "2018-12-31": "102.48210", "2018-09-30": "84.36200", "2018-06-30": "76.71000", "2018-03-31": "67.82900", "2017-12-31": "62.82790", "2017-09-30": "74.06200", "2017-06-30": "81.68600", "2017-03-31": "69.70600", "2016-12-31": "69.22410", "2016-09-30": "58.79500", "2016-06-30": "58.06100", "2016-03-31": "51.47200", "2015-12-31": "52.26900", "2015-09-30": "55.44000", "2015-06-30": "55.73500", "2015-03-31": "43.00500", "2014-12-31": "40.76710", "2014-09-30": "46.17200", "2014-06-30": "51.02500", "2014-03-31": "39.70600", "2013-12-31": "24.60690", "2013-09-30": "40.84300", "2013-06-30": "43.18800", "2013-03-31": "42.76300", "2012-12-31": "35.06900", "2012-09-30": "37.68200", "2012-06-30": "49.27400", "2012-03-31": "43.74000", "2011-12-31": "41.64690", "2011-09-30": "37.09400", "2011-06-30": "53.31400", "2011-03-31": "42.25100", "2010-12-31": "-365.15920", "2010-09-30": "6.46800", "2010-06-30": "29.98500", "2010-03-31": "30.19400", "2009-12-31": "34.61100", "2009-09-30": "44.44700", "2009-06-30": "50.66200", "2009-03-31": "39.89300", "2008-12-31": "-652.80600", "2008-09-30": "68.17300", "2008-06-30": "69.30800", "2008-03-31": "63.48600", "2007-12-31": "52.10200", "2007-09-30": "63.63100", "2007-06-30": "56.72500", "2007-03-31": "54.70100", "2006-12-31": "45.15400", "2006-09-30": "51.62100", "2006-06-30": "47.70200", "2006-03-31": "43.69600", "2005-12-31": "43.07300", "2005-09-30": "47.16700", "2005-06-30": "49.05800", "2005-03-31": "45.39600"}, "Total Non-Operating Income/Expense": {"2020-09-30": "2.52300", "2020-06-30": "7.18400", "2020-03-31": "-38.82200", "2019-12-31": "-3.22400", "2019-09-30": "-19.56700", "2019-06-30": "-20.77400", "2019-03-31": "-3.50200", "2018-12-31": "-27.43400", "2018-09-30": "-11.05700", "2018-06-30": "-6.42200", "2018-03-31": "-4.78900", "2017-12-31": "6.22500", "2017-09-30": "-1.12300", "2017-06-30": "-4.77000", "2017-03-31": "8.34100", "2016-12-31": "-5.49900", "2016-09-30": "-5.53900", "2016-06-30": "-3.67100", "2016-03-31": "0.07800", "2015-12-31": "-2.27700", "2015-09-30": "-2.28400", "2015-06-30": "4.59300", "2015-03-31": "-11.05300", "2014-12-31": "-0.58100", "2014-09-30": "-2.29000", "2014-06-30": "-0.48400", "2014-03-31": "3.28000", "2013-12-31": "-1.50100", "2013-09-30": "1.88300", "2013-06-30": "-6.34100", "2013-03-31": "-7.11500", "2012-12-31": "-8.86400", "2012-09-30": "-9.28700", "2012-06-30": "-9.27400", "2012-03-31": "-8.59400", "2011-12-31": "-8.99300", "2011-09-30": "-12.55300", "2011-06-30": "-10.50900", "2011-03-31": "-9.58900", "2010-12-31": "-7.82400", "2010-09-30": "-14.04600", "2010-06-30": "-7.58100", "2010-03-31": "-6.11900", "2009-12-31": "-5.80600", "2009-09-30": "-4.00700", "2009-06-30": "-3.37700", "2009-03-31": "-4.86600", "2008-12-31": "-7.89600", "2008-09-30": "-5.05200", "2008-06-30": "-3.41200", "2008-03-31": "-3.24700", "2007-12-31": "-7.45500", "2007-09-30": "-3.18900", "2007-06-30": "-3.66400", "2007-03-31": "-1.91000", "2006-12-31": "-0.68500", "2006-09-30": "-3.55900", "2006-06-30": "-4.39700", "2006-03-31": "-2.96800", "2005-12-31": "-4.60900", "2005-09-30": "-4.39000", "2005-06-30": "-5.40400", "2005-03-31": "-6.40300"}, "Pre-Tax Income": {"2020-09-30": "135.27600", "2020-06-30": "83.95200", "2020-03-31": "55.45900", "2019-12-31": "105.56500", "2019-09-30": "73.23500", "2019-06-30": "58.99400", "2019-03-31": "66.29000", "2018-12-31": "75.04800", "2018-09-30": "73.30500", "2018-06-30": "70.28800", "2018-03-31": "63.04000", "2017-12-31": "69.05300", "2017-09-30": "72.93900", "2017-06-30": "76.91600", "2017-03-31": "78.04700", "2016-12-31": "63.72500", "2016-09-30": "53.25600", "2016-06-30": "54.39000", "2016-03-31": "51.55000", "2015-12-31": "49.99200", "2015-09-30": "53.15600", "2015-06-30": "60.32800", "2015-03-31": "31.95200", "2014-12-31": "40.18600", "2014-09-30": "43.88200", "2014-06-30": "50.54100", "2014-03-31": "42.98600", "2013-12-31": "23.10600", "2013-09-30": "42.72600", "2013-06-30": "36.84700", "2013-03-31": "35.64800", "2012-12-31": "26.20500", "2012-09-30": "28.39500", "2012-06-30": "40.00000", "2012-03-31": "35.14600", "2011-12-31": "32.65400", "2011-09-30": "24.54100", "2011-06-30": "42.80500", "2011-03-31": "32.66200", "2010-12-31": "-372.98300", "2010-09-30": "-7.57800", "2010-06-30": "22.40400", "2010-03-31": "24.07500", "2009-12-31": "28.80500", "2009-09-30": "40.44000", "2009-06-30": "47.28500", "2009-03-31": "35.02700", "2008-12-31": "-660.70200", "2008-09-30": "63.12100", "2008-06-30": "65.89600", "2008-03-31": "60.23900", "2007-12-31": "44.64700", "2007-09-30": "60.44200", "2007-06-30": "53.06100", "2007-03-31": "52.79100", "2006-12-31": "44.46900", "2006-09-30": "48.06200", "2006-06-30": "43.30500", "2006-03-31": "40.72800", "2005-12-31": "38.46400", "2005-09-30": "42.77700", "2005-06-30": "43.65400", "2005-03-31": "38.99300"}, "Income Taxes": {"2020-09-30": "32.66500", "2020-06-30": "16.28400", "2020-03-31": "4.62200", "2019-12-31": "25.05300", "2019-09-30": "-0.31700", "2019-06-30": "14.68500", "2019-03-31": "10.60200", "2018-12-31": "14.85000", "2018-09-30": "12.40300", "2018-06-30": "17.43800", "2018-03-31": "9.77200", "2017-12-31": "98.09700", "2017-09-30": "19.94500", "2017-06-30": "22.24300", "2017-03-31": "31.08400", "2016-12-31": "18.45000", "2016-09-30": "15.56500", "2016-06-30": "18.84500", "2016-03-31": "13.97500", "2015-12-31": "16.72900", "2015-09-30": "15.25500", "2015-06-30": "11.07600", "2015-03-31": "0.33100", "2014-12-31": "11.65000", "2014-09-30": "11.58200", "2014-06-30": "14.08100", "2014-03-31": "10.35800", "2013-12-31": "3.58000", "2013-09-30": "11.39000", "2013-06-30": "8.21900", "2013-03-31": "9.72200", "2012-12-31": "3.48800", "2012-09-30": "6.01100", "2012-06-30": "9.45300", "2012-03-31": "8.67600", "2011-12-31": "5.57600", "2011-09-30": "5.63000", "2011-06-30": "8.64900", "2011-03-31": "-2.71500", "2010-12-31": "-30.55400", "2010-09-30": "16.67000", "2010-06-30": "7.17000", "2010-03-31": "6.73700", "2009-12-31": "9.66600", "2009-09-30": "6.90000", "2009-06-30": "13.63000", "2009-03-31": "10.15800", "2008-12-31": "6.13000", "2008-09-30": "17.62800", "2008-06-30": "17.08800", "2008-03-31": "16.18300", "2007-12-31": "9.45800", "2007-09-30": "16.80800", "2007-06-30": "15.10100", "2007-03-31": "15.31000", "2006-12-31": "12.56800", "2006-09-30": "15.48900", "2006-06-30": "9.87000", "2006-03-31": "11.81100", "2005-12-31": "-19.17100", "2005-09-30": "12.34900", "2005-06-30": "12.22300", "2005-03-31": "10.86000"}, "Income After Taxes": {"2020-09-30": "102.61100", "2020-06-30": "67.66800", "2020-03-31": "50.83700", "2019-12-31": "80.51200", "2019-09-30": "73.55200", "2019-06-30": "44.30900", "2019-03-31": "55.68800", "2018-12-31": "60.19800", "2018-09-30": "60.90200", "2018-06-30": "52.85000", "2018-03-31": "53.26800", "2017-12-31": "-29.04400", "2017-09-30": "52.99400", "2017-06-30": "54.67300", "2017-03-31": "46.96300", "2016-12-31": "45.27500", "2016-09-30": "37.69100", "2016-06-30": "35.54500", "2016-03-31": "37.57500", "2015-12-31": "33.26300", "2015-09-30": "37.90100", "2015-06-30": "49.25200", "2015-03-31": "31.62100", "2014-12-31": "28.53600", "2014-09-30": "32.30000", "2014-06-30": "36.46000", "2014-03-31": "32.62800", "2013-12-31": "19.52600", "2013-09-30": "31.33600", "2013-06-30": "28.62800", "2013-03-31": "25.92600", "2012-12-31": "22.71700", "2012-09-30": "22.38400", "2012-06-30": "30.54700", "2012-03-31": "26.47000", "2011-12-31": "27.07800", "2011-09-30": "18.91100", "2011-06-30": "34.15600", "2011-03-31": "35.37700", "2010-12-31": "-342.42900", "2010-09-30": "-24.24800", "2010-06-30": "15.23400", "2010-03-31": "17.33800", "2009-12-31": "19.13900", "2009-09-30": "33.54000", "2009-06-30": "33.65500", "2009-03-31": "24.86900", "2008-12-31": "-666.83200", "2008-09-30": "45.49300", "2008-06-30": "48.80800", "2008-03-31": "44.05600", "2007-12-31": "35.18900", "2007-09-30": "43.63400", "2007-06-30": "37.96000", "2007-03-31": "37.48100", "2006-12-31": "31.90100", "2006-09-30": "32.57300", "2006-06-30": "33.43500", "2006-03-31": "28.91700", "2005-12-31": "57.63500", "2005-09-30": "30.42800", "2005-06-30": "31.43100", "2005-03-31": "28.13300"}, "Other Income": {"2020-09-30": "", "2020-06-30": "", "2020-03-31": "", "2019-12-31": "", "2019-09-30": "", "2019-06-30": "", "2019-03-31": "", "2018-12-31": "", "2018-09-30": "", "2018-06-30": "", "2018-03-31": "", "2017-12-31": "", "2017-09-30": "", "2017-06-30": "", "2017-03-31": "", "2016-12-31": "", "2016-09-30": "", "2016-06-30": "", "2016-03-31": "", "2015-12-31": "", "2015-09-30": "", "2015-06-30": "", "2015-03-31": "", "2014-12-31": "", "2014-09-30": "", "2014-06-30": "", "2014-03-31": "", "2013-12-31": "", "2013-09-30": "", "2013-06-30": "", "2013-03-31": "", "2012-12-31": "", "2012-09-30": "", "2012-06-30": "", "2012-03-31": "", "2011-12-31": "", "2011-09-30": "", "2011-06-30": "", "2011-03-31": "", "2010-12-31": "", "2010-09-30": "", "2010-06-30": "", "2010-03-31": "", "2009-12-31": "", "2009-09-30": "", "2009-06-30": "", "2009-03-31": "", "2008-12-31": "", "2008-09-30": "", "2008-06-30": "", "2008-03-31": "", "2007-12-31": "", "2007-09-30": "", "2007-06-30": "", "2007-03-31": "", "2006-12-31": "", "2006-09-30": "", "2006-06-30": "", "2006-03-31": "", "2005-12-31": "", "2005-09-30": "", "2005-06-30": "", "2005-03-31": ""}, "Income From Continuous Operations": {"2020-09-30": "102.61100", "2020-06-30": "67.66800", "2020-03-31": "50.83700", "2019-12-31": "80.51200", "2019-09-30": "73.55200", "2019-06-30": "44.30900", "2019-03-31": "55.68800", "2018-12-31": "60.19800", "2018-09-30": "60.90200", "2018-06-30": "52.85000", "2018-03-31": "53.26800", "2017-12-31": "-29.04400", "2017-09-30": "52.99400", "2017-06-30": "54.67300", "2017-03-31": "46.96300", "2016-12-31": "45.27500", "2016-09-30": "37.69100", "2016-06-30": "35.54500", "2016-03-31": "37.57500", "2015-12-31": "33.26300", "2015-09-30": "37.90100", "2015-06-30": "49.25200", "2015-03-31": "31.62100", "2014-12-31": "28.53600", "2014-09-30": "32.30000", "2014-06-30": "36.46000", "2014-03-31": "32.62800", "2013-12-31": "19.52600", "2013-09-30": "31.33600", "2013-06-30": "28.62800", "2013-03-31": "25.92600", "2012-12-31": "22.71700", "2012-09-30": "22.38400", "2012-06-30": "30.54700", "2012-03-31": "26.47000", "2011-12-31": "27.07800", "2011-09-30": "18.91100", "2011-06-30": "34.15600", "2011-03-31": "35.37700", "2010-12-31": "-342.42900", "2010-09-30": "-24.24800", "2010-06-30": "15.23400", "2010-03-31": "17.33800", "2009-12-31": "19.13900", "2009-09-30": "33.54000", "2009-06-30": "33.65500", "2009-03-31": "24.86900", "2008-12-31": "-666.83190", "2008-09-30": "45.49300", "2008-06-30": "48.80800", "2008-03-31": "44.05600", "2007-12-31": "35.66000", "2007-09-30": "43.53600", "2007-06-30": "37.84100", "2007-03-31": "37.22700", "2006-12-31": "31.79200", "2006-09-30": "32.13300", "2006-06-30": "32.78100", "2006-03-31": "28.51500", "2005-12-31": "57.24300", "2005-09-30": "29.88900", "2005-06-30": "31.00900", "2005-03-31": "27.64800"}, "Income From Discontinued Operations": {"2020-09-30": "", "2020-06-30": "", "2020-03-31": "", "2019-12-31": "", "2019-09-30": "", "2019-06-30": "", "2019-03-31": "", "2018-12-31": "0.00000", "2018-09-30": "", "2018-06-30": "1.52900", "2018-03-31": "-0.02300", "2017-12-31": "-0.02300", "2017-09-30": "-0.03900", "2017-06-30": "-0.07100", "2017-03-31": "-0.00400", "2016-12-31": "-0.04800", "2016-09-30": "0.34200", "2016-06-30": "0.01200", "2016-03-31": "-0.02600", "2015-12-31": "-0.90200", "2015-09-30": "-0.03400", "2015-06-30": "-0.00700", "2015-03-31": "-0.00700", "2014-12-31": "-0.86400", "2014-09-30": "0.05200", "2014-06-30": "-0.64400", "2014-03-31": "-0.27000", "2013-12-31": "-0.08200", "2013-09-30": "-0.11300", "2013-06-30": "-0.91500", "2013-03-31": "-0.15500", "2012-12-31": "-4.18900", "2012-09-30": "-0.18200", "2012-06-30": "0.04200", "2012-03-31": "0.07700", "2011-12-31": "0.15000", "2011-09-30": "-0.01800", "2011-06-30": "-1.73200", "2011-03-31": "-3.94500", "2010-12-31": "-5.54900", "2010-09-30": "-0.98600", "2010-06-30": "-1.13900", "2010-03-31": "-0.33800", "2009-12-31": "-2.05200", "2009-09-30": "3.45100", "2009-06-30": "", "2009-03-31": "", "2008-12-31": "", "2008-09-30": "", "2008-06-30": "", "2008-03-31": "", "2007-12-31": "-2.03800", "2007-09-30": "-0.75900", "2007-06-30": "0.11500", "2007-03-31": "-0.46400", "2006-12-31": "3.39700", "2006-09-30": "-48.73900", "2006-06-30": "-7.03200", "2006-03-31": "-128.63000", "2005-12-31": "-6.82500", "2005-09-30": "2.18400", "2005-06-30": "0.85100", "2005-03-31": ""}, "Net Income": {"2020-09-30": "102.90900", "2020-06-30": "67.43500", "2020-03-31": "50.76900", "2019-12-31": "80.34800", "2019-09-30": "72.81000", "2019-06-30": "43.72800", "2019-03-31": "55.13300", "2018-12-31": "59.66500", "2018-09-30": "60.36800", "2018-06-30": "53.70900", "2018-03-31": "52.63100", "2017-12-31": "-29.84900", "2017-09-30": "52.47400", "2017-06-30": "53.95200", "2017-03-31": "46.77800", "2016-12-31": "44.68000", "2016-09-30": "37.73500", "2016-06-30": "35.20700", "2016-03-31": "37.14300", "2015-12-31": "31.88400", "2015-09-30": "37.37900", "2015-06-30": "48.50900", "2015-03-31": "31.54100", "2014-12-31": "27.16600", "2014-09-30": "32.03600", "2014-06-30": "35.26400", "2014-03-31": "32.23200", "2013-12-31": "19.09900", "2013-09-30": "30.86700", "2013-06-30": "27.28400", "2013-03-31": "25.57800", "2012-12-31": "18.41600", "2012-09-30": "21.97200", "2012-06-30": "30.46800", "2012-03-31": "26.43900", "2011-12-31": "27.11500", "2011-09-30": "18.79800", "2011-06-30": "32.31800", "2011-03-31": "31.33500", "2010-12-31": "-343.56400", "2010-09-30": "-24.94100", "2010-06-30": "14.45400", "2010-03-31": "17.38200", "2009-12-31": "17.56900", "2009-09-30": "37.31300", "2009-06-30": "34.15400", "2009-03-31": "25.40500", "2008-12-31": "-663.19790", "2008-09-30": "45.48800", "2008-06-30": "49.06600", "2008-03-31": "44.13900", "2007-12-31": "33.15200", "2007-09-30": "42.77700", "2007-06-30": "37.95600", "2007-03-31": "36.76300", "2006-12-31": "35.18900", "2006-09-30": "-16.60600", "2006-06-30": "25.74900", "2006-03-31": "-100.11500", "2005-12-31": "50.41800", "2005-09-30": "32.07300", "2005-06-30": "31.86000", "2005-03-31": "27.64800"}, "EBITDA": {"2020-09-30": "192.33300", "2020-06-30": "133.97600", "2020-03-31": "151.54100", "2019-12-31": "160.62220", "2019-09-30": "144.56000", "2019-06-30": "128.91400", "2019-03-31": "115.15000", "2018-12-31": "144.06320", "2018-09-30": "127.95400", "2018-06-30": "120.10600", "2018-03-31": "101.03900", "2017-12-31": "96.31190", "2017-09-30": "107.52700", "2017-06-30": "113.48500", "2017-03-31": "102.11700", "2016-12-31": "104.76610", "2016-09-30": "92.90300", "2016-06-30": "90.41400", "2016-03-31": "76.12700", "2015-12-31": "75.85000", "2015-09-30": "79.65200", "2015-06-30": "80.03200", "2015-03-31": "65.79600", "2014-12-31": "67.20410", "2014-09-30": "72.68500", "2014-06-30": "75.76000", "2014-03-31": "60.19100", "2013-12-31": "54.34390", "2013-09-30": "68.18800", "2013-06-30": "67.73600", "2013-03-31": "67.33000", "2012-12-31": "60.21300", "2012-09-30": "62.70600", "2012-06-30": "73.65600", "2012-03-31": "68.08700", "2011-12-31": "67.40900", "2011-09-30": "64.64000", "2011-06-30": "79.65100", "2011-03-31": "67.84600", "2010-12-31": "-32.38120", "2010-09-30": "38.50400", "2010-06-30": "60.01700", "2010-03-31": "53.77400", "2009-12-31": "68.66300", "2009-09-30": "69.28500", "2009-06-30": "73.56200", "2009-03-31": "61.86300", "2008-12-31": "79.15300", "2008-09-30": "91.14700", "2008-06-30": "92.34300", "2008-03-31": "85.83300", "2007-12-31": "75.40800", "2007-09-30": "85.59100", "2007-06-30": "77.95700", "2007-03-31": "74.61400", "2006-12-31": "65.14500", "2006-09-30": "73.10000", "2006-06-30": "68.78800", "2006-03-31": "63.72600", "2005-12-31": "66.44700", "2005-09-30": "68.83800", "2005-06-30": "68.05900", "2005-03-31": "71.46700"}, "EBIT": {"2020-09-30": "132.75300", "2020-06-30": "76.76800", "2020-03-31": "94.28100", "2019-12-31": "108.78910", "2019-09-30": "92.80200", "2019-06-30": "79.76800", "2019-03-31": "69.79200", "2018-12-31": "102.48210", "2018-09-30": "84.36200", "2018-06-30": "76.71000", "2018-03-31": "67.82900", "2017-12-31": "62.82800", "2017-09-30": "74.06200", "2017-06-30": "81.68600", "2017-03-31": "69.70600", "2016-12-31": "69.22400", "2016-09-30": "58.79500", "2016-06-30": "58.06100", "2016-03-31": "51.47200", "2015-12-31": "52.26900", "2015-09-30": "55.44000", "2015-06-30": "55.73500", "2015-03-31": "43.00500", "2014-12-31": "40.76700", "2014-09-30": "46.17200", "2014-06-30": "51.02500", "2014-03-31": "39.70600", "2013-12-31": "24.60690", "2013-09-30": "40.84300", "2013-06-30": "43.18800", "2013-03-31": "42.76300", "2012-12-31": "35.06910", "2012-09-30": "37.68200", "2012-06-30": "49.27400", "2012-03-31": "43.74000", "2011-12-31": "41.64690", "2011-09-30": "37.09400", "2011-06-30": "53.31400", "2011-03-31": "42.25100", "2010-12-31": "-365.15910", "2010-09-30": "6.46800", "2010-06-30": "29.98500", "2010-03-31": "30.19400", "2009-12-31": "34.61100", "2009-09-30": "44.44700", "2009-06-30": "50.66200", "2009-03-31": "39.89300", "2008-12-31": "-652.80590", "2008-09-30": "68.17300", "2008-06-30": "69.30800", "2008-03-31": "63.48600", "2007-12-31": "52.10200", "2007-09-30": "63.63100", "2007-06-30": "56.72500", "2007-03-31": "54.70100", "2006-12-31": "45.15400", "2006-09-30": "51.62100", "2006-06-30": "47.70200", "2006-03-31": "43.69600", "2005-12-31": "43.07300", "2005-09-30": "47.16700", "2005-06-30": "49.05800", "2005-03-31": "45.39600"}, "Basic Shares Outstanding": {"2020-09-30": "49.70300", "2020-06-30": "49.55300", "2020-03-31": "49.18900", "2019-12-31": "48.73000", "2019-09-30": "48.81800", "2019-06-30": "48.77200", "2019-03-31": "48.45800", "2018-12-31": "47.94700", "2018-09-30": "48.31000", "2018-06-30": "48.19800", "2018-03-31": "47.78500", "2017-12-31": "47.48100", "2017-09-30": "47.45100", "2017-06-30": "47.59100", "2017-03-31": "47.54600", "2016-12-31": "47.01400", "2016-09-30": "47.16000", "2016-06-30": "47.06100", "2016-03-31": "46.64200", "2015-12-31": "46.49600", "2015-09-30": "46.29000", "2015-06-30": "46.67500", "2015-03-31": "46.77200", "2014-12-31": "46.62700", "2014-09-30": "46.01600", "2014-06-30": "46.94200", "2014-03-31": "47.09100", "2013-12-31": "47.74000", "2013-09-30": "47.91100", "2013-06-30": "48.28000", "2013-03-31": "47.65900", "2012-12-31": "47.91200", "2012-09-30": "47.62600", "2012-06-30": "48.03000", "2012-03-31": "48.25500", "2011-12-31": "50.82300", "2011-09-30": "50.08000", "2011-06-30": "50.99200", "2011-03-31": "53.93800", "2010-12-31": "62.56100", "2010-09-30": "62.59700", "2010-06-30": "65.29000", "2010-03-31": "65.12400", "2009-12-31": "65.36600", "2009-09-30": "64.98500", "2009-06-30": "65.04600", "2009-03-31": "65.89000", "2008-12-31": "67.27400", "2008-09-30": "67.16800", "2008-06-30": "67.32800", "2008-03-31": "67.50500", "2007-12-31": "66.96100", "2007-09-30": "67.19200", "2007-06-30": "66.83000", "2007-03-31": "66.34600", "2006-12-31": "68.94600", "2006-09-30": "67.17100", "2006-06-30": "70.85100", "2006-03-31": "71.50500", "2005-12-31": "69.73000", "2005-09-30": "71.37400", "2005-06-30": "69.73800", "2005-03-31": "65.87600"}, "Shares Outstanding": {"2020-09-30": "50.70200", "2020-06-30": "50.24600", "2020-03-31": "49.96600", "2019-12-31": "49.69300", "2019-09-30": "49.71500", "2019-06-30": "49.66200", "2019-03-31": "49.46200", "2018-12-31": "49.01800", "2018-09-30": "49.32600", "2018-06-30": "49.04300", "2018-03-31": "48.82800", "2017-12-31": "48.56400", "2017-09-30": "48.39000", "2017-06-30": "48.34200", "2017-03-31": "48.42100", "2016-12-31": "47.95800", "2016-09-30": "48.03400", "2016-06-30": "47.91900", "2016-03-31": "47.61700", "2015-12-31": "47.63400", "2015-09-30": "47.24500", "2015-06-30": "47.55000", "2015-03-31": "47.86800", "2014-12-31": "47.55800", "2014-09-30": "46.87800", "2014-06-30": "47.68400", "2014-03-31": "48.15100", "2013-12-31": "48.48900", "2013-09-30": "48.44100", "2013-06-30": "48.83500", "2013-03-31": "48.43600", "2012-12-31": "48.40600", "2012-09-30": "48.10900", "2012-06-30": "48.41300", "2012-03-31": "48.77200", "2011-12-31": "51.31800", "2011-09-30": "50.53400", "2011-06-30": "51.68100", "2011-03-31": "54.59800", "2010-12-31": "62.56100", "2010-09-30": "62.59700", "2010-06-30": "65.87400", "2010-03-31": "65.82500", "2009-12-31": "65.63600", "2009-09-30": "65.46200", "2009-06-30": "65.22200", "2009-03-31": "66.02000", "2008-12-31": "67.27400", "2008-09-30": "70.92500", "2008-06-30": "70.36400", "2008-03-31": "70.55900", "2007-12-31": "68.73600", "2007-09-30": "69.07800", "2007-06-30": "68.51800", "2007-03-31": "67.63300", "2006-12-31": "69.94800", "2006-09-30": "68.05400", "2006-06-30": "71.83500", "2006-03-31": "72.89000", "2005-12-31": "72.90200", "2005-09-30": "73.37300", "2005-06-30": "72.91600", "2005-03-31": "72.52700"}, "Basic EPS": {"2020-09-30": "2.07000", "2020-06-30": "1.36000", "2020-03-31": "1.03000", "2019-12-31": "1.64000", "2019-09-30": "1.49000", "2019-06-30": "0.90000", "2019-03-31": "1.14000", "2018-12-31": "1.26000", "2018-09-30": "1.25000", "2018-06-30": "1.11000", "2018-03-31": "1.10000", "2017-12-31": "-0.62000", "2017-09-30": "1.11000", "2017-06-30": "1.13000", "2017-03-31": "0.98000", "2016-12-31": "0.94000", "2016-09-30": "0.80000", "2016-06-30": "0.75000", "2016-03-31": "0.80000", "2015-12-31": "0.69000", "2015-09-30": "0.81000", "2015-06-30": "1.04000", "2015-03-31": "0.67000", "2014-12-31": "0.59000", "2014-09-30": "0.70000", "2014-06-30": "0.75000", "2014-03-31": "0.68000", "2013-12-31": "0.40000", "2013-09-30": "0.64000", "2013-06-30": "0.57000", "2013-03-31": "0.54000", "2012-12-31": "0.39000", "2012-09-30": "0.46000", "2012-06-30": "0.63000", "2012-03-31": "0.55000", "2011-12-31": "0.57000", "2011-09-30": "0.38000", "2011-06-30": "0.63000", "2011-03-31": "0.58000", "2010-12-31": "-5.47000", "2010-09-30": "-0.40000", "2010-06-30": "0.22000", "2010-03-31": "0.27000", "2009-12-31": "0.26000", "2009-09-30": "0.57000", "2009-06-30": "0.53000", "2009-03-31": "0.39000", "2008-12-31": "-9.86000", "2008-09-30": "0.68000", "2008-06-30": "0.73000", "2008-03-31": "0.65000", "2007-12-31": "0.49000", "2007-09-30": "0.64000", "2007-06-30": "0.57000", "2007-03-31": "0.55000", "2006-12-31": "0.48000", "2006-09-30": "-0.25000", "2006-06-30": "0.36000", "2006-03-31": "-1.40000", "2005-12-31": "0.71000", "2005-09-30": "0.45000", "2005-06-30": "0.46000", "2005-03-31": "0.42000"}, "EPS - Earnings Per Share": {"2020-09-30": "2.03000", "2020-06-30": "1.34000", "2020-03-31": "1.02000", "2019-12-31": "1.62000", "2019-09-30": "1.46000", "2019-06-30": "0.88000", "2019-03-31": "1.11000", "2018-12-31": "1.22000", "2018-09-30": "1.22000", "2018-06-30": "1.10000", "2018-03-31": "1.08000", "2017-12-31": "-0.63000", "2017-09-30": "1.08000", "2017-06-30": "1.12000", "2017-03-31": "0.97000", "2016-12-31": "0.93000", "2016-09-30": "0.79000", "2016-06-30": "0.73000", "2016-03-31": "0.78000", "2015-12-31": "0.66000", "2015-09-30": "0.79000", "2015-06-30": "1.02000", "2015-03-31": "0.66000", "2014-12-31": "0.57000", "2014-09-30": "0.68000", "2014-06-30": "0.74000", "2014-03-31": "0.67000", "2013-12-31": "0.39000", "2013-09-30": "0.64000", "2013-06-30": "0.56000", "2013-03-31": "0.53000", "2012-12-31": "0.38000", "2012-09-30": "0.46000", "2012-06-30": "0.63000", "2012-03-31": "0.54000", "2011-12-31": "0.57000", "2011-09-30": "0.37000", "2011-06-30": "0.63000", "2011-03-31": "0.57000", "2010-12-31": "-5.46000", "2010-09-30": "-0.40000", "2010-06-30": "0.22000", "2010-03-31": "0.26000", "2009-12-31": "0.27000", "2009-09-30": "0.57000", "2009-06-30": "0.52000", "2009-03-31": "0.38000", "2008-12-31": "-9.77000", "2008-09-30": "0.64000", "2008-06-30": "0.70000", "2008-03-31": "0.63000", "2007-12-31": "0.48000", "2007-09-30": "0.62000", "2007-06-30": "0.55000", "2007-03-31": "0.54000", "2006-12-31": "0.45000", "2006-09-30": "-0.24000", "2006-06-30": "0.36000", "2006-03-31": "-1.37000", "2005-12-31": "0.68000", "2005-09-30": "0.44000", "2005-06-30": "0.44000", "2005-03-31": "0.40000"}}, "balance sheet": {"Cash On Hand": {"2019-12-31": "238.01400", "2018-12-31": "195.44200", "2017-12-31": "163.79400", "2016-12-31": "117.62600", "2015-12-31": "117.94700", "2014-12-31": "160.02300", "2013-12-31": "155.92700", "2012-12-31": "109.68500", "2011-12-31": "68.90500", "2010-12-31": "179.16000", "2009-12-31": "182.57400", "2008-12-31": "243.59200", "2007-12-31": "225.44900", "2006-12-31": "175.38000", "2005-12-31": "114.82100"}, "Receivables": {"2019-12-31": "514.03300", "2018-12-31": "472.24800", "2017-12-31": "430.01600", "2016-12-31": "364.05000", "2015-12-31": "270.06800", "2014-12-31": "257.99100", "2013-12-31": "220.63000", "2012-12-31": "203.00100", "2011-12-31": "184.81000", "2010-12-31": "192.97200", "2009-12-31": "190.10100", "2008-12-31": "210.21400", "2007-12-31": "213.90800", "2006-12-31": "202.65800", "2005-12-31": "171.25900"}, "Inventory": {"2019-12-31": "160.66000", "2018-12-31": "127.89200", "2017-12-31": "114.95600", "2016-12-31": "95.83300", "2015-12-31": "93.73500", "2014-12-31": "89.04300", "2013-12-31": "89.39600", "2012-12-31": "88.47000", "2011-12-31": "92.96900", "2010-12-31": "100.29700", "2009-12-31": "102.72300", "2008-12-31": "96.88200", "2007-12-31": "88.02300", "2006-12-31": "72.36200", "2005-12-31": "65.12800"}, "Pre-Paid Expenses": {"2019-12-31": "52.58800", "2018-12-31": "53.44700", "2017-12-31": "36.54400", "2016-12-31": "34.31500", "2015-12-31": "30.19800", "2014-12-31": "26.90000", "2013-12-31": "", "2012-12-31": "", "2011-12-31": "", "2010-12-31": "", "2009-12-31": "", "2008-12-31": "", "2007-12-31": "", "2006-12-31": "", "2005-12-31": ""}, "Other Current Assets": {"2019-12-31": "56.03000", "2018-12-31": "48.80700", "2017-12-31": "81.31500", "2016-12-31": "45.00800", "2015-12-31": "47.28600", "2014-12-31": "45.29700", "2013-12-31": "86.59700", "2012-12-31": "83.60100", "2011-12-31": "79.05200", "2010-12-31": "76.60300", "2009-12-31": "111.88400", "2008-12-31": "67.45100", "2007-12-31": "79.47700", "2006-12-31": "44.36300", "2005-12-31": "26.85800"}, "Total Current Assets": {"2019-12-31": "1021.32500", "2018-12-31": "897.83600", "2017-12-31": "826.62500", "2016-12-31": "656.83200", "2015-12-31": "559.23400", "2014-12-31": "579.25400", "2013-12-31": "552.55000", "2012-12-31": "485.25200", "2011-12-31": "425.84300", "2010-12-31": "552.89400", "2009-12-31": "595.60100", "2008-12-31": "618.13900", "2007-12-31": "607.86400", "2006-12-31": "501.09300", "2005-12-31": "419.32200"}, "Property, Plant, And Equipment": {"2019-12-31": "1044.12800", "2018-12-31": "932.87700", "2017-12-31": "781.97300", "2016-12-31": "755.82700", "2015-12-31": "677.95900", "2014-12-31": "676.79700", "2013-12-31": "676.18200", "2012-12-31": "717.02000", "2011-12-31": "738.03000", "2010-12-31": "752.65700", "2009-12-31": "863.74400", "2008-12-31": "837.24600", "2007-12-31": "748.79300", "2006-12-31": "534.74500", "2005-12-31": "387.50100"}, "Long-Term Investments": {"2019-12-31": "", "2018-12-31": "", "2017-12-31": "", "2016-12-31": "", "2015-12-31": "", "2014-12-31": "", "2013-12-31": "", "2012-12-31": "", "2011-12-31": "", "2010-12-31": "", "2009-12-31": "", "2008-12-31": "", "2007-12-31": "", "2006-12-31": "", "2005-12-31": ""}, "Goodwill And Intangible Assets": {"2019-12-31": "1616.40500", "2018-12-31": "1320.07600", "2017-12-31": "872.77700", "2016-12-31": "861.80800", "2015-12-31": "506.25900", "2014-12-31": "338.55100", "2013-12-31": "315.23800", "2012-12-31": "293.53100", "2011-12-31": "290.99800", "2010-12-31": "319.67400", "2009-12-31": "661.81500", "2008-12-31": "593.67800", "2007-12-31": "1269.44500", "2006-12-31": "1279.51300", "2005-12-31": "1272.61100"}, "Other Long-Term Assets": {"2019-12-31": "826.18800", "2018-12-31": "681.70400", "2017-12-31": "425.89300", "2016-12-31": "408.58700", "2015-12-31": "285.01700", "2014-12-31": "234.35200", "2013-12-31": "61.96400", "2012-12-31": "48.65900", "2011-12-31": "57.65900", "2010-12-31": "62.32300", "2009-12-31": "53.18000", "2008-12-31": "55.00200", "2007-12-31": "85.99300", "2006-12-31": "133.94400", "2005-12-31": "34.70900"}, "Total Long-Term Assets": {"2019-12-31": "3671.46500", "2018-12-31": "2958.04300", "2017-12-31": "2103.29700", "2016-12-31": "2054.96800", "2015-12-31": "1509.26300", "2014-12-31": "1291.32400", "2013-12-31": "1080.20600", "2012-12-31": "1101.09200", "2011-12-31": "1132.47700", "2010-12-31": "1180.47900", "2009-12-31": "1608.49200", "2008-12-31": "1523.27400", "2007-12-31": "2197.67300", "2006-12-31": "2056.45100", "2005-12-31": "2118.88700"}, "Total Assets": {"2019-12-31": "4692.79000", "2018-12-31": "3855.87900", "2017-12-31": "2929.92200", "2016-12-31": "2711.80000", "2015-12-31": "2068.49700", "2014-12-31": "1870.57800", "2013-12-31": "1632.75600", "2012-12-31": "1586.34400", "2011-12-31": "1558.32000", "2010-12-31": "1733.37300", "2009-12-31": "2204.09300", "2008-12-31": "2141.41300", "2007-12-31": "2805.53700", "2006-12-31": "2557.54400", "2005-12-31": "2538.20900"}, "Total Current Liabilities": {"2019-12-31": "710.18100", "2018-12-31": "558.22200", "2017-12-31": "463.50400", "2016-12-31": "429.59300", "2015-12-31": "311.76100", "2014-12-31": "294.68600", "2013-12-31": "247.03400", "2012-12-31": "342.24700", "2011-12-31": "216.79700", "2010-12-31": "259.78000", "2009-12-31": "249.77300", "2008-12-31": "300.99800", "2007-12-31": "302.52800", "2006-12-31": "259.33100", "2005-12-31": "311.41200"}, "Long Term Debt": {"2019-12-31": "1849.66600", "2018-12-31": "1636.59800", "2017-12-31": "1114.10500", "2016-12-31": "1207.69600", "2015-12-31": "845.99700", "2014-12-31": "740.55700", "2013-12-31": "642.35200", "2012-12-31": "527.13600", "2011-12-31": "703.18700", "2010-12-31": "670.27000", "2009-12-31": "457.41900", "2008-12-31": "479.88000", "2007-12-31": "484.99800", "2006-12-31": "547.08400", "2005-12-31": "259.90200"}, "Other Non-Current Liabilities": {"2019-12-31": "182.93300", "2018-12-31": "179.12100", "2017-12-31": "194.81500", "2016-12-31": "159.23900", "2015-12-31": "89.06200", "2014-12-31": "99.54500", "2013-12-31": "70.63200", "2012-12-31": "104.96600", "2011-12-31": "108.45100", "2010-12-31": "114.59600", "2009-12-31": "122.06600", "2008-12-31": "118.82700", "2007-12-31": "154.04400", "2006-12-31": "146.69500", "2005-12-31": "116.50300"}, "Total Long Term Liabilities": {"2019-12-31": "2344.78100", "2018-12-31": "1977.87900", "2017-12-31": "1419.01100", "2016-12-31": "1443.08200", "2015-12-31": "1019.18000", "2014-12-31": "899.96500", "2013-12-31": "741.64500", "2012-12-31": "640.89700", "2011-12-31": "814.16000", "2010-12-31": "784.86600", "2009-12-31": "580.49600", "2008-12-31": "598.70700", "2007-12-31": "642.54200", "2006-12-31": "703.00200", "2005-12-31": "399.78400"}, "Total Liabilities": {"2019-12-31": "3054.96200", "2018-12-31": "2536.10100", "2017-12-31": "1882.51500", "2016-12-31": "1872.67500", "2015-12-31": "1330.94100", "2014-12-31": "1194.65100", "2013-12-31": "988.67900", "2012-12-31": "983.14400", "2011-12-31": "1030.95700", "2010-12-31": "1044.64600", "2009-12-31": "830.26900", "2008-12-31": "899.70500", "2007-12-31": "945.07000", "2006-12-31": "962.33300", "2005-12-31": "711.19600"}, "Common Stock Net": {"2019-12-31": "0.48900", "2018-12-31": "0.48200", "2017-12-31": "0.87500", "2016-12-31": "0.86300", "2015-12-31": "0.85500", "2014-12-31": "0.84500", "2013-12-31": "0.82500", "2012-12-31": "0.79600", "2011-12-31": "0.78500", "2010-12-31": "0.77500", "2009-12-31": "0.77100", "2008-12-31": "0.76600", "2007-12-31": "0.75400", "2006-12-31": "0.73400", "2005-12-31": "0.72400"}, "Retained Earnings (Accumulated Deficit)": {"2019-12-31": "280.32900", "2018-12-31": "42.09600", "2017-12-31": "288.65800", "2016-12-31": "165.30300", "2015-12-31": "10.53800", "2014-12-31": "-138.77500", "2013-12-31": "-265.47300", "2012-12-31": "-368.30100", "2011-12-31": "-465.59600", "2010-12-31": "-575.16200", "2009-12-31": "-238.49300", "2008-12-31": "-352.93400", "2007-12-31": "177.52900", "2006-12-31": "23.12300", "2005-12-31": "78.90600"}, "Comprehensive Income": {"2019-12-31": "-178.01900", "2018-12-31": "-172.70300", "2017-12-31": "-144.73100", "2016-12-31": "-253.76400", "2015-12-31": "-135.54800", "2014-12-31": "-74.24700", "2013-12-31": "5.35700", "2012-12-31": "6.60300", "2011-12-31": "4.59300", "2010-12-31": "33.63500", "2009-12-31": "45.03700", "2008-12-31": "3.34700", "2007-12-31": "85.55900", "2006-12-31": "21.17100", "2005-12-31": "8.54000"}, "Other Share Holders Equity": {"2019-12-31": "", "2018-12-31": "", "2017-12-31": "", "2016-12-31": "", "2015-12-31": "", "2014-12-31": "", "2013-12-31": "", "2012-12-31": "", "2011-12-31": "", "2010-12-31": "", "2009-12-31": "", "2008-12-31": "", "2007-12-31": "", "2006-12-31": "", "2005-12-31": ""}, "Share Holder Equity": {"2019-12-31": "1637.82800", "2018-12-31": "1319.77800", "2017-12-31": "1047.40700", "2016-12-31": "839.12500", "2015-12-31": "737.55600", "2014-12-31": "675.92700", "2013-12-31": "644.07700", "2012-12-31": "603.20000", "2011-12-31": "527.36300", "2010-12-31": "688.72700", "2009-12-31": "1373.82400", "2008-12-31": "1241.70800", "2007-12-31": "1860.46700", "2006-12-31": "1595.21100", "2005-12-31": "1827.01300"}, "Total Liabilities And Share Holders Equity": {"2019-12-31": "4692.79000", "2018-12-31": "3855.87900", "2017-12-31": "2929.92200", "2016-12-31": "2711.80000", "2015-12-31": "2068.49700", "2014-12-31": "1870.57800", "2013-12-31": "1632.75600", "2012-12-31": "1586.34400", "2011-12-31": "1558.32000", "2010-12-31": "1733.37300", "2009-12-31": "2204.09300", "2008-12-31": "2141.41300", "2007-12-31": "2805.53700", "2006-12-31": "2557.54400", "2005-12-31": "2538.20900"}}, "balance sheet, quarterly": {"Cash On Hand": {"2020-09-30": "242.87900", "2020-06-30": "402.02000", "2020-03-31": "372.43300", "2019-12-31": "238.01400", "2019-09-30": "164.75900", "2019-06-30": "200.58900", "2019-03-31": "126.31600", "2018-12-31": "195.44200", "2018-09-30": "138.86600", "2018-06-30": "192.30000", "2018-03-31": "187.77400", "2017-12-31": "163.79400", "2017-09-30": "123.61800", "2017-06-30": "116.46600", "2017-03-31": "131.52400", "2016-12-31": "117.62600", "2016-09-30": "105.72200", "2016-06-30": "154.58500", "2016-03-31": "157.37500", "2015-12-31": "117.94700", "2015-09-30": "74.03200", "2015-06-30": "150.80700", "2015-03-31": "151.91900", "2014-12-31": "160.02300", "2014-09-30": "130.74700", "2014-06-30": "117.01200", "2014-03-31": "169.85000", "2013-12-31": "155.92700", "2013-09-30": "130.45400", "2013-06-30": "113.52100", "2013-03-31": "100.42200", "2012-12-31": "109.68500", "2012-09-30": "83.22400", "2012-06-30": "76.07600", "2012-03-31": "61.03100", "2011-12-31": "68.90500", "2011-09-30": "81.22000", "2011-06-30": "145.83100", "2011-03-31": "158.74500", "2010-12-31": "179.16000", "2010-09-30": "137.43300", "2010-06-30": "219.07700", "2010-03-31": "222.19900", "2009-12-31": "182.57400", "2009-09-30": "192.19800", "2009-06-30": "154.80600", "2009-03-31": "170.23300", "2008-12-31": "243.59200", "2008-09-30": "212.85100", "2008-06-30": "262.43800", "2008-03-31": "239.87600", "2007-12-31": "225.44900", "2007-09-30": "183.49700", "2007-06-30": "162.05000", "2007-03-31": "136.53700", "2006-12-31": "175.38000", "2006-09-30": "253.50400", "2006-06-30": "193.06700", "2006-03-31": "101.45600", "2005-12-31": "114.82100", "2005-09-30": "167.70500", "2005-06-30": "166.54900", "2005-03-31": "214.49400"}, "Receivables": {"2020-09-30": "572.05800", "2020-06-30": "532.53100", "2020-03-31": "542.39000", "2019-12-31": "514.03300", "2019-09-30": "524.07400", "2019-06-30": "545.14800", "2019-03-31": "495.50100", "2018-12-31": "472.24800", "2018-09-30": "487.33900", "2018-06-30": "478.73500", "2018-03-31": "440.10900", "2017-12-31": "430.01600", "2017-09-30": "422.33500", "2017-06-30": "398.54700", "2017-03-31": "383.74800", "2016-12-31": "364.05000", "2016-09-30": "359.73400", "2016-06-30": "345.53900", "2016-03-31": "287.17800", "2015-12-31": "270.06800", "2015-09-30": "288.83600", "2015-06-30": "277.39800", "2015-03-31": "265.42600", "2014-12-31": "257.99100", "2014-09-30": "275.02400", "2014-06-30": "274.50400", "2014-03-31": "239.99800", "2013-12-31": "220.63000", "2013-09-30": "224.27000", "2013-06-30": "224.03000", "2013-03-31": "213.54000", "2012-12-31": "203.00100", "2012-09-30": "215.62100", "2012-06-30": "208.04600", "2012-03-31": "205.89300", "2011-12-31": "184.81000", "2011-09-30": "202.37900", "2011-06-30": "212.42200", "2011-03-31": "215.30400", "2010-12-31": "192.97200", "2010-09-30": "216.74000", "2010-06-30": "218.69500", "2010-03-31": "219.67600", "2009-12-31": "190.10100", "2009-09-30": "212.87200", "2009-06-30": "209.88800", "2009-03-31": "211.09500", "2008-12-31": "210.21400", "2008-09-30": "237.26800", "2008-06-30": "240.00900", "2008-03-31": "239.38500", "2007-12-31": "213.90800", "2007-09-30": "232.04100", "2007-06-30": "228.62200", "2007-03-31": "210.16600", "2006-12-31": "202.65800", "2006-09-30": "185.27500", "2006-06-30": "177.55500", "2006-03-31": "201.06900", "2005-12-31": "171.25900", "2005-09-30": "210.15500", "2005-06-30": "210.30800", "2005-03-31": "204.91200"}, "Inventory": {"2020-09-30": "181.36700", "2020-06-30": "168.36600", "2020-03-31": "162.93800", "2019-12-31": "160.66000", "2019-09-30": "155.52600", "2019-06-30": "134.92500", "2019-03-31": "129.76500", "2018-12-31": "127.89200", "2018-09-30": "125.50000", "2018-06-30": "124.13100", "2018-03-31": "119.04600", "2017-12-31": "114.95600", "2017-09-30": "107.37200", "2017-06-30": "104.69000", "2017-03-31": "98.48200", "2016-12-31": "95.83300", "2016-09-30": "99.37400", "2016-06-30": "98.11600", "2016-03-31": "97.10100", "2015-12-31": "93.73500", "2015-09-30": "98.09700", "2015-06-30": "90.03700", "2015-03-31": "86.05500", "2014-12-31": "89.04300", "2014-09-30": "92.69500", "2014-06-30": "92.62100", "2014-03-31": "91.67400", "2013-12-31": "89.39600", "2013-09-30": "87.14600", "2013-06-30": "88.40500", "2013-03-31": "84.95900", "2012-12-31": "88.47000", "2012-09-30": "93.71800", "2012-06-30": "92.28300", "2012-03-31": "89.34700", "2011-12-31": "92.96900", "2011-09-30": "94.39100", "2011-06-30": "100.53300", "2011-03-31": "97.59400", "2010-12-31": "100.29700", "2010-09-30": "100.75900", "2010-06-30": "96.57100", "2010-03-31": "97.57800", "2009-12-31": "102.72300", "2009-09-30": "100.29000", "2009-06-30": "96.40300", "2009-03-31": "97.56000", "2008-12-31": "96.88200", "2008-09-30": "93.53700", "2008-06-30": "93.60200", "2008-03-31": "90.88100", "2007-12-31": "88.02300", "2007-09-30": "80.23400", "2007-06-30": "77.16900", "2007-03-31": "75.68100", "2006-12-31": "72.36200", "2006-09-30": "71.82100", "2006-06-30": "69.03600", "2006-03-31": "68.16700", "2005-12-31": "65.12800", "2005-09-30": "65.02100", "2005-06-30": "60.37300", "2005-03-31": "63.68000"}, "Pre-Paid Expenses": {"2020-09-30": "69.48100", "2020-06-30": "66.74600", "2020-03-31": "68.82600", "2019-12-31": "52.58800", "2019-09-30": "51.27400", "2019-06-30": "60.48500", "2019-03-31": "58.54900", "2018-12-31": "53.44700", "2018-09-30": "43.76400", "2018-06-30": "44.53100", "2018-03-31": "43.34000", "2017-12-31": "36.54400", "2017-09-30": "42.69500", "2017-06-30": "50.67100", "2017-03-31": "42.49500", "2016-12-31": "34.31500", "2016-09-30": "36.82700", "2016-06-30": "36.69800", "2016-03-31": "33.57300", "2015-12-31": "30.19800", "2015-09-30": "33.59300", "2015-06-30": "36.95200", "2015-03-31": "", "2014-12-31": "26.90000", "2014-09-30": "", "2014-06-30": "", "2014-03-31": "", "2013-12-31": "", "2013-09-30": "", "2013-06-30": "", "2013-03-31": "", "2012-12-31": "", "2012-09-30": "", "2012-06-30": "", "2012-03-31": "", "2011-12-31": "", "2011-09-30": "", "2011-06-30": "", "2011-03-31": "", "2010-12-31": "", "2010-09-30": "", "2010-06-30": "", "2010-03-31": "", "2009-12-31": "", "2009-09-30": "", "2009-06-30": "", "2009-03-31": "", "2008-12-31": "", "2008-09-30": "", "2008-06-30": "", "2008-03-31": "", "2007-12-31": "", "2007-09-30": "", "2007-06-30": "", "2007-03-31": "", "2006-12-31": "", "2006-09-30": "", "2006-06-30": "", "2006-03-31": "", "2005-12-31": "", "2005-09-30": "", "2005-06-30": "", "2005-03-31": ""}, "Other Current Assets": {"2020-09-30": "74.48900", "2020-06-30": "65.06200", "2020-03-31": "61.69400", "2019-12-31": "56.03000", "2019-09-30": "76.77400", "2019-06-30": "68.91100", "2019-03-31": "56.05100", "2018-12-31": "48.80700", "2018-09-30": "42.69700", "2018-06-30": "49.83300", "2018-03-31": "53.07900", "2017-12-31": "81.31500", "2017-09-30": "86.35800", "2017-06-30": "67.69300", "2017-03-31": "43.87200", "2016-12-31": "45.00800", "2016-09-30": "52.92100", "2016-06-30": "66.60900", "2016-03-31": "62.16400", "2015-12-31": "47.28600", "2015-09-30": "84.10300", "2015-06-30": "74.45300", "2015-03-31": "110.74200", "2014-12-31": "45.29700", "2014-09-30": "106.71800", "2014-06-30": "107.70900", "2014-03-31": "88.45900", "2013-12-31": "86.59700", "2013-09-30": "105.15300", "2013-06-30": "92.91500", "2013-03-31": "92.99300", "2012-12-31": "83.60100", "2012-09-30": "65.24300", "2012-06-30": "75.04700", "2012-03-31": "80.89200", "2011-12-31": "79.05200", "2011-09-30": "78.33900", "2011-06-30": "89.46600", "2011-03-31": "88.94100", "2010-12-31": "76.60300", "2010-09-30": "72.36500", "2010-06-30": "73.70500", "2010-03-31": "74.28800", "2009-12-31": "111.88400", "2009-09-30": "61.00300", "2009-06-30": "108.60800", "2009-03-31": "102.57600", "2008-12-31": "67.45100", "2008-09-30": "74.59400", "2008-06-30": "80.32800", "2008-03-31": "75.30900", "2007-12-31": "79.47700", "2007-09-30": "58.15900", "2007-06-30": "58.58300", "2007-03-31": "54.18600", "2006-12-31": "44.36300", "2006-09-30": "46.38900", "2006-06-30": "42.54600", "2006-03-31": "41.96700", "2005-12-31": "26.85800", "2005-09-30": "55.88600", "2005-06-30": "42.04900", "2005-03-31": "39.90600"}, "Total Current Assets": {"2020-09-30": "1140.27400", "2020-06-30": "1234.72500", "2020-03-31": "1208.28100", "2019-12-31": "1021.32500", "2019-09-30": "972.40700", "2019-06-30": "1010.05800", "2019-03-31": "866.18200", "2018-12-31": "897.83600", "2018-09-30": "838.16600", "2018-06-30": "889.53000", "2018-03-31": "843.34800", "2017-12-31": "826.62500", "2017-09-30": "782.37800", "2017-06-30": "738.06700", "2017-03-31": "700.12100", "2016-12-31": "656.83200", "2016-09-30": "654.57800", "2016-06-30": "701.54700", "2016-03-31": "637.39100", "2015-12-31": "559.23400", "2015-09-30": "578.66100", "2015-06-30": "629.64700", "2015-03-31": "614.14200", "2014-12-31": "579.25400", "2014-09-30": "606.01900", "2014-06-30": "592.70200", "2014-03-31": "590.65800", "2013-12-31": "552.55000", "2013-09-30": "547.78100", "2013-06-30": "519.75700", "2013-03-31": "492.61900", "2012-12-31": "485.25200", "2012-09-30": "457.91500", "2012-06-30": "451.55900", "2012-03-31": "437.27000", "2011-12-31": "425.84300", "2011-09-30": "456.32900", "2011-06-30": "548.25200", "2011-03-31": "560.58400", "2010-12-31": "552.89400", "2010-09-30": "527.29700", "2010-06-30": "608.04800", "2010-03-31": "613.74100", "2009-12-31": "595.60100", "2009-09-30": "566.36300", "2009-06-30": "569.70500", "2009-03-31": "581.72000", "2008-12-31": "618.13900", "2008-09-30": "618.82500", "2008-06-30": "676.94000", "2008-03-31": "646.08900", "2007-12-31": "607.86400", "2007-09-30": "555.34500", "2007-06-30": "527.54700", "2007-03-31": "482.23900", "2006-12-31": "501.09300", "2006-09-30": "559.73000", "2006-06-30": "526.38300", "2006-03-31": "412.65900", "2005-12-31": "419.32200", "2005-09-30": "498.76700", "2005-06-30": "479.27900", "2005-03-31": "522.99200"}, "Property, Plant, And Equipment": {"2020-09-30": "1037.21200", "2020-06-30": "1028.00500", "2020-03-31": "1033.40900", "2019-12-31": "1044.12800", "2019-09-30": "1008.04700", "2019-06-30": "1006.33000", "2019-03-31": "907.36700", "2018-12-31": "932.87700", "2018-09-30": "896.90100", "2018-06-30": "896.27300", "2018-03-31": "788.55400", "2017-12-31": "781.97300", "2017-09-30": "767.19200", "2017-06-30": "758.72400", "2017-03-31": "746.95100", "2016-12-31": "755.82700", "2016-09-30": "767.17700", "2016-06-30": "783.67800", "2016-03-31": "664.43700", "2015-12-31": "677.95900", "2015-09-30": "671.67300", "2015-06-30": "680.56500", "2015-03-31": "657.60100", "2014-12-31": "676.79700", "2014-09-30": "671.24400", "2014-06-30": "687.66400", "2014-03-31": "665.60900", "2013-12-31": "676.18200", "2013-09-30": "690.72500", "2013-06-30": "696.49500", "2013-03-31": "707.05300", "2012-12-31": "717.02000", "2012-09-30": "724.69900", "2012-06-30": "727.40500", "2012-03-31": "740.22500", "2011-12-31": "738.03000", "2011-09-30": "728.88700", "2011-06-30": "743.45000", "2011-03-31": "753.61200", "2010-12-31": "752.65700", "2010-09-30": "838.55900", "2010-06-30": "837.58000", "2010-03-31": "848.32200", "2009-12-31": "863.74400", "2009-09-30": "863.78600", "2009-06-30": "857.51700", "2009-03-31": "834.54500", "2008-12-31": "837.24600", "2008-09-30": "845.13000", "2008-06-30": "826.83500", "2008-03-31": "788.21800", "2007-12-31": "748.79300", "2007-09-30": "688.15000", "2007-06-30": "622.49200", "2007-03-31": "566.14500", "2006-12-31": "534.74500", "2006-09-30": "460.85600", "2006-06-30": "440.34800", "2006-03-31": "428.00400", "2005-12-31": "387.50100", "2005-09-30": "386.31000", "2005-06-30": "349.62300", "2005-03-31": "360.94300"}, "Long-Term Investments": {"2020-09-30": "", "2020-06-30": "", "2020-03-31": "", "2019-12-31": "", "2019-09-30": "", "2019-06-30": "", "2019-03-31": "", "2018-12-31": "", "2018-09-30": "", "2018-06-30": "", "2018-03-31": "", "2017-12-31": "", "2017-09-30": "", "2017-06-30": "", "2017-03-31": "", "2016-12-31": "", "2016-09-30": "", "2016-06-30": "", "2016-03-31": "", "2015-12-31": "", "2015-09-30": "", "2015-06-30": "", "2015-03-31": "", "2014-12-31": "", "2014-09-30": "", "2014-06-30": "", "2014-03-31": "", "2013-12-31": "", "2013-09-30": "", "2013-06-30": "", "2013-03-31": "", "2012-12-31": "", "2012-09-30": "", "2012-06-30": "", "2012-03-31": "", "2011-12-31": "", "2011-09-30": "", "2011-06-30": "", "2011-03-31": "", "2010-12-31": "", "2010-09-30": "", "2010-06-30": "", "2010-03-31": "", "2009-12-31": "", "2009-09-30": "", "2009-06-30": "", "2009-03-31": "", "2008-12-31": "", "2008-09-30": "", "2008-06-30": "", "2008-03-31": "", "2007-12-31": "", "2007-09-30": "", "2007-06-30": "", "2007-03-31": "", "2006-12-31": "", "2006-09-30": "", "2006-06-30": "", "2006-03-31": "", "2005-12-31": "", "2005-09-30": "", "2005-06-30": "", "2005-03-31": ""}, "Goodwill And Intangible Assets": {"2020-09-30": "1848.01200", "2020-06-30": "1809.61100", "2020-03-31": "1812.18400", "2019-12-31": "1616.40500", "2019-09-30": "1602.87600", "2019-06-30": "1617.19100", "2019-03-31": "1315.49900", "2018-12-31": "1320.07600", "2018-09-30": "1336.63400", "2018-06-30": "1350.30300", "2018-03-31": "901.81200", "2017-12-31": "872.77700", "2017-09-30": "871.31200", "2017-06-30": "845.89900", "2017-03-31": "826.35800", "2016-12-31": "861.80800", "2016-09-30": "841.27700", "2016-06-30": "837.22000", "2016-03-31": "496.55200", "2015-12-31": "506.25900", "2015-09-30": "695.93100", "2015-06-30": "489.79000", "2015-03-31": "482.40100", "2014-12-31": "338.55100", "2014-09-30": "456.90100", "2014-06-30": "478.27400", "2014-03-31": "309.77200", "2013-12-31": "315.23800", "2013-09-30": "316.51600", "2013-06-30": "317.73400", "2013-03-31": "322.11700", "2012-12-31": "293.53100", "2012-09-30": "297.19700", "2012-06-30": "280.79500", "2012-03-31": "289.33600", "2011-12-31": "290.99800", "2011-09-30": "305.74000", "2011-06-30": "315.45700", "2011-03-31": "321.00900", "2010-12-31": "319.67400", "2010-09-30": "644.77500", "2010-06-30": "644.61000", "2010-03-31": "656.53200", "2009-12-31": "661.81500", "2009-09-30": "675.03200", "2009-06-30": "632.18200", "2009-03-31": "581.68400", "2008-12-31": "593.67800", "2008-09-30": "1307.33000", "2008-06-30": "1257.41200", "2008-03-31": "1265.19500", "2007-12-31": "1269.44500", "2007-09-30": "1276.68900", "2007-06-30": "1277.79200", "2007-03-31": "1278.75700", "2006-12-31": "1279.51300", "2006-09-30": "1252.72800", "2006-06-30": "1262.23400", "2006-03-31": "1476.53000", "2005-12-31": "1272.61100", "2005-09-30": "1634.20900", "2005-06-30": "1645.57900", "2005-03-31": "1664.53300"}, "Other Long-Term Assets": {"2020-09-30": "979.94600", "2020-06-30": "956.59190", "2020-03-31": "949.59500", "2019-12-31": "826.18800", "2019-09-30": "814.04200", "2019-06-30": "826.54200", "2019-03-31": "683.11300", "2018-12-31": "681.70400", "2018-09-30": "700.39400", "2018-06-30": "702.54700", "2018-03-31": "441.05200", "2017-12-31": "425.89300", "2017-09-30": "414.18000", "2017-06-30": "400.48000", "2017-03-31": "393.33900", "2016-12-31": "408.58700", "2016-09-30": "405.08000", "2016-06-30": "417.58800", "2016-03-31": "278.98300", "2015-12-31": "285.01700", "2015-09-30": "65.55200", "2015-06-30": "63.21600", "2015-03-31": "70.68600", "2014-12-31": "234.35200", "2014-09-30": "83.87300", "2014-06-30": "81.81500", "2014-03-31": "64.04300", "2013-12-31": "61.96400", "2013-09-30": "57.17000", "2013-06-30": "53.91500", "2013-03-31": "48.98500", "2012-12-31": "48.65900", "2012-09-30": "40.98700", "2012-06-30": "41.39900", "2012-03-31": "47.04500", "2011-12-31": "57.65900", "2011-09-30": "57.05300", "2011-06-30": "56.30400", "2011-03-31": "65.35300", "2010-12-31": "62.32300", "2010-09-30": "64.73000", "2010-06-30": "53.47300", "2010-03-31": "53.66100", "2009-12-31": "53.18000", "2009-09-30": "52.88300", "2009-06-30": "60.93700", "2009-03-31": "50.83500", "2008-12-31": "55.00200", "2008-09-30": "58.53500", "2008-06-30": "60.38200", "2008-03-31": "57.14100", "2007-12-31": "85.99300", "2007-09-30": "118.95000", "2007-06-30": "135.91000", "2007-03-31": "142.32000", "2006-12-31": "133.94400", "2006-09-30": "131.91100", "2006-06-30": "70.10300", "2006-03-31": "21.51100", "2005-12-31": "34.70900", "2005-09-30": "25.71400", "2005-06-30": "27.37200", "2005-03-31": "29.48500"}, "Total Long-Term Assets": {"2020-09-30": "4073.06400", "2020-06-30": "4006.15900", "2020-03-31": "3993.50900", "2019-12-31": "3671.46500", "2019-09-30": "3610.15500", "2019-06-30": "3615.42600", "2019-03-31": "3060.45500", "2018-12-31": "2958.04300", "2018-09-30": "2958.49100", "2018-06-30": "2976.35300", "2018-03-31": "2157.65500", "2017-12-31": "2103.29700", "2017-09-30": "2083.54000", "2017-06-30": "2035.59700", "2017-03-31": "1996.95400", "2016-12-31": "2054.96800", "2016-09-30": "2035.61200", "2016-06-30": "2061.44000", "2016-03-31": "1466.32700", "2015-12-31": "1509.26300", "2015-09-30": "1454.18200", "2015-06-30": "1256.27000", "2015-03-31": "1233.08700", "2014-12-31": "1291.32400", "2014-09-30": "1236.33900", "2014-06-30": "1270.76000", "2014-03-31": "1061.10500", "2013-12-31": "1080.20600", "2013-09-30": "1095.98600", "2013-06-30": "1101.84100", "2013-03-31": "1111.18900", "2012-12-31": "1101.09200", "2012-09-30": "1109.70300", "2012-06-30": "1094.51400", "2012-03-31": "1118.08800", "2011-12-31": "1132.47700", "2011-09-30": "1129.04400", "2011-06-30": "1157.17300", "2011-03-31": "1184.03600", "2010-12-31": "1180.47900", "2010-09-30": "1552.97600", "2010-06-30": "1548.58900", "2010-03-31": "1573.13000", "2009-12-31": "1608.49200", "2009-09-30": "1625.16900", "2009-06-30": "1583.91300", "2009-03-31": "1505.86800", "2008-12-31": "1523.27400", "2008-09-30": "2278.05700", "2008-06-30": "2214.15800", "2008-03-31": "2198.63800", "2007-12-31": "2197.67300", "2007-09-30": "2180.42900", "2007-06-30": "2136.53200", "2007-03-31": "2086.15500", "2006-12-31": "2056.45100", "2006-09-30": "1943.48500", "2006-06-30": "2090.70300", "2006-03-31": "1997.76500", "2005-12-31": "2118.88700", "2005-09-30": "2090.62800", "2005-06-30": "2068.72800", "2005-03-31": "2104.02400"}, "Total Assets": {"2020-09-30": "5213.33800", "2020-06-30": "5240.88400", "2020-03-31": "5201.79000", "2019-12-31": "4692.79000", "2019-09-30": "4582.56200", "2019-06-30": "4625.48400", "2019-03-31": "3926.63700", "2018-12-31": "3855.87900", "2018-09-30": "3796.65700", "2018-06-30": "3865.88300", "2018-03-31": "3001.00300", "2017-12-31": "2929.92200", "2017-09-30": "2865.91800", "2017-06-30": "2773.66400", "2017-03-31": "2697.07500", "2016-12-31": "2711.80000", "2016-09-30": "2690.19000", "2016-06-30": "2762.98700", "2016-03-31": "2103.71800", "2015-12-31": "2068.49700", "2015-09-30": "2032.84300", "2015-06-30": "1885.91700", "2015-03-31": "1847.22900", "2014-12-31": "1870.57800", "2014-09-30": "1842.35800", "2014-06-30": "1863.46200", "2014-03-31": "1651.76300", "2013-12-31": "1632.75600", "2013-09-30": "1643.76700", "2013-06-30": "1621.59800", "2013-03-31": "1603.80800", "2012-12-31": "1586.34400", "2012-09-30": "1567.61800", "2012-06-30": "1546.07300", "2012-03-31": "1555.35800", "2011-12-31": "1558.32000", "2011-09-30": "1585.37300", "2011-06-30": "1705.42500", "2011-03-31": "1744.62000", "2010-12-31": "1733.37300", "2010-09-30": "2080.27300", "2010-06-30": "2156.63700", "2010-03-31": "2186.87100", "2009-12-31": "2204.09300", "2009-09-30": "2191.53200", "2009-06-30": "2153.61800", "2009-03-31": "2087.58800", "2008-12-31": "2141.41300", "2008-09-30": "2896.88200", "2008-06-30": "2891.09800", "2008-03-31": "2844.72700", "2007-12-31": "2805.53700", "2007-09-30": "2735.77400", "2007-06-30": "2664.07900", "2007-03-31": "2568.39400", "2006-12-31": "2557.54400", "2006-09-30": "2503.21500", "2006-06-30": "2617.08600", "2006-03-31": "2410.42400", "2005-12-31": "2538.20900", "2005-09-30": "2589.39500", "2005-06-30": "2548.00700", "2005-03-31": "2627.01600"}, "Total Current Liabilities": {"2020-09-30": "787.01400", "2020-06-30": "727.93600", "2020-03-31": "690.89600", "2019-12-31": "710.18100", "2019-09-30": "681.64600", "2019-06-30": "635.59800", "2019-03-31": "529.75900", "2018-12-31": "558.22200", "2018-09-30": "539.59900", "2018-06-30": "518.14000", "2018-03-31": "407.09800", "2017-12-31": "463.50400", "2017-09-30": "415.75500", "2017-06-30": "424.07100", "2017-03-31": "383.37400", "2016-12-31": "429.59300", "2016-09-30": "412.04700", "2016-06-30": "413.39300", "2016-03-31": "309.98900", "2015-12-31": "311.76100", "2015-09-30": "314.10400", "2015-06-30": "276.53200", "2015-03-31": "270.48900", "2014-12-31": "294.68600", "2014-09-30": "283.08300", "2014-06-30": "271.64800", "2014-03-31": "239.31900", "2013-12-31": "247.03400", "2013-09-30": "235.17100", "2013-06-30": "225.85400", "2013-03-31": "330.81200", "2012-12-31": "342.24700", "2012-09-30": "325.23700", "2012-06-30": "328.12600", "2012-03-31": "223.83500", "2011-12-31": "216.79700", "2011-09-30": "223.84200", "2011-06-30": "277.10300", "2011-03-31": "307.80800", "2010-12-31": "259.78000", "2010-09-30": "237.37900", "2010-06-30": "246.06000", "2010-03-31": "247.21800", "2009-12-31": "249.77300", "2009-09-30": "254.09900", "2009-06-30": "269.64500", "2009-03-31": "279.87300", "2008-12-31": "300.99800", "2008-09-30": "512.51000", "2008-06-30": "500.77500", "2008-03-31": "302.83700", "2007-12-31": "302.52800", "2007-09-30": "290.36600", "2007-06-30": "269.68100", "2007-03-31": "246.29000", "2006-12-31": "259.33100", "2006-09-30": "253.58100", "2006-06-30": "275.12300", "2006-03-31": "268.02300", "2005-12-31": "311.41200", "2005-09-30": "318.25000", "2005-06-30": "316.22000", "2005-03-31": "325.76000"}, "Long Term Debt": {"2020-09-30": "1968.16100", "2020-06-30": "2207.15700", "2020-03-31": "2326.77000", "2019-12-31": "1849.66600", "2019-09-30": "1882.59300", "2019-06-30": "2040.38800", "2019-03-31": "1540.83300", "2018-12-31": "1636.59800", "2018-09-30": "1652.73300", "2018-06-30": "1796.45100", "2018-03-31": "1129.58100", "2017-12-31": "1114.10500", "2017-09-30": "1155.99800", "2017-06-30": "1116.27800", "2017-03-31": "1170.06300", "2016-12-31": "1207.69600", "2016-09-30": "1233.18900", "2016-06-30": "1331.05300", "2016-03-31": "840.48100", "2015-12-31": "845.99700", "2015-09-30": "835.80000", "2015-06-30": "754.77700", "2015-03-31": "754.53300", "2014-12-31": "740.55700", "2014-09-30": "754.79900", "2014-06-30": "781.61700", "2014-03-31": "614.12900", "2013-12-31": "642.35200", "2013-09-30": "624.31000", "2013-06-30": "619.77100", "2013-03-31": "518.03500", "2012-12-31": "527.13600", "2012-09-30": "543.14300", "2012-06-30": "551.39700", "2012-03-31": "674.74300", "2011-12-31": "703.18700", "2011-09-30": "720.48300", "2011-06-30": "731.41800", "2011-03-31": "761.29300", "2010-12-31": "670.27000", "2010-09-30": "701.07500", "2010-06-30": "409.44100", "2010-03-31": "437.91100", "2009-12-31": "457.41900", "2009-09-30": "463.74800", "2009-06-30": "486.48700", "2009-03-31": "474.15200", "2008-12-31": "479.88000", "2008-09-30": "303.68100", "2008-06-30": "312.26000", "2008-03-31": "476.36700", "2007-12-31": "484.99800", "2007-09-30": "493.69700", "2007-06-30": "511.81600", "2007-03-31": "527.55500", "2006-12-31": "547.08400", "2006-09-30": "576.54200", "2006-06-30": "571.80800", "2006-03-31": "270.65200", "2005-12-31": "259.90200", "2005-09-30": "297.72800", "2005-06-30": "325.67700", "2005-03-31": "585.77200"}, "Other Non-Current Liabilities": {"2020-09-30": "183.69500", "2020-06-30": "176.04200", "2020-03-31": "173.92400", "2019-12-31": "182.93300", "2019-09-30": "171.24300", "2019-06-30": "180.58900", "2019-03-31": "173.56200", "2018-12-31": "179.12100", "2018-09-30": "184.95400", "2018-06-30": "196.64000", "2018-03-31": "204.87100", "2017-12-31": "194.81500", "2017-09-30": "167.49300", "2017-06-30": "163.79900", "2017-03-31": "160.66300", "2016-12-31": "159.23900", "2016-09-30": "96.77100", "2016-06-30": "96.21900", "2016-03-31": "87.36400", "2015-12-31": "89.06200", "2015-09-30": "139.75600", "2015-06-30": "111.25600", "2015-03-31": "117.25500", "2014-12-31": "99.54500", "2014-09-30": "98.21900", "2014-06-30": "103.30500", "2014-03-31": "70.44000", "2013-12-31": "70.63200", "2013-09-30": "101.72400", "2013-06-30": "104.60400", "2013-03-31": "106.96900", "2012-12-31": "104.96600", "2012-09-30": "96.97500", "2012-06-30": "99.31900", "2012-03-31": "99.82300", "2011-12-31": "108.45100", "2011-09-30": "99.67900", "2011-06-30": "106.27700", "2011-03-31": "111.18800", "2010-12-31": "114.59600", "2010-09-30": "103.65100", "2010-06-30": "107.11900", "2010-03-31": "118.05400", "2009-12-31": "122.06600", "2009-09-30": "124.51100", "2009-06-30": "114.53000", "2009-03-31": "115.52500", "2008-12-31": "118.82700", "2008-09-30": "132.61700", "2008-06-30": "128.98000", "2008-03-31": "152.02400", "2007-12-31": "154.04400", "2007-09-30": "146.14800", "2007-06-30": "149.29400", "2007-03-31": "149.91100", "2006-12-31": "146.69500", "2006-09-30": "110.42100", "2006-06-30": "112.18900", "2006-03-31": "126.45100", "2005-12-31": "116.50300", "2005-09-30": "178.12800", "2005-06-30": "165.23600", "2005-03-31": "188.70800"}, "Total Long Term Liabilities": {"2020-09-30": "2524.85900", "2020-06-30": "2756.22300", "2020-03-31": "2855.26700", "2019-12-31": "2344.78100", "2019-09-30": "2364.52900", "2019-06-30": "2531.52200", "2019-03-31": "1995.84900", "2018-12-31": "1977.87900", "2018-09-30": "2000.34900", "2018-06-30": "2162.53800", "2018-03-31": "1451.28800", "2017-12-31": "1419.01100", "2017-09-30": "1425.45400", "2017-06-30": "1383.19900", "2017-03-31": "1434.65400", "2016-12-31": "1443.08200", "2016-09-30": "1405.28100", "2016-06-30": "1513.43300", "2016-03-31": "1009.30100", "2015-12-31": "1019.18000", "2015-09-30": "1010.14200", "2015-06-30": "903.55600", "2015-03-31": "909.17800", "2014-12-31": "899.96500", "2014-09-30": "885.44400", "2014-06-30": "916.67600", "2014-03-31": "713.76300", "2013-12-31": "741.64500", "2013-09-30": "749.14200", "2013-06-30": "745.03000", "2013-03-31": "642.16800", "2012-12-31": "640.89700", "2012-09-30": "642.42900", "2012-06-30": "653.09690", "2012-03-31": "777.01800", "2011-12-31": "814.16000", "2011-09-30": "820.16200", "2011-06-30": "837.69500", "2011-03-31": "872.48100", "2010-12-31": "784.86600", "2010-09-30": "804.72600", "2010-06-30": "516.56000", "2010-03-31": "555.96500", "2009-12-31": "580.49600", "2009-09-30": "588.25900", "2009-06-30": "601.01700", "2009-03-31": "589.67700", "2008-12-31": "598.70700", "2008-09-30": "437.07800", "2008-06-30": "444.44800", "2008-03-31": "631.86400", "2007-12-31": "642.54200", "2007-09-30": "643.31200", "2007-06-30": "664.53000", "2007-03-31": "679.88600", "2006-12-31": "703.00200", "2006-09-30": "696.11200", "2006-06-30": "700.97300", "2006-03-31": "405.34600", "2005-12-31": "399.78400", "2005-09-30": "485.49700", "2005-06-30": "500.10400", "2005-03-31": "783.46500"}, "Total Liabilities": {"2020-09-30": "3311.87300", "2020-06-30": "3484.15900", "2020-03-31": "3546.16300", "2019-12-31": "3054.96200", "2019-09-30": "3046.17500", "2019-06-30": "3167.12000", "2019-03-31": "2525.60800", "2018-12-31": "2536.10100", "2018-09-30": "2539.94800", "2018-06-30": "2680.67800", "2018-03-31": "1858.38600", "2017-12-31": "1882.51500", "2017-09-30": "1841.20900", "2017-06-30": "1807.27000", "2017-03-31": "1818.02800", "2016-12-31": "1872.67500", "2016-09-30": "1817.32800", "2016-06-30": "1926.82600", "2016-03-31": "1319.29000", "2015-12-31": "1330.94100", "2015-09-30": "1324.24600", "2015-06-30": "1180.08800", "2015-03-31": "1179.66700", "2014-12-31": "1194.65100", "2014-09-30": "1168.52700", "2014-06-30": "1188.32400", "2014-03-31": "953.08200", "2013-12-31": "988.67900", "2013-09-30": "984.31300", "2013-06-30": "970.88400", "2013-03-31": "972.98000", "2012-12-31": "983.14400", "2012-09-30": "967.66600", "2012-06-30": "981.22300", "2012-03-31": "1000.85300", "2011-12-31": "1030.95700", "2011-09-30": "1044.00400", "2011-06-30": "1114.79800", "2011-03-31": "1180.28900", "2010-12-31": "1044.64600", "2010-09-30": "1042.10500", "2010-06-30": "762.62000", "2010-03-31": "803.18300", "2009-12-31": "830.26900", "2009-09-30": "842.35800", "2009-06-30": "870.66200", "2009-03-31": "869.55000", "2008-12-31": "899.70500", "2008-09-30": "949.58800", "2008-06-30": "945.22300", "2008-03-31": "934.70100", "2007-12-31": "945.07000", "2007-09-30": "933.67800", "2007-06-30": "934.21100", "2007-03-31": "926.17600", "2006-12-31": "962.33300", "2006-09-30": "949.69300", "2006-06-30": "976.09600", "2006-03-31": "673.36900", "2005-12-31": "711.19600", "2005-09-30": "803.74700", "2005-06-30": "816.32400", "2005-03-31": "1109.22500"}, "Common Stock Net": {"2020-09-30": "0.49900", "2020-06-30": "0.49800", "2020-03-31": "0.49600", "2019-12-31": "0.48900", "2019-09-30": "0.49000", "2019-06-30": "0.48900", "2019-03-31": "0.48900", "2018-12-31": "0.48200", "2018-09-30": "0.88300", "2018-06-30": "0.88200", "2018-03-31": "0.88100", "2017-12-31": "0.87500", "2017-09-30": "0.87400", "2017-06-30": "0.87300", "2017-03-31": "0.87100", "2016-12-31": "0.86300", "2016-09-30": "0.86300", "2016-06-30": "0.86200", "2016-03-31": "0.86100", "2015-12-31": "0.85500", "2015-09-30": "0.85400", "2015-06-30": "0.85300", "2015-03-31": "0.85300", "2014-12-31": "0.84500", "2014-09-30": "0.83900", "2014-06-30": "0.83600", "2014-03-31": "0.83600", "2013-12-31": "0.82500", "2013-09-30": "0.81700", "2013-06-30": "0.81000", "2013-03-31": "0.80700", "2012-12-31": "0.79600", "2012-09-30": "0.79400", "2012-06-30": "0.79100", "2012-03-31": "0.79000", "2011-12-31": "0.78500", "2011-09-30": "0.78500", "2011-06-30": "0.78300", "2011-03-31": "0.78000", "2010-12-31": "0.77500", "2010-09-30": "0.77500", "2010-06-30": "0.77600", "2010-03-31": "0.77500", "2009-12-31": "0.77100", "2009-09-30": "0.77100", "2009-06-30": "0.77100", "2009-03-31": "0.77100", "2008-12-31": "0.76600", "2008-09-30": "0.76600", "2008-06-30": "0.76200", "2008-03-31": "0.76000", "2007-12-31": "0.75400", "2007-09-30": "0.75100", "2007-06-30": "0.74700", "2007-03-31": "0.73900", "2006-12-31": "0.73400", "2006-09-30": "0.73300", "2006-06-30": "0.73000", "2006-03-31": "0.72900", "2005-12-31": "0.72400", "2005-09-30": "0.72300", "2005-06-30": "0.71700", "2005-03-31": "0.66600"}, "Retained Earnings (Accumulated Deficit)": {"2020-09-30": "501.44200", "2020-06-30": "398.53300", "2020-03-31": "331.09800", "2019-12-31": "280.32900", "2019-09-30": "213.76700", "2019-06-30": "140.95700", "2019-03-31": "97.22900", "2018-12-31": "42.09600", "2018-09-30": "460.12000", "2018-06-30": "399.75200", "2018-03-31": "346.04400", "2017-12-31": "288.65800", "2017-09-30": "318.50700", "2017-06-30": "266.03300", "2017-03-31": "212.08100", "2016-12-31": "165.30300", "2016-09-30": "120.62300", "2016-06-30": "82.88800", "2016-03-31": "47.68100", "2015-12-31": "10.53800", "2015-09-30": "-21.34600", "2015-06-30": "-58.72500", "2015-03-31": "-107.23400", "2014-12-31": "-138.77500", "2014-09-30": "-165.94100", "2014-06-30": "-197.97700", "2014-03-31": "-233.24100", "2013-12-31": "-265.47300", "2013-09-30": "-284.57200", "2013-06-30": "-315.43900", "2013-03-31": "-342.72300", "2012-12-31": "-368.30100", "2012-09-30": "-386.71700", "2012-06-30": "-408.68900", "2012-03-31": "-439.15700", "2011-12-31": "-465.59600", "2011-09-30": "-492.71100", "2011-06-30": "-511.50900", "2011-03-31": "-543.82700", "2010-12-31": "-575.16200", "2010-09-30": "-231.59800", "2010-06-30": "-206.65700", "2010-03-31": "-221.11100", "2009-12-31": "-238.49300", "2009-09-30": "-256.06200", "2009-06-30": "-293.37500", "2009-03-31": "-327.53100", "2008-12-31": "-352.93400", "2008-09-30": "317.57000", "2008-06-30": "272.87000", "2008-03-31": "222.68300", "2007-12-31": "177.52900", "2007-09-30": "140.61900", "2007-06-30": "97.84200", "2007-03-31": "59.88600", "2006-12-31": "23.12300", "2006-09-30": "-12.06600", "2006-06-30": "4.54000", "2006-03-31": "-21.20900", "2005-12-31": "78.90600", "2005-09-30": "28.48800", "2005-06-30": "-3.58500", "2005-03-31": "-35.44500"}, "Comprehensive Income": {"2020-09-30": "-195.28100", "2020-06-30": "-212.71400", "2020-03-31": "-218.91700", "2019-12-31": "-178.01900", "2019-09-30": "-178.47000", "2019-06-30": "-166.23600", "2019-03-31": "-162.80000", "2018-12-31": "-172.70300", "2018-09-30": "-159.44800", "2018-06-30": "-153.60800", "2018-03-31": "-124.45700", "2017-12-31": "-144.73100", "2017-09-30": "-183.31200", "2017-06-30": "-208.32700", "2017-03-31": "-242.03200", "2016-12-31": "-253.76400", "2016-09-30": "-165.74600", "2016-06-30": "-150.19200", "2016-03-31": "-142.81700", "2015-12-31": "-135.54800", "2015-09-30": "-120.80000", "2015-06-30": "-90.36300", "2015-03-31": "-108.74500", "2014-12-31": "-74.24700", "2014-09-30": "-17.65400", "2014-06-30": "14.21100", "2014-03-31": "1.08400", "2013-12-31": "5.35700", "2013-09-30": "-1.95700", "2013-06-30": "-19.30800", "2013-03-31": "-13.53300", "2012-12-31": "6.60300", "2012-09-30": "15.56400", "2012-06-30": "2.19300", "2012-03-31": "12.67600", "2011-12-31": "4.59300", "2011-09-30": "25.97900", "2011-06-30": "39.12800", "2011-03-31": "41.85500", "2010-12-31": "33.63500", "2010-09-30": "36.25400", "2010-06-30": "20.20000", "2010-03-31": "33.27600", "2009-12-31": "45.03700", "2009-09-30": "43.55300", "2009-06-30": "20.18800", "2009-03-31": "-19.24000", "2008-12-31": "3.34700", "2008-09-30": "70.90800", "2008-06-30": "101.25300", "2008-03-31": "97.88100", "2007-12-31": "85.55900", "2007-09-30": "71.22800", "2007-06-30": "42.34100", "2007-03-31": "25.62900", "2006-12-31": "21.17100", "2006-09-30": "23.22100", "2006-06-30": "28.91400", "2006-03-31": "10.37300", "2005-12-31": "8.54000", "2005-09-30": "9.02100", "2005-06-30": "2.73900", "2005-03-31": "29.19500"}, "Other Share Holders Equity": {"2020-09-30": "", "2020-06-30": "", "2020-03-31": "", "2019-12-31": "", "2019-09-30": "", "2019-06-30": "", "2019-03-31": "", "2018-12-31": "", "2018-09-30": "", "2018-06-30": "", "2018-03-31": "", "2017-12-31": "", "2017-09-30": "", "2017-06-30": "", "2017-03-31": "", "2016-12-31": "", "2016-09-30": "", "2016-06-30": "", "2016-03-31": "", "2015-12-31": "", "2015-09-30": "", "2015-06-30": "", "2015-03-31": "", "2014-12-31": "", "2014-09-30": "", "2014-06-30": "", "2014-03-31": "", "2013-12-31": "", "2013-09-30": "", "2013-06-30": "", "2013-03-31": "", "2012-12-31": "", "2012-09-30": "", "2012-06-30": "", "2012-03-31": "", "2011-12-31": "", "2011-09-30": "", "2011-06-30": "", "2011-03-31": "", "2010-12-31": "", "2010-09-30": "", "2010-06-30": "", "2010-03-31": "", "2009-12-31": "", "2009-09-30": "", "2009-06-30": "", "2009-03-31": "", "2008-12-31": "", "2008-09-30": "", "2008-06-30": "", "2008-03-31": "", "2007-12-31": "", "2007-09-30": "", "2007-06-30": "", "2007-03-31": "", "2006-12-31": "", "2006-09-30": "", "2006-06-30": "", "2006-03-31": "", "2005-12-31": "", "2005-09-30": "", "2005-06-30": "", "2005-03-31": ""}, "Share Holder Equity": {"2020-09-30": "1901.46500", "2020-06-30": "1756.72500", "2020-03-31": "1655.62700", "2019-12-31": "1637.82800", "2019-09-30": "1536.38700", "2019-06-30": "1458.36400", "2019-03-31": "1401.02900", "2018-12-31": "1319.77800", "2018-09-30": "1256.70900", "2018-06-30": "1185.20500", "2018-03-31": "1142.61700", "2017-12-31": "1047.40700", "2017-09-30": "1024.70900", "2017-06-30": "966.39400", "2017-03-31": "879.04700", "2016-12-31": "839.12500", "2016-09-30": "872.86200", "2016-06-30": "836.16100", "2016-03-31": "784.42800", "2015-12-31": "737.55600", "2015-09-30": "708.59700", "2015-06-30": "705.82900", "2015-03-31": "667.56200", "2014-12-31": "675.92700", "2014-09-30": "673.83100", "2014-06-30": "675.13800", "2014-03-31": "698.68100", "2013-12-31": "644.07700", "2013-09-30": "659.45400", "2013-06-30": "650.71400", "2013-03-31": "630.82800", "2012-12-31": "603.20000", "2012-09-30": "599.95200", "2012-06-30": "564.85000", "2012-03-31": "554.50500", "2011-12-31": "527.36300", "2011-09-30": "541.36900", "2011-06-30": "590.62700", "2011-03-31": "564.33100", "2010-12-31": "688.72700", "2010-09-30": "1038.16800", "2010-06-30": "1394.01700", "2010-03-31": "1383.68800", "2009-12-31": "1373.82400", "2009-09-30": "1349.17400", "2009-06-30": "1282.95600", "2009-03-31": "1218.03800", "2008-12-31": "1241.70800", "2008-09-30": "1947.29400", "2008-06-30": "1945.87500", "2008-03-31": "1910.02600", "2007-12-31": "1860.46700", "2007-09-30": "1802.09600", "2007-06-30": "1729.86800", "2007-03-31": "1642.21800", "2006-12-31": "1595.21100", "2006-09-30": "1553.52200", "2006-06-30": "1640.99000", "2006-03-31": "1737.05500", "2005-12-31": "1827.01300", "2005-09-30": "1785.64800", "2005-06-30": "1731.68300", "2005-03-31": "1517.79100"}, "Total Liabilities And Share Holders Equity": {"2020-09-30": "5213.33800", "2020-06-30": "5240.88400", "2020-03-31": "5201.79000", "2019-12-31": "4692.79000", "2019-09-30": "4582.56200", "2019-06-30": "4625.48400", "2019-03-31": "3926.63700", "2018-12-31": "3855.87900", "2018-09-30": "3796.65700", "2018-06-30": "3865.88300", "2018-03-31": "3001.00300", "2017-12-31": "2929.92200", "2017-09-30": "2865.91800", "2017-06-30": "2773.66400", "2017-03-31": "2697.07500", "2016-12-31": "2711.80000", "2016-09-30": "2690.19000", "2016-06-30": "2762.98700", "2016-03-31": "2103.71800", "2015-12-31": "2068.49700", "2015-09-30": "2032.84300", "2015-06-30": "1885.91700", "2015-03-31": "1847.22900", "2014-12-31": "1870.57800", "2014-09-30": "1842.35800", "2014-06-30": "1863.46200", "2014-03-31": "1651.76300", "2013-12-31": "1632.75600", "2013-09-30": "1643.76700", "2013-06-30": "1621.59800", "2013-03-31": "1603.80800", "2012-12-31": "1586.34400", "2012-09-30": "1567.61800", "2012-06-30": "1546.07300", "2012-03-31": "1555.35800", "2011-12-31": "1558.32000", "2011-09-30": "1585.37300", "2011-06-30": "1705.42500", "2011-03-31": "1744.62000", "2010-12-31": "1733.37300", "2010-09-30": "2080.27300", "2010-06-30": "2156.63700", "2010-03-31": "2186.87100", "2009-12-31": "2204.09300", "2009-09-30": "2191.53200", "2009-06-30": "2153.61800", "2009-03-31": "2087.58800", "2008-12-31": "2141.41300", "2008-09-30": "2896.88200", "2008-06-30": "2891.09800", "2008-03-31": "2844.72700", "2007-12-31": "2805.53700", "2007-09-30": "2735.77400", "2007-06-30": "2664.07900", "2007-03-31": "2568.39400", "2006-12-31": "2557.54400", "2006-09-30": "2503.21500", "2006-06-30": "2617.08600", "2006-03-31": "2410.42400", "2005-12-31": "2538.20900", "2005-09-30": "2589.39500", "2005-06-30": "2548.00700", "2005-03-31": "2627.01600"}}, "cash flow statement": {"Net Income/Loss": {"2019-12-31": "254.06100", "2018-12-31": "228.72400", "2017-12-31": "125.44900", "2016-12-31": "156.36600", "2015-12-31": "151.08700", "2014-12-31": "128.19800", "2013-12-31": "104.15100", "2012-12-31": "97.86600", "2011-12-31": "109.97700", "2010-12-31": "-342.11700", "2009-12-31": "112.60200", "2008-12-31": "-525.19200", "2007-12-31": "151.11800", "2006-12-31": "-55.78300", "2005-12-31": "141.99900"}, "Total Depreciation And Amortization - Cash Flow": {"2019-12-31": "198.09500", "2018-12-31": "161.77900", "2017-12-31": "131.15900", "2016-12-31": "126.65800", "2015-12-31": "94.88100", "2014-12-31": "98.17000", "2013-12-31": "106.19700", "2012-12-31": "98.89700", "2011-12-31": "105.24000", "2010-12-31": "418.42600", "2009-12-31": "103.76000", "2008-12-31": "800.31500", "2007-12-31": "86.41100", "2006-12-31": "82.58600", "2005-12-31": "90.11700"}, "Other Non-Cash Items": {"2019-12-31": "14.67000", "2018-12-31": "20.21000", "2017-12-31": "56.18900", "2016-12-31": "41.74000", "2015-12-31": "30.29700", "2014-12-31": "30.52000", "2013-12-31": "24.05400", "2012-12-31": "31.58400", "2011-12-31": "25.20600", "2010-12-31": "82.57400", "2009-12-31": "41.88400", "2008-12-31": "27.79200", "2007-12-31": "35.86700", "2006-12-31": "207.78800", "2005-12-31": "-7.60900"}, "Total Non-Cash Items": {"2019-12-31": "212.76500", "2018-12-31": "181.98900", "2017-12-31": "187.34800", "2016-12-31": "168.39800", "2015-12-31": "125.17800", "2014-12-31": "128.69000", "2013-12-31": "130.25100", "2012-12-31": "130.48100", "2011-12-31": "130.44600", "2010-12-31": "501.00000", "2009-12-31": "145.64400", "2008-12-31": "828.10700", "2007-12-31": "122.27800", "2006-12-31": "290.37400", "2005-12-31": "82.50800"}, "Change In Accounts Receivable": {"2019-12-31": "-8.32300", "2018-12-31": "-21.19600", "2017-12-31": "-48.27900", "2016-12-31": "-52.78000", "2015-12-31": "-16.96300", "2014-12-31": "-28.08800", "2013-12-31": "-19.49200", "2012-12-31": "-16.26600", "2011-12-31": "7.66900", "2010-12-31": "-5.64000", "2009-12-31": "21.08200", "2008-12-31": "-11.17100", "2007-12-31": "-0.49200", "2006-12-31": "-18.96100", "2005-12-31": "-14.31500"}, "Change In Inventories": {"2019-12-31": "-21.39900", "2018-12-31": "-13.33800", "2017-12-31": "-17.83800", "2016-12-31": "-4.02100", "2015-12-31": "3.36400", "2014-12-31": "-2.95600", "2013-12-31": "-1.57100", "2012-12-31": "0.78500", "2011-12-31": "3.76600", "2010-12-31": "1.98900", "2009-12-31": "-4.37600", "2008-12-31": "-9.66900", "2007-12-31": "-12.98800", "2006-12-31": "-6.47500", "2005-12-31": "-5.91800"}, "Change In Accounts Payable": {"2019-12-31": "29.77500", "2018-12-31": "-12.73200", "2017-12-31": "0.03400", "2016-12-31": "22.07600", "2015-12-31": "1.17400", "2014-12-31": "4.59900", "2013-12-31": "-7.08000", "2012-12-31": "-3.25700", "2011-12-31": "2.20800", "2010-12-31": "0.07100", "2009-12-31": "-11.34900", "2008-12-31": "8.32100", "2007-12-31": "2.07600", "2006-12-31": "-2.58600", "2005-12-31": "2.24800"}, "Change In Assets/Liabilities": {"2019-12-31": "2.73200", "2018-12-31": "30.46400", "2017-12-31": "68.36000", "2016-12-31": "11.93300", "2015-12-31": "32.22700", "2014-12-31": "7.84600", "2013-12-31": "-6.84500", "2012-12-31": "-7.01500", "2011-12-31": "-18.87800", "2010-12-31": "-11.93400", "2009-12-31": "-17.62100", "2008-12-31": "-28.55400", "2007-12-31": "17.44800", "2006-12-31": "-21.68900", "2005-12-31": "18.21800"}, "Total Change In Assets/Liabilities": {"2019-12-31": "6.17900", "2018-12-31": "14.81400", "2017-12-31": "5.94300", "2016-12-31": "-13.49400", "2015-12-31": "28.21600", "2014-12-31": "-3.77400", "2013-12-31": "-25.35700", "2012-12-31": "-25.86000", "2011-12-31": "-27.78400", "2010-12-31": "7.55600", "2009-12-31": "-43.57500", "2008-12-31": "-32.59900", "2007-12-31": "18.93100", "2006-12-31": "-58.61800", "2005-12-31": "-7.72300"}, "Cash Flow From Operating Activities": {"2019-12-31": "480.93600", "2018-12-31": "441.14000", "2017-12-31": "318.07400", "2016-12-31": "316.89900", "2015-12-31": "306.83300", "2014-12-31": "252.13200", "2013-12-31": "209.04500", "2012-12-31": "208.00600", "2011-12-31": "206.84200", "2010-12-31": "168.23600", "2009-12-31": "215.57700", "2008-12-31": "275.56600", "2007-12-31": "292.32700", "2006-12-31": "175.97300", "2005-12-31": "216.78400"}, "Net Change In Property, Plant, And Equipment": {"2019-12-31": "-140.51400", "2018-12-31": "-140.05400", "2017-12-31": "-82.43100", "2016-12-31": "-55.28800", "2015-12-31": "-63.25200", "2014-12-31": "-56.92500", "2013-12-31": "-39.15400", "2012-12-31": "-47.53400", "2011-12-31": "-49.14300", "2010-12-31": "-42.86000", "2009-12-31": "-79.85300", "2008-12-31": "-198.64200", "2007-12-31": "-230.93800", "2006-12-31": "-181.61700", "2005-12-31": "-94.38800"}, "Net Change In Intangible Assets": {"2019-12-31": "", "2018-12-31": "", "2017-12-31": "", "2016-12-31": "", "2015-12-31": "", "2014-12-31": "", "2013-12-31": "", "2012-12-31": "", "2011-12-31": "", "2010-12-31": "", "2009-12-31": "", "2008-12-31": "", "2007-12-31": "", "2006-12-31": "", "2005-12-31": ""}, "Net Acquisitions/Divestitures": {"2019-12-31": "-515.70100", "2018-12-31": "-824.86800", "2017-12-31": "47.45000", "2016-12-31": "-648.48200", "2015-12-31": "-247.65100", "2014-12-31": "-234.26700", "2013-12-31": "-29.21800", "2012-12-31": "-16.86100", "2011-12-31": "", "2010-12-31": "", "2009-12-31": "-83.34700", "2008-12-31": "-69.15100", "2007-12-31": "-11.58400", "2006-12-31": "-30.86200", "2005-12-31": "-3.40000"}, "Net Change In Short-term Investments": {"2019-12-31": "-22.34100", "2018-12-31": "-25.12500", "2017-12-31": "-46.21700", "2016-12-31": "-40.24800", "2015-12-31": "", "2014-12-31": "", "2013-12-31": "", "2012-12-31": "", "2011-12-31": "", "2010-12-31": "", "2009-12-31": "", "2008-12-31": "", "2007-12-31": "", "2006-12-31": "", "2005-12-31": ""}, "Net Change In Long-Term Investments": {"2019-12-31": "0.94200", "2018-12-31": "35.84900", "2017-12-31": "9.12800", "2016-12-31": "47.65200", "2015-12-31": "-14.49200", "2014-12-31": "-5.64800", "2013-12-31": "-5.98200", "2012-12-31": "6.61900", "2011-12-31": "7.05100", "2010-12-31": "44.86400", "2009-12-31": "-48.50700", "2008-12-31": "39.00500", "2007-12-31": "35.13800", "2006-12-31": "-84.91900", "2005-12-31": "-15.17500"}, "Net Change In Investments - Total": {"2019-12-31": "-21.39900", "2018-12-31": "10.72400", "2017-12-31": "-37.08900", "2016-12-31": "7.40400", "2015-12-31": "-14.49200", "2014-12-31": "-5.64800", "2013-12-31": "-5.98200", "2012-12-31": "6.61900", "2011-12-31": "7.05100", "2010-12-31": "44.86400", "2009-12-31": "-48.50700", "2008-12-31": "39.00500", "2007-12-31": "35.13800", "2006-12-31": "-84.91900", "2005-12-31": "-15.17500"}, "Investing Activities - Other": {"2019-12-31": "-3.88800", "2018-12-31": "-0.80500", "2017-12-31": "-0.51600", "2016-12-31": "3.69400", "2015-12-31": "-2.22100", "2014-12-31": "-1.15000", "2013-12-31": "0.30700", "2012-12-31": "2.78600", "2011-12-31": "5.44700", "2010-12-31": "0.95000", "2009-12-31": "2.62300", "2008-12-31": "0.05100", "2007-12-31": "2.66800", "2006-12-31": "", "2005-12-31": ""}, "Cash Flow From Investing Activities": {"2019-12-31": "-681.50200", "2018-12-31": "-955.00300", "2017-12-31": "-72.58600", "2016-12-31": "-692.67200", "2015-12-31": "-327.61600", "2014-12-31": "-297.99000", "2013-12-31": "-74.04700", "2012-12-31": "-54.99000", "2011-12-31": "-36.64500", "2010-12-31": "2.95400", "2009-12-31": "-209.08400", "2008-12-31": "-228.73700", "2007-12-31": "-204.71600", "2006-12-31": "-297.39800", "2005-12-31": "-112.96300"}, "Net Long-Term Debt": {"2019-12-31": "233.87300", "2018-12-31": "554.02510", "2017-12-31": "-135.57900", "2016-12-31": "388.03000", "2015-12-31": "75.18300", "2014-12-31": "104.38400", "2013-12-31": "-11.50000", "2012-12-31": "-66.23100", "2011-12-31": "-2.25700", "2010-12-31": "197.83700", "2009-12-31": "-36.13000", "2008-12-31": "65.46000", "2007-12-31": "-64.54500", "2006-12-31": "269.45800", "2005-12-31": "-203.60500"}, "Net Current Debt": {"2019-12-31": "", "2018-12-31": "", "2017-12-31": "", "2016-12-31": "", "2015-12-31": "", "2014-12-31": "", "2013-12-31": "", "2012-12-31": "", "2011-12-31": "", "2010-12-31": "", "2009-12-31": "", "2008-12-31": "", "2007-12-31": "", "2006-12-31": "", "2005-12-31": ""}, "Debt Issuance/Retirement Net - Total": {"2019-12-31": "233.87300", "2018-12-31": "554.02510", "2017-12-31": "-135.57900", "2016-12-31": "388.03000", "2015-12-31": "75.18300", "2014-12-31": "104.38400", "2013-12-31": "-11.50000", "2012-12-31": "-66.23100", "2011-12-31": "-2.25700", "2010-12-31": "197.83700", "2009-12-31": "-36.13000", "2008-12-31": "65.46000", "2007-12-31": "-64.54500", "2006-12-31": "269.45800", "2005-12-31": "-203.60500"}, "Net Common Equity Issued/Repurchased": {"2019-12-31": "16.45900", "2018-12-31": "23.81100", "2017-12-31": "-68.03900", "2016-12-31": "10.93000", "2015-12-31": "-78.11100", "2014-12-31": "-48.33000", "2013-12-31": "-165.93200", "2012-12-31": "-64.18900", "2011-12-31": "-283.79500", "2010-12-31": "-352.03500", "2009-12-31": "-45.07800", "2008-12-31": "-86.91700", "2007-12-31": "12.36000", "2006-12-31": "-227.05800", "2005-12-31": "9.12600"}, "Net Total Equity Issued/Repurchased": {"2019-12-31": "16.45900", "2018-12-31": "23.81100", "2017-12-31": "-68.03900", "2016-12-31": "10.93000", "2015-12-31": "-78.11100", "2014-12-31": "-48.33000", "2013-12-31": "-165.93200", "2012-12-31": "-64.18900", "2011-12-31": "-283.79500", "2010-12-31": "-352.03500", "2009-12-31": "-45.07800", "2008-12-31": "-86.91700", "2007-12-31": "12.36000", "2006-12-31": "-227.05800", "2005-12-31": "9.12600"}, "Total Common And Preferred Stock Dividends Paid": {"2019-12-31": "", "2018-12-31": "", "2017-12-31": "", "2016-12-31": "", "2015-12-31": "", "2014-12-31": "", "2013-12-31": "", "2012-12-31": "", "2011-12-31": "", "2010-12-31": "", "2009-12-31": "", "2008-12-31": "", "2007-12-31": "", "2006-12-31": "", "2005-12-31": "-1.40000"}, "Financial Activities - Other": {"2019-12-31": "-18.39500", "2018-12-31": "-19.77700", "2017-12-31": "-4.85800", "2016-12-31": "-18.20400", "2015-12-31": "-4.33000", "2014-12-31": "5.36000", "2013-12-31": "93.19500", "2012-12-31": "19.29900", "2011-12-31": "14.26600", "2010-12-31": "-13.69700", "2009-12-31": "0.23100", "2008-12-31": "3.78800", "2007-12-31": "5.75800", "2006-12-31": "-36.83200", "2005-12-31": "0.63900"}, "Cash Flow From Financial Activities": {"2019-12-31": "231.93700", "2018-12-31": "558.05900", "2017-12-31": "-208.47600", "2016-12-31": "380.75600", "2015-12-31": "-7.25800", "2014-12-31": "61.41400", "2013-12-31": "-84.23700", "2012-12-31": "-111.12100", "2011-12-31": "-271.78600", "2010-12-31": "-167.89500", "2009-12-31": "-80.97700", "2008-12-31": "-17.66900", "2007-12-31": "-46.42700", "2006-12-31": "5.56800", "2005-12-31": "-195.24000"}, "Net Cash Flow": {"2019-12-31": "42.72800", "2018-12-31": "30.98700", "2017-12-31": "46.43700", "2016-12-31": "-0.06900", "2015-12-31": "-42.61200", "2014-12-31": "4.09600", "2013-12-31": "46.24200", "2012-12-31": "40.78000", "2011-12-31": "-110.25500", "2010-12-31": "-3.41400", "2009-12-31": "-61.01800", "2008-12-31": "18.14300", "2007-12-31": "50.06900", "2006-12-31": "60.55900", "2005-12-31": "-92.74500"}, "Stock-Based Compensation": {"2019-12-31": "57.27100", "2018-12-31": "47.34600", "2017-12-31": "44.00300", "2016-12-31": "43.64200", "2015-12-31": "40.12200", "2014-12-31": "31.03500", "2013-12-31": "24.54200", "2012-12-31": "21.85500", "2011-12-31": "21.70600", "2010-12-31": "25.52600", "2009-12-31": "23.65200", "2008-12-31": "24.21200", "2007-12-31": "26.01700", "2006-12-31": "21.09000", "2005-12-31": "16.97400"}, "Common Stock Dividends Paid": {"2019-12-31": "", "2018-12-31": "", "2017-12-31": "", "2016-12-31": "", "2015-12-31": "", "2014-12-31": "", "2013-12-31": "", "2012-12-31": "", "2011-12-31": "", "2010-12-31": "", "2009-12-31": "", "2008-12-31": "", "2007-12-31": "", "2006-12-31": "", "2005-12-31": "-1.40000"}}, "cash flow statement, quarterly": {"Net Income/Loss": {"2020-09-30": 102.611, "2020-06-30": 67.668, "2020-03-31": "50.83700", "2019-12-31": 80.512, "2019-09-30": 73.552, "2019-06-30": 44.309, "2019-03-31": "55.68800", "2018-12-31": 60.198, "2018-09-30": 60.902, "2018-06-30": 54.379, "2018-03-31": "53.24500", "2017-12-31": -29.067, "2017-09-30": 52.955, "2017-06-30": 54.602, "2017-03-31": "46.95900", "2016-12-31": 45.227, "2016-09-30": 38.033, "2016-06-30": 35.557, "2016-03-31": "37.54900", "2015-12-31": 32.361, "2015-09-30": 37.867, "2015-06-30": 49.245, "2015-03-31": "31.61400", "2014-12-31": 27.672, "2014-09-30": 32.352, "2014-06-30": 35.816, "2014-03-31": "32.35800", "2013-12-31": 19.444, "2013-09-30": 31.223, "2013-06-30": 27.713, "2013-03-31": "25.77100", "2012-12-31": 18.528, "2012-09-30": 22.202, "2012-06-30": 30.589, "2012-03-31": "26.54700", "2011-12-31": 27.228, "2011-09-30": 18.893, "2011-06-30": 32.424, "2011-03-31": "31.43200", "2010-12-31": -347.978, "2010-09-30": -25.234, "2010-06-30": 14.095, "2010-03-31": "17.00000", "2009-12-31": 17.087, "2009-09-30": 36.991, "2009-06-30": 33.655, "2009-03-31": "24.86900", "2008-12-31": -663.549, "2008-09-30": 45.493, "2008-06-30": 48.808, "2008-03-31": "44.05600", "2007-12-31": 33.622, "2007-09-30": 42.777, "2007-06-30": 37.956, "2007-03-31": "36.76300", "2006-12-31": 35.189, "2006-09-30": -16.606, "2006-06-30": 25.749, "2006-03-31": "-100.11500", "2005-12-31": 50.418, "2005-09-30": 32.073, "2005-06-30": 31.86, "2005-03-31": "27.64800"}, "Total Depreciation And Amortization - Cash Flow": {"2020-09-30": 59.58, "2020-06-30": 57.208, "2020-03-31": "57.26000", "2019-12-31": 51.833, "2019-09-30": 51.758, "2019-06-30": 49.146, "2019-03-31": "45.35800", "2018-12-31": 41.581, "2018-09-30": 43.592, "2018-06-30": 43.396, "2018-03-31": "33.21000", "2017-12-31": 33.484, "2017-09-30": 33.465, "2017-06-30": 31.799, "2017-03-31": "32.41100", "2016-12-31": 35.542, "2016-09-30": 34.108, "2016-06-30": 32.353, "2016-03-31": "24.65500", "2015-12-31": 23.581, "2015-09-30": 24.212, "2015-06-30": 24.297, "2015-03-31": "22.79100", "2014-12-31": 26.437, "2014-09-30": 26.513, "2014-06-30": 24.735, "2014-03-31": "20.48500", "2013-12-31": 29.737, "2013-09-30": 27.345, "2013-06-30": 24.548, "2013-03-31": "24.56700", "2012-12-31": 25.144, "2012-09-30": 25.024, "2012-06-30": 24.382, "2012-03-31": "24.34700", "2011-12-31": 25.762, "2011-09-30": 27.546, "2011-06-30": 26.337, "2011-03-31": "25.59500", "2010-12-31": 332.778, "2010-09-30": 32.036, "2010-06-30": 30.032, "2010-03-31": "23.58000", "2009-12-31": 34.052, "2009-09-30": 24.838, "2009-06-30": 22.9, "2009-03-31": "21.97000", "2008-12-31": 731.959, "2008-09-30": 22.974, "2008-06-30": 23.035, "2008-03-31": "22.34700", "2007-12-31": 23.306, "2007-09-30": 21.96, "2007-06-30": 21.232, "2007-03-31": "19.91300", "2006-12-31": 19.991, "2006-09-30": 21.479, "2006-06-30": 21.086, "2006-03-31": "20.03000", "2005-12-31": 23.374, "2005-09-30": 21.671, "2005-06-30": 19.001, "2005-03-31": "26.07100"}, "Other Non-Cash Items": {"2020-09-30": -6.759, "2020-06-30": -7.647, "2020-03-31": "20.02200", "2019-12-31": 2.057, "2019-09-30": -9.123, "2019-06-30": 11.631, "2019-03-31": "10.10500", "2018-12-31": 18.953, "2018-09-30": 2.272, "2018-06-30": -4.346, "2018-03-31": "3.33100", "2017-12-31": 27.895, "2017-09-30": 1.159, "2017-06-30": 6.052, "2017-03-31": "21.08300", "2016-12-31": 9.691, "2016-09-30": 11.836, "2016-06-30": -2.276, "2016-03-31": "22.48900", "2015-12-31": 16.571, "2015-09-30": 3.147, "2015-06-30": -6.388, "2015-03-31": "16.96700", "2014-12-31": 12.763, "2014-09-30": 3.499, "2014-06-30": -1.011, "2014-03-31": "15.26900", "2013-12-31": 0.797, "2013-09-30": 5.072, "2013-06-30": 5.302, "2013-03-31": "12.88300", "2012-12-31": 17.031, "2012-09-30": -0.504, "2012-06-30": 4.128, "2012-03-31": "10.92900", "2011-12-31": 4.052, "2011-09-30": 1.394, "2011-06-30": 6.474, "2011-03-31": "13.28600", "2010-12-31": 58.828, "2010-09-30": 7.653, "2010-06-30": 7.609, "2010-03-31": "8.48400", "2009-12-31": 17.394, "2009-09-30": 1.21, "2009-06-30": 9.493, "2009-03-31": "13.78700", "2008-12-31": 7.042, "2008-09-30": 9.969, "2008-06-30": 3.225, "2008-03-31": "7.55600", "2007-12-31": 14.944, "2007-09-30": 8.043, "2007-06-30": 6.961, "2007-03-31": "5.91900", "2006-12-31": -1.824, "2006-09-30": 57.138, "2006-06-30": 20.212, "2006-03-31": "132.26200", "2005-12-31": -18.752, "2005-09-30": 1.875, "2005-06-30": 6.664, "2005-03-31": "2.60400"}, "Total Non-Cash Items": {"2020-09-30": 52.821, "2020-06-30": 49.561, "2020-03-31": "77.28200", "2019-12-31": 53.89, "2019-09-30": 42.635, "2019-06-30": 60.777, "2019-03-31": "55.46300", "2018-12-31": 60.534, "2018-09-30": 45.864, "2018-06-30": 39.05, "2018-03-31": "36.54100", "2017-12-31": 61.379, "2017-09-30": 34.624, "2017-06-30": 37.851, "2017-03-31": "53.49400", "2016-12-31": 45.233, "2016-09-30": 45.944, "2016-06-30": 30.077, "2016-03-31": "47.14400", "2015-12-31": 40.152, "2015-09-30": 27.359, "2015-06-30": 17.909, "2015-03-31": "39.75800", "2014-12-31": 39.2, "2014-09-30": 30.012, "2014-06-30": 23.724, "2014-03-31": "35.75400", "2013-12-31": 30.534, "2013-09-30": 32.417, "2013-06-30": 29.85, "2013-03-31": "37.45000", "2012-12-31": 42.175, "2012-09-30": 24.52, "2012-06-30": 28.51, "2012-03-31": "35.27600", "2011-12-31": 29.814, "2011-09-30": 28.94, "2011-06-30": 32.811, "2011-03-31": "38.88100", "2010-12-31": 391.606, "2010-09-30": 39.689, "2010-06-30": 37.641, "2010-03-31": "32.06400", "2009-12-31": 51.446, "2009-09-30": 26.048, "2009-06-30": 32.393, "2009-03-31": "35.75700", "2008-12-31": 739.001, "2008-09-30": 32.943, "2008-06-30": 26.26, "2008-03-31": "29.90300", "2007-12-31": 38.25, "2007-09-30": 30.003, "2007-06-30": 28.193, "2007-03-31": "25.83200", "2006-12-31": 18.167, "2006-09-30": 78.617, "2006-06-30": 41.298, "2006-03-31": "152.29200", "2005-12-31": 4.622, "2005-09-30": 23.546, "2005-06-30": 25.665, "2005-03-31": "28.67500"}, "Change In Accounts Receivable": {"2020-09-30": -32.085, "2020-06-30": 12.765, "2020-03-31": "-32.13600", "2019-12-31": 16.168, "2019-09-30": 12.047, "2019-06-30": -13.411, "2019-03-31": "-23.12700", "2018-12-31": 9.122, "2018-09-30": -10.943, "2018-06-30": -15.595, "2018-03-31": "-3.78000", "2017-12-31": -5.567, "2017-09-30": -16.116, "2017-06-30": -5.534, "2017-03-31": "-21.06200", "2016-12-31": -9.52, "2016-09-30": -15.624, "2016-06-30": -11.357, "2016-03-31": "-16.27900", "2015-12-31": 19.467, "2015-09-30": -11.856, "2015-06-30": -6.272, "2015-03-31": "-18.30200", "2014-12-31": 12.873, "2014-09-30": -9.8, "2014-06-30": -10.937, "2014-03-31": "-20.22400", "2013-12-31": 3.171, "2013-09-30": 3.787, "2013-06-30": -12.216, "2013-03-31": "-14.23400", "2012-12-31": 11.665, "2012-09-30": -2.541, "2012-06-30": -5.509, "2012-03-31": "-19.88100", "2011-12-31": 16.136, "2011-09-30": 5.751, "2011-06-30": 2.948, "2011-03-31": "-17.16600", "2010-12-31": 16.961, "2010-09-30": 7.729, "2010-06-30": -2.225, "2010-03-31": "-28.10500", "2009-12-31": 15.453, "2009-09-30": 2.06, "2009-06-30": 9.182, "2009-03-31": "-5.61300", "2008-12-31": 12.881, "2008-09-30": -0.644, "2008-06-30": -1.718, "2008-03-31": "-21.69000", "2007-12-31": 19.017, "2007-09-30": 1.573, "2007-06-30": -14.862, "2007-03-31": "-6.22000", "2006-12-31": -9.641, "2006-09-30": -8.54, "2006-06-30": -0.961, "2006-03-31": "0.18100", "2005-12-31": -1.208, "2005-09-30": -2.144, "2005-06-30": -8.624, "2005-03-31": "-2.33900"}, "Change In Inventories": {"2020-09-30": -12.154, "2020-06-30": -5.977, "2020-03-31": "4.07600", "2019-12-31": -8.418, "2019-09-30": -10.416, "2019-06-30": -0.045, "2019-03-31": "-2.52000", "2018-12-31": -2.998, "2018-09-30": -2.896, "2018-06-30": -3.943, "2018-03-31": "-3.50100", "2017-12-31": -8.338, "2017-09-30": -1.754, "2017-06-30": -5.153, "2017-03-31": "-2.59300", "2016-12-31": 0.331, "2016-09-30": -2.667, "2016-06-30": 1.396, "2016-03-31": "-3.08100", "2015-12-31": 3.834, "2015-09-30": 1.192, "2015-06-30": -2.093, "2015-03-31": "0.43100", "2014-12-31": 1.617, "2014-09-30": -2.071, "2014-06-30": -0.208, "2014-03-31": "-2.29400", "2013-12-31": -3.016, "2013-09-30": 2.327, "2013-06-30": -3.804, "2013-03-31": "2.92200", "2012-12-31": 2.968, "2012-09-30": -0.977, "2012-06-30": -4.518, "2012-03-31": "3.31200", "2011-12-31": -3.324, "2011-09-30": 5.528, "2011-06-30": -2.774, "2011-03-31": "4.33600", "2010-12-31": 0.185, "2010-09-30": -2.039, "2010-06-30": 0.078, "2010-03-31": "3.76500", "2009-12-31": -2.74, "2009-09-30": -2.414, "2009-06-30": 3.175, "2009-03-31": "-2.39700", "2008-12-31": -3.956, "2008-09-30": -1.63, "2008-06-30": -3.193, "2008-03-31": "-0.89000", "2007-12-31": -7.079, "2007-09-30": -1.656, "2007-06-30": -1.209, "2007-03-31": "-3.04400", "2006-12-31": -0.239, "2006-09-30": -3.682, "2006-06-30": 0.08, "2006-03-31": "-2.63400", "2005-12-31": -0.864, "2005-09-30": -4.603, "2005-06-30": 1.069, "2005-03-31": "-1.52000"}, "Change In Accounts Payable": {"2020-09-30": 13.292, "2020-06-30": -15.616, "2020-03-31": "-10.00300", "2019-12-31": 5.294, "2019-09-30": 6.286, "2019-06-30": 7.95, "2019-03-31": "10.24500", "2018-12-31": -7.41, "2018-09-30": 7.286, "2018-06-30": -11.532, "2018-03-31": "-1.07600", "2017-12-31": 6.194, "2017-09-30": 0.668, "2017-06-30": -0.57, "2017-03-31": "-6.25800", "2016-12-31": 4.892, "2016-09-30": -2.539, "2016-06-30": 10.371, "2016-03-31": "9.35200", "2015-12-31": 2.068, "2015-09-30": -2.646, "2015-06-30": -1.286, "2015-03-31": "3.03800", "2014-12-31": 6.378, "2014-09-30": -6.183, "2014-06-30": -1.906, "2014-03-31": "6.31000", "2013-12-31": 0.608, "2013-09-30": -8.831, "2013-06-30": 6.181, "2013-03-31": "-5.03800", "2012-12-31": 3.486, "2012-09-30": -7.36, "2012-06-30": 2.804, "2012-03-31": "-2.18700", "2011-12-31": 1.749, "2011-09-30": 0.856, "2011-06-30": -2.567, "2011-03-31": "2.17000", "2010-12-31": -3.256, "2010-09-30": 2.932, "2010-06-30": -4.3, "2010-03-31": "4.69500", "2009-12-31": -5.187, "2009-09-30": -1.004, "2009-06-30": -2.26, "2009-03-31": "-2.89800", "2008-12-31": 7.145, "2008-09-30": -5.251, "2008-06-30": 9.904, "2008-03-31": "-3.47700", "2007-12-31": 9.208, "2007-09-30": -7.029, "2007-06-30": -8.104, "2007-03-31": "8.00100", "2006-12-31": 3.304, "2006-09-30": -3.138, "2006-06-30": -5.114, "2006-03-31": "2.36200", "2005-12-31": 3.587, "2005-09-30": 2.195, "2005-06-30": -1.041, "2005-03-31": "-2.49300"}, "Change In Assets/Liabilities": {"2020-09-30": 25.69, "2020-06-30": -0.06, "2020-03-31": "13.28400", "2019-12-31": 3.451, "2019-09-30": 28.089, "2019-06-30": -3.412, "2019-03-31": "-25.39600", "2018-12-31": -10.578, "2018-09-30": 5.451, "2018-06-30": 29.91, "2018-03-31": "5.68100", "2017-12-31": 87.121, "2017-09-30": -10.929, "2017-06-30": -1.126, "2017-03-31": "-6.70600", "2016-12-31": 25.812, "2016-09-30": -10.979, "2016-06-30": 8.664, "2016-03-31": "-11.56400", "2015-12-31": 34.811, "2015-09-30": 2.996, "2015-06-30": -0.926, "2015-03-31": "-4.65400", "2014-12-31": 16.917, "2014-09-30": 6.382, "2014-06-30": -7.415, "2014-03-31": "-8.03800", "2013-12-31": 8.687, "2013-09-30": -5.972, "2013-06-30": 0.254, "2013-03-31": "-9.81400", "2012-12-31": -0.322, "2012-09-30": -1.312, "2012-06-30": -0.149, "2012-03-31": "-5.23200", "2011-12-31": -1.319, "2011-09-30": -4.117, "2011-06-30": -2.03, "2011-03-31": "-11.41200", "2010-12-31": 10.24, "2010-09-30": -6.92, "2010-06-30": -7.11, "2010-03-31": "-8.14400", "2009-12-31": 8.46, "2009-09-30": -9.689, "2009-06-30": -13.963, "2009-03-31": "-2.42900", "2008-12-31": -15.988, "2008-09-30": 0.439, "2008-06-30": -11.768, "2008-03-31": "-1.23700", "2007-12-31": 22.502, "2007-09-30": 16.977, "2007-06-30": -9.071, "2007-03-31": "-12.96000", "2006-12-31": 27.664, "2006-09-30": -8.767, "2006-06-30": -4.229, "2006-03-31": "-36.35700", "2005-12-31": 15.251, "2005-09-30": 8.506, "2005-06-30": -0.144, "2005-03-31": "-5.39500"}, "Total Change In Assets/Liabilities": {"2020-09-30": 15.453, "2020-06-30": 45.085, "2020-03-31": "-70.02400", "2019-12-31": 43.209, "2019-09-30": 38.107, "2019-06-30": 20.775, "2019-03-31": "-95.91200", "2018-12-31": 13.664, "2018-09-30": 7.403, "2018-06-30": 27.414, "2018-03-31": "-33.66700", "2017-12-31": 93.624, "2017-09-30": -27.964, "2017-06-30": 7.301, "2017-03-31": "-67.01800", "2016-12-31": 22.65, "2016-09-30": -19.403, "2016-06-30": 20.856, "2016-03-31": "-37.59700", "2015-12-31": 46.073, "2015-09-30": 22.865, "2015-06-30": 19.398, "2015-03-31": "-60.12000", "2014-12-31": 32.413, "2014-09-30": 6.544, "2014-06-30": -3.082, "2014-03-31": "-39.64900", "2013-12-31": 14.853, "2013-09-30": 1.787, "2013-06-30": -8.071, "2013-03-31": "-33.92600", "2012-12-31": 5.598, "2012-09-30": 10.135, "2012-06-30": -3.512, "2012-03-31": "-38.08100", "2011-12-31": 20.762, "2011-09-30": 1.543, "2011-06-30": -0.651, "2011-03-31": "-49.43800", "2010-12-31": 25.865, "2010-09-30": 2.289, "2010-06-30": 5.485, "2010-03-31": "-26.08300", "2009-12-31": 4.338, "2009-09-30": -20.608, "2009-06-30": 0.534, "2009-03-31": "-27.83900", "2008-12-31": 13.601, "2008-09-30": -15.458, "2008-06-30": 15.614, "2008-03-31": "-46.35600", "2007-12-31": 52.834, "2007-09-30": 8.157, "2007-06-30": -17.319, "2007-03-31": "-24.74100", "2006-12-31": 19.89, "2006-09-30": -19.458, "2006-06-30": -4.664, "2006-03-31": "-54.38600", "2005-12-31": 17.401, "2005-09-30": 6.515, "2005-06-30": -7.195, "2005-03-31": "-24.44400"}, "Cash Flow From Operating Activities": {"2020-09-30": 177.3, "2020-06-30": 162.306, "2020-03-31": "68.59000", "2019-12-31": 180.677, "2019-09-30": 155.847, "2019-06-30": 129.553, "2019-03-31": "14.85900", "2018-12-31": 139.973, "2018-09-30": 117.244, "2018-06-30": 123.872, "2018-03-31": "60.05100", "2017-12-31": 124.236, "2017-09-30": 59.485, "2017-06-30": 100.324, "2017-03-31": "34.02900", "2016-12-31": 118.647, "2016-09-30": 72.296, "2016-06-30": 80.112, "2016-03-31": "45.84400", "2015-12-31": 120.938, "2015-09-30": 88.289, "2015-06-30": 86.354, "2015-03-31": "11.25200", "2014-12-31": 99.849, "2014-09-30": 66.845, "2014-06-30": 56.975, "2014-03-31": "28.46300", "2013-12-31": 62.495, "2013-09-30": 67.607, "2013-06-30": 48.966, "2013-03-31": "29.97700", "2012-12-31": 64.327, "2012-09-30": 61.035, "2012-06-30": 57.367, "2012-03-31": "25.27700", "2011-12-31": 71.897, "2011-09-30": 48.248, "2011-06-30": 65.304, "2011-03-31": "21.39300", "2010-12-31": 67.467, "2010-09-30": 16.827, "2010-06-30": 56.006, "2010-03-31": "27.93600", "2009-12-31": 60.299, "2009-09-30": 47.98, "2009-06-30": 70.183, "2009-03-31": "37.11500", "2008-12-31": 78.061, "2008-09-30": 70.65, "2008-06-30": 95.526, "2008-03-31": "31.32900", "2007-12-31": 120.873, "2007-09-30": 78.066, "2007-06-30": 54.294, "2007-03-31": "39.09400", "2006-12-31": 73.246, "2006-09-30": 42.553, "2006-06-30": 62.383, "2006-03-31": "-2.20900", "2005-12-31": 72.441, "2005-09-30": 62.134, "2005-06-30": 50.33, "2005-03-31": "31.87900"}, "Net Change In Property, Plant, And Equipment": {"2020-09-30": -26.185, "2020-06-30": -26.8, "2020-03-31": "-25.72100", "2019-12-31": -63.839, "2019-09-30": -35.163, "2019-06-30": -24.781, "2019-03-31": "-16.73100", "2018-12-31": -68.676, "2018-09-30": -22.439, "2018-06-30": -21.213, "2018-03-31": "-27.72600", "2017-12-31": -28.503, "2017-09-30": -22.011, "2017-06-30": -15.997, "2017-03-31": "-15.92000", "2016-12-31": -25.679, "2016-09-30": -9.568, "2016-06-30": -11.791, "2016-03-31": "-8.25000", "2015-12-31": -28.244, "2015-09-30": -10.452, "2015-06-30": -13.908, "2015-03-31": "-10.64800", "2014-12-31": -27.018, "2014-09-30": -9.402, "2014-06-30": -9.315, "2014-03-31": "-11.19000", "2013-12-31": -13.835, "2013-09-30": -9.096, "2013-06-30": -9.794, "2013-03-31": "-6.42900", "2012-12-31": -13.739, "2012-09-30": -10.242, "2012-06-30": -9.441, "2012-03-31": "-14.11200", "2011-12-31": -27.471, "2011-09-30": -8.222, "2011-06-30": -6.661, "2011-03-31": "-6.78900", "2010-12-31": -16.007, "2010-09-30": -9.128, "2010-06-30": -8.432, "2010-03-31": "-9.29300", "2009-12-31": -16.326, "2009-09-30": -18.465, "2009-06-30": -20.437, "2009-03-31": "-24.62500", "2008-12-31": -46.416, "2008-09-30": -46.643, "2008-06-30": -64.953, "2008-03-31": "-40.63000", "2007-12-31": -93.267, "2007-09-30": -50.335, "2007-06-30": -49.412, "2007-03-31": "-37.92400", "2006-12-31": -81.882, "2006-09-30": -42.964, "2006-06-30": -17.393, "2006-03-31": "-39.37800", "2005-12-31": -25.329, "2005-09-30": -45.407, "2005-06-30": -11.254, "2005-03-31": "-12.39800"}, "Net Change In Intangible Assets": {"2020-09-30": 0, "2020-06-30": 0, "2020-03-31": "", "2019-12-31": 0, "2019-09-30": 0, "2019-06-30": 0, "2019-03-31": "", "2018-12-31": 0, "2018-09-30": 0, "2018-06-30": 0, "2018-03-31": "", "2017-12-31": 0, "2017-09-30": 0, "2017-06-30": 0, "2017-03-31": "", "2016-12-31": 0, "2016-09-30": 0, "2016-06-30": 0, "2016-03-31": "", "2015-12-31": 0, "2015-09-30": 0, "2015-06-30": 0, "2015-03-31": "", "2014-12-31": 0, "2014-09-30": 0, "2014-06-30": 0, "2014-03-31": "", "2013-12-31": 0, "2013-09-30": 0, "2013-06-30": 0, "2013-03-31": "", "2012-12-31": 0, "2012-09-30": 0, "2012-06-30": 0, "2012-03-31": "", "2011-12-31": 0, "2011-09-30": 0, "2011-06-30": 0, "2011-03-31": "", "2010-12-31": 0, "2010-09-30": 0, "2010-06-30": 0, "2010-03-31": "", "2009-12-31": 0, "2009-09-30": 0, "2009-06-30": 0, "2009-03-31": "", "2008-12-31": 0, "2008-09-30": 0, "2008-06-30": 0, "2008-03-31": "", "2007-12-31": 0, "2007-09-30": 0, "2007-06-30": 0, "2007-03-31": "", "2006-12-31": 0, "2006-09-30": 0, "2006-06-30": 0, "2006-03-31": "", "2005-12-31": 0, "2005-09-30": 0, "2005-06-30": 0, "2005-03-31": ""}, "Net Acquisitions/Divestitures": {"2020-09-30": -36.896, "2020-06-30": 0, "2020-03-31": "-382.25000", "2019-12-31": -0.054, "2019-09-30": -23.266, "2019-06-30": -491.392, "2019-03-31": "-0.98900", "2018-12-31": -2.257, "2018-09-30": -1.261, "2018-06-30": -801.134, "2018-03-31": "-20.21600", "2017-12-31": -2.538, "2017-09-30": -22.474, "2017-06-30": 0, "2017-03-31": "72.46200", "2016-12-31": -50.875, "2016-09-30": -18.835, "2016-06-30": -578.454, "2016-03-31": "-0.31800", "2015-12-31": -35.677, "2015-09-30": -201.294, "2015-06-30": -9.787, "2015-03-31": "-0.89300", "2014-12-31": -51.116, "2014-09-30": 0, "2014-06-30": -183.151, "2014-03-31": "", "2013-12-31": -5, "2013-09-30": 0, "2013-06-30": -0.077, "2013-03-31": "-24.14100", "2012-12-31": 0.041, "2012-09-30": -16.902, "2012-06-30": 0, "2012-03-31": "", "2011-12-31": 0, "2011-09-30": 0, "2011-06-30": 0, "2011-03-31": "", "2010-12-31": 0, "2010-09-30": 0, "2010-06-30": 0, "2010-03-31": "", "2009-12-31": 0.246, "2009-09-30": -32.432, "2009-06-30": -51.161, "2009-03-31": "", "2008-12-31": -7.359, "2008-09-30": -58.543, "2008-06-30": -0.012, "2008-03-31": "-3.23700", "2007-12-31": 0, "2007-09-30": -0.18, "2007-06-30": -0.505, "2007-03-31": "-10.89900", "2006-12-31": -30.862, "2006-09-30": 0, "2006-06-30": 0, "2006-03-31": "", "2005-12-31": 0.032, "2005-09-30": 0, "2005-06-30": -3.432, "2005-03-31": ""}, "Net Change In Short-term Investments": {"2020-09-30": -7.823, "2020-06-30": -4.943, "2020-03-31": "-7.12100", "2019-12-31": -4.677, "2019-09-30": -2.911, "2019-06-30": -12.334, "2019-03-31": "-2.41900", "2018-12-31": -4.59, "2018-09-30": -9.438, "2018-06-30": -5.829, "2018-03-31": "-5.26800", "2017-12-31": -4.082, "2017-09-30": -12.159, "2017-06-30": -23.278, "2017-03-31": "-6.69800", "2016-12-31": -40.248, "2016-09-30": 0, "2016-06-30": 0, "2016-03-31": "", "2015-12-31": 0, "2015-09-30": 0, "2015-06-30": 0, "2015-03-31": "", "2014-12-31": 0, "2014-09-30": 0, "2014-06-30": 0, "2014-03-31": "", "2013-12-31": 0, "2013-09-30": 0, "2013-06-30": 0, "2013-03-31": "", "2012-12-31": 0, "2012-09-30": 0, "2012-06-30": 0, "2012-03-31": "", "2011-12-31": 0, "2011-09-30": 0, "2011-06-30": 0, "2011-03-31": "", "2010-12-31": 0, "2010-09-30": 0, "2010-06-30": 0, "2010-03-31": "", "2009-12-31": 0, "2009-09-30": 0, "2009-06-30": 0, "2009-03-31": "", "2008-12-31": 0, "2008-09-30": 0, "2008-06-30": 0, "2008-03-31": "", "2007-12-31": 0, "2007-09-30": 0, "2007-06-30": 0, "2007-03-31": "", "2006-12-31": 0, "2006-09-30": 0, "2006-06-30": 0, "2006-03-31": "", "2005-12-31": 0, "2005-09-30": 0, "2005-06-30": 0, "2005-03-31": ""}, "Net Change In Long-Term Investments": {"2020-09-30": 0.129, "2020-06-30": 3.177, "2020-03-31": "2.50400", "2019-12-31": 0.927, "2019-09-30": 0, "2019-06-30": 0, "2019-03-31": "0.01500", "2018-12-31": 5.254, "2018-09-30": 0.189, "2018-06-30": 1.81, "2018-03-31": "28.59600", "2017-12-31": 2.524, "2017-09-30": 3.125, "2017-06-30": 0.344, "2017-03-31": "3.13500", "2016-12-31": 41.895, "2016-09-30": 15.794, "2016-06-30": -9.342, "2016-03-31": "-0.69500", "2015-12-31": -12.739, "2015-09-30": 2.065, "2015-06-30": -2.382, "2015-03-31": "-1.43600", "2014-12-31": -3.441, "2014-09-30": -5.291, "2014-06-30": -1.277, "2014-03-31": "4.36100", "2013-12-31": -1.078, "2013-09-30": -5.299, "2013-06-30": -1.347, "2013-03-31": "1.74200", "2012-12-31": -6.116, "2012-09-30": -0.511, "2012-06-30": 3.385, "2012-03-31": "9.86100", "2011-12-31": -0.952, "2011-09-30": 3.42, "2011-06-30": 10.476, "2011-03-31": "-5.89300", "2010-12-31": 4, "2010-09-30": 2.784, "2010-06-30": -5.346, "2010-03-31": "43.42600", "2009-12-31": -44.978, "2009-09-30": 50.803, "2009-06-30": -16.583, "2009-03-31": "-37.74900", "2008-12-31": 2.092, "2008-09-30": -0.287, "2008-06-30": 3.679, "2008-03-31": "33.52100", "2007-12-31": 21.841, "2007-09-30": 7.614, "2007-06-30": 13.02, "2007-03-31": "-7.33700", "2006-12-31": 9.82, "2006-09-30": -61.15, "2006-06-30": -47.195, "2006-03-31": "13.60600", "2005-12-31": -12.952, "2005-09-30": -0.727, "2005-06-30": -0.013, "2005-03-31": "-1.48300"}, "Net Change In Investments - Total": {"2020-09-30": -7.694, "2020-06-30": -1.766, "2020-03-31": "-4.61700", "2019-12-31": -3.75, "2019-09-30": -2.911, "2019-06-30": -12.334, "2019-03-31": "-2.40400", "2018-12-31": 0.664, "2018-09-30": -9.249, "2018-06-30": -4.019, "2018-03-31": "23.32800", "2017-12-31": -1.558, "2017-09-30": -9.034, "2017-06-30": -22.934, "2017-03-31": "-3.56300", "2016-12-31": 1.647, "2016-09-30": 15.794, "2016-06-30": -9.342, "2016-03-31": "-0.69500", "2015-12-31": -12.739, "2015-09-30": 2.065, "2015-06-30": -2.382, "2015-03-31": "-1.43600", "2014-12-31": -3.441, "2014-09-30": -5.291, "2014-06-30": -1.277, "2014-03-31": "4.36100", "2013-12-31": -1.078, "2013-09-30": -5.299, "2013-06-30": -1.347, "2013-03-31": "1.74200", "2012-12-31": -6.116, "2012-09-30": -0.511, "2012-06-30": 3.385, "2012-03-31": "9.86100", "2011-12-31": -0.952, "2011-09-30": 3.42, "2011-06-30": 10.476, "2011-03-31": "-5.89300", "2010-12-31": 4, "2010-09-30": 2.784, "2010-06-30": -5.346, "2010-03-31": "43.42600", "2009-12-31": -44.978, "2009-09-30": 50.803, "2009-06-30": -16.583, "2009-03-31": "-37.74900", "2008-12-31": 2.092, "2008-09-30": -0.287, "2008-06-30": 3.679, "2008-03-31": "33.52100", "2007-12-31": 21.841, "2007-09-30": 7.614, "2007-06-30": 13.02, "2007-03-31": "-7.33700", "2006-12-31": 9.82, "2006-09-30": -61.15, "2006-06-30": -47.195, "2006-03-31": "13.60600", "2005-12-31": -12.952, "2005-09-30": -0.727, "2005-06-30": -0.013, "2005-03-31": "-1.48300"}, "Investing Activities - Other": {"2020-09-30": -0.035, "2020-06-30": -0.06, "2020-03-31": "-1.09700", "2019-12-31": -3.228, "2019-09-30": -0.053, "2019-06-30": 0.082, "2019-03-31": "-0.68900", "2018-12-31": -0.687, "2018-09-30": -0.062, "2018-06-30": -0.006, "2018-03-31": "-0.05000", "2017-12-31": -0.228, "2017-09-30": -0.266, "2017-06-30": -0.039, "2017-03-31": "0.01700", "2016-12-31": -0.096, "2016-09-30": -0.284, "2016-06-30": 1.253, "2016-03-31": "2.82100", "2015-12-31": -1.977, "2015-09-30": -2.81, "2015-06-30": 1.882, "2015-03-31": "0.68400", "2014-12-31": 0.774, "2014-09-30": 0.002, "2014-06-30": -2.244, "2014-03-31": "0.31800", "2013-12-31": 0.199, "2013-09-30": 0.049, "2013-06-30": 0.013, "2013-03-31": "0.04600", "2012-12-31": 0.04, "2012-09-30": 1.017, "2012-06-30": 0.756, "2012-03-31": "0.97300", "2011-12-31": 3.827, "2011-09-30": 0.632, "2011-06-30": 0.842, "2011-03-31": "0.14600", "2010-12-31": 0.378, "2010-09-30": 0.233, "2010-06-30": 0.257, "2010-03-31": "0.08200", "2009-12-31": -0.871, "2009-09-30": 1.968, "2009-06-30": 1.457, "2009-03-31": "0.06900", "2008-12-31": 0.244, "2008-09-30": -1.164, "2008-06-30": 0.875, "2008-03-31": "0.09600", "2007-12-31": -0.563, "2007-09-30": 3.231, "2007-06-30": 0, "2007-03-31": "", "2006-12-31": 0, "2006-09-30": 0, "2006-06-30": 0, "2006-03-31": "", "2005-12-31": 0, "2005-09-30": 0, "2005-06-30": 0, "2005-03-31": ""}, "Cash Flow From Investing Activities": {"2020-09-30": -70.81, "2020-06-30": -28.626, "2020-03-31": "-413.68500", "2019-12-31": -70.871, "2019-09-30": -61.393, "2019-06-30": -528.425, "2019-03-31": "-20.81300", "2018-12-31": -70.956, "2018-09-30": -33.011, "2018-06-30": -826.372, "2018-03-31": "-24.66400", "2017-12-31": -32.827, "2017-09-30": -53.785, "2017-06-30": -38.97, "2017-03-31": "52.99600", "2016-12-31": -75.003, "2016-09-30": -12.893, "2016-06-30": -598.334, "2016-03-31": "-6.44200", "2015-12-31": -78.637, "2015-09-30": -212.491, "2015-06-30": -24.195, "2015-03-31": "-12.29300", "2014-12-31": -80.801, "2014-09-30": -14.691, "2014-06-30": -195.987, "2014-03-31": "-6.51100", "2013-12-31": -19.714, "2013-09-30": -14.346, "2013-06-30": -11.205, "2013-03-31": "-28.78200", "2012-12-31": -19.774, "2012-09-30": -26.638, "2012-06-30": -5.3, "2012-03-31": "-3.27800", "2011-12-31": -24.596, "2011-09-30": -4.17, "2011-06-30": 4.657, "2011-03-31": "-12.53600", "2010-12-31": -11.629, "2010-09-30": -6.111, "2010-06-30": -13.521, "2010-03-31": "34.21500", "2009-12-31": -61.929, "2009-09-30": 1.874, "2009-06-30": -86.724, "2009-03-31": "-62.30500", "2008-12-31": -51.439, "2008-09-30": -106.637, "2008-06-30": -60.411, "2008-03-31": "-10.25000", "2007-12-31": -71.989, "2007-09-30": -39.67, "2007-06-30": -36.897, "2007-03-31": "-56.16000", "2006-12-31": -102.924, "2006-09-30": -104.114, "2006-06-30": -64.588, "2006-03-31": "-25.77200", "2005-12-31": -38.249, "2005-09-30": -46.134, "2005-06-30": -14.699, "2005-03-31": "-13.88100"}, "Net Long-Term Debt": {"2020-09-30": -275.7251, "2020-06-30": -117.966, "2020-03-31": "484.68400", "2019-12-31": -38.6821, "2019-09-30": -136.4149, "2019-06-30": 479.517, "2019-03-31": "-70.54700", "2018-12-31": -5.3708, "2018-09-30": -152.9652, "2018-06-30": 728.8572, "2018-03-31": "-16.49610", "2017-12-31": -55.576, "2017-09-30": 33.746, "2017-06-30": -68.333, "2017-03-31": "-45.41600", "2016-12-31": -11.768, "2016-09-30": -106.968, "2016-06-30": 506.752, "2016-03-31": "0.01400", "2015-12-31": 12.453, "2015-09-30": 69.8, "2015-06-30": -23.22, "2015-03-31": "16.15000", "2014-12-31": -11.105, "2014-09-30": -24.027, "2014-06-30": 162.753, "2014-03-31": "-23.23700", "2013-12-31": 22.937, "2013-09-30": 3.438, "2013-06-30": -15.776, "2013-03-31": "-22.09900", "2012-12-31": -6.615, "2012-09-30": -21.378, "2012-06-30": -19.672, "2012-03-31": "-18.56600", "2011-12-31": -23.764, "2011-09-30": -47.314, "2011-06-30": -72.02, "2011-03-31": "140.84100", "2010-12-31": -15.215, "2010-09-30": 275.32, "2010-06-30": -40.611, "2010-03-31": "-21.65700", "2009-12-31": -8.627, "2009-09-30": -28.183, "2009-06-30": 9.345, "2009-03-31": "-8.66500", "2008-12-31": 33.425, "2008-09-30": 19.835, "2008-06-30": 12.2, "2008-03-31": "", "2007-12-31": -7.815, "2007-09-30": -18.727, "2007-06-30": -19.089, "2007-03-31": "-18.91400", "2006-12-31": -30.413, "2006-09-30": -7.709, "2006-06-30": 296.845, "2006-03-31": "10.73500", "2005-12-31": -80.507, "2005-09-30": -27.926, "2005-06-30": -74.956, "2005-03-31": "-20.21600"}, "Net Current Debt": {"2020-09-30": 0, "2020-06-30": 0, "2020-03-31": "", "2019-12-31": 0, "2019-09-30": 0, "2019-06-30": 0, "2019-03-31": "", "2018-12-31": 0, "2018-09-30": 0, "2018-06-30": 0, "2018-03-31": "", "2017-12-31": 0, "2017-09-30": 0, "2017-06-30": 0, "2017-03-31": "", "2016-12-31": 0, "2016-09-30": 0, "2016-06-30": 0, "2016-03-31": "", "2015-12-31": 0, "2015-09-30": 0, "2015-06-30": 0, "2015-03-31": "", "2014-12-31": 0, "2014-09-30": 0, "2014-06-30": 0, "2014-03-31": "", "2013-12-31": 0, "2013-09-30": 0, "2013-06-30": 0, "2013-03-31": "", "2012-12-31": 0, "2012-09-30": 0, "2012-06-30": 0, "2012-03-31": "", "2011-12-31": 0, "2011-09-30": 0, "2011-06-30": 0, "2011-03-31": "", "2010-12-31": 0, "2010-09-30": 0, "2010-06-30": 0, "2010-03-31": "", "2009-12-31": 0, "2009-09-30": 0, "2009-06-30": 0, "2009-03-31": "", "2008-12-31": 0, "2008-09-30": 0, "2008-06-30": 0, "2008-03-31": "", "2007-12-31": 0, "2007-09-30": 0, "2007-06-30": 0, "2007-03-31": "", "2006-12-31": 0, "2006-09-30": 0, "2006-06-30": 0, "2006-03-31": "", "2005-12-31": 0, "2005-09-30": 0, "2005-06-30": 0, "2005-03-31": ""}, "Debt Issuance/Retirement Net - Total": {"2020-09-30": -275.7251, "2020-06-30": -117.966, "2020-03-31": "484.68400", "2019-12-31": -38.6821, "2019-09-30": -136.4149, "2019-06-30": 479.517, "2019-03-31": "-70.54700", "2018-12-31": -5.3708, "2018-09-30": -152.9652, "2018-06-30": 728.8572, "2018-03-31": "-16.49610", "2017-12-31": -55.576, "2017-09-30": 33.746, "2017-06-30": -68.333, "2017-03-31": "-45.41600", "2016-12-31": -11.768, "2016-09-30": -106.968, "2016-06-30": 506.752, "2016-03-31": "0.01400", "2015-12-31": 12.453, "2015-09-30": 69.8, "2015-06-30": -23.22, "2015-03-31": "16.15000", "2014-12-31": -11.105, "2014-09-30": -24.027, "2014-06-30": 162.753, "2014-03-31": "-23.23700", "2013-12-31": 22.937, "2013-09-30": 3.438, "2013-06-30": -15.776, "2013-03-31": "-22.09900", "2012-12-31": -6.615, "2012-09-30": -21.378, "2012-06-30": -19.672, "2012-03-31": "-18.56600", "2011-12-31": -23.764, "2011-09-30": -47.314, "2011-06-30": -72.02, "2011-03-31": "140.84100", "2010-12-31": -15.215, "2010-09-30": 275.32, "2010-06-30": -40.611, "2010-03-31": "-21.65700", "2009-12-31": -8.627, "2009-09-30": -28.183, "2009-06-30": 9.345, "2009-03-31": "-8.66500", "2008-12-31": 33.425, "2008-09-30": 19.835, "2008-06-30": 12.2, "2008-03-31": "", "2007-12-31": -7.815, "2007-09-30": -18.727, "2007-06-30": -19.089, "2007-03-31": "-18.91400", "2006-12-31": -30.413, "2006-09-30": -7.709, "2006-06-30": 296.845, "2006-03-31": "10.73500", "2005-12-31": -80.507, "2005-09-30": -27.926, "2005-06-30": -74.956, "2005-03-31": "-20.21600"}, "Net Common Equity Issued/Repurchased": {"2020-09-30": 7.086, "2020-06-30": 13.882, "2020-03-31": "-1.06700", "2019-12-31": 7.517, "2019-09-30": 2.972, "2019-06-30": 1.898, "2019-03-31": "4.07200", "2018-12-31": 7.374, "2018-09-30": 5.909, "2018-06-30": 4.036, "2018-03-31": "6.49200", "2017-12-31": 3.774, "2017-09-30": -30.948, "2017-06-30": -12.408, "2017-03-31": "-28.45700", "2016-12-31": 1.513, "2016-09-30": 1.792, "2016-06-30": 7.258, "2016-03-31": "0.36700", "2015-12-31": 2.733, "2015-09-30": 18.642, "2015-06-30": -40.854, "2015-03-31": "-58.63200", "2014-12-31": 73.655, "2014-09-30": -20.376, "2014-06-30": -115.638, "2014-03-31": "14.02900", "2013-12-31": -74.229, "2013-09-30": -101.155, "2013-06-30": 20.681, "2013-03-31": "-11.22900", "2012-12-31": -30.263, "2012-09-30": -3.113, "2012-06-30": -18.282, "2012-03-31": "-12.53100", "2011-12-31": -48.759, "2011-09-30": -56.64, "2011-06-30": -3.931, "2011-03-31": "-174.46500", "2010-12-31": 1.268, "2010-09-30": -350.338, "2010-06-30": -0.07, "2010-03-31": "-2.89500", "2009-12-31": 0.692, "2009-09-30": -0.606, "2009-06-30": -15.593, "2009-03-31": "-29.57100", "2008-12-31": -24.994, "2008-09-30": -20.701, "2008-06-30": -25.343, "2008-03-31": "-15.87900", "2007-12-31": -0.292, "2007-09-30": -8.958, "2007-06-30": 22.965, "2007-03-31": "-1.35500", "2006-12-31": -0.344, "2006-09-30": -72.9, "2006-06-30": -155.298, "2006-03-31": "1.48400", "2005-12-31": -13.927, "2005-09-30": 9.035, "2005-06-30": 4.347, "2005-03-31": "9.67100"}, "Net Total Equity Issued/Repurchased": {"2020-09-30": 7.086, "2020-06-30": 13.882, "2020-03-31": "-1.06700", "2019-12-31": 7.517, "2019-09-30": 2.972, "2019-06-30": 1.898, "2019-03-31": "4.07200", "2018-12-31": 7.374, "2018-09-30": 5.909, "2018-06-30": 4.036, "2018-03-31": "6.49200", "2017-12-31": 3.774, "2017-09-30": -30.948, "2017-06-30": -12.408, "2017-03-31": "-28.45700", "2016-12-31": 1.513, "2016-09-30": 1.792, "2016-06-30": 7.258, "2016-03-31": "0.36700", "2015-12-31": 2.733, "2015-09-30": 18.642, "2015-06-30": -40.854, "2015-03-31": "-58.63200", "2014-12-31": 73.655, "2014-09-30": -20.376, "2014-06-30": -115.638, "2014-03-31": "14.02900", "2013-12-31": -74.229, "2013-09-30": -101.155, "2013-06-30": 20.681, "2013-03-31": "-11.22900", "2012-12-31": -30.263, "2012-09-30": -3.113, "2012-06-30": -18.282, "2012-03-31": "-12.53100", "2011-12-31": -48.759, "2011-09-30": -56.64, "2011-06-30": -3.931, "2011-03-31": "-174.46500", "2010-12-31": 1.268, "2010-09-30": -350.338, "2010-06-30": -0.07, "2010-03-31": "-2.89500", "2009-12-31": 0.692, "2009-09-30": -0.606, "2009-06-30": -15.593, "2009-03-31": "-29.57100", "2008-12-31": -24.994, "2008-09-30": -20.701, "2008-06-30": -25.343, "2008-03-31": "-15.87900", "2007-12-31": -0.292, "2007-09-30": -8.958, "2007-06-30": 22.965, "2007-03-31": "-1.35500", "2006-12-31": -0.344, "2006-09-30": -72.9, "2006-06-30": -155.298, "2006-03-31": "1.48400", "2005-12-31": -13.927, "2005-09-30": 9.035, "2005-06-30": 4.347, "2005-03-31": "9.67100"}, "Total Common And Preferred Stock Dividends Paid": {"2020-09-30": 0, "2020-06-30": 0, "2020-03-31": "", "2019-12-31": 0, "2019-09-30": 0, "2019-06-30": 0, "2019-03-31": "", "2018-12-31": 0, "2018-09-30": 0, "2018-06-30": 0, "2018-03-31": "", "2017-12-31": 0, "2017-09-30": 0, "2017-06-30": 0, "2017-03-31": "", "2016-12-31": 0, "2016-09-30": 0, "2016-06-30": 0, "2016-03-31": "", "2015-12-31": 0, "2015-09-30": 0, "2015-06-30": 0, "2015-03-31": "", "2014-12-31": 0, "2014-09-30": 0, "2014-06-30": 0, "2014-03-31": "", "2013-12-31": 0, "2013-09-30": 0, "2013-06-30": 0, "2013-03-31": "", "2012-12-31": 0, "2012-09-30": 0, "2012-06-30": 0, "2012-03-31": "", "2011-12-31": 0, "2011-09-30": 0, "2011-06-30": 0, "2011-03-31": "", "2010-12-31": 0, "2010-09-30": 0, "2010-06-30": 0, "2010-03-31": "", "2009-12-31": 0, "2009-09-30": 0, "2009-06-30": 0, "2009-03-31": "", "2008-12-31": 0, "2008-09-30": 0, "2008-06-30": 0, "2008-03-31": "", "2007-12-31": 0, "2007-09-30": 1.357, "2007-06-30": 0, "2007-03-31": "-1.35700", "2006-12-31": 1.916, "2006-09-30": 0, "2006-06-30": 0, "2006-03-31": "-1.91600", "2005-12-31": 0, "2005-09-30": -0.05, "2005-06-30": 0, "2005-03-31": "-1.35000"}, "Financial Activities - Other": {"2020-09-30": 0, "2020-06-30": -0.012, "2020-03-31": "-4.40500", "2019-12-31": -7.879, "2019-09-30": 0, "2019-06-30": -7.908, "2019-03-31": "-2.60800", "2018-12-31": -1.44, "2018-09-30": -0.023, "2018-06-30": -13.382, "2018-03-31": "-4.93200", "2017-12-31": -1.208, "2017-09-30": -3.2, "2017-06-30": 0.001, "2017-03-31": "-0.45100", "2016-12-31": -13.671, "2016-09-30": -0.391, "2016-06-30": -3.467, "2016-03-31": "-0.67500", "2015-12-31": -11.004, "2015-09-30": -36.155, "2015-06-30": -1.587, "2015-03-31": "44.41600", "2014-12-31": -45.432, "2014-09-30": 10.487, "2014-06-30": 37.241, "2014-03-31": "3.06400", "2013-12-31": 35.385, "2013-09-30": 58.804, "2013-06-30": -27.812, "2013-03-31": "26.81800", "2012-12-31": 18.764, "2012-09-30": -3.046, "2012-06-30": 3.119, "2012-03-31": "0.46200", "2011-12-31": 16.514, "2011-09-30": -2.186, "2011-06-30": -4.425, "2011-03-31": "4.36300", "2010-12-31": -0.408, "2010-09-30": -15.318, "2010-06-30": 0.729, "2010-03-31": "1.30000", "2009-12-31": -0.37, "2009-09-30": 0.547, "2009-06-30": 0.047, "2009-03-31": "0.00700", "2008-12-31": 0.085, "2008-09-30": 1.466, "2008-06-30": 0.464, "2008-03-31": "1.77300", "2007-12-31": 2.854, "2007-09-30": 0.265, "2007-06-30": 0.815, "2007-03-31": "1.82400", "2006-12-31": 1.857, "2006-09-30": -0.955, "2006-06-30": -39.473, "2006-03-31": "1.73900", "2005-12-31": 1.364, "2005-09-30": -3.608, "2005-06-30": 0.601, "2005-03-31": "2.28200"}, "Cash Flow From Financial Activities": {"2020-09-30": -268.639, "2020-06-30": -104.096, "2020-03-31": "479.21200", "2019-12-31": -39.044, "2019-09-30": -133.443, "2019-06-30": 473.507, "2019-03-31": "-69.08300", "2018-12-31": 0.563, "2018-09-30": -147.079, "2018-06-30": 719.511, "2018-03-31": "-14.93600", "2017-12-31": -53.01, "2017-09-30": -0.402, "2017-06-30": -80.74, "2017-03-31": "-74.32400", "2016-12-31": -23.926, "2016-09-30": -105.567, "2016-06-30": 510.543, "2016-03-31": "-0.29400", "2015-12-31": 4.182, "2015-09-30": 52.287, "2015-06-30": -65.661, "2015-03-31": "1.93400", "2014-12-31": 17.118, "2014-09-30": -33.916, "2014-06-30": 84.356, "2014-03-31": "-6.14400", "2013-12-31": -15.907, "2013-09-30": -38.913, "2013-06-30": -22.907, "2013-03-31": "-6.51000", "2012-12-31": -18.114, "2012-09-30": -27.537, "2012-06-30": -34.835, "2012-03-31": "-30.63500", "2011-12-31": -56.009, "2011-09-30": -106.14, "2011-06-30": -80.376, "2011-03-31": "-29.26100", "2010-12-31": -14.355, "2010-09-30": -90.336, "2010-06-30": -39.952, "2010-03-31": "-23.25200", "2009-12-31": -8.305, "2009-09-30": -28.242, "2009-06-30": -6.201, "2009-03-31": "-38.22900", "2008-12-31": 8.516, "2008-09-30": 0.6, "2008-06-30": -12.679, "2008-03-31": "-14.10600", "2007-12-31": -5.253, "2007-09-30": -26.063, "2007-06-30": 4.691, "2007-03-31": "-19.80200", "2006-12-31": -26.984, "2006-09-30": -81.564, "2006-06-30": 102.074, "2006-03-31": "12.04200", "2005-12-31": -93.07, "2005-09-30": -22.549, "2005-06-30": -70.008, "2005-03-31": "-9.61300"}, "Net Cash Flow": {"2020-09-30": -156.619, "2020-06-30": 29.589, "2020-03-31": "134.40700", "2019-12-31": 73.326, "2019-09-30": -35.866, "2019-06-30": 74.28, "2019-03-31": "-69.01200", "2018-12-31": 55.442, "2018-09-30": -53.489, "2018-06-30": 4.965, "2018-03-31": "24.06900", "2017-12-31": 40.178, "2017-09-30": 7.133, "2017-06-30": -14.807, "2017-03-31": "13.93300", "2016-12-31": 11.775, "2016-09-30": -48.79, "2016-06-30": -2.412, "2016-03-31": "39.35800", "2015-12-31": 43.379, "2015-09-30": -76.775, "2015-06-30": -1.112, "2015-03-31": "-8.10400", "2014-12-31": 29.276, "2014-09-30": 13.735, "2014-06-30": -52.838, "2014-03-31": "13.92300", "2013-12-31": 25.473, "2013-09-30": 16.933, "2013-06-30": 13.099, "2013-03-31": "-9.26300", "2012-12-31": 26.461, "2012-09-30": 7.148, "2012-06-30": 15.045, "2012-03-31": "-7.87400", "2011-12-31": -12.315, "2011-09-30": -64.611, "2011-06-30": -12.914, "2011-03-31": "-20.41500", "2010-12-31": 41.727, "2010-09-30": -81.644, "2010-06-30": -3.122, "2010-03-31": "39.62500", "2009-12-31": -9.624, "2009-09-30": 37.392, "2009-06-30": -15.427, "2009-03-31": "-73.35900", "2008-12-31": 30.741, "2008-09-30": -49.587, "2008-06-30": 22.562, "2008-03-31": "14.42700", "2007-12-31": 41.952, "2007-09-30": 21.447, "2007-06-30": 25.513, "2007-03-31": "-38.84300", "2006-12-31": -78.124, "2006-09-30": 60.437, "2006-06-30": 91.611, "2006-03-31": "-13.36500", "2005-12-31": -52.884, "2005-09-30": 1.156, "2005-06-30": -46.51, "2005-03-31": "5.49300"}, "Stock-Based Compensation": {"2020-09-30": 16.87, "2020-06-30": 13.143, "2020-03-31": "10.96000", "2019-12-31": 13.842, "2019-09-30": 14.025, "2019-06-30": 16.505, "2019-03-31": "12.89900", "2018-12-31": 11.438, "2018-09-30": 11.82, "2018-06-30": 13.547, "2018-03-31": "10.54100", "2017-12-31": 11.101, "2017-09-30": 11.526, "2017-06-30": 11.89, "2017-03-31": "9.48600", "2016-12-31": 10.995, "2016-09-30": 10.6, "2016-06-30": 12.106, "2016-03-31": "9.94100", "2015-12-31": 9.773, "2015-09-30": 10.476, "2015-06-30": 10.199, "2015-03-31": "9.67400", "2014-12-31": 7.903, "2014-09-30": 8.251, "2014-06-30": 8.222, "2014-03-31": "6.65900", "2013-12-31": 6.311, "2013-09-30": 6.047, "2013-06-30": 6.28, "2013-03-31": "5.90400", "2012-12-31": 6.027, "2012-09-30": 5.242, "2012-06-30": 5.32, "2012-03-31": "5.26600", "2011-12-31": 4.787, "2011-09-30": 5.571, "2011-06-30": 5.429, "2011-03-31": "5.91900", "2010-12-31": 4.243, "2010-09-30": 6.667, "2010-06-30": 7.76, "2010-03-31": "6.85600", "2009-12-31": 5.52, "2009-09-30": 5.999, "2009-06-30": 6.464, "2009-03-31": "5.66900", "2008-12-31": 5.739, "2008-09-30": 5.533, "2008-06-30": 6.619, "2008-03-31": "6.32100", "2007-12-31": 6.202, "2007-09-30": 7.284, "2007-06-30": 7.076, "2007-03-31": "5.45500", "2006-12-31": 5.295, "2006-09-30": 4.446, "2006-06-30": 6.276, "2006-03-31": "5.07300", "2005-12-31": 4.282, "2005-09-30": 3.642, "2005-06-30": 4.892, "2005-03-31": "4.15800"}, "Common Stock Dividends Paid": {"2020-09-30": 0, "2020-06-30": 0, "2020-03-31": "", "2019-12-31": 0, "2019-09-30": 0, "2019-06-30": 0, "2019-03-31": "", "2018-12-31": 0, "2018-09-30": 0, "2018-06-30": 0, "2018-03-31": "", "2017-12-31": 0, "2017-09-30": 0, "2017-06-30": 0, "2017-03-31": "", "2016-12-31": 0, "2016-09-30": 0, "2016-06-30": 0, "2016-03-31": "", "2015-12-31": 0, "2015-09-30": 0, "2015-06-30": 0, "2015-03-31": "", "2014-12-31": 0, "2014-09-30": 0, "2014-06-30": 0, "2014-03-31": "", "2013-12-31": 0, "2013-09-30": 0, "2013-06-30": 0, "2013-03-31": "", "2012-12-31": 0, "2012-09-30": 0, "2012-06-30": 0, "2012-03-31": "", "2011-12-31": 0, "2011-09-30": 0, "2011-06-30": 0, "2011-03-31": "", "2010-12-31": 0, "2010-09-30": 0, "2010-06-30": 0, "2010-03-31": "", "2009-12-31": 0, "2009-09-30": 0, "2009-06-30": 0, "2009-03-31": "", "2008-12-31": 0, "2008-09-30": 0, "2008-06-30": 0, "2008-03-31": "", "2007-12-31": 0, "2007-09-30": 1.357, "2007-06-30": 0, "2007-03-31": "-1.35700", "2006-12-31": 1.916, "2006-09-30": 0, "2006-06-30": 0, "2006-03-31": "-1.91600", "2005-12-31": 0, "2005-09-30": -0.05, "2005-06-30": 0, "2005-03-31": "-1.35000"}}, "financial ratios": {"Current Ratio": {"2019-12-31": "1.43810", "2018-12-31": "1.60840", "2017-12-31": "1.78340", "2016-12-31": "1.52900", "2015-12-31": "1.79380", "2014-12-31": "1.96570", "2013-12-31": "2.23670", "2012-12-31": "1.41780", "2011-12-31": "1.96420", "2010-12-31": "2.12830", "2009-12-31": "2.38460", "2008-12-31": "2.05360", "2007-12-31": "2.00930", "2006-12-31": "1.93230", "2005-12-31": "1.34650"}, "Long-term Debt / Capital": {"2019-12-31": "0.53040", "2018-12-31": "0.55360", "2017-12-31": "0.51540", "2016-12-31": "0.59000", "2015-12-31": "0.53420", "2014-12-31": "0.52280", "2013-12-31": "0.49930", "2012-12-31": "0.46640", "2011-12-31": "0.57140", "2010-12-31": "0.49320", "2009-12-31": "0.24980", "2008-12-31": "0.27870", "2007-12-31": "0.20680", "2006-12-31": "0.25540", "2005-12-31": "0.12450"}, "Debt/Equity Ratio": {"2019-12-31": "1.15290", "2018-12-31": "1.26390", "2017-12-31": "1.09330", "2016-12-31": "1.47180", "2015-12-31": "1.17010", "2014-12-31": "1.14280", "2013-12-31": "1.03060", "2012-12-31": "1.10500", "2011-12-31": "1.36140", "2010-12-31": "1.01760", "2009-12-31": "0.35870", "2008-12-31": "0.41500", "2007-12-31": "0.27420", "2006-12-31": "0.35860", "2005-12-31": "0.16210"}, "Gross Margin": {"2019-12-31": "36.55970", "2018-12-31": "37.07110", "2017-12-31": "37.73240", "2016-12-31": "38.29820", "2015-12-31": "38.95630", "2014-12-31": "36.42400", "2013-12-31": "33.88180", "2012-12-31": "34.71190", "2011-12-31": "35.20260", "2010-12-31": "33.94690", "2009-12-31": "36.10250", "2008-12-31": "38.51010", "2007-12-31": "38.85750", "2006-12-31": "38.41770", "2005-12-31": "39.23220"}, "Operating Margin": {"2019-12-31": "13.39650", "2018-12-31": "14.62350", "2017-12-31": "15.51910", "2016-12-31": "14.12800", "2015-12-31": "15.14330", "2014-12-31": "13.69160", "2013-12-31": "12.98990", "2012-12-31": "14.67560", "2011-12-31": "15.25460", "2010-12-31": "-26.33740", "2009-12-31": "14.47650", "2008-12-31": "-34.88300", "2007-12-31": "18.45880", "2006-12-31": "17.77930", "2005-12-31": "18.59350"}, "EBIT Margin": {"2019-12-31": "13.39650", "2018-12-31": "14.62350", "2017-12-31": "15.51910", "2016-12-31": "14.12800", "2015-12-31": "15.14330", "2014-12-31": "13.69160", "2013-12-31": "12.98990", "2012-12-31": "14.67560", "2011-12-31": "15.25460", "2010-12-31": "-26.33740", "2009-12-31": "14.47650", "2008-12-31": "-34.88300", "2007-12-31": "18.45880", "2006-12-31": "17.77930", "2005-12-31": "18.59350"}, "EBITDA Margin": {"2019-12-31": "20.95380", "2018-12-31": "21.76260", "2017-12-31": "22.57970", "2016-12-31": "21.66070", "2015-12-31": "22.10300", "2014-12-31": "21.25670", "2013-12-31": "22.10140", "2012-12-31": "23.43120", "2011-12-31": "24.46480", "2010-12-31": "10.57990", "2009-12-31": "23.33250", "2008-12-31": "26.90310", "2007-12-31": "25.48050", "2006-12-31": "25.58230", "2005-12-31": "27.66570"}, "Pre-Tax Profit Margin": {"2019-12-31": "11.60080", "2018-12-31": "12.43020", "2017-12-31": "15.98590", "2016-12-31": "13.25780", "2015-12-31": "14.33490", "2014-12-31": "13.68580", "2013-12-31": "11.86820", "2012-12-31": "11.48670", "2011-12-31": "11.61010", "2010-12-31": "-29.47570", "2009-12-31": "12.93540", "2008-12-31": "-36.39670", "2007-12-31": "17.14100", "2006-12-31": "16.68240", "2005-12-31": "16.49890"}, "Net Profit Margin": {"2019-12-31": "9.61450", "2018-12-31": "9.98960", "2017-12-31": "6.64060", "2016-12-31": "9.20440", "2015-12-31": "10.95230", "2014-12-31": "9.76360", "2013-12-31": "8.82240", "2012-12-31": "8.61380", "2011-12-31": "9.58880", "2010-12-31": "-29.70390", "2009-12-31": "9.76760", "2008-12-31": "-40.49300", "2007-12-31": "12.24160", "2006-12-31": "-5.27060", "2005-12-31": "14.29530"}, "Asset Turnover": {"2019-12-31": "0.55860", "2018-12-31": "0.58770", "2017-12-31": "0.63400", "2016-12-31": "0.62000", "2015-12-31": "0.65910", "2014-12-31": "0.69370", "2013-12-31": "0.71380", "2012-12-31": "0.71200", "2011-12-31": "0.73330", "2010-12-31": "0.65390", "2009-12-31": "0.53160", "2008-12-31": "0.60490", "2007-12-31": "0.43860", "2006-12-31": "0.41380", "2005-12-31": "0.39140"}, "Inventory Turnover Ratio": {"2019-12-31": "10.35050", "2018-12-31": "11.15030", "2017-12-31": "10.06200", "2016-12-31": "10.82580", "2015-12-31": "8.87830", "2014-12-31": "9.26520", "2013-12-31": "8.62040", "2012-12-31": "8.33560", "2011-12-31": "7.96400", "2010-12-31": "7.46440", "2009-12-31": "7.28800", "2008-12-31": "8.22110", "2007-12-31": "8.54820", "2006-12-31": "9.00720", "2005-12-31": "9.26830"}, "Receiveable Turnover": {"2019-12-31": "5.09930", "2018-12-31": "4.79850", "2017-12-31": "4.31980", "2016-12-31": "4.61870", "2015-12-31": "5.04800", "2014-12-31": "5.02990", "2013-12-31": "5.28270", "2012-12-31": "5.56420", "2011-12-31": "6.18280", "2010-12-31": "5.87350", "2009-12-31": "6.16330", "2008-12-31": "6.16180", "2007-12-31": "5.75310", "2006-12-31": "5.22250", "2005-12-31": "5.80020"}, "Days Sales In Receivables": {"2019-12-31": "71.57800", "2018-12-31": "76.06500", "2017-12-31": "84.49380", "2016-12-31": "79.02680", "2015-12-31": "72.30590", "2014-12-31": "72.56640", "2013-12-31": "69.09310", "2012-12-31": "65.59840", "2011-12-31": "59.03460", "2010-12-31": "62.14380", "2009-12-31": "59.22190", "2008-12-31": "59.23580", "2007-12-31": "63.44450", "2006-12-31": "69.88970", "2005-12-31": "62.92940"}, "ROE - Return On Equity": {"2019-12-31": "15.51210", "2018-12-31": "17.21640", "2017-12-31": "11.99020", "2016-12-31": "18.60100", "2015-12-31": "20.61360", "2014-12-31": "19.22160", "2013-12-31": "16.36700", "2012-12-31": "16.92940", "2011-12-31": "21.90560", "2010-12-31": "-48.51050", "2009-12-31": "8.09440", "2008-12-31": "-42.56030", "2007-12-31": "8.29170", "2006-12-31": "7.84980", "2005-12-31": "7.97960"}, "Return On Tangible Equity": {"2019-12-31": "1185.91400", "2018-12-31": "-76191.98000", "2017-12-31": "71.91540", "2016-12-31": "-688.11750", "2015-12-31": "65.73240", "2014-12-31": "38.51020", "2013-12-31": "32.05700", "2012-12-31": "32.97650", "2011-12-31": "48.87440", "2010-12-31": "-90.53040", "2009-12-31": "15.61820", "2008-12-31": "-81.55100", "2007-12-31": "26.10120", "2006-12-31": "39.66480", "2005-12-31": "26.29660"}, "ROA - Return On Assets": {"2019-12-31": "5.41390", "2018-12-31": "5.89280", "2017-12-31": "4.28630", "2016-12-31": "5.75580", "2015-12-31": "7.35010", "2014-12-31": "6.94570", "2013-12-31": "6.45630", "2012-12-31": "6.43730", "2011-12-31": "7.41320", "2010-12-31": "-19.27490", "2009-12-31": "5.04530", "2008-12-31": "-24.67880", "2007-12-31": "5.49860", "2006-12-31": "4.89610", "2005-12-31": "5.74380"}, "ROI - Return On Investment": {"2019-12-31": "7.28490", "2018-12-31": "7.68570", "2017-12-31": "5.81010", "2016-12-31": "7.62580", "2015-12-31": "9.60100", "2014-12-31": "9.17230", "2013-12-31": "8.19450", "2012-12-31": "9.03430", "2011-12-31": "9.38780", "2010-12-31": "-24.58470", "2009-12-31": "6.07250", "2008-12-31": "-30.69700", "2007-12-31": "6.57710", "2006-12-31": "5.84520", "2005-12-31": "6.98590"}, "Book Value Per Share": {"2019-12-31": "33.46880", "2018-12-31": "27.37620", "2017-12-31": "22.09630", "2016-12-31": "17.71690", "2015-12-31": "15.79420", "2014-12-31": "14.28210", "2013-12-31": "13.54410", "2012-12-31": "12.50930", "2011-12-31": "10.78980", "2010-12-31": "12.20260", "2009-12-31": "20.85440", "2008-12-31": "18.51830", "2007-12-31": "27.30560", "2006-12-31": "23.83760", "2005-12-31": "25.39110"}, "Operating Cash Flow Per Share": {"2019-12-31": 0.6785, "2018-12-31": 2.45, "2017-12-31": -0.0582, "2016-12-31": 0.1663, "2015-12-31": 1.1399, "2014-12-31": 0.9904, "2013-12-31": 0.0141, "2012-12-31": 0.2665, "2011-12-31": 1.3414, "2010-12-31": -0.5952, "2009-12-31": -0.8118, "2008-12-31": -0.1567, "2007-12-31": 1.7371, "2006-12-31": -0.4578, "2005-12-31": 2.9736}, "Free Cash Flow Per Share": {"2019-12-31": 0.7081, "2018-12-31": 1.2902, "2017-12-31": -0.6028, "2016-12-31": 0.3414, "2015-12-31": 1.009, "2014-12-31": 0.6009, "2013-12-31": 0.1886, "2012-12-31": 0.2421, "2011-12-31": 1.0689, "2010-12-31": -0.0637, "2009-12-31": 0.9244, "2008-12-31": 0.2503, "2007-12-31": 0.9738, "2006-12-31": -1.7596, "2005-12-31": 1.6789}}, "financial ratios, quarterly": {"Current Ratio": {"2020-09-30": "1.44890", "2020-06-30": "1.69620", "2020-03-31": "1.74890", "2019-12-31": "1.43810", "2019-09-30": "1.42660", "2019-06-30": "1.58910", "2019-03-31": "1.63500", "2018-12-31": "1.60840", "2018-09-30": "1.55330", "2018-06-30": "1.71680", "2018-03-31": "2.07160", "2017-12-31": "1.78340", "2017-09-30": "1.88180", "2017-06-30": "1.74040", "2017-03-31": "1.82620", "2016-12-31": "1.52900", "2016-09-30": "1.58860", "2016-06-30": "1.69700", "2016-03-31": "2.05620", "2015-12-31": "1.79380", "2015-09-30": "1.84230", "2015-06-30": "2.27690", "2015-03-31": "2.27050", "2014-12-31": "1.96570", "2014-09-30": "2.14080", "2014-06-30": "2.18190", "2014-03-31": "2.46810", "2013-12-31": "2.23670", "2013-09-30": "2.32930", "2013-06-30": "2.30130", "2013-03-31": "1.48910", "2012-12-31": "1.41780", "2012-09-30": "1.40790", "2012-06-30": "1.37620", "2012-03-31": "1.95350", "2011-12-31": "1.96420", "2011-09-30": "2.03860", "2011-06-30": "1.97850", "2011-03-31": "1.82120", "2010-12-31": "2.12830", "2010-09-30": "2.22130", "2010-06-30": "2.47110", "2010-03-31": "2.48260", "2009-12-31": "2.38460", "2009-09-30": "2.22890", "2009-06-30": "2.11280", "2009-03-31": "2.07850", "2008-12-31": "2.05360", "2008-09-30": "1.20740", "2008-06-30": "1.35180", "2008-03-31": "2.13350", "2007-12-31": "2.00930", "2007-09-30": "1.91260", "2007-06-30": "1.95620", "2007-03-31": "1.95800", "2006-12-31": "1.93230", "2006-09-30": "2.20730", "2006-06-30": "1.91330", "2006-03-31": "1.53960", "2005-12-31": "1.34650", "2005-09-30": "1.56720", "2005-06-30": "1.51570", "2005-03-31": "1.60550"}, "Long-term Debt / Capital": {"2020-09-30": "0.50860", "2020-06-30": "0.55680", "2020-03-31": "0.58430", "2019-12-31": "0.53040", "2019-09-30": "0.55060", "2019-06-30": "0.58320", "2019-03-31": "0.52380", "2018-12-31": "0.55360", "2018-09-30": "0.56810", "2018-06-30": "0.60250", "2018-03-31": "0.49710", "2017-12-31": "0.51540", "2017-09-30": "0.53010", "2017-06-30": "0.53600", "2017-03-31": "0.57100", "2016-12-31": "0.59000", "2016-09-30": "0.58550", "2016-06-30": "0.61420", "2016-03-31": "0.51720", "2015-12-31": "0.53420", "2015-09-30": "0.54120", "2015-06-30": "0.51680", "2015-03-31": "0.53060", "2014-12-31": "0.52280", "2014-09-30": "0.52830", "2014-06-30": "0.53650", "2014-03-31": "0.46780", "2013-12-31": "0.49930", "2013-09-30": "0.48630", "2013-06-30": "0.48780", "2013-03-31": "0.45090", "2012-12-31": "0.46640", "2012-09-30": "0.47520", "2012-06-30": "0.49400", "2012-03-31": "0.54890", "2011-12-31": "0.57140", "2011-09-30": "0.57100", "2011-06-30": "0.55320", "2011-03-31": "0.57430", "2010-12-31": "0.49320", "2010-09-30": "0.40310", "2010-06-30": "0.22700", "2010-03-31": "0.24040", "2009-12-31": "0.24980", "2009-09-30": "0.25580", "2009-06-30": "0.27490", "2009-03-31": "0.28020", "2008-12-31": "0.27870", "2008-09-30": "0.13490", "2008-06-30": "0.13830", "2008-03-31": "0.19960", "2007-12-31": "0.20680", "2007-09-30": "0.21500", "2007-06-30": "0.22830", "2007-03-31": "0.24310", "2006-12-31": "0.25540", "2006-09-30": "0.27070", "2006-06-30": "0.25840", "2006-03-31": "0.13480", "2005-12-31": "0.12450", "2005-09-30": "0.14290", "2005-06-30": "0.15830", "2005-03-31": "0.27850"}, "Debt/Equity Ratio": {"2020-09-30": "1.06030", "2020-06-30": "1.28700", "2020-03-31": "1.43420", "2019-12-31": "1.15290", "2019-09-30": "1.24720", "2019-06-30": "1.42240", "2019-03-31": "1.12170", "2018-12-31": "1.26390", "2018-09-30": "1.34030", "2018-06-30": "1.54220", "2018-03-31": "0.99130", "2017-12-31": "1.09330", "2017-09-30": "1.15460", "2017-06-30": "1.18330", "2017-03-31": "1.36210", "2016-12-31": "1.47180", "2016-09-30": "1.44260", "2016-06-30": "1.63250", "2016-03-31": "1.09870", "2015-12-31": "1.17010", "2015-09-30": "1.20290", "2015-06-30": "1.09480", "2015-03-31": "1.17800", "2014-12-31": "1.14280", "2014-09-30": "1.16750", "2014-06-30": "1.20500", "2014-03-31": "0.91720", "2013-12-31": "1.03060", "2013-09-30": "0.97120", "2013-06-30": "0.97730", "2013-03-31": "1.02860", "2012-12-31": "1.10500", "2012-09-30": "1.11470", "2012-06-30": "1.21490", "2012-03-31": "1.27020", "2011-12-31": "1.36140", "2011-09-30": "1.36750", "2011-06-30": "1.33660", "2011-03-31": "1.51830", "2010-12-31": "1.01760", "2010-09-30": "0.69250", "2010-06-30": "0.31290", "2010-03-31": "0.34270", "2009-12-31": "0.35870", "2009-09-30": "0.36940", "2009-06-30": "0.40680", "2009-03-31": "0.41830", "2008-12-31": "0.41500", "2008-09-30": "0.27870", "2008-06-30": "0.26840", "2008-03-31": "0.26710", "2007-12-31": "0.27420", "2007-09-30": "0.28730", "2007-06-30": "0.30980", "2007-03-31": "0.33690", "2006-12-31": "0.35860", "2006-09-30": "0.38660", "2006-06-30": "0.37080", "2006-03-31": "0.17680", "2005-12-31": "0.16210", "2005-09-30": "0.21180", "2005-06-30": "0.23480", "2005-03-31": "0.43920"}, "Gross Margin": {"2020-09-30": "38.91750", "2020-06-30": "34.02340", "2020-03-31": "35.64920", "2019-12-31": "37.95390", "2019-09-30": "36.84640", "2019-06-30": "36.20980", "2019-03-31": "35.02940", "2018-12-31": "37.64020", "2018-09-30": "36.93860", "2018-06-30": "36.90080", "2018-03-31": "36.73690", "2017-12-31": "34.98480", "2017-09-30": "38.09450", "2017-06-30": "39.50410", "2017-03-31": "38.44020", "2016-12-31": "37.95590", "2016-09-30": "36.70720", "2016-06-30": "39.10730", "2016-03-31": "39.66770", "2015-12-31": "39.72700", "2015-09-30": "39.51040", "2015-06-30": "39.10290", "2015-03-31": "37.34540", "2014-12-31": "36.39680", "2014-09-30": "36.10500", "2014-06-30": "36.82350", "2014-03-31": "36.34760", "2013-12-31": "30.49320", "2013-09-30": "34.20610", "2013-06-30": "35.01480", "2013-03-31": "35.78210", "2012-12-31": "32.49270", "2012-09-30": "33.46380", "2012-06-30": "36.38100", "2012-03-31": "36.44020", "2011-12-31": "34.56390", "2011-09-30": "33.40170", "2011-06-30": "36.88300", "2011-03-31": "35.90710", "2010-12-31": "33.47780", "2010-09-30": "33.40900", "2010-06-30": "34.91570", "2010-03-31": "33.94100", "2009-12-31": "35.44610", "2009-09-30": "35.82160", "2009-06-30": "37.14410", "2009-03-31": "35.89080", "2008-12-31": "38.05730", "2008-09-30": "38.06540", "2008-06-30": "39.18590", "2008-03-31": "38.60910", "2007-12-31": "37.02910", "2007-09-30": "39.46280", "2007-06-30": "39.34360", "2007-03-31": "39.68870", "2006-12-31": "37.43860", "2006-09-30": "38.63900", "2006-06-30": "39.98750", "2006-03-31": "37.57950", "2005-12-31": "38.69720", "2005-09-30": "39.56570", "2005-06-30": "40.49740", "2005-03-31": "38.21800"}, "Operating Margin": {"2020-09-30": "17.86000", "2020-06-30": "11.24670", "2020-03-31": "13.33430", "2019-12-31": "15.74060", "2019-09-30": "13.89350", "2019-06-30": "12.13080", "2019-03-31": "11.54410", "2018-12-31": "17.03690", "2018-09-30": "14.41360", "2018-06-30": "13.10610", "2018-03-31": "13.73140", "2017-12-31": "13.13080", "2017-09-30": "15.95370", "2017-06-30": "17.41230", "2017-03-31": "15.63750", "2016-12-31": "14.82990", "2016-09-30": "13.81070", "2016-06-30": "13.37640", "2016-03-31": "14.50460", "2015-12-31": "14.77150", "2015-09-30": "15.86430", "2015-06-30": "16.41330", "2015-03-31": "13.42170", "2014-12-31": "12.37060", "2014-09-30": "14.09540", "2014-06-30": "14.95550", "2014-03-31": "13.26330", "2013-12-31": "8.50780", "2013-09-30": "13.98120", "2013-06-30": "14.74330", "2013-03-31": "14.68320", "2012-12-31": "12.51840", "2012-09-30": "13.52130", "2012-06-30": "17.30590", "2012-03-31": "15.29470", "2011-12-31": "14.31350", "2011-09-30": "13.36340", "2011-06-30": "18.49490", "2011-03-31": "14.78120", "2010-12-31": "-129.64910", "2010-09-30": "2.38770", "2010-06-30": "10.39010", "2010-03-31": "10.33030", "2009-12-31": "13.08680", "2009-09-30": "14.94090", "2009-06-30": "16.44020", "2009-03-31": "13.23040", "2008-12-31": "-247.97670", "2008-09-30": "19.92040", "2008-06-30": "19.68230", "2008-03-31": "18.80040", "2007-12-31": "16.38280", "2007-09-30": "20.26700", "2007-06-30": "18.45110", "2007-03-31": "18.78480", "2006-12-31": "16.61750", "2006-09-30": "19.50470", "2006-06-30": "17.80860", "2006-03-31": "17.19360", "2005-12-31": "19.06840", "2005-09-30": "19.42400", "2005-06-30": "19.55360", "2005-03-31": "16.58470"}, "EBIT Margin": {"2020-09-30": "17.86000", "2020-06-30": "11.24670", "2020-03-31": "13.33430", "2019-12-31": "15.74060", "2019-09-30": "13.89350", "2019-06-30": "12.13080", "2019-03-31": "11.54410", "2018-12-31": "17.03690", "2018-09-30": "14.41360", "2018-06-30": "13.10610", "2018-03-31": "13.73140", "2017-12-31": "13.13080", "2017-09-30": "15.95370", "2017-06-30": "17.41230", "2017-03-31": "15.63750", "2016-12-31": "14.82980", "2016-09-30": "13.81070", "2016-06-30": "13.37640", "2016-03-31": "14.50460", "2015-12-31": "14.77150", "2015-09-30": "15.86430", "2015-06-30": "16.41330", "2015-03-31": "13.42170", "2014-12-31": "12.37060", "2014-09-30": "14.09540", "2014-06-30": "14.95550", "2014-03-31": "13.26330", "2013-12-31": "8.50780", "2013-09-30": "13.98120", "2013-06-30": "14.74330", "2013-03-31": "14.68320", "2012-12-31": "12.51840", "2012-09-30": "13.52130", "2012-06-30": "17.30590", "2012-03-31": "15.29470", "2011-12-31": "14.31350", "2011-09-30": "13.36340", "2011-06-30": "18.49490", "2011-03-31": "14.78120", "2010-12-31": "-129.64900", "2010-09-30": "2.38770", "2010-06-30": "10.39010", "2010-03-31": "10.33030", "2009-12-31": "13.08680", "2009-09-30": "14.94090", "2009-06-30": "16.44020", "2009-03-31": "13.23040", "2008-12-31": "-247.97660", "2008-09-30": "19.92040", "2008-06-30": "19.68230", "2008-03-31": "18.80040", "2007-12-31": "16.38280", "2007-09-30": "20.26700", "2007-06-30": "18.45110", "2007-03-31": "18.78480", "2006-12-31": "16.61750", "2006-09-30": "19.50470", "2006-06-30": "17.80860", "2006-03-31": "17.19360", "2005-12-31": "19.06840", "2005-09-30": "19.42400", "2005-06-30": "19.55360", "2005-03-31": "16.58470"}, "EBITDA Margin": {"2020-09-30": "", "2020-06-30": "", "2020-03-31": "", "2019-12-31": "", "2019-09-30": "", "2019-06-30": "", "2019-03-31": "", "2018-12-31": "", "2018-09-30": "", "2018-06-30": "", "2018-03-31": "", "2017-12-31": "", "2017-09-30": "", "2017-06-30": "", "2017-03-31": "", "2016-12-31": "", "2016-09-30": "", "2016-06-30": "", "2016-03-31": "", "2015-12-31": "", "2015-09-30": "", "2015-06-30": "", "2015-03-31": "", "2014-12-31": "", "2014-09-30": "", "2014-06-30": "", "2014-03-31": "", "2013-12-31": "", "2013-09-30": "", "2013-06-30": "", "2013-03-31": "", "2012-12-31": "", "2012-09-30": "", "2012-06-30": "", "2012-03-31": "", "2011-12-31": "", "2011-09-30": "", "2011-06-30": "", "2011-03-31": "", "2010-12-31": "", "2010-09-30": "", "2010-06-30": "", "2010-03-31": "", "2009-12-31": "", "2009-09-30": "", "2009-06-30": "", "2009-03-31": "", "2008-12-31": "", "2008-09-30": "", "2008-06-30": "", "2008-03-31": "", "2007-12-31": "", "2007-09-30": "", "2007-06-30": "", "2007-03-31": "", "2006-12-31": "", "2006-09-30": "", "2006-06-30": "", "2006-03-31": "", "2005-12-31": "", "2005-09-30": "", "2005-06-30": "", "2005-03-31": ""}, "Pre-Tax Profit Margin": {"2020-09-30": "18.19940", "2020-06-30": "12.29920", "2020-03-31": "7.84360", "2019-12-31": "15.27410", "2019-09-30": "10.96410", "2019-06-30": "8.97150", "2019-03-31": "10.96480", "2018-12-31": "12.47620", "2018-09-30": "12.52450", "2018-06-30": "12.00890", "2018-03-31": "12.76190", "2017-12-31": "14.43180", "2017-09-30": "15.71180", "2017-06-30": "16.39550", "2017-03-31": "17.50860", "2016-12-31": "13.65180", "2016-09-30": "12.50960", "2016-06-30": "12.53070", "2016-03-31": "14.52650", "2015-12-31": "14.12800", "2015-09-30": "15.21070", "2015-06-30": "17.76580", "2015-03-31": "9.97210", "2014-12-31": "12.19430", "2014-09-30": "13.39630", "2014-06-30": "14.81360", "2014-03-31": "14.35890", "2013-12-31": "7.98890", "2013-09-30": "14.62570", "2013-06-30": "12.57860", "2013-03-31": "12.24020", "2012-12-31": "9.35430", "2012-09-30": "10.18890", "2012-06-30": "14.04870", "2012-03-31": "12.28960", "2011-12-31": "11.22280", "2011-09-30": "8.84110", "2011-06-30": "14.84930", "2011-03-31": "11.42660", "2010-12-31": "-132.42690", "2010-09-30": "-2.79750", "2010-06-30": "7.76320", "2010-03-31": "8.23680", "2009-12-31": "10.89150", "2009-09-30": "13.59400", "2009-06-30": "15.34440", "2009-03-31": "11.61660", "2008-12-31": "-250.97610", "2008-09-30": "18.44420", "2008-06-30": "18.71330", "2008-03-31": "17.83880", "2007-12-31": "14.03870", "2007-09-30": "19.25130", "2007-06-30": "17.25930", "2007-03-31": "18.12880", "2006-12-31": "16.36540", "2006-09-30": "18.15990", "2006-06-30": "16.16710", "2006-03-31": "16.02580", "2005-12-31": "17.02800", "2005-09-30": "17.61610", "2005-06-30": "17.39970", "2005-03-31": "14.24550"}, "Net Profit Margin": {"2020-09-30": "13.84490", "2020-06-30": "9.87940", "2020-03-31": "7.18030", "2019-12-31": "11.62550", "2019-09-30": "10.90050", "2019-06-30": "6.65000", "2019-03-31": "9.11940", "2018-12-31": "9.91890", "2018-09-30": "10.31410", "2018-06-30": "9.17630", "2018-03-31": "10.65470", "2017-12-31": "-6.23830", "2017-09-30": "11.30340", "2017-06-30": "11.50050", "2017-03-31": "10.49390", "2016-12-31": "9.57180", "2016-09-30": "8.86380", "2016-06-30": "8.11120", "2016-03-31": "10.46670", "2015-12-31": "9.01060", "2015-09-30": "10.69610", "2015-06-30": "14.28530", "2015-03-31": "9.84380", "2014-12-31": "8.24340", "2014-09-30": "9.78000", "2014-06-30": "10.33590", "2014-03-31": "10.76670", "2013-12-31": "6.60340", "2013-09-30": "10.56620", "2013-06-30": "9.31410", "2013-03-31": "8.78250", "2012-12-31": "6.57390", "2012-09-30": "7.88410", "2012-06-30": "10.70090", "2012-03-31": "9.24500", "2011-12-31": "9.31910", "2011-09-30": "6.77210", "2011-06-30": "11.21130", "2011-03-31": "10.96230", "2010-12-31": "-121.98170", "2010-09-30": "-9.20720", "2010-06-30": "5.00850", "2010-03-31": "5.94690", "2009-12-31": "6.64310", "2009-09-30": "12.54280", "2009-06-30": "11.08320", "2009-03-31": "8.42550", "2008-12-31": "-251.92420", "2008-09-30": "13.29180", "2008-06-30": "13.93390", "2008-03-31": "13.07110", "2007-12-31": "10.42420", "2007-09-30": "13.62480", "2007-06-30": "12.34600", "2007-03-31": "12.62470", "2006-12-31": "12.95020", "2006-09-30": "-6.27450", "2006-06-30": "9.61290", "2006-03-31": "-39.39350", "2005-12-31": "22.32000", "2005-09-30": "13.20810", "2005-06-30": "12.69880", "2005-03-31": "10.10080"}, "Asset Turnover": {"2020-09-30": "0.14260", "2020-06-30": "0.13020", "2020-03-31": "0.13590", "2019-12-31": "0.14730", "2019-09-30": "0.14580", "2019-06-30": "0.14220", "2019-03-31": "0.15400", "2018-12-31": "0.15600", "2018-09-30": "0.15420", "2018-06-30": "0.15140", "2018-03-31": "0.16460", "2017-12-31": "0.16330", "2017-09-30": "0.16200", "2017-06-30": "0.16910", "2017-03-31": "0.16530", "2016-12-31": "0.17210", "2016-09-30": "0.15820", "2016-06-30": "0.15710", "2016-03-31": "0.16870", "2015-12-31": "0.17110", "2015-09-30": "0.17190", "2015-06-30": "0.18010", "2015-03-31": "0.17350", "2014-12-31": "0.17620", "2014-09-30": "0.17780", "2014-06-30": "0.18310", "2014-03-31": "0.18120", "2013-12-31": "0.17710", "2013-09-30": "0.17770", "2013-06-30": "0.18060", "2013-03-31": "0.18160", "2012-12-31": "0.17660", "2012-09-30": "0.17780", "2012-06-30": "0.18420", "2012-03-31": "0.18390", "2011-12-31": "0.18670", "2011-09-30": "0.17510", "2011-06-30": "0.16900", "2011-03-31": "0.16380", "2010-12-31": "0.16250", "2010-09-30": "0.13020", "2010-06-30": "0.13380", "2010-03-31": "0.13370", "2009-12-31": "0.12000", "2009-09-30": "0.13570", "2009-06-30": "0.14310", "2009-03-31": "0.14440", "2008-12-31": "0.12290", "2008-09-30": "0.11810", "2008-06-30": "0.12180", "2008-03-31": "0.11870", "2007-12-31": "0.11340", "2007-09-30": "0.11480", "2007-06-30": "0.11540", "2007-03-31": "0.11340", "2006-12-31": "0.10620", "2006-09-30": "0.10570", "2006-06-30": "0.10240", "2006-03-31": "0.10540", "2005-12-31": "0.08900", "2005-09-30": "0.09380", "2005-06-30": "0.09850", "2005-03-31": "0.10420"}, "Inventory Turnover Ratio": {"2020-09-30": "2.50340", "2020-06-30": "2.67480", "2020-03-31": "2.79250", "2019-12-31": "2.66910", "2019-09-30": "2.71230", "2019-06-30": "3.10890", "2019-03-31": "3.02690", "2018-12-31": "2.93300", "2018-09-30": "2.94100", "2018-06-30": "2.97520", "2018-03-31": "2.62500", "2017-12-31": "2.70610", "2017-09-30": "2.67650", "2017-06-30": "2.71090", "2017-03-31": "2.78640", "2016-12-31": "3.02210", "2016-09-30": "2.71150", "2016-06-30": "2.69380", "2016-03-31": "2.20490", "2015-12-31": "2.27530", "2015-09-30": "2.15490", "2015-06-30": "2.29670", "2015-03-31": "2.33290", "2014-12-31": "2.35400", "2014-09-30": "2.25790", "2014-06-30": "2.32720", "2014-03-31": "2.07860", "2013-12-31": "2.24880", "2013-09-30": "2.20550", "2013-06-30": "2.15330", "2013-03-31": "2.20140", "2012-12-31": "2.13760", "2012-09-30": "1.97860", "2012-06-30": "1.96290", "2012-03-31": "2.03440", "2011-12-31": "2.04790", "2011-09-30": "1.95850", "2011-06-30": "1.80980", "2011-03-31": "1.87720", "2010-12-31": "1.86810", "2010-09-30": "1.79030", "2010-06-30": "1.94500", "2010-03-31": "1.97870", "2009-12-31": "1.66200", "2009-09-30": "1.90370", "2009-06-30": "2.00920", "2009-03-31": "1.98140", "2008-12-31": "1.68310", "2008-09-30": "2.26600", "2008-06-30": "2.28780", "2008-03-31": "2.28110", "2007-12-31": "2.27510", "2007-09-30": "2.36890", "2007-06-30": "2.41650", "2007-03-31": "2.32060", "2006-12-31": "2.34920", "2006-09-30": "2.26110", "2006-06-30": "2.32850", "2006-03-31": "2.32720", "2005-12-31": "2.12620", "2005-09-30": "2.25700", "2005-06-30": "2.47270", "2005-03-31": "2.65560"}, "Receiveable Turnover": {"2020-09-30": "1.29930", "2020-06-30": "1.28180", "2020-03-31": "1.30360", "2019-12-31": "1.34450", "2019-09-30": "1.27450", "2019-06-30": "1.20620", "2019-03-31": "1.22010", "2018-12-31": "1.27380", "2018-09-30": "1.20100", "2018-06-30": "1.22260", "2018-03-31": "1.12240", "2017-12-31": "1.11270", "2017-09-30": "1.09920", "2017-06-30": "1.17710", "2017-03-31": "1.16160", "2016-12-31": "1.28220", "2016-09-30": "1.18340", "2016-06-30": "1.25620", "2016-03-31": "1.23570", "2015-12-31": "1.31020", "2015-09-30": "1.20990", "2015-06-30": "1.22410", "2015-03-31": "1.20720", "2014-12-31": "1.27740", "2014-09-30": "1.19100", "2014-06-30": "1.24290", "2014-03-31": "1.24740", "2013-12-31": "1.31090", "2013-09-30": "1.30260", "2013-06-30": "1.30760", "2013-03-31": "1.36390", "2012-12-31": "1.38000", "2012-09-30": "1.29250", "2012-06-30": "1.36860", "2012-03-31": "1.38900", "2011-12-31": "1.57440", "2011-09-30": "1.37160", "2011-06-30": "1.35700", "2011-03-31": "1.32760", "2010-12-31": "1.45950", "2010-09-30": "1.24980", "2010-06-30": "1.31960", "2010-03-31": "1.33050", "2009-12-31": "1.39120", "2009-09-30": "1.39750", "2009-06-30": "1.46820", "2009-03-31": "1.42840", "2008-12-31": "1.25230", "2008-09-30": "1.44240", "2008-06-30": "1.46720", "2008-03-31": "1.41060", "2007-12-31": "1.48680", "2007-09-30": "1.35310", "2007-06-30": "1.34470", "2007-03-31": "1.38560", "2006-12-31": "1.34080", "2006-09-30": "1.42850", "2006-06-30": "1.50860", "2006-03-31": "1.26390", "2005-12-31": "1.31900", "2005-09-30": "1.15550", "2005-06-30": "1.19300", "2005-03-31": "1.33580"}, "Days Sales In Receivables": {"2020-09-30": "69.26570", "2020-06-30": "70.21520", "2020-03-31": "69.03960", "2019-12-31": "66.93740", "2019-09-30": "70.61400", "2019-06-30": "74.61330", "2019-03-31": "73.76350", "2018-12-31": "70.65700", "2018-09-30": "74.93740", "2018-06-30": "73.61370", "2018-03-31": "80.18670", "2017-12-31": "80.88470", "2017-09-30": "81.87750", "2017-06-30": "76.45920", "2017-03-31": "77.47910", "2016-12-31": "70.19120", "2016-09-30": "76.05010", "2016-06-30": "71.64650", "2016-03-31": "72.83280", "2015-12-31": "68.69050", "2015-09-30": "74.38580", "2015-06-30": "73.52120", "2015-03-31": "74.55460", "2014-12-31": "70.45770", "2014-09-30": "75.56370", "2014-06-30": "72.41170", "2014-03-31": "72.15140", "2013-12-31": "68.65420", "2013-09-30": "69.09380", "2013-06-30": "68.83040", "2013-03-31": "65.98930", "2012-12-31": "65.21770", "2012-09-30": "69.63350", "2012-06-30": "65.76270", "2012-03-31": "64.79580", "2011-12-31": "57.16520", "2011-09-30": "65.61780", "2011-06-30": "66.32130", "2011-03-31": "67.79020", "2010-12-31": "61.66290", "2010-09-30": "72.01060", "2010-06-30": "68.20200", "2010-03-31": "67.64190", "2009-12-31": "64.69150", "2009-09-30": "64.40150", "2009-06-30": "61.29930", "2009-03-31": "63.00800", "2008-12-31": "71.86720", "2008-09-30": "62.39750", "2008-06-30": "61.34260", "2008-03-31": "63.80100", "2007-12-31": "60.53470", "2007-09-30": "66.51620", "2007-06-30": "66.92790", "2007-03-31": "64.95540", "2006-12-31": "67.12380", "2006-09-30": "63.00440", "2006-06-30": "59.65810", "2006-03-31": "71.20540", "2005-12-31": "68.23460", "2005-09-30": "77.89000", "2005-06-30": "75.44230", "2005-03-31": "67.37520"}, "ROE - Return On Equity": {"2020-09-30": "5.39640", "2020-06-30": "3.85190", "2020-03-31": "3.07060", "2019-12-31": "4.91580", "2019-09-30": "4.78730", "2019-06-30": "3.03830", "2019-03-31": "3.97480", "2018-12-31": "4.56120", "2018-09-30": "4.84610", "2018-06-30": "4.45910", "2018-03-31": "4.66190", "2017-12-31": "-2.77290", "2017-09-30": "5.17160", "2017-06-30": "5.65740", "2017-03-31": "5.34250", "2016-12-31": "5.39550", "2016-09-30": "4.31810", "2016-06-30": "4.25100", "2016-03-31": "4.79010", "2015-12-31": "4.50990", "2015-09-30": "5.34870", "2015-06-30": "6.97790", "2015-03-31": "4.73680", "2014-12-31": "4.22180", "2014-09-30": "4.79350", "2014-06-30": "5.40040", "2014-03-31": "4.66990", "2013-12-31": "3.03160", "2013-09-30": "4.75180", "2013-06-30": "4.39950", "2013-03-31": "4.10980", "2012-12-31": "3.76610", "2012-09-30": "3.73100", "2012-06-30": "5.40800", "2012-03-31": "4.77360", "2011-12-31": "5.13460", "2011-09-30": "3.49320", "2011-06-30": "5.78300", "2011-03-31": "6.26880", "2010-12-31": "-49.71910", "2010-09-30": "-2.33570", "2010-06-30": "1.09280", "2010-03-31": "1.25300", "2009-12-31": "1.39310", "2009-09-30": "2.48600", "2009-06-30": "2.62320", "2009-03-31": "2.04170", "2008-12-31": "-53.70280", "2008-09-30": "2.33620", "2008-06-30": "2.50830", "2008-03-31": "2.30660", "2007-12-31": "1.91670", "2007-09-30": "2.41590", "2007-06-30": "2.18750", "2007-03-31": "2.26690", "2006-12-31": "1.99300", "2006-09-30": "2.06840", "2006-06-30": "1.99760", "2006-03-31": "1.64160", "2005-12-31": "3.13310", "2005-09-30": "1.67380", "2005-06-30": "1.79070", "2005-03-31": "1.82160"}, "Return On Tangible Equity": {"2020-09-30": "191.96530", "2020-06-30": "-127.95040", "2020-03-31": "-32.47190", "2019-12-31": "375.81660", "2019-09-30": "-110.62280", "2019-06-30": "-27.89760", "2019-03-31": "65.10930", "2018-12-31": "-20185.92000", "2018-09-30": "-76.19900", "2018-06-30": "-32.01130", "2018-03-31": "22.12080", "2017-12-31": "-16.63170", "2017-09-30": "34.54700", "2017-06-30": "45.37370", "2017-03-31": "89.13240", "2016-12-31": "-199.59840", "2016-09-30": "119.33210", "2016-06-30": "-3356.59500", "2016-03-31": "13.05250", "2015-12-31": "14.38110", "2015-09-30": "299.23380", "2015-06-30": "22.79770", "2015-03-31": "17.07760", "2014-12-31": "8.45820", "2014-09-30": "14.88960", "2014-06-30": "18.52040", "2014-03-31": "8.38960", "2013-12-31": "5.93790", "2013-09-30": "9.13750", "2013-06-30": "8.59750", "2013-03-31": "8.39810", "2012-12-31": "7.33590", "2012-09-30": "7.39340", "2012-06-30": "10.75390", "2012-03-31": "9.98230", "2011-12-31": "11.45600", "2011-09-30": "8.02580", "2011-06-30": "12.41270", "2011-03-31": "14.53920", "2010-12-31": "-92.78590", "2010-09-30": "-6.16380", "2010-06-30": "2.03280", "2010-03-31": "2.38440", "2009-12-31": "2.68800", "2009-09-30": "4.97520", "2009-06-30": "5.17150", "2009-03-31": "3.90800", "2008-12-31": "-102.90140", "2008-09-30": "7.10870", "2008-06-30": "7.08940", "2008-03-31": "6.83220", "2007-12-31": "6.03360", "2007-09-30": "8.28610", "2007-06-30": "8.37050", "2007-03-31": "10.24240", "2006-12-31": "10.07040", "2006-09-30": "10.68270", "2006-06-30": "8.65490", "2006-03-31": "10.94520", "2005-12-31": "10.32520", "2005-09-30": "19.73670", "2005-06-30": "36.01340", "2005-03-31": "-18.84130"}, "ROA - Return On Assets": {"2020-09-30": "1.96820", "2020-06-30": "1.29120", "2020-03-31": "0.97730", "2019-12-31": "1.71570", "2019-09-30": "1.60500", "2019-06-30": "0.95790", "2019-03-31": "1.41820", "2018-12-31": "1.56120", "2018-09-30": "1.60410", "2018-06-30": "1.36710", "2018-03-31": "1.77500", "2017-12-31": "-0.99130", "2017-09-30": "1.84910", "2017-06-30": "1.97110", "2017-03-31": "1.74130", "2016-12-31": "1.66960", "2016-09-30": "1.40110", "2016-06-30": "1.28650", "2016-03-31": "1.78610", "2015-12-31": "1.60810", "2015-09-30": "1.86440", "2015-06-30": "2.61160", "2015-03-31": "1.71180", "2014-12-31": "1.52550", "2014-09-30": "1.75320", "2014-06-30": "1.95660", "2014-03-31": "1.97530", "2013-12-31": "1.19590", "2013-09-30": "1.90640", "2013-06-30": "1.76540", "2013-03-31": "1.61650", "2012-12-31": "1.43200", "2012-09-30": "1.42790", "2012-06-30": "1.97580", "2012-03-31": "1.70190", "2011-12-31": "1.73760", "2011-09-30": "1.19280", "2011-06-30": "2.00280", "2011-03-31": "2.02780", "2010-12-31": "-19.75510", "2010-09-30": "-1.16560", "2010-06-30": "0.70640", "2010-03-31": "0.79280", "2009-12-31": "0.86830", "2009-09-30": "1.53040", "2009-06-30": "1.56270", "2009-03-31": "1.19130", "2008-12-31": "-31.13980", "2008-09-30": "1.57040", "2008-06-30": "1.68820", "2008-03-31": "1.54870", "2007-12-31": "1.27110", "2007-09-30": "1.59140", "2007-06-30": "1.42040", "2007-03-31": "1.44940", "2006-12-31": "1.24310", "2006-09-30": "1.28370", "2006-06-30": "1.25260", "2006-03-31": "1.18300", "2005-12-31": "2.25530", "2005-09-30": "1.15430", "2005-06-30": "1.21700", "2005-03-31": "1.05240"}, "ROI - Return On Investment": {"2020-09-30": "2.65170", "2020-06-30": "1.70710", "2020-03-31": "1.27650", "2019-12-31": "2.30860", "2019-09-30": "2.15130", "2019-06-30": "1.26640", "2019-03-31": "1.89300", "2018-12-31": "2.03620", "2018-09-30": "2.09330", "2018-06-30": "1.77250", "2018-03-31": "2.34430", "2017-12-31": "-1.34370", "2017-09-30": "2.43010", "2017-06-30": "2.62510", "2017-03-31": "2.29190", "2016-12-31": "2.21200", "2016-09-30": "1.78970", "2016-06-30": "1.64010", "2016-03-31": "2.31240", "2015-12-31": "2.10050", "2015-09-30": "2.45410", "2015-06-30": "3.37200", "2015-03-31": "2.22360", "2014-12-31": "2.01460", "2014-09-30": "2.26090", "2014-06-30": "2.50280", "2014-03-31": "2.48540", "2013-12-31": "1.51780", "2013-09-30": "2.44090", "2013-06-30": "2.25330", "2013-03-31": "2.25670", "2012-12-31": "2.00980", "2012-09-30": "1.95820", "2012-06-30": "2.73660", "2012-03-31": "2.15330", "2011-12-31": "2.20050", "2011-09-30": "1.49870", "2011-06-30": "2.58360", "2011-03-31": "2.66870", "2010-12-31": "-25.19720", "2010-09-30": "-1.39420", "2010-06-30": "0.84470", "2010-03-31": "0.95180", "2009-12-31": "1.04510", "2009-09-30": "1.85010", "2009-06-30": "1.90200", "2009-03-31": "1.46960", "2008-12-31": "-38.73350", "2008-09-30": "2.02100", "2008-06-30": "2.16140", "2008-03-31": "1.84610", "2007-12-31": "1.52040", "2007-09-30": "1.89630", "2007-06-30": "1.68810", "2007-03-31": "1.71570", "2006-12-31": "1.48400", "2006-09-30": "1.50850", "2006-06-30": "1.48140", "2006-03-31": "1.42030", "2005-12-31": "2.74290", "2005-09-30": "1.43460", "2005-06-30": "1.50720", "2005-03-31": "1.31430"}, "Book Value Per Share": {"2020-09-30": "38.23120", "2020-06-30": "35.37580", "2020-03-31": "33.45650", "2019-12-31": "33.46880", "2019-09-30": "31.45950", "2019-06-30": "29.88510", "2019-03-31": "28.74080", "2018-12-31": "27.37620", "2018-09-30": "26.13030", "2018-06-30": "24.69130", "2018-03-31": "23.85170", "2017-12-31": "22.09630", "2017-09-30": "21.65310", "2017-06-30": "20.30840", "2017-03-31": "18.45380", "2016-12-31": "17.71690", "2016-09-30": "18.44440", "2016-06-30": "17.68460", "2016-03-31": "16.64960", "2015-12-31": "15.79420", "2015-09-30": "15.19840", "2015-06-30": "15.06570", "2015-03-31": "14.09700", "2014-12-31": "14.28210", "2014-09-30": "14.40860", "2014-06-30": "14.39560", "2014-03-31": "14.44750", "2013-12-31": "13.54410", "2013-09-30": "13.66630", "2013-06-30": "13.26880", "2013-03-31": "12.84600", "2012-12-31": "12.50930", "2012-09-30": "12.37500", "2012-06-30": "11.62460", "2012-03-31": "11.31570", "2011-12-31": "10.78980", "2011-09-30": "10.88750", "2011-06-30": "11.48010", "2011-03-31": "10.93620", "2010-12-31": "12.20260", "2010-09-30": "17.98880", "2010-06-30": "21.03890", "2010-03-31": "20.90860", "2009-12-31": "20.85440", "2009-09-30": "20.47710", "2009-06-30": "19.47030", "2009-03-31": "18.35000", "2008-12-31": "18.51830", "2008-09-30": "28.71400", "2008-06-30": "28.68080", "2008-03-31": "27.98570", "2007-12-31": "27.30560", "2007-09-30": "26.52290", "2007-06-30": "25.44410", "2007-03-31": "24.42360", "2006-12-31": "23.83760", "2006-09-30": "23.23060", "2006-06-30": "24.02450", "2006-03-31": "23.84750", "2005-12-31": "25.39110", "2005-09-30": "24.69400", "2005-06-30": "24.17570", "2005-03-31": "22.78140"}, "Operating Cash Flow Per Share": {"2020-09-30": 3.4556, "2020-06-30": 3.2226, "2020-03-31": "1.37270", "2019-12-31": 3.6385, "2019-09-30": 3.1317, "2019-06-30": 2.6075, "2019-03-31": "0.30040", "2018-12-31": 2.894, "2018-09-30": 2.3554, "2018-06-30": 2.5204, "2018-03-31": "1.22980", "2017-12-31": 2.5439, "2017-09-30": 1.2265, "2017-06-30": 2.0764, "2017-03-31": "0.70280", "2016-12-31": 2.4805, "2016-09-30": 1.4988, "2016-06-30": 1.6657, "2016-03-31": "0.96280", "2015-12-31": 2.5068, "2015-09-30": 1.882, "2015-06-30": 1.8176, "2015-03-31": "0.23510", "2014-12-31": 2.0531, "2014-09-30": 1.4567, "2014-06-30": 1.2007, "2014-03-31": "0.59110", "2013-12-31": 1.2859, "2013-09-30": 1.4088, "2013-06-30": 0.9976, "2013-03-31": "0.61890", "2012-12-31": 1.3106, "2012-09-30": 1.2794, "2012-06-30": 1.1888, "2012-03-31": "0.51830", "2011-12-31": 1.3602, "2011-09-30": 0.9929, "2011-06-30": 1.2857, "2011-03-31": "0.39180", "2010-12-31": 1.0794, "2010-09-30": 0.3355, "2010-06-30": 0.8499, "2010-03-31": "0.42440", "2009-12-31": 0.9124, "2009-09-30": 0.7269, "2009-06-30": 1.0829, "2009-03-31": "0.56220", "2008-12-31": 1.3115, "2008-09-30": 0.9819, "2008-06-30": 1.3588, "2008-03-31": "0.44400", "2007-12-31": 1.7709, "2007-09-30": 1.119, "2007-06-30": 0.785, "2007-03-31": "0.57800", "2006-12-31": 1.0063, "2006-09-30": 0.6718, "2006-06-30": 0.868, "2006-03-31": "-0.03030", "2005-12-31": 1.0063, "2005-09-30": 0.8399, "2005-06-30": 0.6879, "2005-03-31": "0.43950"}, "Free Cash Flow Per Share": {"2020-09-30": 2.9486, "2020-06-30": 2.692, "2020-03-31": "0.85800", "2019-12-31": 2.3532, "2019-09-30": 2.4253, "2019-06-30": 2.1098, "2019-03-31": "-0.03780", "2018-12-31": 1.4838, "2018-09-30": 1.9062, "2018-06-30": 2.0904, "2018-03-31": "0.66200", "2017-12-31": 1.9609, "2017-09-30": 0.7723, "2017-06-30": 1.745, "2017-03-31": "0.37400", "2016-12-31": 1.9441, "2016-09-30": 1.3006, "2016-06-30": 1.4208, "2016-03-31": "0.78950", "2015-12-31": 1.9199, "2015-09-30": 1.6574, "2015-06-30": 1.5237, "2015-03-31": "0.01260", "2014-12-31": 1.4941, "2014-09-30": 1.2488, "2014-06-30": 1.003, "2014-03-31": "0.35870", "2013-12-31": 1.001, "2013-09-30": 1.2184, "2013-06-30": 0.7981, "2013-03-31": "0.48620", "2012-12-31": 1.031, "2012-09-30": 1.0635, "2012-06-30": 0.9917, "2012-03-31": "0.22890", "2011-12-31": 0.8315, "2011-09-30": 0.8242, "2011-06-30": 1.1498, "2011-03-31": "0.26750", "2010-12-31": 0.8233, "2010-09-30": 0.1756, "2010-06-30": 0.722, "2010-03-31": "0.28320", "2009-12-31": 0.6662, "2009-09-30": 0.4474, "2009-06-30": 0.765, "2009-03-31": "0.18920", "2008-12-31": 0.505, "2008-09-30": 0.3361, "2008-06-30": 0.4341, "2008-03-31": "-0.13180", "2007-12-31": 0.404, "2007-09-30": 0.4008, "2007-06-30": 0.071, "2007-03-31": "0.01730", "2006-12-31": -0.1247, "2006-09-30": -0.0034, "2006-06-30": 0.6179, "2006-03-31": "-0.57050", "2005-12-31": 0.6529, "2005-09-30": 0.2229, "2005-06-30": 0.5345, "2005-03-31": "0.26860"}}, "revenue": {"Charles River Laboratories Annual Revenue (Millions of US $)": {"2019": "$2,621", "2018": "$2,266", "2017": "$1,858", "2016": "$1,681", "2015": "$1,363", "2014": "$1,298", "2013": "$1,166", "2012": "$1,130", "2011": "$1,143", "2010": "$1,133", "2009": "$1,172", "2008": "$1,295", "2007": "$1,231", "2006": "$1,058", "2005": "$993"}, "Charles River Laboratories Quarterly Revenue (Millions of US $)": {"2020-09-30": "$743", "2020-06-30": "$683", "2020-03-31": "$707", "2019-12-31": "$691", "2019-09-30": "$668", "2019-06-30": "$658", "2019-03-31": "$605", "2018-12-31": "$602", "2018-09-30": "$585", "2018-06-30": "$585", "2018-03-31": "$494", "2017-12-31": "$478", "2017-09-30": "$464", "2017-06-30": "$469", "2017-03-31": "$446", "2016-12-31": "$467", "2016-09-30": "$426", "2016-06-30": "$434", "2016-03-31": "$355", "2015-12-31": "$354", "2015-09-30": "$349", "2015-06-30": "$340", "2015-03-31": "$320", "2014-12-31": "$330", "2014-09-30": "$328", "2014-06-30": "$341", "2014-03-31": "$299", "2013-12-31": "$289", "2013-09-30": "$292", "2013-06-30": "$293", "2013-03-31": "$291", "2012-12-31": "$280", "2012-09-30": "$279", "2012-06-30": "$285", "2012-03-31": "$286", "2011-12-31": "$291", "2011-09-30": "$278", "2011-06-30": "$288", "2011-03-31": "$286", "2010-12-31": "$282", "2010-09-30": "$271", "2010-06-30": "$289", "2010-03-31": "$292", "2009-12-31": "$264", "2009-09-30": "$297", "2009-06-30": "$308", "2009-03-31": "$302", "2008-12-31": "$263", "2008-09-30": "$342", "2008-06-30": "$352", "2008-03-31": "$338", "2007-12-31": "$318", "2007-09-30": "$314", "2007-06-30": "$307", "2007-03-31": "$291", "2006-12-31": "$272", "2006-09-30": "$265", "2006-06-30": "$268", "2006-03-31": "$254", "2005-12-31": "$226", "2005-09-30": "$243", "2005-06-30": "$251", "2005-03-31": "$274"}}, "gross-profit": {"Charles River Laboratories Annual Gross Profit (Millions of US $)": {"2019": "$958", "2018": "$840", "2017": "$701", "2016": "$644", "2015": "$531", "2014": "$473", "2013": "$395", "2012": "$392", "2011": "$402", "2010": "$385", "2009": "$423", "2008": "$499", "2007": "$478", "2006": "$407", "2005": "$390"}, "Charles River Laboratories Quarterly Gross Profit (Millions of US $)": {"2020-09-30": "$289", "2020-06-30": "$232", "2020-03-31": "$252", "2019-12-31": "$262", "2019-09-30": "$246", "2019-06-30": "$238", "2019-03-31": "$212", "2018-12-31": "$226", "2018-09-30": "$216", "2018-06-30": "$216", "2018-03-31": "$181", "2017-12-31": "$167", "2017-09-30": "$177", "2017-06-30": "$185", "2017-03-31": "$171", "2016-12-31": "$177", "2016-09-30": "$156", "2016-06-30": "$170", "2016-03-31": "$141", "2015-12-31": "$141", "2015-09-30": "$138", "2015-06-30": "$133", "2015-03-31": "$120", "2014-12-31": "$120", "2014-09-30": "$118", "2014-06-30": "$126", "2014-03-31": "$109", "2013-12-31": "$88", "2013-09-30": "$100", "2013-06-30": "$103", "2013-03-31": "$104", "2012-12-31": "$91", "2012-09-30": "$93", "2012-06-30": "$104", "2012-03-31": "$104", "2011-12-31": "$101", "2011-09-30": "$93", "2011-06-30": "$106", "2011-03-31": "$103", "2010-12-31": "$94", "2010-09-30": "$91", "2010-06-30": "$101", "2010-03-31": "$99", "2009-12-31": "$94", "2009-09-30": "$107", "2009-06-30": "$114", "2009-03-31": "$108", "2008-12-31": "$100", "2008-09-30": "$130", "2008-06-30": "$138", "2008-03-31": "$130", "2007-12-31": "$118", "2007-09-30": "$124", "2007-06-30": "$121", "2007-03-31": "$116", "2006-12-31": "$102", "2006-09-30": "$102", "2006-06-30": "$107", "2006-03-31": "$96", "2005-12-31": "$87", "2005-09-30": "$96", "2005-06-30": "$102", "2005-03-31": "$105"}}, "operating-income": {"Charles River Laboratories Annual Operating Income (Millions of US $)": {"2019": "$351", "2018": "$331", "2017": "$288", "2016": "$238", "2015": "$206", "2014": "$178", "2013": "$151", "2012": "$166", "2011": "$174", "2010": "$-299", "2009": "$170", "2008": "$-452", "2007": "$227", "2006": "$188", "2005": "$185"}, "Charles River Laboratories Quarterly Operating Income (Millions of US $)": {"2020-09-30": "$133", "2020-06-30": "$77", "2020-03-31": "$94", "2019-12-31": "$109", "2019-09-30": "$93", "2019-06-30": "$80", "2019-03-31": "$70", "2018-12-31": "$102", "2018-09-30": "$84", "2018-06-30": "$77", "2018-03-31": "$68", "2017-12-31": "$63", "2017-09-30": "$74", "2017-06-30": "$82", "2017-03-31": "$70", "2016-12-31": "$69", "2016-09-30": "$59", "2016-06-30": "$58", "2016-03-31": "$51", "2015-12-31": "$52", "2015-09-30": "$55", "2015-06-30": "$56", "2015-03-31": "$43", "2014-12-31": "$41", "2014-09-30": "$46", "2014-06-30": "$51", "2014-03-31": "$40", "2013-12-31": "$25", "2013-09-30": "$41", "2013-06-30": "$43", "2013-03-31": "$43", "2012-12-31": "$35", "2012-09-30": "$38", "2012-06-30": "$49", "2012-03-31": "$44", "2011-12-31": "$42", "2011-09-30": "$37", "2011-06-30": "$53", "2011-03-31": "$42", "2010-12-31": "$-365", "2010-09-30": "$6", "2010-06-30": "$30", "2010-03-31": "$30", "2009-12-31": "$35", "2009-09-30": "$44", "2009-06-30": "$51", "2009-03-31": "$40", "2008-12-31": "$-653", "2008-09-30": "$68", "2008-06-30": "$69", "2008-03-31": "$63", "2007-12-31": "$52", "2007-09-30": "$64", "2007-06-30": "$57", "2007-03-31": "$55", "2006-12-31": "$45", "2006-09-30": "$52", "2006-06-30": "$48", "2006-03-31": "$44", "2005-12-31": "$43", "2005-09-30": "$47", "2005-06-30": "$49", "2005-03-31": "$45"}}, "ebitda": {"Charles River Laboratories Annual EBITDA (Millions of US $)": {"2019": "$549", "2018": "$493", "2017": "$419", "2016": "$364", "2015": "$301", "2014": "$276", "2013": "$258", "2012": "$265", "2011": "$280", "2010": "$120", "2009": "$273", "2008": "$348", "2007": "$314", "2006": "$271", "2005": "$275"}, "Charles River Laboratories Quarterly EBITDA (Millions of US $)": {"2020-09-30": "$192", "2020-06-30": "$134", "2020-03-31": "$152", "2019-12-31": "$161", "2019-09-30": "$145", "2019-06-30": "$129", "2019-03-31": "$115", "2018-12-31": "$144", "2018-09-30": "$128", "2018-06-30": "$120", "2018-03-31": "$101", "2017-12-31": "$96", "2017-09-30": "$108", "2017-06-30": "$113", "2017-03-31": "$102", "2016-12-31": "$105", "2016-09-30": "$93", "2016-06-30": "$90", "2016-03-31": "$76", "2015-12-31": "$76", "2015-09-30": "$80", "2015-06-30": "$80", "2015-03-31": "$66", "2014-12-31": "$67", "2014-09-30": "$73", "2014-06-30": "$76", "2014-03-31": "$60", "2013-12-31": "$54", "2013-09-30": "$68", "2013-06-30": "$68", "2013-03-31": "$67", "2012-12-31": "$60", "2012-09-30": "$63", "2012-06-30": "$74", "2012-03-31": "$68", "2011-12-31": "$67", "2011-09-30": "$65", "2011-06-30": "$80", "2011-03-31": "$68", "2010-12-31": "$-32", "2010-09-30": "$39", "2010-06-30": "$60", "2010-03-31": "$54", "2009-12-31": "$69", "2009-09-30": "$69", "2009-06-30": "$74", "2009-03-31": "$62", "2008-12-31": "$79", "2008-09-30": "$91", "2008-06-30": "$92", "2008-03-31": "$86", "2007-12-31": "$75", "2007-09-30": "$86", "2007-06-30": "$78", "2007-03-31": "$75", "2006-12-31": "$65", "2006-09-30": "$73", "2006-06-30": "$69", "2006-03-31": "$64", "2005-12-31": "$66", "2005-09-30": "$69", "2005-06-30": "$68", "2005-03-31": "$71"}}, "net-income": {"Charles River Laboratories Annual Net Income (Millions of US $)": {"2019": "$252", "2018": "$226", "2017": "$123", "2016": "$155", "2015": "$149", "2014": "$127", "2013": "$103", "2012": "$97", "2011": "$110", "2010": "$-337", "2009": "$114", "2008": "$-525", "2007": "$151", "2006": "$-56", "2005": "$142"}, "Charles River Laboratories Quarterly Net Income (Millions of US $)": {"2020-09-30": "$103", "2020-06-30": "$67", "2020-03-31": "$51", "2019-12-31": "$80", "2019-09-30": "$73", "2019-06-30": "$44", "2019-03-31": "$55", "2018-12-31": "$60", "2018-09-30": "$60", "2018-06-30": "$54", "2018-03-31": "$53", "2017-12-31": "$-30", "2017-09-30": "$52", "2017-06-30": "$54", "2017-03-31": "$47", "2016-12-31": "$45", "2016-09-30": "$38", "2016-06-30": "$35", "2016-03-31": "$37", "2015-12-31": "$32", "2015-09-30": "$37", "2015-06-30": "$49", "2015-03-31": "$32", "2014-12-31": "$27", "2014-09-30": "$32", "2014-06-30": "$35", "2014-03-31": "$32", "2013-12-31": "$19", "2013-09-30": "$31", "2013-06-30": "$27", "2013-03-31": "$26", "2012-12-31": "$18", "2012-09-30": "$22", "2012-06-30": "$30", "2012-03-31": "$26", "2011-12-31": "$27", "2011-09-30": "$19", "2011-06-30": "$32", "2011-03-31": "$31", "2010-12-31": "$-344", "2010-09-30": "$-25", "2010-06-30": "$14", "2010-03-31": "$17", "2009-12-31": "$18", "2009-09-30": "$37", "2009-06-30": "$34", "2009-03-31": "$25", "2008-12-31": "$-663", "2008-09-30": "$45", "2008-06-30": "$49", "2008-03-31": "$44", "2007-12-31": "$33", "2007-09-30": "$43", "2007-06-30": "$38", "2007-03-31": "$37", "2006-12-31": "$35", "2006-09-30": "$-17", "2006-06-30": "$26", "2006-03-31": "$-100", "2005-12-31": "$50", "2005-09-30": "$32", "2005-06-30": "$32", "2005-03-31": "$28"}}, "eps-earnings-per-share-diluted": {"Charles River Laboratories Annual EPS": {"2019": "$5.07", "2018": "$4.62", "2017": "$2.54", "2016": "$3.23", "2015": "$3.13", "2014": "$2.66", "2013": "$2.12", "2012": "$2.01", "2011": "$2.14", "2010": "$-5.38", "2009": "$1.74", "2008": "$-7.80", "2007": "$2.19", "2006": "$-0.80", "2005": "$1.96"}, "Charles River Laboratories Quarterly EPS": {"2020-09-30": "$2.03", "2020-06-30": "$1.34", "2020-03-31": "$1.02", "2019-12-31": "$1.62", "2019-09-30": "$1.46", "2019-06-30": "$0.88", "2019-03-31": "$1.11", "2018-12-31": "$1.22", "2018-09-30": "$1.22", "2018-06-30": "$1.10", "2018-03-31": "$1.08", "2017-12-31": "$-0.63", "2017-09-30": "$1.08", "2017-06-30": "$1.12", "2017-03-31": "$0.97", "2016-12-31": "$0.93", "2016-09-30": "$0.79", "2016-06-30": "$0.73", "2016-03-31": "$0.78", "2015-12-31": "$0.66", "2015-09-30": "$0.79", "2015-06-30": "$1.02", "2015-03-31": "$0.66", "2014-12-31": "$0.57", "2014-09-30": "$0.68", "2014-06-30": "$0.74", "2014-03-31": "$0.67", "2013-12-31": "$0.39", "2013-09-30": "$0.64", "2013-06-30": "$0.56", "2013-03-31": "$0.53", "2012-12-31": "$0.38", "2012-09-30": "$0.46", "2012-06-30": "$0.63", "2012-03-31": "$0.54", "2011-12-31": "$0.57", "2011-09-30": "$0.37", "2011-06-30": "$0.63", "2011-03-31": "$0.57", "2010-12-31": "$-5.46", "2010-09-30": "$-0.40", "2010-06-30": "$0.22", "2010-03-31": "$0.26", "2009-12-31": "$0.27", "2009-09-30": "$0.57", "2009-06-30": "$0.52", "2009-03-31": "$0.38", "2008-12-31": "$-9.77", "2008-09-30": "$0.64", "2008-06-30": "$0.70", "2008-03-31": "$0.63", "2007-12-31": "$0.48", "2007-09-30": "$0.62", "2007-06-30": "$0.55", "2007-03-31": "$0.54", "2006-12-31": "$0.45", "2006-09-30": "$-0.24", "2006-06-30": "$0.36", "2006-03-31": "$-1.37", "2005-12-31": "$0.68", "2005-09-30": "$0.44", "2005-06-30": "$0.44", "2005-03-31": "$0.40"}}, "shares-outstanding": {"Charles River Laboratories Annual Shares Outstanding (Millions of Shares)": {"2019": "50", "2018": "49", "2017": "49", "2016": "48", "2015": "48", "2014": "48", "2013": "48", "2012": "48", "2011": "51", "2010": "63", "2009": "66", "2008": "67", "2007": "69", "2006": "70", "2005": "73"}, "Charles River Laboratories Quarterly Shares Outstanding (Millions of Shares)": {"2020-09-30": "51", "2020-06-30": "50", "2020-03-31": "50", "2019-12-31": "50", "2019-09-30": "50", "2019-06-30": "50", "2019-03-31": "49", "2018-12-31": "49", "2018-09-30": "49", "2018-06-30": "49", "2018-03-31": "49", "2017-12-31": "49", "2017-09-30": "48", "2017-06-30": "48", "2017-03-31": "48", "2016-12-31": "48", "2016-09-30": "48", "2016-06-30": "48", "2016-03-31": "48", "2015-12-31": "48", "2015-09-30": "47", "2015-06-30": "48", "2015-03-31": "48", "2014-12-31": "48", "2014-09-30": "47", "2014-06-30": "48", "2014-03-31": "48", "2013-12-31": "48", "2013-09-30": "48", "2013-06-30": "49", "2013-03-31": "48", "2012-12-31": "48", "2012-09-30": "48", "2012-06-30": "48", "2012-03-31": "49", "2011-12-31": "51", "2011-09-30": "51", "2011-06-30": "52", "2011-03-31": "55", "2010-12-31": "63", "2010-09-30": "63", "2010-06-30": "66", "2010-03-31": "66", "2009-12-31": "66", "2009-09-30": "65", "2009-06-30": "65", "2009-03-31": "66", "2008-12-31": "67", "2008-09-30": "71", "2008-06-30": "70", "2008-03-31": "71", "2007-12-31": "69", "2007-09-30": "69", "2007-06-30": "69", "2007-03-31": "68", "2006-12-31": "70", "2006-09-30": "68", "2006-06-30": "72", "2006-03-31": "73", "2005-12-31": "73", "2005-09-30": "73", "2005-06-30": "73", "2005-03-31": "73"}}, "total-assets": {"Charles River Laboratories Annual Total Assets (Millions of US $)": {"2019": "$4,693", "2018": "$3,856", "2017": "$2,930", "2016": "$2,712", "2015": "$2,068", "2014": "$1,871", "2013": "$1,633", "2012": "$1,586", "2011": "$1,558", "2010": "$1,733", "2009": "$2,204", "2008": "$2,141", "2007": "$2,806", "2006": "$2,558", "2005": "$2,538"}, "Charles River Laboratories Quarterly Total Assets (Millions of US $)": {"2020-09-30": "$5,213", "2020-06-30": "$5,241", "2020-03-31": "$5,202", "2019-12-31": "$4,693", "2019-09-30": "$4,583", "2019-06-30": "$4,625", "2019-03-31": "$3,927", "2018-12-31": "$3,856", "2018-09-30": "$3,797", "2018-06-30": "$3,866", "2018-03-31": "$3,001", "2017-12-31": "$2,930", "2017-09-30": "$2,866", "2017-06-30": "$2,774", "2017-03-31": "$2,697", "2016-12-31": "$2,712", "2016-09-30": "$2,690", "2016-06-30": "$2,763", "2016-03-31": "$2,104", "2015-12-31": "$2,068", "2015-09-30": "$2,033", "2015-06-30": "$1,886", "2015-03-31": "$1,847", "2014-12-31": "$1,871", "2014-09-30": "$1,842", "2014-06-30": "$1,863", "2014-03-31": "$1,652", "2013-12-31": "$1,633", "2013-09-30": "$1,644", "2013-06-30": "$1,622", "2013-03-31": "$1,604", "2012-12-31": "$1,586", "2012-09-30": "$1,568", "2012-06-30": "$1,546", "2012-03-31": "$1,555", "2011-12-31": "$1,558", "2011-09-30": "$1,585", "2011-06-30": "$1,705", "2011-03-31": "$1,745", "2010-12-31": "$1,733", "2010-09-30": "$2,080", "2010-06-30": "$2,157", "2010-03-31": "$2,187", "2009-12-31": "$2,204", "2009-09-30": "$2,192", "2009-06-30": "$2,154", "2009-03-31": "$2,088", "2008-12-31": "$2,141", "2008-09-30": "$2,897", "2008-06-30": "$2,891", "2008-03-31": "$2,845", "2007-12-31": "$2,806", "2007-09-30": "$2,736", "2007-06-30": "$2,664", "2007-03-31": "$2,568", "2006-12-31": "$2,558", "2006-09-30": "$2,503", "2006-06-30": "$2,617", "2006-03-31": "$2,410", "2005-12-31": "$2,538", "2005-09-30": "$2,589", "2005-06-30": "$2,548", "2005-03-31": "$2,627"}}, "cash-on-hand": {"Charles River Laboratories Annual Cash on Hand (Millions of US $)": {"2019": "$238", "2018": "$195", "2017": "$164", "2016": "$118", "2015": "$118", "2014": "$160", "2013": "$156", "2012": "$110", "2011": "$69", "2010": "$179", "2009": "$183", "2008": "$244", "2007": "$225", "2006": "$175", "2005": "$115"}, "Charles River Laboratories Quarterly Cash on Hand (Millions of US $)": {"2020-09-30": "$243", "2020-06-30": "$402", "2020-03-31": "$372", "2019-12-31": "$238", "2019-09-30": "$165", "2019-06-30": "$201", "2019-03-31": "$126", "2018-12-31": "$195", "2018-09-30": "$139", "2018-06-30": "$192", "2018-03-31": "$188", "2017-12-31": "$164", "2017-09-30": "$124", "2017-06-30": "$116", "2017-03-31": "$132", "2016-12-31": "$118", "2016-09-30": "$106", "2016-06-30": "$155", "2016-03-31": "$157", "2015-12-31": "$118", "2015-09-30": "$74", "2015-06-30": "$151", "2015-03-31": "$152", "2014-12-31": "$160", "2014-09-30": "$131", "2014-06-30": "$117", "2014-03-31": "$170", "2013-12-31": "$156", "2013-09-30": "$130", "2013-06-30": "$114", "2013-03-31": "$100", "2012-12-31": "$110", "2012-09-30": "$83", "2012-06-30": "$76", "2012-03-31": "$61", "2011-12-31": "$69", "2011-09-30": "$81", "2011-06-30": "$146", "2011-03-31": "$159", "2010-12-31": "$179", "2010-09-30": "$137", "2010-06-30": "$219", "2010-03-31": "$222", "2009-12-31": "$183", "2009-09-30": "$192", "2009-06-30": "$155", "2009-03-31": "$170", "2008-12-31": "$244", "2008-09-30": "$213", "2008-06-30": "$262", "2008-03-31": "$240", "2007-12-31": "$225", "2007-09-30": "$183", "2007-06-30": "$162", "2007-03-31": "$137", "2006-12-31": "$175", "2006-09-30": "$254", "2006-06-30": "$193", "2006-03-31": "$101", "2005-12-31": "$115", "2005-09-30": "$168", "2005-06-30": "$167", "2005-03-31": "$214"}}, "long-term-debt": {"Charles River Laboratories Annual Long Term Debt (Millions of US $)": {"2019": "$1,850", "2018": "$1,637", "2017": "$1,114", "2016": "$1,208", "2015": "$846", "2014": "$741", "2013": "$642", "2012": "$527", "2011": "$703", "2010": "$670", "2009": "$457", "2008": "$480", "2007": "$485", "2006": "$547", "2005": "$260"}, "Charles River Laboratories Quarterly Long Term Debt (Millions of US $)": {"2020-09-30": "$1,968", "2020-06-30": "$2,207", "2020-03-31": "$2,327", "2019-12-31": "$1,850", "2019-09-30": "$1,883", "2019-06-30": "$2,040", "2019-03-31": "$1,541", "2018-12-31": "$1,637", "2018-09-30": "$1,653", "2018-06-30": "$1,796", "2018-03-31": "$1,130", "2017-12-31": "$1,114", "2017-09-30": "$1,156", "2017-06-30": "$1,116", "2017-03-31": "$1,170", "2016-12-31": "$1,208", "2016-09-30": "$1,233", "2016-06-30": "$1,331", "2016-03-31": "$840", "2015-12-31": "$846", "2015-09-30": "$836", "2015-06-30": "$755", "2015-03-31": "$755", "2014-12-31": "$741", "2014-09-30": "$755", "2014-06-30": "$782", "2014-03-31": "$614", "2013-12-31": "$642", "2013-09-30": "$624", "2013-06-30": "$620", "2013-03-31": "$518", "2012-12-31": "$527", "2012-09-30": "$543", "2012-06-30": "$551", "2012-03-31": "$675", "2011-12-31": "$703", "2011-09-30": "$720", "2011-06-30": "$731", "2011-03-31": "$761", "2010-12-31": "$670", "2010-09-30": "$701", "2010-06-30": "$409", "2010-03-31": "$438", "2009-12-31": "$457", "2009-09-30": "$464", "2009-06-30": "$486", "2009-03-31": "$474", "2008-12-31": "$480", "2008-09-30": "$304", "2008-06-30": "$312", "2008-03-31": "$476", "2007-12-31": "$485", "2007-09-30": "$494", "2007-06-30": "$512", "2007-03-31": "$528", "2006-12-31": "$547", "2006-09-30": "$577", "2006-06-30": "$572", "2006-03-31": "$271", "2005-12-31": "$260", "2005-09-30": "$298", "2005-06-30": "$326", "2005-03-31": "$586"}}, "total-liabilities": {"Charles River Laboratories Annual Total Liabilities (Millions of US $)": {"2019": "$3,055", "2018": "$2,536", "2017": "$1,883", "2016": "$1,873", "2015": "$1,331", "2014": "$1,195", "2013": "$989", "2012": "$983", "2011": "$1,031", "2010": "$1,045", "2009": "$830", "2008": "$900", "2007": "$945", "2006": "$962", "2005": "$711"}, "Charles River Laboratories Quarterly Total Liabilities (Millions of US $)": {"2020-09-30": "$3,312", "2020-06-30": "$3,484", "2020-03-31": "$3,546", "2019-12-31": "$3,055", "2019-09-30": "$3,046", "2019-06-30": "$3,167", "2019-03-31": "$2,526", "2018-12-31": "$2,536", "2018-09-30": "$2,540", "2018-06-30": "$2,681", "2018-03-31": "$1,858", "2017-12-31": "$1,883", "2017-09-30": "$1,841", "2017-06-30": "$1,807", "2017-03-31": "$1,818", "2016-12-31": "$1,873", "2016-09-30": "$1,817", "2016-06-30": "$1,927", "2016-03-31": "$1,319", "2015-12-31": "$1,331", "2015-09-30": "$1,324", "2015-06-30": "$1,180", "2015-03-31": "$1,180", "2014-12-31": "$1,195", "2014-09-30": "$1,169", "2014-06-30": "$1,188", "2014-03-31": "$953", "2013-12-31": "$989", "2013-09-30": "$984", "2013-06-30": "$971", "2013-03-31": "$973", "2012-12-31": "$983", "2012-09-30": "$968", "2012-06-30": "$981", "2012-03-31": "$1,001", "2011-12-31": "$1,031", "2011-09-30": "$1,044", "2011-06-30": "$1,115", "2011-03-31": "$1,180", "2010-12-31": "$1,045", "2010-09-30": "$1,042", "2010-06-30": "$763", "2010-03-31": "$803", "2009-12-31": "$830", "2009-09-30": "$842", "2009-06-30": "$871", "2009-03-31": "$870", "2008-12-31": "$900", "2008-09-30": "$950", "2008-06-30": "$945", "2008-03-31": "$935", "2007-12-31": "$945", "2007-09-30": "$934", "2007-06-30": "$934", "2007-03-31": "$926", "2006-12-31": "$962", "2006-09-30": "$950", "2006-06-30": "$976", "2006-03-31": "$673", "2005-12-31": "$711", "2005-09-30": "$804", "2005-06-30": "$816", "2005-03-31": "$1,109"}}, "total-share-holder-equity": {"Charles River Laboratories Annual Share Holder Equity (Millions of US $)": {"2019": "$1,638", "2018": "$1,320", "2017": "$1,047", "2016": "$839", "2015": "$738", "2014": "$676", "2013": "$644", "2012": "$603", "2011": "$527", "2010": "$689", "2009": "$1,374", "2008": "$1,242", "2007": "$1,860", "2006": "$1,595", "2005": "$1,827"}, "Charles River Laboratories Quarterly Share Holder Equity (Millions of US $)": {"2020-09-30": "$1,901", "2020-06-30": "$1,757", "2020-03-31": "$1,656", "2019-12-31": "$1,638", "2019-09-30": "$1,536", "2019-06-30": "$1,458", "2019-03-31": "$1,401", "2018-12-31": "$1,320", "2018-09-30": "$1,257", "2018-06-30": "$1,185", "2018-03-31": "$1,143", "2017-12-31": "$1,047", "2017-09-30": "$1,025", "2017-06-30": "$966", "2017-03-31": "$879", "2016-12-31": "$839", "2016-09-30": "$873", "2016-06-30": "$836", "2016-03-31": "$784", "2015-12-31": "$738", "2015-09-30": "$709", "2015-06-30": "$706", "2015-03-31": "$668", "2014-12-31": "$676", "2014-09-30": "$674", "2014-06-30": "$675", "2014-03-31": "$699", "2013-12-31": "$644", "2013-09-30": "$659", "2013-06-30": "$651", "2013-03-31": "$631", "2012-12-31": "$603", "2012-09-30": "$600", "2012-06-30": "$565", "2012-03-31": "$555", "2011-12-31": "$527", "2011-09-30": "$541", "2011-06-30": "$591", "2011-03-31": "$564", "2010-12-31": "$689", "2010-09-30": "$1,038", "2010-06-30": "$1,394", "2010-03-31": "$1,384", "2009-12-31": "$1,374", "2009-09-30": "$1,349", "2009-06-30": "$1,283", "2009-03-31": "$1,218", "2008-12-31": "$1,242", "2008-09-30": "$1,947", "2008-06-30": "$1,946", "2008-03-31": "$1,910", "2007-12-31": "$1,860", "2007-09-30": "$1,802", "2007-06-30": "$1,730", "2007-03-31": "$1,642", "2006-12-31": "$1,595", "2006-09-30": "$1,554", "2006-06-30": "$1,641", "2006-03-31": "$1,737", "2005-12-31": "$1,827", "2005-09-30": "$1,786", "2005-06-30": "$1,732", "2005-03-31": "$1,518"}}, "profit-margins": {"current": "10.68%"}, "gross margin": {"2020-09-30": "36.65%", "2020-06-30": "36.09%", "2020-03-31": "36.64%", "2019-12-31": "36.54%", "2019-09-30": "36.40%", "2019-06-30": "36.41%", "2019-03-31": "36.60%", "2018-12-31": "37.03%", "2018-09-30": "36.41%", "2018-06-30": "36.67%", "2018-03-31": "37.27%", "2017-12-31": "37.70%", "2017-09-30": "38.46%", "2017-06-30": "38.11%", "2017-03-31": "38.01%", "2016-12-31": "38.29%", "2016-09-30": "38.75%", "2016-06-30": "39.54%", "2016-03-31": "39.56%", "2015-12-31": "39.03%", "2015-09-30": "38.16%", "2015-06-30": "37.25%", "2015-03-31": "36.69%", "2014-12-31": "36.44%", "2014-09-30": "35.08%", "2014-06-30": "34.64%", "2014-03-31": "34.10%", "2013-12-31": "33.91%", "2013-09-30": "34.43%", "2013-06-30": "34.21%", "2013-03-31": "34.54%", "2012-12-31": "34.69%", "2012-09-30": "35.23%", "2012-06-30": "35.26%", "2012-03-31": "35.35%", "2011-12-31": "35.26%", "2011-09-30": "34.92%", "2011-06-30": "34.96%", "2011-03-31": "34.49%", "2010-12-31": "33.95%", "2010-09-30": "34.50%", "2010-06-30": "35.11%", "2010-03-31": "35.66%", "2009-12-31": "36.12%", "2009-09-30": "36.67%", "2009-06-30": "37.20%", "2009-03-31": "37.81%", "2008-12-31": "38.46%", "2008-09-30": "38.22%", "2008-06-30": "38.58%", "2008-03-31": "38.61%", "2007-12-31": "38.94%", "2007-09-30": "39.10%", "2007-06-30": "38.85%", "2007-03-31": "38.96%", "2006-12-31": "38.43%", "2006-09-30": "38.70%", "2006-06-30": "38.95%", "2006-03-31": "39.12%", "2005-12-31": "39.24%"}, "operating margin": {"2020-09-30": "14.62%", "2020-06-30": "13.57%", "2020-03-31": "13.80%", "2019-12-31": "13.42%", "2019-09-30": "13.62%", "2019-06-30": "13.71%", "2019-03-31": "14.01%", "2018-12-31": "14.61%", "2018-09-30": "13.63%", "2018-06-30": "13.95%", "2018-03-31": "15.07%", "2017-12-31": "15.56%", "2017-09-30": "15.98%", "2017-06-30": "15.49%", "2017-03-31": "14.44%", "2016-12-31": "14.09%", "2016-09-30": "14.02%", "2016-06-30": "14.48%", "2016-03-31": "15.31%", "2015-12-31": "15.11%", "2015-09-30": "14.56%", "2015-06-30": "14.11%", "2015-03-31": "13.72%", "2014-12-31": "13.71%", "2014-09-30": "12.89%", "2014-06-30": "12.86%", "2014-03-31": "12.70%", "2013-12-31": "13.05%", "2013-09-30": "14.01%", "2013-06-30": "13.91%", "2013-03-31": "14.54%", "2012-12-31": "14.69%", "2012-09-30": "15.16%", "2012-06-30": "15.09%", "2012-03-31": "15.40%", "2011-12-31": "15.22%", "2011-09-30": "-20.55%", "2011-06-30": "-23.43%", "2011-03-31": "-25.44%", "2010-12-31": "-26.37%", "2010-09-30": "9.05%", "2010-06-30": "12.17%", "2010-03-31": "13.78%", "2009-12-31": "14.52%", "2009-09-30": "-44.27%", "2009-06-30": "-40.66%", "2009-03-31": "-37.81%", "2008-12-31": "-34.98%", "2008-09-30": "18.67%", "2008-06-30": "18.76%", "2008-03-31": "18.48%", "2007-12-31": "18.54%", "2007-09-30": "18.67%", "2007-06-30": "18.41%", "2007-03-31": "18.25%", "2006-12-31": "17.85%", "2006-09-30": "18.46%", "2006-06-30": "18.37%", "2006-03-31": "18.79%", "2005-12-31": "18.51%"}, "ebitda margin": {"2020-09-30": "22.63%", "2020-06-30": "21.54%", "2020-03-31": "21.55%", "2019-12-31": "20.98%", "2019-09-30": "21.04%", "2019-06-30": "21.06%", "2019-03-31": "21.33%", "2018-12-31": "21.76%", "2018-09-30": "20.77%", "2018-06-30": "21.03%", "2018-03-31": "21.94%", "2017-12-31": "22.56%", "2017-09-30": "23.19%", "2017-06-30": "22.84%", "2017-03-31": "22.00%", "2016-12-31": "21.64%", "2016-09-30": "21.35%", "2016-06-30": "21.58%", "2016-03-31": "22.32%", "2015-12-31": "22.16%", "2015-09-30": "21.88%", "2015-06-30": "21.70%", "2015-03-31": "21.38%", "2014-12-31": "21.26%", "2014-09-30": "20.92%", "2014-06-30": "21.13%", "2014-03-31": "21.31%", "2013-12-31": "22.06%", "2013-09-30": "22.75%", "2013-06-30": "22.57%", "2013-03-31": "23.26%", "2012-12-31": "23.45%", "2012-09-30": "23.84%", "2012-06-30": "24.04%", "2012-03-31": "24.50%", "2011-12-31": "24.50%", "2011-09-30": "15.96%", "2011-06-30": "13.75%", "2011-03-31": "11.97%", "2010-12-31": "10.67%", "2010-09-30": "19.89%", "2010-06-30": "22.07%", "2010-03-31": "22.91%", "2009-12-31": "23.40%", "2009-09-30": "24.27%", "2009-06-30": "25.19%", "2009-03-31": "25.73%", "2008-12-31": "26.87%", "2008-09-30": "25.48%", "2008-06-30": "25.64%", "2008-03-31": "25.45%", "2007-12-31": "25.53%", "2007-09-30": "25.68%", "2007-06-30": "25.64%", "2007-03-31": "25.73%", "2006-12-31": "25.59%", "2006-09-30": "26.85%", "2006-06-30": "27.04%", "2006-03-31": "27.41%", "2005-12-31": "27.57%"}, "pre tax profit margin": {"2020-09-30": "13.46%", "2020-06-30": "11.57%", "2020-03-31": "10.76%", "2019-12-31": "11.59%", "2019-09-30": "10.78%", "2019-06-30": "11.14%", "2019-03-31": "11.95%", "2018-12-31": "12.40%", "2018-09-30": "12.84%", "2018-06-30": "13.61%", "2018-03-31": "14.80%", "2017-12-31": "15.99%", "2017-09-30": "15.82%", "2017-06-30": "15.04%", "2017-03-31": "14.04%", "2016-12-31": "13.26%", "2016-09-30": "13.32%", "2016-06-30": "14.01%", "2016-03-31": "15.38%", "2015-12-31": "14.31%", "2015-09-30": "13.82%", "2015-06-30": "13.35%", "2015-03-31": "12.66%", "2014-12-31": "13.71%", "2014-09-30": "12.81%", "2014-06-30": "13.10%", "2014-03-31": "12.45%", "2013-12-31": "11.93%", "2013-09-30": "12.28%", "2013-06-30": "11.11%", "2013-03-31": "11.45%", "2012-12-31": "11.42%", "2012-09-30": "11.92%", "2012-06-30": "11.67%", "2012-03-31": "11.90%", "2011-12-31": "11.72%", "2011-09-30": "-23.99%", "2011-06-30": "-27.06%", "2011-03-31": "-28.90%", "2010-12-31": "-29.54%", "2010-09-30": "6.00%", "2010-06-30": "10.07%", "2010-03-31": "12.06%", "2009-12-31": "12.89%", "2009-09-30": "-46.07%", "2009-06-30": "-42.47%", "2009-03-31": "-39.48%", "2008-12-31": "-36.45%", "2008-09-30": "17.33%", "2008-06-30": "17.47%", "2008-03-31": "17.07%", "2007-12-31": "17.15%", "2007-09-30": "17.74%", "2007-06-30": "17.44%", "2007-03-31": "17.15%", "2006-12-31": "16.62%", "2006-09-30": "16.78%", "2006-06-30": "16.65%", "2006-03-31": "17.04%", "2005-12-31": "16.50%"}, "net profit margin": {"2020-09-30": "10.66%", "2020-06-30": "9.86%", "2020-03-31": "9.10%", "2019-12-31": "9.61%", "2019-09-30": "9.16%", "2019-06-30": "8.94%", "2019-03-31": "9.63%", "2018-12-31": "10.02%", "2018-09-30": "6.40%", "2018-06-30": "6.38%", "2018-03-31": "6.77%", "2017-12-31": "6.62%", "2017-09-30": "10.73%", "2017-06-30": "10.18%", "2017-03-31": "9.31%", "2016-12-31": "9.22%", "2016-09-30": "9.05%", "2016-06-30": "9.45%", "2016-03-31": "11.09%", "2015-12-31": "11.01%", "2015-09-30": "10.83%", "2015-06-30": "10.62%", "2015-03-31": "9.55%", "2014-12-31": "9.71%", "2014-09-30": "9.39%", "2014-06-30": "9.58%", "2014-03-31": "9.29%", "2013-12-31": "8.84%", "2013-09-30": "8.82%", "2013-06-30": "8.14%", "2013-03-31": "8.46%", "2012-12-31": "8.50%", "2012-09-30": "9.20%", "2012-06-30": "8.95%", "2012-03-31": "9.10%", "2011-12-31": "9.54%", "2011-09-30": "-23.10%", "2011-06-30": "-27.15%", "2011-03-31": "-28.72%", "2010-12-31": "-29.81%", "2010-09-30": "2.15%", "2010-06-30": "7.53%", "2010-03-31": "9.13%", "2009-12-31": "9.74%", "2009-09-30": "-48.46%", "2009-06-30": "-46.01%", "2009-03-31": "-43.21%", "2008-12-31": "-40.54%", "2008-09-30": "12.67%", "2008-06-30": "12.78%", "2008-03-31": "12.37%", "2007-12-31": "12.28%", "2007-09-30": "12.92%", "2007-06-30": "8.19%", "2007-03-31": "7.39%", "2006-12-31": "-5.29%", "2006-09-30": "-4.05%", "2006-06-30": "0.81%", "2006-03-31": "1.44%", "2005-12-31": "14.29%"}, "pe ratio": {"current": "35.54", "2021-02-05": "45.96", "2020-09-30": "37.74", "2020-06-30": "32.11", "2020-03-31": "25.39", "2019-12-31": "30.19", "2019-09-30": "28.41", "2019-06-30": "32.10", "2019-03-31": "31.30", "2018-12-31": "24.55", "2018-09-30": "48.57", "2018-06-30": "42.68", "2018-03-31": "40.28", "2017-12-31": "43.09", "2017-09-30": "26.35", "2017-06-30": "26.55", "2017-03-31": "26.30", "2016-12-31": "23.59", "2016-09-30": "28.06", "2016-06-30": "27.76", "2016-03-31": "23.29", "2015-12-31": "25.60", "2015-09-30": "20.89", "2015-06-30": "24.01", "2015-03-31": "29.92", "2014-12-31": "23.92", "2014-09-30": "23.99", "2014-06-30": "21.84", "2014-03-31": "26.58", "2013-12-31": "24.90", "2013-09-30": "21.92", "2013-06-30": "21.26", "2013-03-31": "22.14", "2012-12-31": "18.64", "2012-09-30": "18.17", "2012-06-30": "15.67", "2012-03-31": "17.27", "2011-12-31": "12.89", "2011-09-30": "0.00", "2011-06-30": "0.00", "2011-03-31": "0.00", "2010-12-31": "0.00", "2010-09-30": "94.71", "2010-06-30": "25.92", "2010-03-31": "24.27", "2009-12-31": "19.36", "2009-09-30": "0.00", "2009-06-30": "0.00", "2009-03-31": "0.00", "2008-12-31": "0.00", "2008-09-30": "22.21", "2008-06-30": "25.67", "2008-03-31": "25.30", "2007-12-31": "29.51", "2007-09-30": "25.18", "2007-06-30": "37.68", "2007-03-31": "39.20", "2006-12-31": "0.00"}, "price sales": {"2021-02-05": "4.90", "2020-09-30": "4.02", "2020-06-30": "3.17", "2020-03-31": "2.31", "2019-12-31": "2.89", "2019-09-30": "2.59", "2019-06-30": "2.86", "2019-03-31": "3.01", "2018-12-31": "2.45", "2018-09-30": "3.07", "2018-06-30": "2.71", "2018-03-31": "2.72", "2017-12-31": "2.85", "2017-09-30": "2.82", "2017-06-30": "2.70", "2017-03-31": "2.44", "2016-12-31": "2.17", "2016-09-30": "2.54", "2016-06-30": "2.63", "2016-03-31": "2.58", "2015-12-31": "2.80", "2015-09-30": "2.26", "2015-06-30": "2.53", "2015-03-31": "2.86", "2014-12-31": "2.33", "2014-09-30": "2.27", "2014-06-30": "2.11", "2014-03-31": "2.49", "2013-12-31": "2.21", "2013-09-30": "1.94", "2013-06-30": "1.74", "2013-03-31": "1.89", "2012-12-31": "1.61", "2012-09-30": "1.71", "2012-06-30": "1.43", "2012-03-31": "1.60", "2011-12-31": "1.24", "2011-09-30": "1.38", "2011-06-30": "2.07", "2011-03-31": "2.08", "2010-12-31": "2.01", "2010-09-30": "1.93", "2010-06-30": "1.97", "2010-03-31": "2.22", "2009-12-31": "1.89", "2009-09-30": "2.08", "2009-06-30": "1.87", "2009-03-31": "1.49", "2008-12-31": "1.41", "2008-09-30": "2.89", "2008-06-30": "3.37", "2008-03-31": "3.20", "2007-12-31": "3.66", "2007-09-30": "3.26", "2007-06-30": "3.12", "2007-03-31": "2.93", "2006-12-31": "2.89"}, "price book": {"current": "7.21", "2021-02-05": "7.21", "2020-09-30": "5.92", "2020-06-30": "4.93", "2020-03-31": "3.77", "2019-12-31": "4.56", "2019-09-30": "4.21", "2019-06-30": "4.75", "2019-03-31": "5.05", "2018-12-31": "4.13", "2018-09-30": "5.15", "2018-06-30": "4.55", "2018-03-31": "4.48", "2017-12-31": "4.95", "2017-09-30": "4.99", "2017-06-30": "4.98", "2017-03-31": "4.87", "2016-12-31": "4.30", "2016-09-30": "4.52", "2016-06-30": "4.66", "2016-03-31": "4.56", "2015-12-31": "5.09", "2015-09-30": "4.18", "2015-06-30": "4.67", "2015-03-31": "5.62", "2014-12-31": "4.46", "2014-09-30": "4.15", "2014-06-30": "3.72", "2014-03-31": "4.18", "2013-12-31": "3.92", "2013-09-30": "3.38", "2013-06-30": "3.09", "2013-03-31": "3.45", "2012-12-31": "3.00", "2012-09-30": "3.20", "2012-06-30": "2.82", "2012-03-31": "3.19", "2011-12-31": "2.53", "2011-09-30": "2.63", "2011-06-30": "3.54", "2011-03-31": "3.51", "2010-12-31": "2.91", "2010-09-30": "1.84", "2010-06-30": "1.63", "2010-03-31": "1.88", "2009-12-31": "1.62", "2009-09-30": "1.81", "2009-06-30": "1.73", "2009-03-31": "1.48", "2008-12-31": "1.41", "2008-09-30": "1.93", "2008-06-30": "2.23", "2008-03-31": "2.11", "2007-12-31": "2.41", "2007-09-30": "2.12", "2007-06-30": "2.03", "2007-03-31": "1.89", "2006-12-31": "1.81", "2006-09-30": "1.87", "2006-06-30": "1.53", "2006-03-31": "2.06"}, "price fcf": {"2021-02-05": "", "2020-09-30": "$8.85", "2020-06-30": "$8.33", "2020-03-31": "$7.75", "2019-12-31": "$6.85", "2019-09-30": "$5.98", "2019-06-30": "$5.46", "2019-03-31": "$5.44", "2018-12-31": "$6.14", "2018-09-30": "$6.62", "2018-06-30": "$5.49", "2018-03-31": "$5.14", "2017-12-31": "$4.85", "2017-09-30": "$4.84", "2017-06-30": "$5.36", "2017-03-31": "$5.04", "2016-12-31": "$5.46", "2016-09-30": "$5.43", "2016-06-30": "$5.79", "2016-03-31": "$5.89", "2015-12-31": "$5.11", "2015-09-30": "$4.69", "2015-06-30": "$4.28", "2015-03-31": "$3.76", "2014-12-31": "$4.10", "2014-09-30": "$3.61", "2014-06-30": "$3.58", "2014-03-31": "$3.38", "2013-12-31": "$3.50", "2013-09-30": "$3.53", "2013-06-30": "$3.38", "2013-03-31": "$3.57", "2012-12-31": "$3.32", "2012-09-30": "$3.12", "2012-06-30": "$2.88", "2012-03-31": "$3.03", "2011-12-31": "$3.07", "2011-09-30": "$3.06", "2011-06-30": "$2.42", "2011-03-31": "$1.99", "2010-12-31": "$2.00", "2010-09-30": "$1.85", "2010-06-30": "$2.12", "2010-03-31": "$2.16", "2009-12-31": "$2.07", "2009-09-30": "$1.91", "2009-06-30": "$1.80", "2009-03-31": "$1.46", "2008-12-31": "$1.14", "2008-09-30": "$1.04", "2008-06-30": "$1.11", "2008-03-31": "$0.74", "2007-12-31": "$0.89", "2007-09-30": "$0.36", "2007-06-30": "$-0.04", "2007-03-31": "$0.51", "2006-12-31": "$-0.08"}, "net worth": {"value": "$13.72B"}, "current ratio": {"current": "1.45", "2020-09-30": "1.45", "2020-06-30": "1.70", "2020-03-31": "1.75", "2019-12-31": "1.44", "2019-09-30": "1.43", "2019-06-30": "1.59", "2019-03-31": "1.64", "2018-12-31": "1.61", "2018-09-30": "1.55", "2018-06-30": "1.72", "2018-03-31": "2.07", "2017-12-31": "1.78", "2017-09-30": "1.88", "2017-06-30": "1.74", "2017-03-31": "1.83", "2016-12-31": "1.53", "2016-09-30": "1.59", "2016-06-30": "1.70", "2016-03-31": "2.06", "2015-12-31": "1.79", "2015-09-30": "1.84", "2015-06-30": "2.28", "2015-03-31": "2.27", "2014-12-31": "1.97", "2014-09-30": "2.14", "2014-06-30": "2.18", "2014-03-31": "2.47", "2013-12-31": "2.24", "2013-09-30": "2.33", "2013-06-30": "2.30", "2013-03-31": "1.49", "2012-12-31": "1.42", "2012-09-30": "1.41", "2012-06-30": "1.38", "2012-03-31": "1.95", "2011-12-31": "1.96", "2011-09-30": "2.04", "2011-06-30": "1.98", "2011-03-31": "1.82", "2010-12-31": "2.13", "2010-09-30": "2.22", "2010-06-30": "2.47", "2010-03-31": "2.48", "2009-12-31": "2.39", "2009-09-30": "2.23", "2009-06-30": "2.11", "2009-03-31": "2.08", "2008-12-31": "2.05", "2008-09-30": "1.21", "2008-06-30": "1.35", "2008-03-31": "2.13", "2007-12-31": "2.01", "2007-09-30": "1.91", "2007-06-30": "1.96", "2007-03-31": "1.96", "2006-12-31": "1.93", "2006-09-30": "2.21", "2006-06-30": "1.91", "2006-03-31": "1.54", "2005-12-31": "1.35", "2005-09-30": "1.57", "2005-06-30": "1.52", "2005-03-31": "1.61"}, "quick ratio": {"2020-09-30": "1.22", "2020-06-30": "1.47", "2020-03-31": "1.51", "2019-12-31": "1.21", "2019-09-30": "1.20", "2019-06-30": "1.38", "2019-03-31": "1.39", "2018-12-31": "1.38", "2018-09-30": "1.32", "2018-06-30": "1.48", "2018-03-31": "1.78", "2017-12-31": "1.54", "2017-09-30": "1.62", "2017-06-30": "1.49", "2017-03-31": "1.57", "2016-12-31": "1.31", "2016-09-30": "1.35", "2016-06-30": "1.46", "2016-03-31": "1.74", "2015-12-31": "1.49", "2015-09-30": "1.53", "2015-06-30": "1.95", "2015-03-31": "1.95", "2014-12-31": "1.66", "2014-09-30": "1.81", "2014-06-30": "1.84", "2014-03-31": "2.09", "2013-12-31": "1.88", "2013-09-30": "1.96", "2013-06-30": "1.91", "2013-03-31": "1.23", "2012-12-31": "1.16", "2012-09-30": "1.12", "2012-06-30": "1.10", "2012-03-31": "1.55", "2011-12-31": "1.54", "2011-09-30": "1.62", "2011-06-30": "1.62", "2011-03-31": "1.50", "2010-12-31": "1.74", "2010-09-30": "1.80", "2010-06-30": "2.08", "2010-03-31": "2.09", "2009-12-31": "1.97", "2009-09-30": "1.83", "2009-06-30": "1.76", "2009-03-31": "1.73", "2008-12-31": "1.73", "2008-09-30": "1.03", "2008-06-30": "1.17", "2008-03-31": "1.83", "2007-12-31": "1.72", "2007-09-30": "1.64", "2007-06-30": "1.67", "2007-03-31": "1.65", "2006-12-31": "1.65", "2006-09-30": "1.92", "2006-06-30": "1.66", "2006-03-31": "1.29", "2005-12-31": "1.14", "2005-09-30": "1.36", "2005-06-30": "1.33", "2005-03-31": "1.41"}, "debt equity ratio": {"current": "1.04", "2020-09-30": "1.74", "2020-06-30": "1.98", "2020-03-31": "2.14", "2019-12-31": "1.87", "2019-09-30": "1.98", "2019-06-30": "2.17", "2019-03-31": "1.80", "2018-12-31": "1.92", "2018-09-30": "2.02", "2018-06-30": "2.26", "2018-03-31": "1.63", "2017-12-31": "1.80", "2017-09-30": "1.80", "2017-06-30": "1.87", "2017-03-31": "2.07", "2016-12-31": "2.23", "2016-09-30": "2.08", "2016-06-30": "2.30", "2016-03-31": "1.68", "2015-12-31": "1.81", "2015-09-30": "1.87", "2015-06-30": "1.67", "2015-03-31": "1.77", "2014-12-31": "1.77", "2014-09-30": "1.73", "2014-06-30": "1.76", "2014-03-31": "1.36", "2013-12-31": "1.54", "2013-09-30": "1.49", "2013-06-30": "1.49", "2013-03-31": "1.54", "2012-12-31": "1.63", "2012-09-30": "1.61", "2012-06-30": "1.74", "2012-03-31": "1.81", "2011-12-31": "1.96", "2011-09-30": "1.93", "2011-06-30": "1.89", "2011-03-31": "2.09", "2010-12-31": "1.52", "2010-09-30": "1.00", "2010-06-30": "0.55", "2010-03-31": "0.58", "2009-12-31": "0.60", "2009-09-30": "0.62", "2009-06-30": "0.68", "2009-03-31": "0.71", "2008-12-31": "0.73", "2008-09-30": "0.49", "2008-06-30": "0.49", "2008-03-31": "0.49", "2007-12-31": "0.51", "2007-09-30": "0.52", "2007-06-30": "0.54", "2007-03-31": "0.56", "2006-12-31": "0.60", "2006-09-30": "0.61", "2006-06-30": "0.60", "2006-03-31": "0.39", "2005-12-31": "0.39", "2005-09-30": "0.45", "2005-06-30": "0.47", "2005-03-31": "0.73"}, "return on equity": {"2020-09-30": "17.32%", "2020-06-30": "16.46%", "2020-03-31": "15.78%", "2019-12-31": "16.71%", "2019-09-30": "16.24%", "2019-06-30": "16.11%", "2019-03-31": "17.74%", "2018-12-31": "18.51%", "2018-09-30": "11.83%", "2018-06-30": "11.73%", "2018-03-31": "12.34%", "2017-12-31": "12.56%", "2017-09-30": "21.35%", "2017-06-30": "20.69%", "2017-03-31": "19.26%", "2016-12-31": "18.61%", "2016-09-30": "17.58%", "2016-06-30": "18.39%", "2016-03-31": "21.11%", "2015-12-31": "21.27%", "2015-09-30": "21.02%", "2015-06-30": "20.56%", "2015-03-31": "18.72%", "2014-12-31": "18.50%", "2014-09-30": "17.53%", "2014-06-30": "17.48%", "2014-03-31": "16.43%", "2013-12-31": "15.94%", "2013-09-30": "16.04%", "2013-06-30": "14.97%", "2013-03-31": "16.01%", "2012-12-31": "16.53%", "2012-09-30": "18.69%", "2012-06-30": "18.65%", "2012-03-31": "18.79%", "2011-12-31": "19.61%", "2011-09-30": "-43.94%", "2011-06-30": "-42.47%", "2011-03-31": "-35.17%", "2010-12-31": "-30.01%", "2010-09-30": "1.85%", "2010-06-30": "6.25%", "2010-03-31": "7.87%", "2009-12-31": "8.73%", "2009-09-30": "-44.54%", "2009-06-30": "-39.30%", "2009-03-31": "-34.25%", "2008-12-31": "-29.81%", "2008-09-30": "8.93%", "2008-06-30": "8.99%", "2008-03-31": "8.66%", "2007-12-31": "8.59%", "2007-09-30": "9.04%", "2007-06-30": "5.70%", "2007-03-31": "5.04%", "2006-12-31": "-3.43%", "2006-09-30": "-2.43%", "2006-06-30": "0.46%", "2006-03-31": "0.79%", "2005-12-31": "8.28%"}, "return on assets": {"2020-09-30": "5.92%", "2020-06-30": "5.50%", "2020-03-31": "5.19%", "2019-12-31": "5.65%", "2019-09-30": "5.46%", "2019-06-30": "5.41%", "2019-03-31": "5.93%", "2018-12-31": "6.25%", "2018-09-30": "4.03%", "2018-06-30": "4.07%", "2018-03-31": "4.46%", "2017-12-31": "4.37%", "2017-09-30": "7.17%", "2017-06-30": "6.77%", "2017-03-31": "6.08%", "2016-12-31": "6.04%", "2016-09-30": "5.90%", "2016-06-30": "6.29%", "2016-03-31": "7.66%", "2015-12-31": "7.66%", "2015-09-30": "7.59%", "2015-06-30": "7.52%", "2015-03-31": "6.79%", "2014-12-31": "6.97%", "2014-09-30": "6.75%", "2014-06-30": "6.89%", "2014-03-31": "6.66%", "2013-12-31": "6.34%", "2013-09-30": "6.32%", "2013-06-30": "5.83%", "2013-03-31": "6.09%", "2012-12-31": "6.14%", "2012-09-30": "6.74%", "2012-06-30": "6.53%", "2012-03-31": "6.50%", "2011-12-31": "6.61%", "2011-09-30": "-15.48%", "2011-06-30": "-16.85%", "2011-03-31": "-16.80%", "2010-12-31": "-16.57%", "2010-09-30": "1.11%", "2010-06-30": "3.94%", "2010-03-31": "4.85%", "2009-12-31": "5.28%", "2009-09-30": "-26.45%", "2009-06-30": "-24.09%", "2009-03-31": "-21.72%", "2008-12-31": "-19.49%", "2008-09-30": "5.98%", "2008-06-30": "5.99%", "2008-03-31": "5.72%", "2007-12-31": "5.61%", "2007-09-30": "5.81%", "2007-06-30": "3.61%", "2007-03-31": "3.16%", "2006-12-31": "-2.22%", "2006-09-30": "-1.63%", "2006-06-30": "0.32%", "2006-03-31": "0.56%", "2005-12-31": "5.51%"}, "return on investments": {"2020-09-30": "10.80%", "2020-06-30": "10.05%", "2020-03-31": "10.45%", "2019-12-31": "10.55%", "2019-09-30": "10.77%", "2019-06-30": "10.92%", "2019-03-31": "11.30%", "2018-12-31": "11.91%", "2018-09-30": "11.31%", "2018-06-30": "11.75%", "2018-03-31": "13.20%", "2017-12-31": "13.64%", "2017-09-30": "14.11%", "2017-06-30": "13.52%", "2017-03-31": "12.24%", "2016-12-31": "11.93%", "2016-09-30": "11.76%", "2016-06-30": "12.49%", "2016-03-31": "13.78%", "2015-12-31": "13.71%", "2015-09-30": "13.35%", "2015-06-30": "12.99%", "2015-03-31": "12.65%", "2014-12-31": "12.68%", "2014-09-30": "11.81%", "2014-06-30": "11.76%", "2014-03-31": "11.57%", "2013-12-31": "12.19%", "2013-09-30": "13.41%", "2013-06-30": "13.55%", "2013-03-31": "14.54%", "2012-12-31": "14.38%", "2012-09-30": "14.66%", "2012-06-30": "14.22%", "2012-03-31": "13.96%", "2011-12-31": "13.54%", "2011-09-30": "-17.69%", "2011-06-30": "-18.38%", "2011-03-31": "-18.44%", "2010-12-31": "-17.79%", "2010-09-30": "5.62%", "2010-06-30": "7.65%", "2010-03-31": "8.85%", "2009-12-31": "9.57%", "2009-09-30": "-29.62%", "2009-06-30": "-26.58%", "2009-03-31": "-24.03%", "2008-12-31": "-21.03%", "2008-09-30": "10.91%", "2008-06-30": "10.68%", "2008-03-31": "10.18%", "2007-12-31": "10.07%", "2007-09-30": "9.99%", "2007-06-30": "9.63%", "2007-03-31": "9.24%", "2006-12-31": "8.90%", "2006-09-30": "8.86%", "2006-06-30": "8.68%", "2006-03-31": "8.89%", "2005-12-31": "8.83%"}, "return on tangible equity": {"2020-09-30": "-885.29%", "2020-06-30": "-425.10%", "2020-03-31": "-274.79%", "2019-12-31": "-854.24%", "2019-09-30": "-667.63%", "2019-06-30": "-572.55%", "2019-03-31": "-576.10%", "2018-12-31": "-22700.00%", "2018-09-30": "320.47%", "2018-06-30": "127.72%", "2018-03-31": "74.89%", "2017-12-31": "98.20%", "2017-09-30": "261.39%", "2017-06-30": "404.40%", "2017-03-31": "1081.97%", "2016-12-31": "209.46%", "2016-09-30": "103.27%", "2016-06-30": "106.21%", "2016-03-31": "82.89%", "2015-12-31": "93.02%", "2015-09-30": "77.23%", "2015-06-30": "58.64%", "2015-03-31": "53.85%", "2014-12-31": "44.21%", "2014-09-30": "41.70%", "2014-06-30": "37.20%", "2014-03-31": "31.28%", "2013-12-31": "31.35%", "2013-09-30": "31.51%", "2013-06-30": "29.64%", "2013-03-31": "31.84%", "2012-12-31": "33.05%", "2012-09-30": "38.60%", "2012-06-30": "39.96%", "2012-03-31": "41.11%", "2011-12-31": "44.04%", "2011-09-30": "-93.32%", "2011-06-30": "-95.63%", "2011-03-31": "-73.89%", "2010-12-31": "-60.41%", "2010-09-30": "3.72%", "2010-06-30": "12.02%", "2010-03-31": "15.34%", "2009-12-31": "17.06%", "2009-09-30": "-86.93%", "2009-06-30": "-86.83%", "2009-03-31": "-83.31%", "2008-12-31": "-80.12%", "2008-09-30": "26.68%", "2008-06-30": "27.60%", "2008-03-31": "28.56%", "2007-12-31": "31.28%", "2007-09-30": "36.96%", "2007-06-30": "25.98%", "2007-03-31": "23.84%", "2006-12-31": "-17.82%", "2006-09-30": "-10.97%", "2006-06-30": "2.38%", "2006-03-31": "5.32%", "2005-12-31": "88.20%"}, "dividend yield history": {"last payout": "$0.00", "last yield": "0.00%"}}