{"ticker": "CHD", "price": {"title": "Church & Dwight Historical Annual Stock Price Data", "value": 82.72, "historical": {"2021": {"Average Stock Price": "84.7061", "Year Open": "86.6000", "Year High": "88.0000", "Year Low": "82.1600", "Year Close": "82.7200", "Annual % Change": "-5.17%"}, "2020": {"Average Stock Price": "80.8816", "Year Open": "70.0300", "Year High": "98.1600", "Year Low": "60.3000", "Year Close": "87.2300", "Annual % Change": "24.01%"}, "2019": {"Average Stock Price": "71.7942", "Year Open": "64.4300", "Year High": "80.2800", "Year Low": "60.4600", "Year Close": "70.3400", "Annual % Change": "6.96%"}, "2018": {"Average Stock Price": "54.4100", "Year Open": "49.4300", "Year High": "69.1800", "Year Low": "45.4100", "Year Close": "65.7600", "Annual % Change": "31.07%"}, "2017": {"Average Stock Price": "49.1460", "Year Open": "44.3400", "Year High": "53.8000", "Year Low": "43.3200", "Year Close": "50.1700", "Annual % Change": "13.53%"}, "2016": {"Average Stock Price": "46.7469", "Year Open": "41.7550", "Year High": "51.6700", "Year Low": "39.1150", "Year Close": "44.1900", "Annual % Change": "4.12%"}, "2015": {"Average Stock Price": "42.3230", "Year Open": "39.5450", "Year High": "45.2850", "Year Low": "38.7800", "Year Close": "42.4400", "Annual % Change": "7.70%"}, "2014": {"Average Stock Price": "34.6529", "Year Open": "32.7500", "Year High": "40.2650", "Year Low": "31.0300", "Year Close": "39.4050", "Annual % Change": "18.90%"}, "2013": {"Average Stock Price": "31.0013", "Year Open": "27.2800", "Year High": "33.4550", "Year Low": "27.2800", "Year Close": "33.1400", "Annual % Change": "23.73%"}, "2012": {"Average Stock Price": "25.9698", "Year Open": "22.7000", "Year High": "29.3800", "Year Low": "22.4000", "Year Close": "26.7850", "Annual % Change": "17.07%"}, "2011": {"Average Stock Price": "20.4190", "Year Open": "17.3325", "Year High": "23.1700", "Year Low": "17.1400", "Year Close": "22.8800", "Annual % Change": "32.60%"}, "2010": {"Average Stock Price": "16.4226", "Year Open": "15.3350", "Year High": "17.6650", "Year Low": "14.9325", "Year Close": "17.2550", "Annual % Change": "14.18%"}, "2009": {"Average Stock Price": "13.7121", "Year Open": "13.8975", "Year High": "15.4825", "Year Low": "11.5700", "Year Close": "15.1125", "Annual % Change": "7.72%"}, "2008": {"Average Stock Price": "14.1037", "Year Open": "13.3375", "Year High": "16.0925", "Year Low": "12.4250", "Year Close": "14.0300", "Annual % Change": "3.79%"}, "2007": {"Average Stock Price": "12.2030", "Year Open": "11.0100", "Year High": "14.2325", "Year Low": "10.8125", "Year Close": "13.5175", "Annual % Change": "26.78%"}, "2006": {"Average Stock Price": "9.3737", "Year Open": "8.3775", "Year High": "10.8450", "Year Low": "8.2400", "Year Close": "10.6625", "Annual % Change": "29.13%"}, "2005": {"Average Stock Price": "8.8884", "Year Open": "8.2800", "Year High": "9.7600", "Year Low": "8.0725", "Year Close": "8.2575", "Annual % Change": "-1.75%"}, "2004": {"Average Stock Price": "7.3074", "Year Open": "6.5833", "Year High": "8.4050", "Year Low": "6.4450", "Year Close": "8.4050", "Annual % Change": "27.35%"}, "2003": {"Average Stock Price": "5.5299", "Year Open": "5.0917", "Year High": "6.9117", "Year Low": "4.6817", "Year Close": "6.6000", "Annual % Change": "30.13%"}, "2002": {"Average Stock Price": "5.1688", "Year Open": "4.4183", "Year High": "5.9817", "Year Low": "4.3167", "Year Close": "5.0717", "Annual % Change": "14.27%"}, "2001": {"Average Stock Price": "4.1119", "Year Open": "3.6050", "Year High": "4.7400", "Year Low": "3.3017", "Year Close": "4.4383", "Annual % Change": "19.69%"}, "2000": {"Average Stock Price": "3.1711", "Year Open": "4.3333", "Year High": "4.5517", "Year Low": "2.4683", "Year Close": "3.7083", "Annual % Change": "-16.64%"}, "1999": {"Average Stock Price": "3.7752", "Year Open": "3.0942", "Year High": "5.0317", "Year Low": "2.7917", "Year Close": "4.4483", "Annual % Change": "48.52%"}, "1998": {"Average Stock Price": "2.5294", "Year Open": "2.3750", "Year High": "2.9950", "Year Low": "2.2242", "Year Close": "2.9950", "Annual % Change": "28.08%"}, "1997": {"Average Stock Price": "2.2794", "Year Open": "1.8858", "Year High": "2.6567", "Year Low": "1.8233", "Year Close": "2.3383", "Annual % Change": "22.64%"}, "1996": {"Average Stock Price": "1.7352", "Year Open": "1.5417", "Year High": "1.9275", "Year Low": "1.4583", "Year Close": "1.9067", "Annual % Change": "23.68%"}, "1995": {"Average Stock Price": "1.6577", "Year Open": "1.4692", "Year High": "2.0417", "Year Low": "1.4167", "Year Close": "1.5417", "Annual % Change": "2.78%"}, "1994": {"Average Stock Price": "1.9189", "Year Open": "2.3333", "Year High": "2.4375", "Year Low": "1.3958", "Year Close": "1.5000", "Annual % Change": "-36.28%"}, "1993": {"Average Stock Price": "2.3090", "Year Open": "2.6150", "Year High": "2.7292", "Year Low": "1.9067", "Year Close": "2.3542", "Annual % Change": "-9.60%"}, "1992": {"Average Stock Price": "2.3832", "Year Open": "2.4900", "Year High": "2.9792", "Year Low": "2.0317", "Year Close": "2.6042", "Annual % Change": "4.59%"}, "1991": {"Average Stock Price": "2.2382", "Year Open": "1.4375", "Year High": "2.6983", "Year Low": "1.3650", "Year Close": "2.4900", "Annual % Change": "69.48%"}, "1990": {"Average Stock Price": "1.4284", "Year Open": "1.5317", "Year High": "1.7192", "Year Low": "1.1983", "Year Close": "1.4692", "Annual % Change": "-5.37%"}, "1989": {"Average Stock Price": "1.1484", "Year Open": "0.9583", "Year High": "1.5525", "Year Low": "0.8433", "Year Close": "1.5525", "Annual % Change": "58.55%"}, "1988": {"Average Stock Price": "1.0234", "Year Open": "1.0933", "Year High": "1.1458", "Year Low": "0.9375", "Year Close": "0.9792", "Annual % Change": "-13.73%"}, "1987": {"Average Stock Price": "1.2253", "Year Open": "1.0725", "Year High": "1.4583", "Year Low": "0.9792", "Year Close": "1.1350", "Annual % Change": "5.83%"}}}, "market cap": {"value": "$20.61B"}, "income statement": {"Revenue": {"2020-12-31": "4895.80000", "2019-12-31": "4357.70000", "2018-12-31": "4145.90000", "2017-12-31": "3776.20000", "2016-12-31": "3493.10000", "2015-12-31": "3394.80000", "2014-12-31": "3297.60000", "2013-12-31": "3194.30000", "2012-12-31": "2921.90000", "2011-12-31": "2749.30000", "2010-12-31": "2589.20000", "2009-12-31": "2520.90000", "2008-12-31": "2422.39800", "2007-12-31": "2220.94000", "2006-12-31": "1945.66100", "2005-12-31": "1736.50600"}, "Cost Of Goods Sold": {"2020-12-31": "2681.60000", "2019-12-31": "2373.70000", "2018-12-31": "2305.10000", "2017-12-31": "2046.60000", "2016-12-31": "1902.50000", "2015-12-31": "1883.00000", "2014-12-31": "1844.70000", "2013-12-31": "1756.30000", "2012-12-31": "1630.50000", "2011-12-31": "1534.80000", "2010-12-31": "1431.40000", "2009-12-31": "1419.90000", "2008-12-31": "1450.68000", "2007-12-31": "1353.04200", "2006-12-31": "1184.52400", "2005-12-31": "1099.50600"}, "Gross Profit": {"2020-12-31": "2214.20000", "2019-12-31": "1984.00000", "2018-12-31": "1840.80000", "2017-12-31": "1729.60000", "2016-12-31": "1590.60000", "2015-12-31": "1511.80000", "2014-12-31": "1452.90000", "2013-12-31": "1438.00000", "2012-12-31": "1291.40000", "2011-12-31": "1214.50000", "2010-12-31": "1157.80000", "2009-12-31": "1101.00000", "2008-12-31": "971.71790", "2007-12-31": "867.89790", "2006-12-31": "761.13700", "2005-12-31": "637.00000"}, "Research And Development Expenses": {"2020-12-31": "", "2019-12-31": "", "2018-12-31": "", "2017-12-31": "", "2016-12-31": "", "2015-12-31": "", "2014-12-31": "", "2013-12-31": "", "2012-12-31": "", "2011-12-31": "", "2010-12-31": "", "2009-12-31": "", "2008-12-31": "", "2007-12-31": "", "2006-12-31": "", "2005-12-31": ""}, "SG&A Expenses": {"2020-12-31": "1184.50000", "2019-12-31": "1143.80000", "2018-12-31": "1049.10000", "2017-12-31": "996.90000", "2016-12-31": "866.40000", "2015-12-31": "837.60000", "2014-12-31": "811.70000", "2013-12-31": "815.80000", "2012-12-31": "746.30000", "2011-12-31": "721.90000", "2010-12-31": "712.80000", "2009-12-31": "708.10000", "2008-12-31": "631.38600", "2007-12-31": "562.86400", "2006-12-31": "509.03500", "2005-12-31": "424.22400"}, "Other Operating Income Or Expenses": {"2020-12-31": "", "2019-12-31": "", "2018-12-31": "", "2017-12-31": "", "2016-12-31": "", "2015-12-31": "", "2014-12-31": "", "2013-12-31": "", "2012-12-31": "", "2011-12-31": "", "2010-12-31": "", "2009-12-31": "20.00000", "2008-12-31": "0.00000", "2007-12-31": "", "2006-12-31": "", "2005-12-31": ""}, "Operating Expenses": {"2020-12-31": "3866.10000", "2019-12-31": "3517.50000", "2018-12-31": "3354.20000", "2017-12-31": "3043.50000", "2016-12-31": "2768.90000", "2015-12-31": "2720.60000", "2014-12-31": "2656.40000", "2013-12-31": "2572.10000", "2012-12-31": "2376.80000", "2011-12-31": "2256.70000", "2010-12-31": "2144.20000", "2009-12-31": "2108.00000", "2008-12-31": "2082.06600", "2007-12-31": "1915.90600", "2006-12-31": "1693.55900", "2005-12-31": "1523.73000"}, "Operating Income": {"2020-12-31": "1029.70000", "2019-12-31": "840.20020", "2018-12-31": "791.69970", "2017-12-31": "732.70000", "2016-12-31": "724.20020", "2015-12-31": "674.20000", "2014-12-31": "641.20020", "2013-12-31": "622.20000", "2012-12-31": "545.09990", "2011-12-31": "492.59990", "2010-12-31": "445.00000", "2009-12-31": "412.89990", "2008-12-31": "340.33200", "2007-12-31": "305.03390", "2006-12-31": "252.10190", "2005-12-31": "212.77600"}, "Total Non-Operating Income/Expense": {"2020-12-31": "-55.90000", "2019-12-31": "-66.50000", "2018-12-31": "-72.20000", "2017-12-31": "-40.00000", "2016-12-31": "-18.30000", "2015-12-31": "-38.80000", "2014-12-31": "-16.30000", "2013-12-31": "-24.40000", "2012-12-31": "-2.60000", "2011-12-31": "2.00000", "2010-12-31": "-26.70000", "2009-12-31": "-20.70000", "2008-12-31": "-32.07200", "2007-12-31": "-40.10300", "2006-12-31": "-39.00400", "2005-12-31": "-37.80200"}, "Pre-Tax Income": {"2020-12-31": "973.80000", "2019-12-31": "773.70000", "2018-12-31": "719.50000", "2017-12-31": "692.70000", "2016-12-31": "705.90000", "2015-12-31": "635.40000", "2014-12-31": "624.90000", "2013-12-31": "597.80000", "2012-12-31": "542.50000", "2011-12-31": "494.60000", "2010-12-31": "418.30000", "2009-12-31": "392.20000", "2008-12-31": "308.26000", "2007-12-31": "264.93100", "2006-12-31": "213.09800", "2005-12-31": "174.97400"}, "Income Taxes": {"2020-12-31": "187.90000", "2019-12-31": "157.80000", "2018-12-31": "150.90000", "2017-12-31": "-50.70000", "2016-12-31": "246.90000", "2015-12-31": "225.00000", "2014-12-31": "211.00000", "2013-12-31": "203.40000", "2012-12-31": "192.70000", "2011-12-31": "185.00000", "2010-12-31": "147.60000", "2009-12-31": "148.70000", "2008-12-31": "113.07800", "2007-12-31": "95.90000", "2006-12-31": "74.17100", "2005-12-31": "52.06800"}, "Income After Taxes": {"2020-12-31": "785.90000", "2019-12-31": "615.90000", "2018-12-31": "568.60000", "2017-12-31": "743.40000", "2016-12-31": "459.00000", "2015-12-31": "410.40000", "2014-12-31": "413.90000", "2013-12-31": "394.40000", "2012-12-31": "349.80000", "2011-12-31": "309.60000", "2010-12-31": "270.70000", "2009-12-31": "243.50000", "2008-12-31": "195.18200", "2007-12-31": "169.03100", "2006-12-31": "138.92700", "2005-12-31": "122.90600"}, "Other Income": {"2020-12-31": "", "2019-12-31": "", "2018-12-31": "", "2017-12-31": "", "2016-12-31": "", "2015-12-31": "", "2014-12-31": "", "2013-12-31": "", "2012-12-31": "", "2011-12-31": "", "2010-12-31": "", "2009-12-31": "", "2008-12-31": "", "2007-12-31": "", "2006-12-31": "", "2005-12-31": ""}, "Income From Continuous Operations": {"2020-12-31": "785.90000", "2019-12-31": "615.90000", "2018-12-31": "568.60000", "2017-12-31": "743.40000", "2016-12-31": "459.00000", "2015-12-31": "410.40000", "2014-12-31": "413.90000", "2013-12-31": "394.40000", "2012-12-31": "349.80000", "2011-12-31": "309.60000", "2010-12-31": "270.70000", "2009-12-31": "243.50000", "2008-12-31": "195.18200", "2007-12-31": "169.03100", "2006-12-31": "138.92700", "2005-12-31": "122.90600"}, "Income From Discontinued Operations": {"2020-12-31": "", "2019-12-31": "", "2018-12-31": "", "2017-12-31": "", "2016-12-31": "", "2015-12-31": "", "2014-12-31": "", "2013-12-31": "", "2012-12-31": "", "2011-12-31": "", "2010-12-31": "", "2009-12-31": "", "2008-12-31": "", "2007-12-31": "", "2006-12-31": "", "2005-12-31": ""}, "Net Income": {"2020-12-31": "785.90000", "2019-12-31": "615.90000", "2018-12-31": "568.60000", "2017-12-31": "743.40000", "2016-12-31": "459.00000", "2015-12-31": "410.40000", "2014-12-31": "413.90000", "2013-12-31": "394.40000", "2012-12-31": "349.80000", "2011-12-31": "309.60000", "2010-12-31": "270.70000", "2009-12-31": "243.50000", "2008-12-31": "195.17400", "2007-12-31": "169.02500", "2006-12-31": "138.92700", "2005-12-31": "122.90600"}, "EBITDA": {"2020-12-31": "1219.40000", "2019-12-31": "1016.60000", "2018-12-31": "932.79970", "2017-12-31": "858.10000", "2016-12-31": "831.80020", "2015-12-31": "775.20000", "2014-12-31": "732.40020", "2013-12-31": "712.70000", "2012-12-31": "630.09990", "2011-12-31": "569.69980", "2010-12-31": "516.60000", "2009-12-31": "498.29990", "2008-12-31": "411.73600", "2007-12-31": "361.70490", "2006-12-31": "303.82890", "2005-12-31": "256.93400"}, "EBIT": {"2020-12-31": "1029.70000", "2019-12-31": "840.20020", "2018-12-31": "791.69970", "2017-12-31": "732.70000", "2016-12-31": "724.20020", "2015-12-31": "674.20000", "2014-12-31": "641.20020", "2013-12-31": "622.20000", "2012-12-31": "545.09990", "2011-12-31": "492.59990", "2010-12-31": "445.00000", "2009-12-31": "412.89990", "2008-12-31": "340.33200", "2007-12-31": "305.03390", "2006-12-31": "252.10190", "2005-12-31": "212.77600"}, "Basic Shares Outstanding": {"2020-12-31": "246.80000", "2019-12-31": "246.20000", "2018-12-31": "245.50000", "2017-12-31": "250.60000", "2016-12-31": "257.60000", "2015-12-31": "262.20000", "2014-12-31": "270.20000", "2013-12-31": "277.20000", "2012-12-31": "280.20000", "2011-12-31": "286.40000", "2010-12-31": "284.00000", "2009-12-31": "281.60000", "2008-12-31": "271.48000", "2007-12-31": "263.36000", "2006-12-31": "259.42400", "2005-12-31": "255.42800"}, "Shares Outstanding": {"2020-12-31": "252.20000", "2019-12-31": "252.10000", "2018-12-31": "250.70000", "2017-12-31": "256.10000", "2016-12-31": "262.10000", "2015-12-31": "267.20000", "2014-12-31": "275.00000", "2013-12-31": "282.40000", "2012-12-31": "285.40000", "2011-12-31": "291.60000", "2010-12-31": "288.80000", "2009-12-31": "286.00000", "2008-12-31": "284.46400", "2007-12-31": "281.24800", "2006-12-31": "275.78400", "2005-12-31": "277.15600"}, "Basic EPS": {"2020-12-31": "3.18000", "2019-12-31": "2.50000", "2018-12-31": "2.32000", "2017-12-31": "2.97000", "2016-12-31": "1.78000", "2015-12-31": "1.57000", "2014-12-31": "1.53000", "2013-12-31": "1.42500", "2012-12-31": "1.25000", "2011-12-31": "1.08000", "2010-12-31": "0.95500", "2009-12-31": "0.86500", "2008-12-31": "0.72000", "2007-12-31": "0.64250", "2006-12-31": "0.53500", "2005-12-31": "0.48000"}, "EPS - Earnings Per Share": {"2020-12-31": "3.12000", "2019-12-31": "2.44000", "2018-12-31": "2.27000", "2017-12-31": "2.90000", "2016-12-31": "1.75000", "2015-12-31": "1.54000", "2014-12-31": "1.51000", "2013-12-31": "1.39500", "2012-12-31": "1.22500", "2011-12-31": "1.06000", "2010-12-31": "0.93500", "2009-12-31": "0.85000", "2008-12-31": "0.69500", "2007-12-31": "0.61500", "2006-12-31": "0.51750", "2005-12-31": "0.45750"}}, "income statement, quarterly": {"Revenue": {"2020-12-31": "1295.30000", "2020-09-30": "1241.00000", "2020-06-30": "1194.30000", "2020-03-31": "1165.20000", "2019-12-31": "1144.20000", "2019-09-30": "1089.40000", "2019-06-30": "1079.40000", "2019-03-31": "1044.70000", "2018-12-31": "1074.40000", "2018-09-30": "1037.60000", "2018-06-30": "1027.90000", "2018-03-31": "1006.00000", "2017-12-31": "1033.10000", "2017-09-30": "967.90000", "2017-06-30": "898.00000", "2017-03-31": "877.20000", "2016-12-31": "896.00010", "2016-09-30": "870.70000", "2016-06-30": "877.40000", "2016-03-31": "849.00000", "2015-12-31": "873.60000", "2015-09-30": "861.80000", "2015-06-30": "847.10000", "2015-03-31": "812.30000", "2014-12-31": "865.50000", "2014-09-30": "841.80000", "2014-06-30": "808.30000", "2014-03-31": "782.00000", "2013-12-31": "822.60000", "2013-09-30": "804.80000", "2013-06-30": "787.60000", "2013-03-31": "779.30000", "2012-12-31": "809.70000", "2012-09-30": "725.20000", "2012-06-30": "696.40000", "2012-03-31": "690.60000", "2011-12-31": "731.10000", "2011-09-30": "701.00000", "2011-06-30": "674.90000", "2011-03-31": "642.30000", "2010-12-31": "656.79990", "2010-09-30": "656.90000", "2010-06-30": "640.90000", "2010-03-31": "634.60000", "2009-12-31": "670.75690", "2009-09-30": "646.15700", "2009-06-30": "623.11900", "2009-03-31": "580.86700", "2008-12-31": "644.90000", "2008-09-30": "630.67200", "2008-06-30": "593.95900", "2008-03-31": "552.86700", "2007-12-31": "579.69500", "2007-09-30": "580.43800", "2007-06-30": "546.47200", "2007-03-31": "514.33500", "2006-12-31": "526.10800", "2006-09-30": "518.57800", "2006-06-30": "458.58400", "2006-03-31": "442.39100", "2005-12-31": "431.27390", "2005-09-30": "442.74300", "2005-06-30": "441.81500", "2005-03-31": "420.67400"}, "Cost Of Goods Sold": {"2020-12-31": "737.90000", "2020-09-30": "675.80000", "2020-06-30": "634.70000", "2020-03-31": "633.20000", "2019-12-31": "620.20000", "2019-09-30": "581.70000", "2019-06-30": "597.90000", "2019-03-31": "573.90000", "2018-12-31": "600.10010", "2018-09-30": "577.50000", "2018-06-30": "573.00000", "2018-03-31": "554.50000", "2017-12-31": "551.70000", "2017-09-30": "529.40000", "2017-06-30": "487.60000", "2017-03-31": "477.90000", "2016-12-31": "488.00000", "2016-09-30": "475.10000", "2016-06-30": "469.40000", "2016-03-31": "470.00000", "2015-12-31": "476.20000", "2015-09-30": "476.00000", "2015-06-30": "474.00000", "2015-03-31": "456.80000", "2014-12-31": "475.89990", "2014-09-30": "474.30000", "2014-06-30": "451.90000", "2014-03-31": "442.60000", "2013-12-31": "450.90010", "2013-09-30": "439.60000", "2013-06-30": "436.60000", "2013-03-31": "429.20000", "2012-12-31": "451.30000", "2012-09-30": "397.70000", "2012-06-30": "393.40000", "2012-03-31": "388.10000", "2011-12-31": "414.60000", "2011-09-30": "391.10000", "2011-06-30": "374.90000", "2011-03-31": "354.20000", "2010-12-31": "364.40000", "2010-09-30": "367.90000", "2010-06-30": "350.00000", "2010-03-31": "349.10000", "2009-12-31": "385.55110", "2009-09-30": "361.27200", "2009-06-30": "341.56800", "2009-03-31": "331.50900", "2008-12-31": "390.86210", "2008-09-30": "379.57800", "2008-06-30": "351.47900", "2008-03-31": "328.76100", "2007-12-31": "357.77300", "2007-09-30": "351.03100", "2007-06-30": "329.77900", "2007-03-31": "314.45900", "2006-12-31": "321.71600", "2006-09-30": "315.61800", "2006-06-30": "273.79100", "2006-03-31": "273.39900", "2005-12-31": "290.94200", "2005-09-30": "275.21300", "2005-06-30": "272.91400", "2005-03-31": "260.43700"}, "Gross Profit": {"2020-12-31": "557.40000", "2020-09-30": "565.20000", "2020-06-30": "559.60000", "2020-03-31": "531.99990", "2019-12-31": "524.00050", "2019-09-30": "507.70000", "2019-06-30": "481.50000", "2019-03-31": "470.79990", "2018-12-31": "474.29980", "2018-09-30": "460.10000", "2018-06-30": "454.90000", "2018-03-31": "451.50000", "2017-12-31": "481.39990", "2017-09-30": "438.50000", "2017-06-30": "410.40000", "2017-03-31": "399.30000", "2016-12-31": "408.00010", "2016-09-30": "395.60000", "2016-06-30": "408.00000", "2016-03-31": "379.00000", "2015-12-31": "397.40000", "2015-09-30": "385.80000", "2015-06-30": "373.10000", "2015-03-31": "355.50000", "2014-12-31": "389.60010", "2014-09-30": "367.50000", "2014-06-30": "356.40000", "2014-03-31": "339.40000", "2013-12-31": "371.70000", "2013-09-30": "365.20000", "2013-06-30": "351.00000", "2013-03-31": "350.10000", "2012-12-31": "358.39990", "2012-09-30": "327.50000", "2012-06-30": "303.00000", "2012-03-31": "302.50000", "2011-12-31": "316.50000", "2011-09-30": "309.90000", "2011-06-30": "300.00000", "2011-03-31": "288.10000", "2010-12-31": "292.39990", "2010-09-30": "289.00000", "2010-06-30": "290.90000", "2010-03-31": "285.50000", "2009-12-31": "285.20580", "2009-09-30": "284.88500", "2009-06-30": "281.55100", "2009-03-31": "249.35800", "2008-12-31": "254.03790", "2008-09-30": "251.09400", "2008-06-30": "242.48000", "2008-03-31": "224.10600", "2007-12-31": "221.92200", "2007-09-30": "229.40700", "2007-06-30": "216.69300", "2007-03-31": "199.87600", "2006-12-31": "204.39200", "2006-09-30": "202.96000", "2006-06-30": "184.79300", "2006-03-31": "168.99200", "2005-12-31": "140.33200", "2005-09-30": "167.53000", "2005-06-30": "168.90100", "2005-03-31": "160.23700"}, "Research And Development Expenses": {"2020-12-31": "", "2020-09-30": "", "2020-06-30": "", "2020-03-31": "", "2019-12-31": "", "2019-09-30": "", "2019-06-30": "", "2019-03-31": "", "2018-12-31": "", "2018-09-30": "", "2018-06-30": "", "2018-03-31": "", "2017-12-31": "", "2017-09-30": "", "2017-06-30": "", "2017-03-31": "", "2016-12-31": "", "2016-09-30": "", "2016-06-30": "", "2016-03-31": "", "2015-12-31": "", "2015-09-30": "", "2015-06-30": "", "2015-03-31": "", "2014-12-31": "", "2014-09-30": "", "2014-06-30": "", "2014-03-31": "", "2013-12-31": "", "2013-09-30": "", "2013-06-30": "", "2013-03-31": "", "2012-12-31": "", "2012-09-30": "", "2012-06-30": "", "2012-03-31": "", "2011-12-31": "", "2011-09-30": "", "2011-06-30": "", "2011-03-31": "", "2010-12-31": "", "2010-09-30": "", "2010-06-30": "", "2010-03-31": "", "2009-12-31": "", "2009-09-30": "", "2009-06-30": "", "2009-03-31": "", "2008-12-31": "", "2008-09-30": "", "2008-06-30": "", "2008-03-31": "", "2007-12-31": "", "2007-09-30": "", "2007-06-30": "", "2007-03-31": "", "2006-12-31": "", "2006-09-30": "", "2006-06-30": "", "2006-03-31": "", "2005-12-31": "", "2005-09-30": "", "2005-06-30": "", "2005-03-31": ""}, "SG&A Expenses": {"2020-12-31": "366.80000", "2020-09-30": "291.40000", "2020-06-30": "308.90000", "2020-03-31": "217.40000", "2019-12-31": "328.80000", "2019-09-30": "290.90000", "2019-06-30": "294.10000", "2019-03-31": "230.00000", "2018-12-31": "280.90010", "2018-09-30": "255.90000", "2018-06-30": "281.10000", "2018-03-31": "231.20000", "2017-12-31": "266.70000", "2017-09-30": "239.80000", "2017-06-30": "287.20000", "2017-03-31": "203.20000", "2016-12-31": "234.60000", "2016-09-30": "199.60000", "2016-06-30": "232.70000", "2016-03-31": "199.50000", "2015-12-31": "228.20000", "2015-09-30": "195.20000", "2015-06-30": "230.80000", "2015-03-31": "183.40000", "2014-12-31": "225.80000", "2014-09-30": "190.30000", "2014-06-30": "218.20000", "2014-03-31": "177.40000", "2013-12-31": "227.10000", "2013-09-30": "197.40000", "2013-06-30": "210.50000", "2013-03-31": "180.80000", "2012-12-31": "223.79990", "2012-09-30": "182.10000", "2012-06-30": "180.60000", "2012-03-31": "159.80000", "2011-12-31": "199.10000", "2011-09-30": "183.60000", "2011-06-30": "182.20000", "2011-03-31": "157.00000", "2010-12-31": "212.40000", "2010-09-30": "176.00000", "2010-06-30": "170.90000", "2010-03-31": "153.50000", "2009-12-31": "193.86900", "2009-09-30": "186.98400", "2009-06-30": "182.54900", "2009-03-31": "144.69800", "2008-12-31": "173.89900", "2008-09-30": "165.54600", "2008-06-30": "160.59700", "2008-03-31": "131.34400", "2007-12-31": "164.19600", "2007-09-30": "140.79200", "2007-06-30": "140.14300", "2007-03-31": "117.73300", "2006-12-31": "160.15500", "2006-09-30": "134.07100", "2006-06-30": "118.13700", "2006-03-31": "96.67200", "2005-12-31": "108.42700", "2005-09-30": "113.64100", "2005-06-30": "109.07100", "2005-03-31": "93.08500"}, "Other Operating Income Or Expenses": {"2020-12-31": "", "2020-09-30": "", "2020-06-30": "", "2020-03-31": "", "2019-12-31": "", "2019-09-30": "", "2019-06-30": "", "2019-03-31": "", "2018-12-31": "", "2018-09-30": "", "2018-06-30": "", "2018-03-31": "", "2017-12-31": "", "2017-09-30": "", "2017-06-30": "", "2017-03-31": "", "2016-12-31": "", "2016-09-30": "", "2016-06-30": "", "2016-03-31": "", "2015-12-31": "", "2015-09-30": "", "2015-06-30": "", "2015-03-31": "", "2014-12-31": "", "2014-09-30": "", "2014-06-30": "", "2014-03-31": "", "2013-12-31": "", "2013-09-30": "", "2013-06-30": "", "2013-03-31": "", "2012-12-31": "", "2012-09-30": "", "2012-06-30": "", "2012-03-31": "", "2011-12-31": "", "2011-09-30": "", "2011-06-30": "", "2011-03-31": "", "2010-12-31": "", "2010-09-30": "", "2010-06-30": "", "2010-03-31": "", "2009-12-31": "", "2009-09-30": "20.00000", "2009-06-30": "", "2009-03-31": "", "2008-12-31": "", "2008-09-30": "", "2008-06-30": "", "2008-03-31": "", "2007-12-31": "", "2007-09-30": "", "2007-06-30": "", "2007-03-31": "", "2006-12-31": "", "2006-09-30": "", "2006-06-30": "", "2006-03-31": "", "2005-12-31": "", "2005-09-30": "", "2005-06-30": "", "2005-03-31": ""}, "Operating Expenses": {"2020-12-31": "1104.70000", "2020-09-30": "967.20000", "2020-06-30": "943.60000", "2020-03-31": "850.60000", "2019-12-31": "948.99990", "2019-09-30": "872.60000", "2019-06-30": "892.00000", "2019-03-31": "803.90000", "2018-12-31": "881.00030", "2018-09-30": "833.40000", "2018-06-30": "854.10000", "2018-03-31": "785.70000", "2017-12-31": "818.40000", "2017-09-30": "769.20000", "2017-06-30": "774.80000", "2017-03-31": "681.10000", "2016-12-31": "722.60000", "2016-09-30": "674.70000", "2016-06-30": "702.10000", "2016-03-31": "669.50000", "2015-12-31": "704.40010", "2015-09-30": "671.20000", "2015-06-30": "704.80000", "2015-03-31": "640.20000", "2014-12-31": "701.70000", "2014-09-30": "664.60000", "2014-06-30": "670.10000", "2014-03-31": "620.00000", "2013-12-31": "678.00010", "2013-09-30": "637.00000", "2013-06-30": "647.10000", "2013-03-31": "610.00000", "2012-12-31": "675.10000", "2012-09-30": "579.80000", "2012-06-30": "574.00000", "2012-03-31": "547.90000", "2011-12-31": "613.70030", "2011-09-30": "574.70000", "2011-06-30": "557.10000", "2011-03-31": "511.20000", "2010-12-31": "576.79990", "2010-09-30": "543.90000", "2010-06-30": "520.90000", "2010-03-31": "502.60000", "2009-12-31": "579.41990", "2009-09-30": "528.25600", "2009-06-30": "524.11700", "2009-03-31": "476.20700", "2008-12-31": "564.76100", "2008-09-30": "545.12400", "2008-06-30": "512.07600", "2008-03-31": "460.10500", "2007-12-31": "521.96900", "2007-09-30": "491.82300", "2007-06-30": "469.92200", "2007-03-31": "432.19200", "2006-12-31": "481.87120", "2006-09-30": "449.68900", "2006-06-30": "391.92800", "2006-03-31": "370.07100", "2005-12-31": "399.36900", "2005-09-30": "388.85400", "2005-06-30": "381.98500", "2005-03-31": "353.52200"}, "Operating Income": {"2020-12-31": "190.60010", "2020-09-30": "273.80000", "2020-06-30": "250.70000", "2020-03-31": "314.60000", "2019-12-31": "195.20060", "2019-09-30": "216.80000", "2019-06-30": "187.40000", "2019-03-31": "240.79990", "2018-12-31": "193.39960", "2018-09-30": "204.20000", "2018-06-30": "173.80000", "2018-03-31": "220.30000", "2017-12-31": "214.69980", "2017-09-30": "198.70000", "2017-06-30": "123.20000", "2017-03-31": "196.10000", "2016-12-31": "173.40010", "2016-09-30": "196.00000", "2016-06-30": "175.30000", "2016-03-31": "179.50000", "2015-12-31": "169.19990", "2015-09-30": "190.60000", "2015-06-30": "142.30000", "2015-03-31": "172.10000", "2014-12-31": "163.80000", "2014-09-30": "177.20000", "2014-06-30": "138.20000", "2014-03-31": "162.00000", "2013-12-31": "144.59990", "2013-09-30": "167.80000", "2013-06-30": "140.50000", "2013-03-31": "169.30000", "2012-12-31": "134.60000", "2012-09-30": "145.40000", "2012-06-30": "122.40000", "2012-03-31": "142.70000", "2011-12-31": "117.39980", "2011-09-30": "126.30000", "2011-06-30": "117.80000", "2011-03-31": "131.10000", "2010-12-31": "80.00000", "2010-09-30": "113.00000", "2010-06-30": "120.00000", "2010-03-31": "132.00000", "2009-12-31": "91.33700", "2009-09-30": "117.90100", "2009-06-30": "99.00200", "2009-03-31": "104.66000", "2008-12-31": "80.13900", "2008-09-30": "85.54800", "2008-06-30": "81.88300", "2008-03-31": "92.76200", "2007-12-31": "57.72600", "2007-09-30": "88.61500", "2007-06-30": "76.55000", "2007-03-31": "82.14300", "2006-12-31": "44.23690", "2006-09-30": "68.88900", "2006-06-30": "66.65600", "2006-03-31": "72.32000", "2005-12-31": "31.90490", "2005-09-30": "53.88900", "2005-06-30": "59.83000", "2005-03-31": "67.15200"}, "Total Non-Operating Income/Expense": {"2020-12-31": "-13.70000", "2020-09-30": "-12.30000", "2020-06-30": "-14.70000", "2020-03-31": "-15.20000", "2019-12-31": "-17.50000", "2019-09-30": "-16.20000", "2019-06-30": "-17.10000", "2019-03-31": "-15.70000", "2018-12-31": "-17.30000", "2018-09-30": "-16.90000", "2018-06-30": "-18.40000", "2018-03-31": "-19.60000", "2017-12-31": "-16.00000", "2017-09-30": "-11.70000", "2017-06-30": "-6.40000", "2017-03-31": "-5.90000", "2016-12-31": "-3.90000", "2016-09-30": "-3.60000", "2016-06-30": "-4.30000", "2016-03-31": "-6.50000", "2015-12-31": "-4.30000", "2015-09-30": "-4.90000", "2015-06-30": "-22.80000", "2015-03-31": "-6.80000", "2014-12-31": "-3.80000", "2014-09-30": "-4.00000", "2014-06-30": "-3.20000", "2014-03-31": "-5.30000", "2013-12-31": "-5.40000", "2013-09-30": "-4.60000", "2013-06-30": "-8.30000", "2013-03-31": "-6.10000", "2012-12-31": "-4.40000", "2012-09-30": "0.60000", "2012-06-30": "0.70000", "2012-03-31": "0.50000", "2011-12-31": "0.60000", "2011-09-30": "-0.30000", "2011-06-30": "1.20000", "2011-03-31": "0.50000", "2010-12-31": "-9.40000", "2010-09-30": "-7.10000", "2010-06-30": "-3.60000", "2010-03-31": "-6.60000", "2009-12-31": "-6.28100", "2009-09-30": "-5.23400", "2009-06-30": "-4.01700", "2009-03-31": "-5.16800", "2008-12-31": "-9.37700", "2008-09-30": "-10.90800", "2008-06-30": "-6.42900", "2008-03-31": "-5.35800", "2007-12-31": "-8.57200", "2007-09-30": "-9.39600", "2007-06-30": "-10.41300", "2007-03-31": "-11.72200", "2006-12-31": "-12.31100", "2006-09-30": "-12.28200", "2006-06-30": "-8.34400", "2006-03-31": "-6.06700", "2005-12-31": "-11.00700", "2005-09-30": "-9.77700", "2005-06-30": "-7.73000", "2005-03-31": "-9.28800"}, "Pre-Tax Income": {"2020-12-31": "176.90000", "2020-09-30": "261.50000", "2020-06-30": "236.00000", "2020-03-31": "299.40000", "2019-12-31": "177.70000", "2019-09-30": "200.60000", "2019-06-30": "170.30000", "2019-03-31": "225.10000", "2018-12-31": "176.10000", "2018-09-30": "187.30000", "2018-06-30": "155.40000", "2018-03-31": "200.70000", "2017-12-31": "198.70000", "2017-09-30": "187.00000", "2017-06-30": "116.80000", "2017-03-31": "190.20000", "2016-12-31": "169.50000", "2016-09-30": "192.40000", "2016-06-30": "171.00000", "2016-03-31": "173.00000", "2015-12-31": "164.90000", "2015-09-30": "185.70000", "2015-06-30": "119.50000", "2015-03-31": "165.30000", "2014-12-31": "160.00000", "2014-09-30": "173.20000", "2014-06-30": "135.00000", "2014-03-31": "156.70000", "2013-12-31": "139.20000", "2013-09-30": "163.20000", "2013-06-30": "132.20000", "2013-03-31": "163.20000", "2012-12-31": "130.20000", "2012-09-30": "146.00000", "2012-06-30": "123.10000", "2012-03-31": "143.20000", "2011-12-31": "118.00000", "2011-09-30": "126.00000", "2011-06-30": "119.00000", "2011-03-31": "131.60000", "2010-12-31": "70.60000", "2010-09-30": "105.90000", "2010-06-30": "116.40000", "2010-03-31": "125.40000", "2009-12-31": "85.05600", "2009-09-30": "112.66700", "2009-06-30": "94.98500", "2009-03-31": "99.49200", "2008-12-31": "70.76200", "2008-09-30": "74.64000", "2008-06-30": "75.45400", "2008-03-31": "87.40400", "2007-12-31": "49.15400", "2007-09-30": "79.21900", "2007-06-30": "66.13700", "2007-03-31": "70.42100", "2006-12-31": "31.92600", "2006-09-30": "56.60700", "2006-06-30": "58.31200", "2006-03-31": "66.25300", "2005-12-31": "20.89800", "2005-09-30": "44.11200", "2005-06-30": "52.10000", "2005-03-31": "57.86400"}, "Income Taxes": {"2020-12-31": "26.70000", "2020-09-30": "45.30000", "2020-06-30": "46.30000", "2020-03-31": "69.60000", "2019-12-31": "33.30000", "2019-09-30": "43.30000", "2019-06-30": "31.80000", "2019-03-31": "49.40000", "2018-12-31": "33.30000", "2018-09-30": "41.00000", "2018-06-30": "33.70000", "2018-03-31": "42.90000", "2017-12-31": "-206.90000", "2017-09-30": "53.60000", "2017-06-30": "43.90000", "2017-03-31": "58.70000", "2016-12-31": "59.10000", "2016-09-30": "68.40000", "2016-06-30": "59.40000", "2016-03-31": "60.00000", "2015-12-31": "55.80000", "2015-09-30": "65.30000", "2015-06-30": "45.80000", "2015-03-31": "58.10000", "2014-12-31": "53.40000", "2014-09-30": "57.30000", "2014-06-30": "46.20000", "2014-03-31": "54.10000", "2013-12-31": "47.00000", "2013-09-30": "55.30000", "2013-06-30": "45.60000", "2013-03-31": "55.50000", "2012-12-31": "49.40000", "2012-09-30": "52.10000", "2012-06-30": "43.80000", "2012-03-31": "47.40000", "2011-12-31": "54.20000", "2011-09-30": "46.40000", "2011-06-30": "36.40000", "2011-03-31": "48.00000", "2010-12-31": "23.70000", "2010-09-30": "36.40000", "2010-06-30": "42.10000", "2010-03-31": "45.40000", "2009-12-31": "32.31300", "2009-09-30": "42.64300", "2009-06-30": "36.82800", "2009-03-31": "36.91600", "2008-12-31": "26.53200", "2008-09-30": "25.65100", "2008-06-30": "29.68400", "2008-03-31": "31.21100", "2007-12-31": "17.45000", "2007-09-30": "27.51200", "2007-06-30": "25.61100", "2007-03-31": "25.32700", "2006-12-31": "8.01600", "2006-09-30": "17.94300", "2006-06-30": "21.90600", "2006-03-31": "26.30600", "2005-12-31": "4.67100", "2005-09-30": "9.51400", "2005-06-30": "17.72000", "2005-03-31": "20.16300"}, "Income After Taxes": {"2020-12-31": "150.20000", "2020-09-30": "216.20000", "2020-06-30": "189.70000", "2020-03-31": "229.80000", "2019-12-31": "144.40000", "2019-09-30": "157.30000", "2019-06-30": "138.50000", "2019-03-31": "175.70000", "2018-12-31": "142.80000", "2018-09-30": "146.30000", "2018-06-30": "121.70000", "2018-03-31": "157.80000", "2017-12-31": "405.60000", "2017-09-30": "133.40000", "2017-06-30": "72.90000", "2017-03-31": "131.50000", "2016-12-31": "110.40000", "2016-09-30": "124.00000", "2016-06-30": "111.60000", "2016-03-31": "113.00000", "2015-12-31": "109.10000", "2015-09-30": "120.40000", "2015-06-30": "73.70000", "2015-03-31": "107.20000", "2014-12-31": "106.60000", "2014-09-30": "115.90000", "2014-06-30": "88.80000", "2014-03-31": "102.60000", "2013-12-31": "92.20000", "2013-09-30": "107.90000", "2013-06-30": "86.60000", "2013-03-31": "107.70000", "2012-12-31": "80.80000", "2012-09-30": "93.90000", "2012-06-30": "79.30000", "2012-03-31": "95.80000", "2011-12-31": "63.80000", "2011-09-30": "79.60000", "2011-06-30": "82.60000", "2011-03-31": "83.60000", "2010-12-31": "46.90000", "2010-09-30": "69.50000", "2010-06-30": "74.30000", "2010-03-31": "80.00000", "2009-12-31": "52.74300", "2009-09-30": "70.02400", "2009-06-30": "58.15700", "2009-03-31": "62.57600", "2008-12-31": "44.23000", "2008-09-30": "48.98900", "2008-06-30": "45.77000", "2008-03-31": "56.19300", "2007-12-31": "31.70400", "2007-09-30": "51.70700", "2007-06-30": "40.52600", "2007-03-31": "45.09400", "2006-12-31": "23.91000", "2006-09-30": "38.66400", "2006-06-30": "36.40600", "2006-03-31": "39.94700", "2005-12-31": "16.22700", "2005-09-30": "34.59800", "2005-06-30": "34.38000", "2005-03-31": "37.70100"}, "Other Income": {"2020-12-31": "", "2020-09-30": "", "2020-06-30": "", "2020-03-31": "", "2019-12-31": "", "2019-09-30": "", "2019-06-30": "", "2019-03-31": "", "2018-12-31": "", "2018-09-30": "", "2018-06-30": "", "2018-03-31": "", "2017-12-31": "", "2017-09-30": "", "2017-06-30": "", "2017-03-31": "", "2016-12-31": "", "2016-09-30": "", "2016-06-30": "", "2016-03-31": "", "2015-12-31": "", "2015-09-30": "", "2015-06-30": "", "2015-03-31": "", "2014-12-31": "", "2014-09-30": "", "2014-06-30": "", "2014-03-31": "", "2013-12-31": "", "2013-09-30": "", "2013-06-30": "", "2013-03-31": "", "2012-12-31": "", "2012-09-30": "", "2012-06-30": "", "2012-03-31": "", "2011-12-31": "", "2011-09-30": "", "2011-06-30": "", "2011-03-31": "", "2010-12-31": "", "2010-09-30": "", "2010-06-30": "", "2010-03-31": "", "2009-12-31": "", "2009-09-30": "", "2009-06-30": "", "2009-03-31": "", "2008-12-31": "", "2008-09-30": "", "2008-06-30": "", "2008-03-31": "", "2007-12-31": "", "2007-09-30": "", "2007-06-30": "", "2007-03-31": "", "2006-12-31": "", "2006-09-30": "", "2006-06-30": "", "2006-03-31": "", "2005-12-31": "", "2005-09-30": "", "2005-06-30": "", "2005-03-31": ""}, "Income From Continuous Operations": {"2020-12-31": "150.20000", "2020-09-30": "216.20000", "2020-06-30": "189.70000", "2020-03-31": "229.80000", "2019-12-31": "144.40000", "2019-09-30": "157.30000", "2019-06-30": "138.50000", "2019-03-31": "175.70000", "2018-12-31": "142.80000", "2018-09-30": "146.30000", "2018-06-30": "121.70000", "2018-03-31": "157.80000", "2017-12-31": "405.60000", "2017-09-30": "133.40000", "2017-06-30": "72.90000", "2017-03-31": "131.50000", "2016-12-31": "110.40000", "2016-09-30": "124.00000", "2016-06-30": "111.60000", "2016-03-31": "113.00000", "2015-12-31": "109.10000", "2015-09-30": "120.40000", "2015-06-30": "73.70000", "2015-03-31": "107.20000", "2014-12-31": "106.60000", "2014-09-30": "115.90000", "2014-06-30": "88.80000", "2014-03-31": "102.60000", "2013-12-31": "92.20000", "2013-09-30": "107.90000", "2013-06-30": "86.60000", "2013-03-31": "107.70000", "2012-12-31": "80.80000", "2012-09-30": "93.90000", "2012-06-30": "79.30000", "2012-03-31": "95.80000", "2011-12-31": "63.80000", "2011-09-30": "79.60000", "2011-06-30": "82.60000", "2011-03-31": "83.60000", "2010-12-31": "46.90000", "2010-09-30": "69.50000", "2010-06-30": "74.30000", "2010-03-31": "80.00000", "2009-12-31": "52.74300", "2009-09-30": "70.02400", "2009-06-30": "58.15700", "2009-03-31": "62.57600", "2008-12-31": "44.23000", "2008-09-30": "48.98900", "2008-06-30": "45.77000", "2008-03-31": "56.19300", "2007-12-31": "31.68300", "2007-09-30": "51.71600", "2007-06-30": "40.53300", "2007-03-31": "45.09900", "2006-12-31": "23.91000", "2006-09-30": "38.66400", "2006-06-30": "36.40600", "2006-03-31": "39.94700", "2005-12-31": "16.22700", "2005-09-30": "34.59800", "2005-06-30": "34.38000", "2005-03-31": "37.70100"}, "Income From Discontinued Operations": {"2020-12-31": "", "2020-09-30": "", "2020-06-30": "", "2020-03-31": "", "2019-12-31": "", "2019-09-30": "", "2019-06-30": "", "2019-03-31": "", "2018-12-31": "", "2018-09-30": "", "2018-06-30": "", "2018-03-31": "", "2017-12-31": "", "2017-09-30": "", "2017-06-30": "", "2017-03-31": "", "2016-12-31": "", "2016-09-30": "", "2016-06-30": "", "2016-03-31": "", "2015-12-31": "", "2015-09-30": "", "2015-06-30": "", "2015-03-31": "", "2014-12-31": "", "2014-09-30": "", "2014-06-30": "", "2014-03-31": "", "2013-12-31": "", "2013-09-30": "", "2013-06-30": "", "2013-03-31": "", "2012-12-31": "", "2012-09-30": "", "2012-06-30": "", "2012-03-31": "", "2011-12-31": "", "2011-09-30": "", "2011-06-30": "", "2011-03-31": "", "2010-12-31": "", "2010-09-30": "", "2010-06-30": "", "2010-03-31": "", "2009-12-31": "", "2009-09-30": "", "2009-06-30": "", "2009-03-31": "", "2008-12-31": "", "2008-09-30": "", "2008-06-30": "", "2008-03-31": "", "2007-12-31": "", "2007-09-30": "", "2007-06-30": "", "2007-03-31": "", "2006-12-31": "", "2006-09-30": "", "2006-06-30": "", "2006-03-31": "", "2005-12-31": "", "2005-09-30": "", "2005-06-30": "", "2005-03-31": ""}, "Net Income": {"2020-12-31": "150.20000", "2020-09-30": "216.20000", "2020-06-30": "189.70000", "2020-03-31": "229.80000", "2019-12-31": "144.40000", "2019-09-30": "157.30000", "2019-06-30": "138.50000", "2019-03-31": "175.70000", "2018-12-31": "142.80000", "2018-09-30": "146.30000", "2018-06-30": "121.70000", "2018-03-31": "157.80000", "2017-12-31": "405.60000", "2017-09-30": "133.40000", "2017-06-30": "72.90000", "2017-03-31": "131.50000", "2016-12-31": "110.40000", "2016-09-30": "124.00000", "2016-06-30": "111.60000", "2016-03-31": "113.00000", "2015-12-31": "109.10000", "2015-09-30": "120.40000", "2015-06-30": "73.70000", "2015-03-31": "107.20000", "2014-12-31": "106.60000", "2014-09-30": "115.90000", "2014-06-30": "88.80000", "2014-03-31": "102.60000", "2013-12-31": "92.20000", "2013-09-30": "107.90000", "2013-06-30": "86.60000", "2013-03-31": "107.70000", "2012-12-31": "80.80000", "2012-09-30": "93.90000", "2012-06-30": "79.30000", "2012-03-31": "95.80000", "2011-12-31": "63.80000", "2011-09-30": "79.60000", "2011-06-30": "82.60000", "2011-03-31": "83.60000", "2010-12-31": "46.90000", "2010-09-30": "69.50000", "2010-06-30": "74.30000", "2010-03-31": "80.00000", "2009-12-31": "52.74700", "2009-09-30": "70.02800", "2009-06-30": "58.15600", "2009-03-31": "62.56900", "2008-12-31": "44.22900", "2008-09-30": "48.98900", "2008-06-30": "45.76500", "2008-03-31": "56.19100", "2007-12-31": "31.67700", "2007-09-30": "51.71600", "2007-06-30": "40.53300", "2007-03-31": "45.09900", "2006-12-31": "23.91000", "2006-09-30": "38.66400", "2006-06-30": "36.40600", "2006-03-31": "39.94700", "2005-12-31": "16.22700", "2005-09-30": "34.59800", "2005-06-30": "34.38000", "2005-03-31": "37.70100"}, "EBITDA": {"2020-12-31": "", "2020-09-30": "320.30000", "2020-06-30": "296.90000", "2020-03-31": "360.80000", "2019-12-31": "241.70060", "2019-09-30": "263.80000", "2019-06-30": "231.70000", "2019-03-31": "279.39990", "2018-12-31": "229.09960", "2018-09-30": "239.70000", "2018-06-30": "208.00010", "2018-03-31": "256.00000", "2017-12-31": "248.49980", "2017-09-30": "231.10000", "2017-06-30": "153.09990", "2017-03-31": "225.40000", "2016-12-31": "200.80020", "2016-09-30": "221.80000", "2016-06-30": "201.80000", "2016-03-31": "207.40000", "2015-12-31": "193.89990", "2015-09-30": "215.50000", "2015-06-30": "167.70000", "2015-03-31": "198.10000", "2014-12-31": "187.30000", "2014-09-30": "199.20000", "2014-06-30": "161.10000", "2014-03-31": "184.80000", "2013-12-31": "167.19990", "2013-09-30": "189.40000", "2013-06-30": "163.20000", "2013-03-31": "192.90000", "2012-12-31": "160.20000", "2012-09-30": "165.50000", "2012-06-30": "142.50000", "2012-03-31": "161.89990", "2011-12-31": "135.79980", "2011-09-30": "145.80000", "2011-06-30": "137.60010", "2011-03-31": "150.50000", "2010-12-31": "97.20000", "2010-09-30": "131.00000", "2010-06-30": "138.20000", "2010-03-31": "150.20000", "2009-12-31": "111.84600", "2009-09-30": "139.18600", "2009-06-30": "120.93800", "2009-03-31": "126.33000", "2008-12-31": "99.52500", "2008-09-30": "105.91500", "2008-06-30": "98.32200", "2008-03-31": "107.97400", "2007-12-31": "71.30000", "2007-09-30": "102.67900", "2007-06-30": "90.96900", "2007-03-31": "96.75700", "2006-12-31": "57.82190", "2006-09-30": "82.10800", "2006-06-30": "79.09500", "2006-03-31": "84.80400", "2005-12-31": "42.64090", "2005-09-30": "65.19700", "2005-06-30": "71.04900", "2005-03-31": "78.04700"}, "EBIT": {"2020-12-31": "190.60010", "2020-09-30": "273.80000", "2020-06-30": "250.70000", "2020-03-31": "314.60000", "2019-12-31": "195.20020", "2019-09-30": "216.80000", "2019-06-30": "187.40000", "2019-03-31": "240.79990", "2018-12-31": "193.39970", "2018-09-30": "204.20000", "2018-06-30": "173.80000", "2018-03-31": "220.30000", "2017-12-31": "214.70000", "2017-09-30": "198.70000", "2017-06-30": "123.20000", "2017-03-31": "196.10000", "2016-12-31": "173.40010", "2016-09-30": "196.00000", "2016-06-30": "175.30000", "2016-03-31": "179.50000", "2015-12-31": "169.20000", "2015-09-30": "190.60000", "2015-06-30": "142.30000", "2015-03-31": "172.10000", "2014-12-31": "163.80020", "2014-09-30": "177.20000", "2014-06-30": "138.20000", "2014-03-31": "162.00000", "2013-12-31": "144.60000", "2013-09-30": "167.80000", "2013-06-30": "140.50000", "2013-03-31": "169.30000", "2012-12-31": "134.59990", "2012-09-30": "145.40000", "2012-06-30": "122.40000", "2012-03-31": "142.70000", "2011-12-31": "117.39980", "2011-09-30": "126.30000", "2011-06-30": "117.80000", "2011-03-31": "131.10000", "2010-12-31": "80.00000", "2010-09-30": "113.00000", "2010-06-30": "120.00000", "2010-03-31": "132.00000", "2009-12-31": "91.33690", "2009-09-30": "117.90100", "2009-06-30": "99.00200", "2009-03-31": "104.66000", "2008-12-31": "80.13900", "2008-09-30": "85.54800", "2008-06-30": "81.88300", "2008-03-31": "92.76200", "2007-12-31": "57.72600", "2007-09-30": "88.61500", "2007-06-30": "76.55000", "2007-03-31": "82.14300", "2006-12-31": "44.23690", "2006-09-30": "68.88900", "2006-06-30": "66.65600", "2006-03-31": "72.32000", "2005-12-31": "31.90500", "2005-09-30": "53.88900", "2005-06-30": "59.83000", "2005-03-31": "67.15200"}, "Basic Shares Outstanding": {"2020-12-31": "247.90000", "2020-09-30": "247.70000", "2020-06-30": "246.20000", "2020-03-31": "245.60000", "2019-12-31": "246.20000", "2019-09-30": "246.80000", "2019-06-30": "246.40000", "2019-03-31": "246.10000", "2018-12-31": "245.50000", "2018-09-30": "245.70000", "2018-06-30": "244.80000", "2018-03-31": "244.90000", "2017-12-31": "250.60000", "2017-09-30": "249.70000", "2017-06-30": "249.80000", "2017-03-31": "254.10000", "2016-12-31": "257.60000", "2016-09-30": "258.00000", "2016-06-30": "257.00000", "2016-03-31": "258.80000", "2015-12-31": "262.20000", "2015-09-30": "262.20000", "2015-06-30": "261.80000", "2015-03-31": "264.00000", "2014-12-31": "270.20000", "2014-09-30": "267.40000", "2014-06-30": "269.60000", "2014-03-31": "276.00000", "2013-12-31": "277.20000", "2013-09-30": "277.60000", "2013-06-30": "277.00000", "2013-03-31": "276.60000", "2012-12-31": "280.20000", "2012-09-30": "279.00000", "2012-06-30": "279.00000", "2012-03-31": "284.60000", "2011-12-31": "286.40000", "2011-09-30": "287.40000", "2011-06-30": "286.60000", "2011-03-31": "285.60000", "2010-12-31": "284.00000", "2010-09-30": "284.40000", "2010-06-30": "284.00000", "2010-03-31": "283.20000", "2009-12-31": "281.60000", "2009-09-30": "281.67600", "2009-06-30": "281.36800", "2009-03-31": "280.93600", "2008-12-31": "271.48000", "2008-09-30": "273.60000", "2008-06-30": "266.29600", "2008-03-31": "265.37200", "2007-12-31": "263.36000", "2007-09-30": "263.65200", "2007-06-30": "263.21600", "2007-03-31": "262.28000", "2006-12-31": "259.42400", "2006-09-30": "259.86400", "2006-06-30": "258.80800", "2006-03-31": "257.91200", "2005-12-31": "255.42800", "2005-09-30": "256.40800", "2005-06-30": "254.68400", "2005-03-31": "253.28400"}, "Shares Outstanding": {"2020-12-31": "253.00000", "2020-09-30": "253.30000", "2020-06-30": "251.30000", "2020-03-31": "251.00000", "2019-12-31": "252.10000", "2019-09-30": "252.90000", "2019-06-30": "252.70000", "2019-03-31": "251.90000", "2018-12-31": "250.70000", "2018-09-30": "251.10000", "2018-06-30": "249.30000", "2018-03-31": "250.00000", "2017-12-31": "256.10000", "2017-09-30": "255.30000", "2017-06-30": "255.60000", "2017-03-31": "259.70000", "2016-12-31": "262.10000", "2016-09-30": "262.70000", "2016-06-30": "261.90000", "2016-03-31": "263.60000", "2015-12-31": "267.20000", "2015-09-30": "267.20000", "2015-06-30": "266.80000", "2015-03-31": "269.20000", "2014-12-31": "275.00000", "2014-09-30": "272.00000", "2014-06-30": "274.60000", "2014-03-31": "281.20000", "2013-12-31": "282.40000", "2013-09-30": "282.60000", "2013-06-30": "282.20000", "2013-03-31": "281.80000", "2012-12-31": "285.40000", "2012-09-30": "284.40000", "2012-06-30": "284.40000", "2012-03-31": "289.80000", "2011-12-31": "291.60000", "2011-09-30": "292.60000", "2011-06-30": "291.80000", "2011-03-31": "290.60000", "2010-12-31": "288.80000", "2010-09-30": "288.80000", "2010-06-30": "288.80000", "2010-03-31": "288.00000", "2009-12-31": "286.00000", "2009-09-30": "286.49600", "2009-06-30": "285.71200", "2009-03-31": "285.24800", "2008-12-31": "284.46400", "2008-09-30": "285.08400", "2008-06-30": "284.26800", "2008-03-31": "283.26800", "2007-12-31": "281.24800", "2007-09-30": "281.36400", "2007-06-30": "281.28800", "2007-03-31": "280.09600", "2006-12-31": "275.78400", "2006-09-30": "276.26000", "2006-06-30": "275.07200", "2006-03-31": "274.19600", "2005-12-31": "277.15600", "2005-09-30": "278.13600", "2005-06-30": "276.88800", "2005-03-31": "276.00800"}, "Basic EPS": {"2020-12-31": "0.61000", "2020-09-30": "0.87000", "2020-06-30": "0.77000", "2020-03-31": "0.94000", "2019-12-31": "0.59000", "2019-09-30": "0.64000", "2019-06-30": "0.56000", "2019-03-31": "0.71000", "2018-12-31": "0.58000", "2018-09-30": "0.60000", "2018-06-30": "0.50000", "2018-03-31": "0.64000", "2017-12-31": "1.63000", "2017-09-30": "0.53000", "2017-06-30": "0.29000", "2017-03-31": "0.52000", "2016-12-31": "0.43000", "2016-09-30": "0.48000", "2016-06-30": "0.43000", "2016-03-31": "0.44000", "2015-12-31": "0.42500", "2015-09-30": "0.46000", "2015-06-30": "0.28000", "2015-03-31": "0.40500", "2014-12-31": "0.39500", "2014-09-30": "0.43500", "2014-06-30": "0.33000", "2014-03-31": "0.37000", "2013-12-31": "0.33500", "2013-09-30": "0.39000", "2013-06-30": "0.31000", "2013-03-31": "0.39000", "2012-12-31": "0.29500", "2012-09-30": "0.33500", "2012-06-30": "0.28500", "2012-03-31": "0.33500", "2011-12-31": "0.22000", "2011-09-30": "0.27500", "2011-06-30": "0.29000", "2011-03-31": "0.29500", "2010-12-31": "0.16750", "2010-09-30": "0.24500", "2010-06-30": "0.26000", "2010-03-31": "0.28250", "2009-12-31": "0.18750", "2009-09-30": "0.24750", "2009-06-30": "0.20750", "2009-03-31": "0.22250", "2008-12-31": "0.15500", "2008-09-30": "0.18000", "2008-06-30": "0.17250", "2008-03-31": "0.21250", "2007-12-31": "0.12000", "2007-09-30": "0.19500", "2007-06-30": "0.15500", "2007-03-31": "0.17250", "2006-12-31": "0.09000", "2006-09-30": "0.15000", "2006-06-30": "0.14000", "2006-03-31": "0.15500", "2005-12-31": "0.06000", "2005-09-30": "0.13500", "2005-06-30": "0.13500", "2005-03-31": "0.15000"}, "EPS - Earnings Per Share": {"2020-12-31": "0.59000", "2020-09-30": "0.85000", "2020-06-30": "0.75000", "2020-03-31": "0.92000", "2019-12-31": "0.57000", "2019-09-30": "0.62000", "2019-06-30": "0.55000", "2019-03-31": "0.70000", "2018-12-31": "0.57000", "2018-09-30": "0.58000", "2018-06-30": "0.49000", "2018-03-31": "0.63000", "2017-12-31": "1.58000", "2017-09-30": "0.52000", "2017-06-30": "0.29000", "2017-03-31": "0.51000", "2016-12-31": "0.42000", "2016-09-30": "0.47000", "2016-06-30": "0.43000", "2016-03-31": "0.43000", "2015-12-31": "0.41500", "2015-09-30": "0.45000", "2015-06-30": "0.27500", "2015-03-31": "0.40000", "2014-12-31": "0.39500", "2014-09-30": "0.42500", "2014-06-30": "0.32500", "2014-03-31": "0.36500", "2013-12-31": "0.33000", "2013-09-30": "0.38000", "2013-06-30": "0.30500", "2013-03-31": "0.38000", "2012-12-31": "0.28500", "2012-09-30": "0.33000", "2012-06-30": "0.28000", "2012-03-31": "0.33000", "2011-12-31": "0.21500", "2011-09-30": "0.27000", "2011-06-30": "0.28500", "2011-03-31": "0.29000", "2010-12-31": "0.16250", "2010-09-30": "0.24000", "2010-06-30": "0.25500", "2010-03-31": "0.27750", "2009-12-31": "0.18250", "2009-09-30": "0.24500", "2009-06-30": "0.20250", "2009-03-31": "0.22000", "2008-12-31": "0.15500", "2008-09-30": "0.17250", "2008-06-30": "0.16500", "2008-03-31": "0.20250", "2007-12-31": "0.11500", "2007-09-30": "0.18750", "2007-06-30": "0.14750", "2007-03-31": "0.16500", "2006-12-31": "0.09000", "2006-09-30": "0.14250", "2006-06-30": "0.13500", "2006-03-31": "0.15000", "2005-12-31": "0.06250", "2005-09-30": "0.12750", "2005-06-30": "0.12750", "2005-03-31": "0.14000"}}, "balance sheet": {"Cash On Hand": {"2020-12-31": "183.10000", "2019-12-31": "155.70000", "2018-12-31": "316.70000", "2017-12-31": "278.90000", "2016-12-31": "187.80000", "2015-12-31": "330.00000", "2014-12-31": "423.00000", "2013-12-31": "496.90000", "2012-12-31": "343.00000", "2011-12-31": "251.40000", "2010-12-31": "189.20000", "2009-12-31": "447.14300", "2008-12-31": "197.99900", "2007-12-31": "249.80900", "2006-12-31": "110.47600", "2005-12-31": "126.67800"}, "Receivables": {"2020-12-31": "398.80000", "2019-12-31": "356.40000", "2018-12-31": "345.30000", "2017-12-31": "345.90000", "2016-12-31": "287.00000", "2015-12-31": "276.20000", "2014-12-31": "322.90000", "2013-12-31": "330.20000", "2012-12-31": "303.10000", "2011-12-31": "264.60000", "2010-12-31": "231.10000", "2009-12-31": "222.15800", "2008-12-31": "211.19400", "2007-12-31": "247.89800", "2006-12-31": "231.40300", "2005-12-31": "187.86300"}, "Inventory": {"2020-12-31": "495.40000", "2019-12-31": "417.40000", "2018-12-31": "382.80000", "2017-12-31": "330.70000", "2016-12-31": "258.20000", "2015-12-31": "274.00000", "2014-12-31": "245.90000", "2013-12-31": "250.50000", "2012-12-31": "242.20000", "2011-12-31": "200.70000", "2010-12-31": "195.40000", "2009-12-31": "216.87000", "2008-12-31": "198.89300", "2007-12-31": "213.65100", "2006-12-31": "194.90000", "2005-12-31": "156.14900"}, "Pre-Paid Expenses": {"2020-12-31": "", "2019-12-31": "", "2018-12-31": "", "2017-12-31": "", "2016-12-31": "", "2015-12-31": "", "2014-12-31": "", "2013-12-31": "", "2012-12-31": "", "2011-12-31": "", "2010-12-31": "", "2009-12-31": "", "2008-12-31": "10.23400", "2007-12-31": "9.22400", "2006-12-31": "9.88100", "2005-12-31": "11.38100"}, "Other Current Assets": {"2020-12-31": "35.10000", "2019-12-31": "26.90000", "2018-12-31": "33.40000", "2017-12-31": "44.70000", "2016-12-31": "23.80000", "2015-12-31": "25.80000", "2014-12-31": "26.30000", "2013-12-31": "21.60000", "2012-12-31": "27.90000", "2011-12-31": "32.50000", "2010-12-31": "17.50000", "2009-12-31": "21.66200", "2008-12-31": "31.69400", "2007-12-31": "1.26300", "2006-12-31": "", "2005-12-31": ""}, "Total Current Assets": {"2020-12-31": "1112.40000", "2019-12-31": "956.40000", "2018-12-31": "1078.20000", "2017-12-31": "1000.20000", "2016-12-31": "756.80000", "2015-12-31": "906.00000", "2014-12-31": "1018.10000", "2013-12-31": "1115.80000", "2012-12-31": "933.80000", "2011-12-31": "755.20000", "2010-12-31": "649.50000", "2009-12-31": "928.26500", "2008-12-31": "665.12100", "2007-12-31": "735.35300", "2006-12-31": "556.07000", "2005-12-31": "494.43800"}, "Property, Plant, And Equipment": {"2020-12-31": "612.80000", "2019-12-31": "573.00000", "2018-12-31": "598.20000", "2017-12-31": "607.70000", "2016-12-31": "588.60000", "2015-12-31": "609.60000", "2014-12-31": "616.20000", "2013-12-31": "594.10000", "2012-12-31": "586.00000", "2011-12-31": "506.00000", "2010-12-31": "468.30000", "2009-12-31": "455.63600", "2008-12-31": "384.51900", "2007-12-31": "350.85300", "2006-12-31": "340.48400", "2005-12-31": "326.90300"}, "Long-Term Investments": {"2020-12-31": "9.10000", "2019-12-31": "9.70000", "2018-12-31": "8.50000", "2017-12-31": "9.30000", "2016-12-31": "8.50000", "2015-12-31": "8.40000", "2014-12-31": "24.80000", "2013-12-31": "24.50000", "2012-12-31": "23.00000", "2011-12-31": "12.00000", "2010-12-31": "9.20000", "2009-12-31": "12.81500", "2008-12-31": "10.06100", "2007-12-31": "10.32400", "2006-12-31": "10.39400", "2005-12-31": "10.85500"}, "Goodwill And Intangible Assets": {"2020-12-31": "5339.80000", "2019-12-31": "4829.50000", "2018-12-31": "4266.90000", "2017-12-31": "4279.40000", "2016-12-31": "2875.90000", "2015-12-31": "2624.40000", "2014-12-31": "2597.40000", "2013-12-31": "2426.50000", "2012-12-31": "2468.70000", "2011-12-31": "1772.50000", "2010-12-31": "1729.90000", "2009-12-31": "1632.96900", "2008-12-31": "1655.40300", "2007-12-31": "1354.01000", "2006-12-31": "1365.58800", "2005-12-31": "1065.64600"}, "Other Long-Term Assets": {"2020-12-31": "340.40000", "2019-12-31": "288.80000", "2018-12-31": "117.40000", "2017-12-31": "118.20000", "2016-12-31": "124.30000", "2015-12-31": "108.50000", "2014-12-31": "102.70000", "2013-12-31": "98.80000", "2012-12-31": "86.60000", "2011-12-31": "71.90000", "2010-12-31": "88.30000", "2009-12-31": "88.76100", "2008-12-31": "86.33400", "2007-12-31": "81.95000", "2006-12-31": "56.39200", "2005-12-31": "58.14100"}, "Total Long-Term Assets": {"2020-12-31": "6302.10000", "2019-12-31": "5701.00000", "2018-12-31": "4991.00000", "2017-12-31": "5014.60000", "2016-12-31": "3597.30000", "2015-12-31": "3350.90000", "2014-12-31": "3341.10000", "2013-12-31": "3143.90000", "2012-12-31": "3164.30000", "2011-12-31": "2362.40000", "2010-12-31": "2295.70000", "2009-12-31": "2190.18100", "2008-12-31": "2136.31700", "2007-12-31": "1797.13700", "2006-12-31": "1778.08400", "2005-12-31": "1467.67900"}, "Total Assets": {"2020-12-31": "7414.50000", "2019-12-31": "6657.40000", "2018-12-31": "6069.20000", "2017-12-31": "6014.80000", "2016-12-31": "4354.10000", "2015-12-31": "4256.90000", "2014-12-31": "4359.20000", "2013-12-31": "4259.70000", "2012-12-31": "4098.10000", "2011-12-31": "3117.60000", "2010-12-31": "2945.20000", "2009-12-31": "3118.44600", "2008-12-31": "2801.43800", "2007-12-31": "2532.49000", "2006-12-31": "2334.15400", "2005-12-31": "1962.11700"}, "Total Current Liabilities": {"2020-12-31": "1388.60000", "2019-12-31": "1092.30000", "2018-12-31": "1326.30000", "2017-12-31": "935.00000", "2016-12-31": "1001.90000", "2015-12-31": "872.70000", "2014-12-31": "905.30000", "2013-12-31": "651.20000", "2012-12-31": "725.60000", "2011-12-31": "383.60000", "2010-12-31": "447.10000", "2009-12-31": "567.03200", "2008-12-31": "387.12100", "2007-12-31": "457.78900", "2006-12-31": "444.40400", "2005-12-31": "409.71000"}, "Long Term Debt": {"2020-12-31": "1812.50000", "2019-12-31": "1810.20000", "2018-12-31": "1508.80000", "2017-12-31": "2103.40000", "2016-12-31": "693.40000", "2015-12-31": "692.80000", "2014-12-31": "690.00000", "2013-12-31": "649.50000", "2012-12-31": "649.40000", "2011-12-31": "249.70000", "2010-12-31": "249.70000", "2009-12-31": "597.34700", "2008-12-31": "781.40200", "2007-12-31": "707.31100", "2006-12-31": "792.92500", "2005-12-31": "635.26100"}, "Other Non-Current Liabilities": {"2020-12-31": "1193.00000", "2019-12-31": "507.50000", "2018-12-31": "203.90000", "2017-12-31": "197.20000", "2016-12-31": "168.70000", "2015-12-31": "183.40000", "2014-12-31": "163.10000", "2013-12-31": "157.50000", "2012-12-31": "141.10000", "2011-12-31": "106.20000", "2010-12-31": "85.20000", "2009-12-31": "112.44000", "2008-12-31": "93.43000", "2007-12-31": "87.76900", "2006-12-31": "46.76300", "2005-12-31": "40.82300"}, "Total Long Term Liabilities": {"2020-12-31": "3005.50000", "2019-12-31": "2897.30000", "2018-12-31": "2289.10000", "2017-12-31": "2861.80000", "2016-12-31": "1374.30000", "2015-12-31": "1361.00000", "2014-12-31": "1352.00000", "2013-12-31": "1308.50000", "2012-12-31": "1311.40000", "2011-12-31": "693.20000", "2010-12-31": "627.20000", "2009-12-31": "949.64200", "2008-12-31": "1082.61200", "2007-12-31": "994.43600", "2006-12-31": "1025.91300", "2005-12-31": "855.52900"}, "Total Liabilities": {"2020-12-31": "4394.10000", "2019-12-31": "3989.60000", "2018-12-31": "3615.40000", "2017-12-31": "3796.80000", "2016-12-31": "2376.20000", "2015-12-31": "2233.70000", "2014-12-31": "2257.30000", "2013-12-31": "1959.70000", "2012-12-31": "2037.00000", "2011-12-31": "1076.80000", "2010-12-31": "1074.30000", "2009-12-31": "1516.67400", "2008-12-31": "1469.73300", "2007-12-31": "1452.22500", "2006-12-31": "1470.31700", "2005-12-31": "1265.23900"}, "Common Stock Net": {"2020-12-31": "", "2019-12-31": "292.80000", "2018-12-31": "292.80000", "2017-12-31": "292.80000", "2016-12-31": "292.80000", "2015-12-31": "292.80000", "2014-12-31": "146.40000", "2013-12-31": "146.40000", "2012-12-31": "146.40000", "2011-12-31": "146.40000", "2010-12-31": "146.40000", "2009-12-31": "73.21400", "2008-12-31": "73.21400", "2007-12-31": "69.99100", "2006-12-31": "69.99100", "2005-12-31": "69.99100"}, "Retained Earnings (Accumulated Deficit)": {"2020-12-31": "", "2019-12-31": "4237.40000", "2018-12-31": "3832.60000", "2017-12-31": "3479.00000", "2016-12-31": "2926.00000", "2015-12-31": "2650.00000", "2014-12-31": "2414.90000", "2013-12-31": "2168.50000", "2012-12-31": "1929.30000", "2011-12-31": "1714.00000", "2010-12-31": "1501.80000", "2009-12-31": "1275.11700", "2008-12-31": "1063.92800", "2007-12-31": "891.86800", "2006-12-31": "740.13000", "2005-12-31": "618.07100"}, "Comprehensive Income": {"2020-12-31": "", "2019-12-31": "-66.70000", "2018-12-31": "-53.60000", "2017-12-31": "-36.40000", "2016-12-31": "-63.80000", "2015-12-31": "-45.90000", "2014-12-31": "-34.70000", "2013-12-31": "0.20000", "2012-12-31": "2.50000", "2011-12-31": "2.90000", "2010-12-31": "16.30000", "2009-12-31": "10.07800", "2008-12-31": "-20.45400", "2007-12-31": "39.12800", "2006-12-31": "12.15300", "2005-12-31": "-0.45400"}, "Other Share Holders Equity": {"2020-12-31": "", "2019-12-31": "", "2018-12-31": "", "2017-12-31": "", "2016-12-31": "", "2015-12-31": "", "2014-12-31": "", "2013-12-31": "", "2012-12-31": "", "2011-12-31": "", "2010-12-31": "", "2009-12-31": "", "2008-12-31": "", "2007-12-31": "", "2006-12-31": "", "2005-12-31": ""}, "Share Holder Equity": {"2020-12-31": "3020.40000", "2019-12-31": "2667.80000", "2018-12-31": "2453.80000", "2017-12-31": "2218.00000", "2016-12-31": "1977.90000", "2015-12-31": "2023.20000", "2014-12-31": "2101.90000", "2013-12-31": "2300.00000", "2012-12-31": "2061.10000", "2011-12-31": "2040.80000", "2010-12-31": "1870.90000", "2009-12-31": "1601.77200", "2008-12-31": "1331.70500", "2007-12-31": "1080.26500", "2006-12-31": "863.83700", "2005-12-31": "696.87800"}, "Total Liabilities And Share Holders Equity": {"2020-12-31": "7414.50000", "2019-12-31": "6657.40000", "2018-12-31": "6069.20000", "2017-12-31": "6014.80000", "2016-12-31": "4354.10000", "2015-12-31": "4256.90000", "2014-12-31": "4359.20000", "2013-12-31": "4259.70000", "2012-12-31": "4098.10000", "2011-12-31": "3117.60000", "2010-12-31": "2945.20000", "2009-12-31": "3118.44600", "2008-12-31": "2801.43800", "2007-12-31": "2532.49000", "2006-12-31": "2334.15400", "2005-12-31": "1962.11700"}}, "balance sheet, quarterly": {"Cash On Hand": {"2020-12-31": "183.10000", "2020-09-30": "549.10000", "2020-06-30": "451.70000", "2020-03-31": "1046.60000", "2019-12-31": "155.70000", "2019-09-30": "114.70000", "2019-06-30": "97.90000", "2019-03-31": "97.90000", "2018-12-31": "316.70000", "2018-09-30": "188.30000", "2018-06-30": "89.30000", "2018-03-31": "119.80000", "2017-12-31": "278.90000", "2017-09-30": "236.50000", "2017-06-30": "237.60000", "2017-03-31": "139.50000", "2016-12-31": "187.80000", "2016-09-30": "232.10000", "2016-06-30": "210.80000", "2016-03-31": "194.30000", "2015-12-31": "330.00000", "2015-09-30": "210.60000", "2015-06-30": "203.20000", "2015-03-31": "299.70000", "2014-12-31": "423.00000", "2014-09-30": "370.20000", "2014-06-30": "196.90000", "2014-03-31": "300.00000", "2013-12-31": "496.90000", "2013-09-30": "445.50000", "2013-06-30": "274.10000", "2013-03-31": "279.30000", "2012-12-31": "343.00000", "2012-09-30": "891.20000", "2012-06-30": "184.20000", "2012-03-31": "232.40000", "2011-12-31": "251.40000", "2011-09-30": "275.00000", "2011-06-30": "163.40000", "2011-03-31": "159.10000", "2010-12-31": "189.20000", "2010-09-30": "453.51500", "2010-06-30": "364.26500", "2010-03-31": "446.60700", "2009-12-31": "447.14300", "2009-09-30": "419.24200", "2009-06-30": "356.99900", "2009-03-31": "280.24100", "2008-12-31": "197.99900", "2008-09-30": "175.68900", "2008-06-30": "255.93300", "2008-03-31": "208.06200", "2007-12-31": "249.80900", "2007-09-30": "178.48600", "2007-06-30": "106.88700", "2007-03-31": "107.73800", "2006-12-31": "110.47600", "2006-09-30": "95.81300", "2006-06-30": "110.18700", "2006-03-31": "123.04100", "2005-12-31": "126.67800", "2005-09-30": "159.79600", "2005-06-30": "109.46300", "2005-03-31": "101.90200"}, "Receivables": {"2020-12-31": "398.80000", "2020-09-30": "372.80000", "2020-06-30": "344.50000", "2020-03-31": "353.50000", "2019-12-31": "356.40000", "2019-09-30": "384.40000", "2019-06-30": "383.70000", "2019-03-31": "384.60000", "2018-12-31": "345.30000", "2018-09-30": "361.50000", "2018-06-30": "348.60000", "2018-03-31": "361.10000", "2017-12-31": "345.90000", "2017-09-30": "377.90000", "2017-06-30": "303.80000", "2017-03-31": "305.20000", "2016-12-31": "287.00000", "2016-09-30": "265.30000", "2016-06-30": "278.90000", "2016-03-31": "277.00000", "2015-12-31": "276.20000", "2015-09-30": "330.70000", "2015-06-30": "340.40000", "2015-03-31": "337.10000", "2014-12-31": "322.90000", "2014-09-30": "321.30000", "2014-06-30": "342.80000", "2014-03-31": "344.40000", "2013-12-31": "330.20000", "2013-09-30": "323.90000", "2013-06-30": "327.40000", "2013-03-31": "332.40000", "2012-12-31": "303.10000", "2012-09-30": "278.30000", "2012-06-30": "272.40000", "2012-03-31": "270.60000", "2011-12-31": "264.60000", "2011-09-30": "262.00000", "2011-06-30": "272.80000", "2011-03-31": "248.50000", "2010-12-31": "231.10000", "2010-09-30": "250.62300", "2010-06-30": "242.07400", "2010-03-31": "241.67700", "2009-12-31": "222.15800", "2009-09-30": "234.28100", "2009-06-30": "231.07200", "2009-03-31": "216.46900", "2008-12-31": "211.19400", "2008-09-30": "263.68000", "2008-06-30": "272.07100", "2008-03-31": "243.51300", "2007-12-31": "247.89800", "2007-09-30": "271.80200", "2007-06-30": "245.34800", "2007-03-31": "229.70800", "2006-12-31": "231.40300", "2006-09-30": "248.60600", "2006-06-30": "214.75900", "2006-03-31": "189.30700", "2005-12-31": "187.86300", "2005-09-30": "201.14200", "2005-06-30": "205.00000", "2005-03-31": "187.94400"}, "Inventory": {"2020-12-31": "495.40000", "2020-09-30": "497.70000", "2020-06-30": "455.50000", "2020-03-31": "395.70000", "2019-12-31": "417.40000", "2019-09-30": "388.80000", "2019-06-30": "401.50000", "2019-03-31": "399.50000", "2018-12-31": "382.80000", "2018-09-30": "390.60000", "2018-06-30": "369.20000", "2018-03-31": "357.20000", "2017-12-31": "330.70000", "2017-09-30": "336.10000", "2017-06-30": "292.30000", "2017-03-31": "280.10000", "2016-12-31": "258.20000", "2016-09-30": "285.70000", "2016-06-30": "290.30000", "2016-03-31": "291.00000", "2015-12-31": "274.00000", "2015-09-30": "274.30000", "2015-06-30": "270.80000", "2015-03-31": "256.80000", "2014-12-31": "245.90000", "2014-09-30": "261.60000", "2014-06-30": "271.00000", "2014-03-31": "265.00000", "2013-12-31": "250.50000", "2013-09-30": "258.40000", "2013-06-30": "255.50000", "2013-03-31": "259.10000", "2012-12-31": "242.20000", "2012-09-30": "225.10000", "2012-06-30": "225.90000", "2012-03-31": "212.60000", "2011-12-31": "200.70000", "2011-09-30": "225.40000", "2011-06-30": "215.80000", "2011-03-31": "213.10000", "2010-12-31": "195.40000", "2010-09-30": "215.39500", "2010-06-30": "230.61600", "2010-03-31": "227.95700", "2009-12-31": "216.87000", "2009-09-30": "227.30700", "2009-06-30": "215.14900", "2009-03-31": "199.88200", "2008-12-31": "198.89300", "2008-09-30": "221.86700", "2008-06-30": "219.24400", "2008-03-31": "214.96600", "2007-12-31": "213.65100", "2007-09-30": "220.15000", "2007-06-30": "211.50400", "2007-03-31": "214.44800", "2006-12-31": "194.90000", "2006-09-30": "206.72000", "2006-06-30": "192.13100", "2006-03-31": "180.69600", "2005-12-31": "156.14900", "2005-09-30": "159.68700", "2005-06-30": "158.32000", "2005-03-31": "157.83700"}, "Pre-Paid Expenses": {"2020-12-31": "", "2020-09-30": "", "2020-06-30": "", "2020-03-31": "", "2019-12-31": "", "2019-09-30": "", "2019-06-30": "", "2019-03-31": "", "2018-12-31": "", "2018-09-30": "", "2018-06-30": "", "2018-03-31": "", "2017-12-31": "", "2017-09-30": "", "2017-06-30": "", "2017-03-31": "", "2016-12-31": "", "2016-09-30": "", "2016-06-30": "", "2016-03-31": "", "2015-12-31": "", "2015-09-30": "", "2015-06-30": "", "2015-03-31": "", "2014-12-31": "", "2014-09-30": "", "2014-06-30": "", "2014-03-31": "", "2013-12-31": "", "2013-09-30": "", "2013-06-30": "", "2013-03-31": "", "2012-12-31": "", "2012-09-30": "", "2012-06-30": "", "2012-03-31": "", "2011-12-31": "", "2011-09-30": "", "2011-06-30": "", "2011-03-31": "", "2010-12-31": "", "2010-09-30": "", "2010-06-30": "", "2010-03-31": "", "2009-12-31": "", "2009-09-30": "11.42400", "2009-06-30": "13.43500", "2009-03-31": "11.64800", "2008-12-31": "10.23400", "2008-09-30": "19.55200", "2008-06-30": "14.78300", "2008-03-31": "11.55400", "2007-12-31": "9.22400", "2007-09-30": "10.73000", "2007-06-30": "13.62700", "2007-03-31": "12.14200", "2006-12-31": "9.88100", "2006-09-30": "9.68300", "2006-06-30": "11.95100", "2006-03-31": "10.08900", "2005-12-31": "11.38100", "2005-09-30": "8.52400", "2005-06-30": "11.48900", "2005-03-31": "10.74100"}, "Other Current Assets": {"2020-12-31": "35.10000", "2020-09-30": "24.90000", "2020-06-30": "25.00000", "2020-03-31": "33.00000", "2019-12-31": "26.90000", "2019-09-30": "20.90000", "2019-06-30": "42.80000", "2019-03-31": "31.70000", "2018-12-31": "33.40000", "2018-09-30": "19.90000", "2018-06-30": "63.30000", "2018-03-31": "53.30000", "2017-12-31": "44.70000", "2017-09-30": "52.70000", "2017-06-30": "43.50000", "2017-03-31": "29.70000", "2016-12-31": "23.80000", "2016-09-30": "21.40000", "2016-06-30": "37.90000", "2016-03-31": "23.20000", "2015-12-31": "25.80000", "2015-09-30": "21.80000", "2015-06-30": "19.70000", "2015-03-31": "24.60000", "2014-12-31": "26.30000", "2014-09-30": "20.20000", "2014-06-30": "34.40000", "2014-03-31": "25.70000", "2013-12-31": "21.60000", "2013-09-30": "19.80000", "2013-06-30": "36.30000", "2013-03-31": "23.40000", "2012-12-31": "27.90000", "2012-09-30": "35.30000", "2012-06-30": "43.30000", "2012-03-31": "37.80000", "2011-12-31": "32.50000", "2011-09-30": "21.40000", "2011-06-30": "34.90000", "2011-03-31": "26.40000", "2010-12-31": "17.50000", "2010-09-30": "25.24400", "2010-06-30": "18.88000", "2010-03-31": "18.17500", "2009-12-31": "21.66200", "2009-09-30": "30.70000", "2009-06-30": "3.73200", "2009-03-31": "31.47600", "2008-12-31": "31.69400", "2008-09-30": "", "2008-06-30": "", "2008-03-31": "", "2007-12-31": "1.26300", "2007-09-30": "", "2007-06-30": "3.41300", "2007-03-31": "3.41300", "2006-12-31": "", "2006-09-30": "", "2006-06-30": "", "2006-03-31": "1.31400", "2005-12-31": "", "2005-09-30": "3.72300", "2005-06-30": "11.00000", "2005-03-31": "13.30000"}, "Total Current Assets": {"2020-12-31": "1112.40000", "2020-09-30": "1444.50000", "2020-06-30": "1276.70000", "2020-03-31": "1828.80000", "2019-12-31": "956.40000", "2019-09-30": "908.80000", "2019-06-30": "925.90000", "2019-03-31": "913.70000", "2018-12-31": "1078.20000", "2018-09-30": "960.30000", "2018-06-30": "870.40000", "2018-03-31": "891.40000", "2017-12-31": "1000.20000", "2017-09-30": "1003.20000", "2017-06-30": "877.20000", "2017-03-31": "754.50000", "2016-12-31": "756.80000", "2016-09-30": "804.50000", "2016-06-30": "817.90000", "2016-03-31": "785.50000", "2015-12-31": "906.00000", "2015-09-30": "851.70000", "2015-06-30": "848.10000", "2015-03-31": "932.00000", "2014-12-31": "1018.10000", "2014-09-30": "992.80000", "2014-06-30": "864.40000", "2014-03-31": "953.80000", "2013-12-31": "1115.80000", "2013-09-30": "1065.30000", "2013-06-30": "911.00000", "2013-03-31": "911.80000", "2012-12-31": "933.80000", "2012-09-30": "1435.90000", "2012-06-30": "731.60000", "2012-03-31": "759.30000", "2011-12-31": "755.20000", "2011-09-30": "798.80000", "2011-06-30": "702.60000", "2011-03-31": "663.20000", "2010-12-31": "649.50000", "2010-09-30": "964.64600", "2010-06-30": "875.38400", "2010-03-31": "954.33800", "2009-12-31": "928.26500", "2009-09-30": "940.27600", "2009-06-30": "837.73800", "2009-03-31": "756.83000", "2008-12-31": "665.12100", "2008-09-30": "695.39200", "2008-06-30": "776.62200", "2008-03-31": "692.78900", "2007-12-31": "735.35300", "2007-09-30": "687.78400", "2007-06-30": "588.58400", "2007-03-31": "577.37700", "2006-12-31": "556.07000", "2006-09-30": "566.14800", "2006-06-30": "537.95300", "2006-03-31": "514.63500", "2005-12-31": "494.43800", "2005-09-30": "542.17000", "2005-06-30": "501.14300", "2005-03-31": "478.24500"}, "Property, Plant, And Equipment": {"2020-12-31": "612.80000", "2020-09-30": "579.50000", "2020-06-30": "568.70000", "2020-03-31": "566.70000", "2019-12-31": "573.00000", "2019-09-30": "553.10000", "2019-06-30": "559.00000", "2019-03-31": "558.80000", "2018-12-31": "598.20000", "2018-09-30": "587.90000", "2018-06-30": "593.10000", "2018-03-31": "600.60000", "2017-12-31": "607.70000", "2017-09-30": "601.80000", "2017-06-30": "573.20000", "2017-03-31": "578.90000", "2016-12-31": "588.60000", "2016-09-30": "592.70000", "2016-06-30": "594.60000", "2016-03-31": "601.10000", "2015-12-31": "609.60000", "2015-09-30": "610.00000", "2015-06-30": "615.50000", "2015-03-31": "617.80000", "2014-12-31": "616.20000", "2014-09-30": "595.80000", "2014-06-30": "585.70000", "2014-03-31": "588.40000", "2013-12-31": "594.10000", "2013-09-30": "576.00000", "2013-06-30": "577.30000", "2013-03-31": "584.50000", "2012-12-31": "586.00000", "2012-09-30": "542.40000", "2012-06-30": "532.80000", "2012-03-31": "517.60000", "2011-12-31": "506.00000", "2011-09-30": "476.80000", "2011-06-30": "473.70000", "2011-03-31": "468.20000", "2010-12-31": "468.30000", "2010-09-30": "455.71100", "2010-06-30": "451.35200", "2010-03-31": "452.15800", "2009-12-31": "455.63600", "2009-09-30": "441.68200", "2009-06-30": "423.94900", "2009-03-31": "398.96500", "2008-12-31": "384.51900", "2008-09-30": "349.63400", "2008-06-30": "339.97100", "2008-03-31": "339.80800", "2007-12-31": "350.85300", "2007-09-30": "346.85000", "2007-06-30": "344.00900", "2007-03-31": "337.02500", "2006-12-31": "340.48400", "2006-09-30": "335.91600", "2006-06-30": "329.84200", "2006-03-31": "328.39200", "2005-12-31": "326.90300", "2005-09-30": "332.86500", "2005-06-30": "333.61200", "2005-03-31": "331.21200"}, "Long-Term Investments": {"2020-12-31": "9.10000", "2020-09-30": "9.40000", "2020-06-30": "10.60000", "2020-03-31": "10.00000", "2019-12-31": "9.70000", "2019-09-30": "10.20000", "2019-06-30": "10.30000", "2019-03-31": "9.40000", "2018-12-31": "8.50000", "2018-09-30": "8.80000", "2018-06-30": "9.40000", "2018-03-31": "9.40000", "2017-12-31": "9.30000", "2017-09-30": "8.50000", "2017-06-30": "9.50000", "2017-03-31": "8.20000", "2016-12-31": "8.50000", "2016-09-30": "8.00000", "2016-06-30": "9.10000", "2016-03-31": "8.00000", "2015-12-31": "8.40000", "2015-09-30": "7.90000", "2015-06-30": "8.80000", "2015-03-31": "24.90000", "2014-12-31": "24.80000", "2014-09-30": "24.80000", "2014-06-30": "25.10000", "2014-03-31": "23.90000", "2013-12-31": "24.50000", "2013-09-30": "25.60000", "2013-06-30": "23.50000", "2013-03-31": "24.80000", "2012-12-31": "23.00000", "2012-09-30": "20.30000", "2012-06-30": "17.40000", "2012-03-31": "15.10000", "2011-12-31": "12.00000", "2011-09-30": "9.70000", "2011-06-30": "9.80000", "2011-03-31": "9.70000", "2010-12-31": "9.20000", "2010-09-30": "10.20000", "2010-06-30": "12.64800", "2010-03-31": "11.68900", "2009-12-31": "12.81500", "2009-09-30": "12.29800", "2009-06-30": "11.36300", "2009-03-31": "9.82100", "2008-12-31": "10.06100", "2008-09-30": "10.03500", "2008-06-30": "10.09400", "2008-03-31": "9.56300", "2007-12-31": "10.32400", "2007-09-30": "9.98500", "2007-06-30": "10.81400", "2007-03-31": "11.04700", "2006-12-31": "10.39400", "2006-09-30": "10.18000", "2006-06-30": "11.21900", "2006-03-31": "10.89800", "2005-12-31": "10.85500", "2005-09-30": "11.57100", "2005-06-30": "12.85000", "2005-03-31": "12.59000"}, "Goodwill And Intangible Assets": {"2020-12-31": "5339.80000", "2020-09-30": "4752.30000", "2020-06-30": "4776.10000", "2020-03-31": "4799.80000", "2019-12-31": "4829.50000", "2019-09-30": "4856.80000", "2019-06-30": "4883.30000", "2019-03-31": "4249.20000", "2018-12-31": "4266.90000", "2018-09-30": "4287.10000", "2018-06-30": "4304.80000", "2018-03-31": "4322.60000", "2017-12-31": "4279.40000", "2017-09-30": "4224.50000", "2017-06-30": "3096.50000", "2017-03-31": "3019.40000", "2016-12-31": "2875.90000", "2016-09-30": "2759.30000", "2016-06-30": "2770.70000", "2016-03-31": "2782.90000", "2015-12-31": "2624.40000", "2015-09-30": "2633.80000", "2015-06-30": "2645.10000", "2015-03-31": "2654.20000", "2014-12-31": "2597.40000", "2014-09-30": "2608.10000", "2014-06-30": "2406.60000", "2014-03-31": "2418.60000", "2013-12-31": "2426.50000", "2013-09-30": "2440.80000", "2013-06-30": "2446.70000", "2013-03-31": "2455.70000", "2012-12-31": "2468.70000", "2012-09-30": "1755.00000", "2012-06-30": "1760.00000", "2012-03-31": "1767.90000", "2011-12-31": "1772.50000", "2011-09-30": "1777.00000", "2011-06-30": "1785.40000", "2011-03-31": "1726.00000", "2010-12-31": "1729.90000", "2010-09-30": "1690.09000", "2010-06-30": "1683.97400", "2010-03-31": "1625.04700", "2009-12-31": "1632.96900", "2009-09-30": "1639.63600", "2009-06-30": "1643.94000", "2009-03-31": "1649.31900", "2008-12-31": "1655.40300", "2008-09-30": "1697.80300", "2008-06-30": "1342.65600", "2008-03-31": "1345.59200", "2007-12-31": "1354.01000", "2007-09-30": "1359.35500", "2007-06-30": "1361.83000", "2007-03-31": "1363.45000", "2006-12-31": "1365.58800", "2006-09-30": "1378.87500", "2006-06-30": "1069.63700", "2006-03-31": "1062.37200", "2005-12-31": "1065.64600", "2005-09-30": "991.30700", "2005-06-30": "987.52600", "2005-03-31": "985.38000"}, "Other Long-Term Assets": {"2020-12-31": "340.40000", "2020-09-30": "291.30000", "2020-06-30": "286.90000", "2020-03-31": "280.60000", "2019-12-31": "288.80000", "2019-09-30": "281.20000", "2019-06-30": "284.10000", "2019-03-31": "229.50000", "2018-12-31": "117.40000", "2018-09-30": "123.20000", "2018-06-30": "121.70000", "2018-03-31": "118.90000", "2017-12-31": "118.20000", "2017-09-30": "114.80000", "2017-06-30": "110.60000", "2017-03-31": "126.80000", "2016-12-31": "124.30000", "2016-09-30": "118.20000", "2016-06-30": "117.90000", "2016-03-31": "114.80000", "2015-12-31": "108.50000", "2015-09-30": "114.40000", "2015-06-30": "110.70000", "2015-03-31": "115.80000", "2014-12-31": "102.70000", "2014-09-30": "104.30000", "2014-06-30": "106.30000", "2014-03-31": "101.70000", "2013-12-31": "98.80000", "2013-09-30": "91.10000", "2013-06-30": "89.20000", "2013-03-31": "87.70000", "2012-12-31": "86.60000", "2012-09-30": "86.20000", "2012-06-30": "74.50000", "2012-03-31": "75.40000", "2011-12-31": "71.90000", "2011-09-30": "81.40000", "2011-06-30": "83.90000", "2011-03-31": "85.40000", "2010-12-31": "88.30000", "2010-09-30": "79.35900", "2010-06-30": "87.52400", "2010-03-31": "89.88100", "2009-12-31": "88.76100", "2009-09-30": "88.01800", "2009-06-30": "87.94300", "2009-03-31": "85.68100", "2008-12-31": "86.33400", "2008-09-30": "87.47000", "2008-06-30": "79.78400", "2008-03-31": "75.18900", "2007-12-31": "81.95000", "2007-09-30": "72.90000", "2007-06-30": "66.31500", "2007-03-31": "68.06500", "2006-12-31": "56.39200", "2006-09-30": "62.89600", "2006-06-30": "59.69600", "2006-03-31": "60.09400", "2005-12-31": "58.14100", "2005-09-30": "53.20100", "2005-06-30": "51.09000", "2005-03-31": "47.18500"}, "Total Long-Term Assets": {"2020-12-31": "6302.10000", "2020-09-30": "5632.50000", "2020-06-30": "5642.29900", "2020-03-31": "5657.10000", "2019-12-31": "5701.00000", "2019-09-30": "5701.30000", "2019-06-30": "5736.70000", "2019-03-31": "5046.90000", "2018-12-31": "4991.00000", "2018-09-30": "5007.00000", "2018-06-30": "5029.00000", "2018-03-31": "5051.50000", "2017-12-31": "5014.60000", "2017-09-30": "4949.60000", "2017-06-30": "3789.80000", "2017-03-31": "3733.30000", "2016-12-31": "3597.30000", "2016-09-30": "3478.20000", "2016-06-30": "3492.30000", "2016-03-31": "3506.80000", "2015-12-31": "3350.90000", "2015-09-30": "3366.10000", "2015-06-30": "3380.10000", "2015-03-31": "3412.70000", "2014-12-31": "3341.10000", "2014-09-30": "3333.00000", "2014-06-30": "3123.70000", "2014-03-31": "3132.60000", "2013-12-31": "3143.90000", "2013-09-30": "3133.50000", "2013-06-30": "3136.70000", "2013-03-31": "3152.70000", "2012-12-31": "3164.30000", "2012-09-30": "2403.90000", "2012-06-30": "2384.70000", "2012-03-31": "2376.00000", "2011-12-31": "2362.40000", "2011-09-30": "2344.90000", "2011-06-30": "2352.80000", "2011-03-31": "2289.30000", "2010-12-31": "2295.70000", "2010-09-30": "2235.36000", "2010-06-30": "2235.49800", "2010-03-31": "2178.77500", "2009-12-31": "2190.18100", "2009-09-30": "2181.63400", "2009-06-30": "2167.19500", "2009-03-31": "2143.78600", "2008-12-31": "2136.31700", "2008-09-30": "2147.28400", "2008-06-30": "1774.84700", "2008-03-31": "1772.49400", "2007-12-31": "1797.13700", "2007-09-30": "1792.77200", "2007-06-30": "1786.65100", "2007-03-31": "1783.29400", "2006-12-31": "1778.08400", "2006-09-30": "1793.08200", "2006-06-30": "1475.32300", "2006-03-31": "1466.68500", "2005-12-31": "1467.67900", "2005-09-30": "1395.26800", "2005-06-30": "1391.40200", "2005-03-31": "1382.69100"}, "Total Assets": {"2020-12-31": "7414.50000", "2020-09-30": "7077.00000", "2020-06-30": "6919.00000", "2020-03-31": "7485.90000", "2019-12-31": "6657.40000", "2019-09-30": "6610.10000", "2019-06-30": "6662.60000", "2019-03-31": "5960.60000", "2018-12-31": "6069.20000", "2018-09-30": "5967.30000", "2018-06-30": "5899.40000", "2018-03-31": "5942.90000", "2017-12-31": "6014.80000", "2017-09-30": "5952.80000", "2017-06-30": "4667.00000", "2017-03-31": "4487.80000", "2016-12-31": "4354.10000", "2016-09-30": "4282.70000", "2016-06-30": "4310.20000", "2016-03-31": "4292.30000", "2015-12-31": "4256.90000", "2015-09-30": "4217.80000", "2015-06-30": "4228.20000", "2015-03-31": "4344.70000", "2014-12-31": "4359.20000", "2014-09-30": "4325.80000", "2014-06-30": "3988.10000", "2014-03-31": "4086.40000", "2013-12-31": "4259.70000", "2013-09-30": "4198.80000", "2013-06-30": "4047.70000", "2013-03-31": "4064.50000", "2012-12-31": "4098.10000", "2012-09-30": "3839.80000", "2012-06-30": "3116.30000", "2012-03-31": "3135.30000", "2011-12-31": "3117.60000", "2011-09-30": "3143.70000", "2011-06-30": "3055.40000", "2011-03-31": "2952.50000", "2010-12-31": "2945.20000", "2010-09-30": "3200.00600", "2010-06-30": "3110.88200", "2010-03-31": "3133.11300", "2009-12-31": "3118.44600", "2009-09-30": "3121.91000", "2009-06-30": "3004.93300", "2009-03-31": "2900.61600", "2008-12-31": "2801.43800", "2008-09-30": "2842.67600", "2008-06-30": "2551.46900", "2008-03-31": "2465.28300", "2007-12-31": "2532.49000", "2007-09-30": "2480.55600", "2007-06-30": "2375.23500", "2007-03-31": "2360.67100", "2006-12-31": "2334.15400", "2006-09-30": "2359.23000", "2006-06-30": "2013.27600", "2006-03-31": "1981.32000", "2005-12-31": "1962.11700", "2005-09-30": "1937.43800", "2005-06-30": "1892.54500", "2005-03-31": "1860.93600"}, "Total Current Liabilities": {"2020-12-31": "1388.60000", "2020-09-30": "971.90000", "2020-06-30": "996.60000", "2020-03-31": "1769.00000", "2019-12-31": "1092.30000", "2019-09-30": "1142.10000", "2019-06-30": "1184.70000", "2019-03-31": "1133.30000", "2018-12-31": "1326.30000", "2018-09-30": "1027.40000", "2018-06-30": "1100.80000", "2018-03-31": "1230.70000", "2017-12-31": "935.00000", "2017-09-30": "952.60000", "2017-06-30": "1211.70000", "2017-03-31": "1166.80000", "2016-12-31": "1001.90000", "2016-09-30": "785.80000", "2016-06-30": "926.90000", "2016-03-31": "1012.80000", "2015-12-31": "872.70000", "2015-09-30": "783.00000", "2015-06-30": "885.50000", "2015-03-31": "1050.40000", "2014-12-31": "905.30000", "2014-09-30": "918.40000", "2014-06-30": "645.40000", "2014-03-31": "658.60000", "2013-12-31": "651.20000", "2013-09-30": "640.10000", "2013-06-30": "580.40000", "2013-03-31": "655.60000", "2012-12-31": "725.60000", "2012-09-30": "652.40000", "2012-06-30": "419.00000", "2012-03-31": "405.10000", "2011-12-31": "383.60000", "2011-09-30": "393.60000", "2011-06-30": "371.00000", "2011-03-31": "360.50000", "2010-12-31": "447.10000", "2010-09-30": "507.62300", "2010-06-30": "465.63500", "2010-03-31": "524.53300", "2009-12-31": "567.03200", "2009-09-30": "577.07700", "2009-06-30": "500.93400", "2009-03-31": "459.60900", "2008-12-31": "387.12100", "2008-09-30": "413.67700", "2008-06-30": "383.71900", "2008-03-31": "349.39400", "2007-12-31": "457.78900", "2007-09-30": "462.21300", "2007-06-30": "414.89100", "2007-03-31": "424.75800", "2006-12-31": "444.40400", "2006-09-30": "446.75600", "2006-06-30": "380.51600", "2006-03-31": "392.53800", "2005-12-31": "409.71000", "2005-09-30": "389.54800", "2005-06-30": "374.09600", "2005-03-31": "365.89600"}, "Long Term Debt": {"2020-12-31": "1812.50000", "2020-09-30": "1811.90000", "2020-06-30": "1811.40000", "2020-03-31": "1810.80000", "2019-12-31": "1810.20000", "2019-09-30": "1809.60000", "2019-06-30": "1809.00000", "2019-03-31": "1509.40000", "2018-12-31": "1508.80000", "2018-09-30": "1803.50000", "2018-06-30": "1802.60000", "2018-03-31": "1802.10000", "2017-12-31": "2103.40000", "2017-09-30": "2104.10000", "2017-06-30": "894.10000", "2017-03-31": "692.90000", "2016-12-31": "693.40000", "2016-09-30": "699.10000", "2016-06-30": "700.70000", "2016-03-31": "699.80000", "2015-12-31": "692.80000", "2015-09-30": "706.00000", "2015-06-30": "700.10000", "2015-03-31": "703.50000", "2014-12-31": "690.00000", "2014-09-30": "649.60000", "2014-06-30": "649.60000", "2014-03-31": "649.60000", "2013-12-31": "649.50000", "2013-09-30": "649.50000", "2013-06-30": "649.50000", "2013-03-31": "649.40000", "2012-12-31": "649.40000", "2012-09-30": "649.40000", "2012-06-30": "249.80000", "2012-03-31": "249.80000", "2011-12-31": "249.70000", "2011-09-30": "249.70000", "2011-06-30": "249.70000", "2011-03-31": "249.70000", "2010-12-31": "249.70000", "2010-09-30": "512.21700", "2010-06-30": "540.59400", "2010-03-31": "568.97000", "2009-12-31": "597.34700", "2009-09-30": "658.04300", "2009-06-30": "699.16300", "2009-03-31": "740.28200", "2008-12-31": "781.40200", "2008-09-30": "801.95400", "2008-06-30": "678.65100", "2008-03-31": "692.98200", "2007-12-31": "707.31100", "2007-09-30": "715.83000", "2007-06-30": "724.24600", "2007-03-31": "755.82700", "2006-12-31": "792.92500", "2006-09-30": "840.08200", "2006-06-30": "609.78600", "2006-03-31": "616.82400", "2005-12-31": "635.26100", "2005-09-30": "646.27700", "2005-06-30": "653.61900", "2005-03-31": "679.35600"}, "Other Non-Current Liabilities": {"2020-12-31": "1193.00000", "2020-09-30": "483.00000", "2020-06-30": "530.00000", "2020-03-31": "508.10000", "2019-12-31": "507.50000", "2019-09-30": "520.90000", "2019-06-30": "296.50000", "2019-03-31": "238.10000", "2018-12-31": "203.90000", "2018-09-30": "210.40000", "2018-06-30": "207.70000", "2018-03-31": "201.40000", "2017-12-31": "197.20000", "2017-09-30": "189.80000", "2017-06-30": "188.20000", "2017-03-31": "171.40000", "2016-12-31": "168.70000", "2016-09-30": "145.00000", "2016-06-30": "145.50000", "2016-03-31": "142.50000", "2015-12-31": "183.40000", "2015-09-30": "157.00000", "2015-06-30": "159.40000", "2015-03-31": "163.10000", "2014-12-31": "163.10000", "2014-09-30": "155.80000", "2014-06-30": "160.00000", "2014-03-31": "157.30000", "2013-12-31": "157.50000", "2013-09-30": "155.20000", "2013-06-30": "153.70000", "2013-03-31": "157.80000", "2012-12-31": "141.10000", "2012-09-30": "132.60000", "2012-06-30": "122.10000", "2012-03-31": "113.90000", "2011-12-31": "106.20000", "2011-09-30": "88.80000", "2011-06-30": "85.60000", "2011-03-31": "86.50000", "2010-12-31": "85.20000", "2010-09-30": "81.99900", "2010-06-30": "114.55600", "2010-03-31": "119.84200", "2009-12-31": "112.44000", "2009-09-30": "101.81500", "2009-06-30": "100.60500", "2009-03-31": "93.61300", "2008-12-31": "93.43000", "2008-09-30": "86.68800", "2008-06-30": "85.68100", "2008-03-31": "93.51500", "2007-12-31": "87.76900", "2007-09-30": "73.21300", "2007-06-30": "70.52800", "2007-03-31": "69.26200", "2006-12-31": "46.76300", "2006-09-30": "42.33100", "2006-06-30": "44.65000", "2006-03-31": "44.88600", "2005-12-31": "40.82300", "2005-09-30": "42.13600", "2005-06-30": "42.57000", "2005-03-31": "42.79500"}, "Total Long Term Liabilities": {"2020-12-31": "3005.50000", "2020-09-30": "2894.80000", "2020-06-30": "2923.60000", "2020-03-31": "2899.10000", "2019-12-31": "2897.30000", "2019-09-30": "2908.70000", "2019-06-30": "2873.10000", "2019-03-31": "2328.00000", "2018-12-31": "2289.10000", "2018-09-30": "2586.50000", "2018-06-30": "2577.50000", "2018-03-31": "2568.90000", "2017-12-31": "2861.80000", "2017-09-30": "3047.10000", "2017-06-30": "1607.00000", "2017-03-31": "1385.30000", "2016-12-31": "1374.30000", "2016-09-30": "1376.90000", "2016-06-30": "1371.40000", "2016-03-31": "1359.20000", "2015-12-31": "1361.00000", "2015-09-30": "1385.20000", "2015-06-30": "1371.10000", "2015-03-31": "1385.60000", "2014-12-31": "1352.00000", "2014-09-30": "1320.00000", "2014-06-30": "1322.80000", "2014-03-31": "1314.40000", "2013-12-31": "1308.50000", "2013-09-30": "1328.00000", "2013-06-30": "1320.60000", "2013-03-31": "1323.40000", "2012-12-31": "1311.40000", "2012-09-30": "1129.20000", "2012-06-30": "712.10000", "2012-03-31": "700.00000", "2011-12-31": "693.20000", "2011-09-30": "664.60000", "2011-06-30": "646.50000", "2011-03-31": "641.00000", "2010-12-31": "627.20000", "2010-09-30": "873.86900", "2010-06-30": "902.05800", "2010-03-31": "932.04400", "2009-12-31": "949.64200", "2009-09-30": "1000.49000", "2009-06-30": "1028.87900", "2009-03-31": "1050.53000", "2008-12-31": "1082.61200", "2008-09-30": "1093.92800", "2008-06-30": "967.58110", "2008-03-31": "982.56100", "2007-12-31": "994.43600", "2007-09-30": "989.11800", "2007-06-30": "987.25600", "2007-03-31": "1014.10600", "2006-12-31": "1025.91300", "2006-09-30": "1077.60100", "2006-06-30": "842.45610", "2006-03-31": "847.75700", "2005-12-31": "855.52900", "2005-09-30": "861.72690", "2005-06-30": "874.61000", "2005-03-31": "894.03000"}, "Total Liabilities": {"2020-12-31": "4394.10000", "2020-09-30": "3866.70000", "2020-06-30": "3920.20000", "2020-03-31": "4668.10000", "2019-12-31": "3989.60000", "2019-09-30": "4050.80000", "2019-06-30": "4057.80000", "2019-03-31": "3461.30000", "2018-12-31": "3615.40000", "2018-09-30": "3613.90000", "2018-06-30": "3678.30000", "2018-03-31": "3799.60000", "2017-12-31": "3796.80000", "2017-09-30": "3999.70000", "2017-06-30": "2818.70000", "2017-03-31": "2552.10000", "2016-12-31": "2376.20000", "2016-09-30": "2162.70000", "2016-06-30": "2298.30000", "2016-03-31": "2372.00000", "2015-12-31": "2233.70000", "2015-09-30": "2168.20000", "2015-06-30": "2256.60000", "2015-03-31": "2436.00000", "2014-12-31": "2257.30000", "2014-09-30": "2238.40000", "2014-06-30": "1968.20000", "2014-03-31": "1973.00000", "2013-12-31": "1959.70000", "2013-09-30": "1968.10000", "2013-06-30": "1901.00000", "2013-03-31": "1979.00000", "2012-12-31": "2037.00000", "2012-09-30": "1781.60000", "2012-06-30": "1131.10000", "2012-03-31": "1105.10000", "2011-12-31": "1076.80000", "2011-09-30": "1058.20000", "2011-06-30": "1017.50000", "2011-03-31": "1001.50000", "2010-12-31": "1074.30000", "2010-09-30": "1381.49200", "2010-06-30": "1367.69300", "2010-03-31": "1456.57700", "2009-12-31": "1516.67400", "2009-09-30": "1577.56700", "2009-06-30": "1529.81300", "2009-03-31": "1510.13900", "2008-12-31": "1469.73300", "2008-09-30": "1507.60500", "2008-06-30": "1351.30000", "2008-03-31": "1331.95500", "2007-12-31": "1452.22500", "2007-09-30": "1451.33100", "2007-06-30": "1402.14700", "2007-03-31": "1438.86400", "2006-12-31": "1470.31700", "2006-09-30": "1524.35700", "2006-06-30": "1222.97200", "2006-03-31": "1240.29500", "2005-12-31": "1265.23900", "2005-09-30": "1251.27500", "2005-06-30": "1248.70600", "2005-03-31": "1259.92600"}, "Common Stock Net": {"2020-12-31": "", "2020-09-30": "292.80000", "2020-06-30": "292.80000", "2020-03-31": "292.80000", "2019-12-31": "292.80000", "2019-09-30": "292.80000", "2019-06-30": "292.80000", "2019-03-31": "292.80000", "2018-12-31": "292.80000", "2018-09-30": "292.80000", "2018-06-30": "292.80000", "2018-03-31": "292.80000", "2017-12-31": "292.80000", "2017-09-30": "292.80000", "2017-06-30": "292.80000", "2017-03-31": "292.80000", "2016-12-31": "292.80000", "2016-09-30": "292.80000", "2016-06-30": "146.40000", "2016-03-31": "146.40000", "2015-12-31": "292.80000", "2015-09-30": "146.40000", "2015-06-30": "146.40000", "2015-03-31": "146.40000", "2014-12-31": "146.40000", "2014-09-30": "146.40000", "2014-06-30": "146.40000", "2014-03-31": "146.40000", "2013-12-31": "146.40000", "2013-09-30": "146.40000", "2013-06-30": "146.40000", "2013-03-31": "146.40000", "2012-12-31": "146.40000", "2012-09-30": "146.40000", "2012-06-30": "146.40000", "2012-03-31": "146.40000", "2011-12-31": "146.40000", "2011-09-30": "146.40000", "2011-06-30": "146.40000", "2011-03-31": "73.20000", "2010-12-31": "146.40000", "2010-09-30": "73.21400", "2010-06-30": "73.21400", "2010-03-31": "73.21400", "2009-12-31": "73.21400", "2009-09-30": "73.21400", "2009-06-30": "73.21400", "2009-03-31": "73.21400", "2008-12-31": "73.21400", "2008-09-30": "73.21400", "2008-06-30": "69.99100", "2008-03-31": "69.99100", "2007-12-31": "69.99100", "2007-09-30": "69.99100", "2007-06-30": "69.99100", "2007-03-31": "69.99100", "2006-12-31": "69.99100", "2006-09-30": "69.99100", "2006-06-30": "69.99100", "2006-03-31": "69.99100", "2005-12-31": "69.99100", "2005-09-30": "69.99100", "2005-06-30": "69.99100", "2005-03-31": "69.99100"}, "Retained Earnings (Accumulated Deficit)": {"2020-12-31": "", "2020-09-30": "4695.40000", "2020-06-30": "4538.80000", "2020-03-31": "4408.20000", "2019-12-31": "4237.40000", "2019-09-30": "4148.90000", "2019-06-30": "4047.80000", "2019-03-31": "3965.40000", "2018-12-31": "3832.60000", "2018-09-30": "3743.50000", "2018-06-30": "3650.60000", "2018-03-31": "3582.10000", "2017-12-31": "3479.00000", "2017-09-30": "3120.60000", "2017-06-30": "3034.70000", "2017-03-31": "3009.10000", "2016-12-31": "2926.00000", "2016-09-30": "2861.20000", "2016-06-30": "2782.90000", "2016-03-31": "2716.90000", "2015-12-31": "2650.00000", "2015-09-30": "2584.80000", "2015-06-30": "2508.30000", "2015-03-31": "2478.40000", "2014-12-31": "2414.90000", "2014-09-30": "2349.80000", "2014-06-30": "2275.30000", "2014-03-31": "2228.60000", "2013-12-31": "2168.50000", "2013-09-30": "2115.20000", "2013-06-30": "2046.10000", "2013-03-31": "1998.40000", "2012-12-31": "1929.30000", "2012-09-30": "1882.00000", "2012-06-30": "1821.60000", "2012-03-31": "1775.60000", "2011-12-31": "1714.00000", "2011-09-30": "1674.50000", "2011-06-30": "1619.40000", "2011-03-31": "1561.10000", "2010-12-31": "1501.80000", "2010-09-30": "1466.91200", "2010-06-30": "1409.52300", "2010-03-31": "1345.18600", "2009-12-31": "1275.11700", "2009-09-30": "1232.20500", "2009-06-30": "1172.02200", "2009-03-31": "1120.18800", "2008-12-31": "1063.92800", "2008-09-30": "1026.00200", "2008-06-30": "983.19900", "2008-03-31": "942.75200", "2007-12-31": "891.86800", "2007-09-30": "865.47300", "2007-06-30": "819.03100", "2007-03-31": "783.10400", "2006-12-31": "740.13000", "2006-09-30": "720.79100", "2006-06-30": "686.67300", "2006-03-31": "654.14800", "2005-12-31": "618.07100", "2005-09-30": "605.70500", "2005-06-30": "574.95300", "2005-03-31": "544.38200"}, "Comprehensive Income": {"2020-12-31": "", "2020-09-30": "-90.80000", "2020-06-30": "-98.30000", "2020-03-31": "-99.40000", "2019-12-31": "-66.70000", "2019-09-30": "-80.70000", "2019-06-30": "-68.40000", "2019-03-31": "-59.50000", "2018-12-31": "-53.60000", "2018-09-30": "-42.90000", "2018-06-30": "-49.30000", "2018-03-31": "-33.70000", "2017-12-31": "-36.40000", "2017-09-30": "-35.50000", "2017-06-30": "-41.30000", "2017-03-31": "-56.50000", "2016-12-31": "-63.80000", "2016-09-30": "-51.80000", "2016-06-30": "-50.00000", "2016-03-31": "-42.70000", "2015-12-31": "-45.90000", "2015-09-30": "-44.90000", "2015-06-30": "-34.10000", "2015-03-31": "-56.10000", "2014-12-31": "-34.70000", "2014-09-30": "-13.90000", "2014-06-30": "4.50000", "2014-03-31": "-1.40000", "2013-12-31": "0.20000", "2013-09-30": "-4.30000", "2013-06-30": "-11.80000", "2013-03-31": "-3.10000", "2012-12-31": "2.50000", "2012-09-30": "6.70000", "2012-06-30": "0.20000", "2012-03-31": "9.60000", "2011-12-31": "2.90000", "2011-09-30": "16.90000", "2011-06-30": "31.20000", "2011-03-31": "26.00000", "2010-12-31": "16.30000", "2010-09-30": "6.13000", "2010-06-30": "-7.12000", "2010-03-31": "3.53200", "2009-12-31": "10.07800", "2009-09-30": "5.11700", "2009-06-30": "-0.22000", "2009-03-31": "-24.01700", "2008-12-31": "-20.45400", "2008-09-30": "26.60500", "2008-06-30": "44.14600", "2008-03-31": "33.92300", "2007-12-31": "39.12800", "2007-09-30": "26.01600", "2007-06-30": "21.28100", "2007-03-31": "13.13200", "2006-12-31": "12.15300", "2006-09-30": "11.35600", "2006-06-30": "9.53300", "2006-03-31": "1.33100", "2005-12-31": "-0.45400", "2005-09-30": "2.44000", "2005-06-30": "-1.17000", "2005-03-31": "-1.38500"}, "Other Share Holders Equity": {"2020-12-31": "", "2020-09-30": "", "2020-06-30": "", "2020-03-31": "", "2019-12-31": "", "2019-09-30": "", "2019-06-30": "", "2019-03-31": "", "2018-12-31": "", "2018-09-30": "", "2018-06-30": "", "2018-03-31": "", "2017-12-31": "", "2017-09-30": "", "2017-06-30": "", "2017-03-31": "", "2016-12-31": "", "2016-09-30": "", "2016-06-30": "", "2016-03-31": "", "2015-12-31": "", "2015-09-30": "", "2015-06-30": "", "2015-03-31": "", "2014-12-31": "", "2014-09-30": "", "2014-06-30": "", "2014-03-31": "", "2013-12-31": "", "2013-09-30": "", "2013-06-30": "", "2013-03-31": "", "2012-12-31": "", "2012-09-30": "", "2012-06-30": "", "2012-03-31": "", "2011-12-31": "", "2011-09-30": "", "2011-06-30": "", "2011-03-31": "", "2010-12-31": "", "2010-09-30": "", "2010-06-30": "", "2010-03-31": "", "2009-12-31": "", "2009-09-30": "", "2009-06-30": "", "2009-03-31": "", "2008-12-31": "", "2008-09-30": "", "2008-06-30": "", "2008-03-31": "", "2007-12-31": "", "2007-09-30": "", "2007-06-30": "", "2007-03-31": "", "2006-12-31": "", "2006-09-30": "", "2006-06-30": "", "2006-03-31": "", "2005-12-31": "", "2005-09-30": "", "2005-06-30": "", "2005-03-31": ""}, "Share Holder Equity": {"2020-12-31": "3020.40000", "2020-09-30": "3210.30000", "2020-06-30": "2998.80000", "2020-03-31": "2817.80000", "2019-12-31": "2667.80000", "2019-09-30": "2559.30000", "2019-06-30": "2604.80000", "2019-03-31": "2499.30000", "2018-12-31": "2453.80000", "2018-09-30": "2353.40000", "2018-06-30": "2221.10000", "2018-03-31": "2143.30000", "2017-12-31": "2218.00000", "2017-09-30": "1953.10000", "2017-06-30": "1848.30000", "2017-03-31": "1935.70000", "2016-12-31": "1977.90000", "2016-09-30": "2120.00000", "2016-06-30": "2011.90000", "2016-03-31": "1920.30000", "2015-12-31": "2023.20000", "2015-09-30": "2049.60000", "2015-06-30": "1971.60000", "2015-03-31": "1908.70000", "2014-12-31": "2101.90000", "2014-09-30": "2087.40000", "2014-06-30": "2019.90000", "2014-03-31": "2113.40000", "2013-12-31": "2300.00000", "2013-09-30": "2230.70000", "2013-06-30": "2146.70000", "2013-03-31": "2085.50000", "2012-12-31": "2061.10000", "2012-09-30": "2058.20000", "2012-06-30": "1985.20000", "2012-03-31": "2030.20000", "2011-12-31": "2040.80000", "2011-09-30": "2085.50000", "2011-06-30": "2037.90000", "2011-03-31": "1951.00000", "2010-12-31": "1870.90000", "2010-09-30": "1818.51400", "2010-06-30": "1743.18900", "2010-03-31": "1676.53600", "2009-12-31": "1601.77200", "2009-09-30": "1544.34300", "2009-06-30": "1475.12000", "2009-03-31": "1390.47700", "2008-12-31": "1331.70500", "2008-09-30": "1335.07100", "2008-06-30": "1200.16900", "2008-03-31": "1133.32800", "2007-12-31": "1080.26500", "2007-09-30": "1029.22500", "2007-06-30": "973.08800", "2007-03-31": "921.80700", "2006-12-31": "863.83700", "2006-09-30": "834.87300", "2006-06-30": "790.30400", "2006-03-31": "741.02500", "2005-12-31": "696.87800", "2005-09-30": "686.16300", "2005-06-30": "643.83900", "2005-03-31": "601.01000"}, "Total Liabilities And Share Holders Equity": {"2020-12-31": "7414.50000", "2020-09-30": "7077.00000", "2020-06-30": "6919.00000", "2020-03-31": "7485.90000", "2019-12-31": "6657.40000", "2019-09-30": "6610.10000", "2019-06-30": "6662.60000", "2019-03-31": "5960.60000", "2018-12-31": "6069.20000", "2018-09-30": "5967.30000", "2018-06-30": "5899.40000", "2018-03-31": "5942.90000", "2017-12-31": "6014.80000", "2017-09-30": "5952.80000", "2017-06-30": "4667.00000", "2017-03-31": "4487.80000", "2016-12-31": "4354.10000", "2016-09-30": "4282.70000", "2016-06-30": "4310.20000", "2016-03-31": "4292.30000", "2015-12-31": "4256.90000", "2015-09-30": "4217.80000", "2015-06-30": "4228.20000", "2015-03-31": "4344.70000", "2014-12-31": "4359.20000", "2014-09-30": "4325.80000", "2014-06-30": "3988.10000", "2014-03-31": "4086.40000", "2013-12-31": "4259.70000", "2013-09-30": "4198.80000", "2013-06-30": "4047.70000", "2013-03-31": "4064.50000", "2012-12-31": "4098.10000", "2012-09-30": "3839.80000", "2012-06-30": "3116.30000", "2012-03-31": "3135.30000", "2011-12-31": "3117.60000", "2011-09-30": "3143.70000", "2011-06-30": "3055.40000", "2011-03-31": "2952.50000", "2010-12-31": "2945.20000", "2010-09-30": "3200.00600", "2010-06-30": "3110.88200", "2010-03-31": "3133.11300", "2009-12-31": "3118.44600", "2009-09-30": "3121.91000", "2009-06-30": "3004.93300", "2009-03-31": "2900.61600", "2008-12-31": "2801.43800", "2008-09-30": "2842.67600", "2008-06-30": "2551.46900", "2008-03-31": "2465.28300", "2007-12-31": "2532.49000", "2007-09-30": "2480.55600", "2007-06-30": "2375.23500", "2007-03-31": "2360.67100", "2006-12-31": "2334.15400", "2006-09-30": "2359.23000", "2006-06-30": "2013.27600", "2006-03-31": "1981.32000", "2005-12-31": "1962.11700", "2005-09-30": "1937.43800", "2005-06-30": "1892.54500", "2005-03-31": "1860.93600"}}, "cash flow statement": {"Net Income/Loss": {"2020-12-31": "785.90000", "2019-12-31": "615.90000", "2018-12-31": "568.60000", "2017-12-31": "743.40000", "2016-12-31": "459.00000", "2015-12-31": "410.40000", "2014-12-31": "413.90000", "2013-12-31": "394.40000", "2012-12-31": "349.80000", "2011-12-31": "309.60000", "2010-12-31": "270.70000", "2009-12-31": "243.50000", "2008-12-31": "195.18200", "2007-12-31": "169.02500", "2006-12-31": "138.92700", "2005-12-31": "122.90600"}, "Total Depreciation And Amortization - Cash Flow": {"2020-12-31": "189.70000", "2019-12-31": "176.40000", "2018-12-31": "141.10000", "2017-12-31": "125.40000", "2016-12-31": "107.60000", "2015-12-31": "101.00000", "2014-12-31": "91.20000", "2013-12-31": "90.50000", "2012-12-31": "85.00000", "2011-12-31": "77.10000", "2010-12-31": "71.60000", "2009-12-31": "85.40000", "2008-12-31": "71.40400", "2007-12-31": "56.67100", "2006-12-31": "51.72700", "2005-12-31": "44.15800"}, "Other Non-Cash Items": {"2020-12-31": "44.20000", "2019-12-31": "38.90000", "2018-12-31": "38.90000", "2017-12-31": "-186.40000", "2016-12-31": "46.30000", "2015-12-31": "59.70000", "2014-12-31": "37.00000", "2013-12-31": "41.40000", "2012-12-31": "29.10000", "2011-12-31": "74.00000", "2010-12-31": "62.80000", "2009-12-31": "45.30000", "2008-12-31": "40.95800", "2007-12-31": "28.70800", "2006-12-31": "33.60100", "2005-12-31": "28.36700"}, "Total Non-Cash Items": {"2020-12-31": "233.90000", "2019-12-31": "215.30000", "2018-12-31": "180.00000", "2017-12-31": "-61.00000", "2016-12-31": "153.90000", "2015-12-31": "160.70000", "2014-12-31": "128.20000", "2013-12-31": "131.90000", "2012-12-31": "114.10000", "2011-12-31": "151.10000", "2010-12-31": "134.40000", "2009-12-31": "130.70000", "2008-12-31": "112.36200", "2007-12-31": "85.37900", "2006-12-31": "85.32800", "2005-12-31": "72.52500"}, "Change In Accounts Receivable": {"2020-12-31": "-13.40000", "2019-12-31": "-9.20000", "2018-12-31": "-3.40000", "2017-12-31": "-9.70000", "2016-12-31": "-12.70000", "2015-12-31": "33.50000", "2014-12-31": "-1.80000", "2013-12-31": "-31.20000", "2012-12-31": "-9.00000", "2011-12-31": "-35.30000", "2010-12-31": "-12.70000", "2009-12-31": "6.20000", "2008-12-31": "26.47300", "2007-12-31": "-6.90200", "2006-12-31": "-14.26500", "2005-12-31": "-28.44400"}, "Change In Inventories": {"2020-12-31": "-61.90000", "2019-12-31": "-33.80000", "2018-12-31": "-55.10000", "2017-12-31": "-25.20000", "2016-12-31": "19.20000", "2015-12-31": "-38.50000", "2014-12-31": "1.80000", "2013-12-31": "-7.30000", "2012-12-31": "-1.10000", "2011-12-31": "-9.00000", "2010-12-31": "24.10000", "2009-12-31": "-10.50000", "2008-12-31": "2.44300", "2007-12-31": "-13.75800", "2006-12-31": "-13.06100", "2005-12-31": "-9.81500"}, "Change In Accounts Payable": {"2020-12-31": "", "2019-12-31": "", "2018-12-31": "", "2017-12-31": "", "2016-12-31": "", "2015-12-31": "", "2014-12-31": "", "2013-12-31": "", "2012-12-31": "", "2011-12-31": "", "2010-12-31": "", "2009-12-31": "", "2008-12-31": "", "2007-12-31": "5.24700", "2006-12-31": "-4.19500", "2005-12-31": "15.99900"}, "Change In Assets/Liabilities": {"2020-12-31": "-139.30000", "2019-12-31": "0.00000", "2018-12-31": "23.70000", "2017-12-31": "16.60000", "2016-12-31": "-45.60000", "2015-12-31": "-17.20000", "2014-12-31": "-24.90000", "2013-12-31": "-34.80000", "2012-12-31": "-18.50000", "2011-12-31": "-25.30000", "2010-12-31": "-2.20000", "2009-12-31": "4.60000", "2008-12-31": "-15.46400", "2007-12-31": "-2.08900", "2006-12-31": "-7.73600", "2005-12-31": "-5.74200"}, "Total Change In Assets/Liabilities": {"2020-12-31": "-34.40000", "2019-12-31": "33.20000", "2018-12-31": "14.00000", "2017-12-31": "0.80000", "2016-12-31": "44.20000", "2015-12-31": "29.30000", "2014-12-31": "-5.00000", "2013-12-31": "-29.20000", "2012-12-31": "60.80000", "2011-12-31": "-23.10000", "2010-12-31": "24.30000", "2009-12-31": "30.40000", "2008-12-31": "28.62300", "2007-12-31": "-5.72700", "2006-12-31": "-38.10600", "2005-12-31": "-4.92900"}, "Cash Flow From Operating Activities": {"2020-12-31": "990.30000", "2019-12-31": "864.50000", "2018-12-31": "763.60000", "2017-12-31": "681.50000", "2016-12-31": "655.30000", "2015-12-31": "606.10000", "2014-12-31": "540.30000", "2013-12-31": "499.60000", "2012-12-31": "523.60000", "2011-12-31": "437.80000", "2010-12-31": "428.50000", "2009-12-31": "400.90000", "2008-12-31": "336.16700", "2007-12-31": "248.67700", "2006-12-31": "186.44400", "2005-12-31": "190.10700"}, "Net Change In Property, Plant, And Equipment": {"2020-12-31": "-91.90000", "2019-12-31": "-73.70000", "2018-12-31": "-60.40000", "2017-12-31": "-45.00000", "2016-12-31": "-49.80000", "2015-12-31": "-61.80000", "2014-12-31": "-70.50000", "2013-12-31": "-67.10000", "2012-12-31": "-74.50000", "2011-12-31": "-76.60000", "2010-12-31": "-55.60000", "2009-12-31": "-105.30000", "2008-12-31": "-82.70300", "2007-12-31": "-41.66300", "2006-12-31": "-47.59800", "2005-12-31": "-37.73700"}, "Net Change In Intangible Assets": {"2020-12-31": "", "2019-12-31": "", "2018-12-31": "", "2017-12-31": "", "2016-12-31": "", "2015-12-31": "", "2014-12-31": "", "2013-12-31": "", "2012-12-31": "", "2011-12-31": "", "2010-12-31": "", "2009-12-31": "", "2008-12-31": "", "2007-12-31": "", "2006-12-31": "", "2005-12-31": ""}, "Net Acquisitions/Divestitures": {"2020-12-31": "-512.70000", "2019-12-31": "-475.00000", "2018-12-31": "-49.80000", "2017-12-31": "-1260.00000", "2016-12-31": "-305.30000", "2015-12-31": "-74.90000", "2014-12-31": "-215.70000", "2013-12-31": "", "2012-12-31": "-652.30000", "2011-12-31": "-69.10000", "2010-12-31": "-126.00000", "2009-12-31": "-0.70000", "2008-12-31": "-384.38100", "2007-12-31": "-1.46800", "2006-12-31": "-339.25700", "2005-12-31": "-83.54000"}, "Net Change In Short-term Investments": {"2020-12-31": "", "2019-12-31": "", "2018-12-31": "", "2017-12-31": "", "2016-12-31": "", "2015-12-31": "", "2014-12-31": "", "2013-12-31": "", "2012-12-31": "", "2011-12-31": "", "2010-12-31": "1.80000", "2009-12-31": "1.30000", "2008-12-31": "1.26300", "2007-12-31": "", "2006-12-31": "2.35500", "2005-12-31": "1.01500"}, "Net Change In Long-Term Investments": {"2020-12-31": "", "2019-12-31": "", "2018-12-31": "", "2017-12-31": "", "2016-12-31": "", "2015-12-31": "", "2014-12-31": "", "2013-12-31": "", "2012-12-31": "-13.70000", "2011-12-31": "-3.20000", "2010-12-31": "", "2009-12-31": "", "2008-12-31": "", "2007-12-31": "", "2006-12-31": "", "2005-12-31": ""}, "Net Change In Investments - Total": {"2020-12-31": "", "2019-12-31": "", "2018-12-31": "", "2017-12-31": "", "2016-12-31": "", "2015-12-31": "", "2014-12-31": "", "2013-12-31": "", "2012-12-31": "-13.70000", "2011-12-31": "-3.20000", "2010-12-31": "1.80000", "2009-12-31": "1.30000", "2008-12-31": "1.26300", "2007-12-31": "", "2006-12-31": "2.35500", "2005-12-31": "1.01500"}, "Investing Activities - Other": {"2020-12-31": "-3.50000", "2019-12-31": "-4.80000", "2018-12-31": "-1.90000", "2017-12-31": "1.60000", "2016-12-31": "0.50000", "2015-12-31": "-4.50000", "2014-12-31": "-2.20000", "2013-12-31": "-10.00000", "2012-12-31": "-0.80000", "2011-12-31": "1.10000", "2010-12-31": "-0.60000", "2009-12-31": "0.60000", "2008-12-31": "-0.34000", "2007-12-31": "0.60900", "2006-12-31": "-1.01600", "2005-12-31": "15.14800"}, "Cash Flow From Investing Activities": {"2020-12-31": "-608.10000", "2019-12-31": "-553.50000", "2018-12-31": "-112.10000", "2017-12-31": "-1303.40000", "2016-12-31": "-354.60000", "2015-12-31": "-141.20000", "2014-12-31": "-288.40000", "2013-12-31": "-77.10000", "2012-12-31": "-741.30000", "2011-12-31": "-147.80000", "2010-12-31": "-180.40000", "2009-12-31": "-104.10000", "2008-12-31": "-466.16100", "2007-12-31": "-42.52200", "2006-12-31": "-385.51600", "2005-12-31": "-105.11400"}, "Net Long-Term Debt": {"2020-12-31": "99.00000", "2019-12-31": "-300.00000", "2018-12-31": "", "2017-12-31": "1421.30000", "2016-12-31": "", "2015-12-31": "-250.00000", "2014-12-31": "299.80000", "2013-12-31": "", "2012-12-31": "399.60000", "2011-12-31": "", "2010-12-31": "-531.70000", "2009-12-31": "-71.50000", "2008-12-31": "211.82400", "2007-12-31": "-90.05200", "2006-12-31": "180.05800", "2005-12-31": "-110.11900"}, "Net Current Debt": {"2020-12-31": "", "2019-12-31": "251.00000", "2018-12-31": "-268.80000", "2017-12-31": "-155.80000", "2016-12-31": "68.90000", "2015-12-31": "211.70000", "2014-12-31": "-6.70000", "2013-12-31": "-99.40000", "2012-12-31": "251.30000", "2011-12-31": "-87.40000", "2010-12-31": "55.10000", "2009-12-31": "30.90000", "2008-12-31": "-111.75200", "2007-12-31": "12.67500", "2006-12-31": "-3.31600", "2005-12-31": "8.03700"}, "Debt Issuance/Retirement Net - Total": {"2020-12-31": "99.00000", "2019-12-31": "-49.00000", "2018-12-31": "-268.80000", "2017-12-31": "1265.50000", "2016-12-31": "68.90000", "2015-12-31": "-38.30000", "2014-12-31": "293.10000", "2013-12-31": "-99.40000", "2012-12-31": "650.90000", "2011-12-31": "-87.40000", "2010-12-31": "-476.60000", "2009-12-31": "-40.60000", "2008-12-31": "100.07200", "2007-12-31": "-77.37700", "2006-12-31": "176.74200", "2005-12-31": "-102.08200"}, "Net Common Equity Issued/Repurchased": {"2020-12-31": "-207.00000", "2019-12-31": "-197.20000", "2018-12-31": "-123.40000", "2017-12-31": "-357.90000", "2016-12-31": "-349.50000", "2015-12-31": "-334.60000", "2014-12-31": "-446.10000", "2013-12-31": "-28.10000", "2012-12-31": "-222.40000", "2011-12-31": "-53.10000", "2010-12-31": "15.90000", "2009-12-31": "9.60000", "2008-12-31": "12.32100", "2007-12-31": "15.82300", "2006-12-31": "12.19500", "2005-12-31": "17.16700"}, "Net Total Equity Issued/Repurchased": {"2020-12-31": "-207.00000", "2019-12-31": "-197.20000", "2018-12-31": "-123.40000", "2017-12-31": "-357.90000", "2016-12-31": "-349.50000", "2015-12-31": "-334.60000", "2014-12-31": "-446.10000", "2013-12-31": "-28.10000", "2012-12-31": "-222.40000", "2011-12-31": "-53.10000", "2010-12-31": "15.90000", "2009-12-31": "9.60000", "2008-12-31": "12.32100", "2007-12-31": "15.82300", "2006-12-31": "12.19500", "2005-12-31": "17.16700"}, "Total Common And Preferred Stock Dividends Paid": {"2020-12-31": "-237.30000", "2019-12-31": "-224.10000", "2018-12-31": "-213.30000", "2017-12-31": "-190.40000", "2016-12-31": "-183.00000", "2015-12-31": "-175.30000", "2014-12-31": "-167.50000", "2013-12-31": "-155.20000", "2012-12-31": "-134.50000", "2011-12-31": "-97.40000", "2010-12-31": "-44.00000", "2009-12-31": "-32.30000", "2008-12-31": "-23.11400", "2007-12-31": "-19.74600", "2006-12-31": "-16.86800", "2005-12-31": "-15.31500"}, "Financial Activities - Other": {"2020-12-31": "-14.80000", "2019-12-31": "-2.60000", "2018-12-31": "-3.50000", "2017-12-31": "-18.30000", "2016-12-31": "24.00000", "2015-12-31": "13.20000", "2014-12-31": "13.90000", "2013-12-31": "22.90000", "2012-12-31": "11.20000", "2011-12-31": "11.40000", "2010-12-31": "1.00000", "2009-12-31": "5.00000", "2008-12-31": "-2.05700", "2007-12-31": "7.68100", "2006-12-31": "5.58400", "2005-12-31": "-0.99400"}, "Cash Flow From Financial Activities": {"2020-12-31": "-360.10000", "2019-12-31": "-472.90000", "2018-12-31": "-609.00000", "2017-12-31": "698.90000", "2016-12-31": "-439.60000", "2015-12-31": "-535.00000", "2014-12-31": "-306.60000", "2013-12-31": "-259.80000", "2012-12-31": "305.20000", "2011-12-31": "-226.50000", "2010-12-31": "-503.70000", "2009-12-31": "-58.30000", "2008-12-31": "87.22200", "2007-12-31": "-73.61900", "2006-12-31": "177.65300", "2005-12-31": "-101.22400"}, "Net Cash Flow": {"2020-12-31": "27.40000", "2019-12-31": "-161.00000", "2018-12-31": "37.80000", "2017-12-31": "91.10000", "2016-12-31": "-142.20000", "2015-12-31": "-93.00000", "2014-12-31": "-73.90000", "2013-12-31": "153.90000", "2012-12-31": "91.60000", "2011-12-31": "62.20000", "2010-12-31": "-257.90000", "2009-12-31": "249.10000", "2008-12-31": "-51.81000", "2007-12-31": "139.33300", "2006-12-31": "-16.20200", "2005-12-31": "-18.86200"}, "Stock-Based Compensation": {"2020-12-31": "21.50000", "2019-12-31": "20.80000", "2018-12-31": "23.30000", "2017-12-31": "18.10000", "2016-12-31": "16.00000", "2015-12-31": "16.10000", "2014-12-31": "17.00000", "2013-12-31": "17.00000", "2012-12-31": "12.40000", "2011-12-31": "11.00000", "2010-12-31": "11.80000", "2009-12-31": "12.70000", "2008-12-31": "12.41400", "2007-12-31": "11.41600", "2006-12-31": "10.61700", "2005-12-31": ""}, "Common Stock Dividends Paid": {"2020-12-31": "-237.30000", "2019-12-31": "-224.10000", "2018-12-31": "-213.30000", "2017-12-31": "-190.40000", "2016-12-31": "-183.00000", "2015-12-31": "-175.30000", "2014-12-31": "-167.50000", "2013-12-31": "-155.20000", "2012-12-31": "-134.50000", "2011-12-31": "-97.40000", "2010-12-31": "-44.00000", "2009-12-31": "-32.30000", "2008-12-31": "-23.11400", "2007-12-31": "-19.74600", "2006-12-31": "-16.86800", "2005-12-31": "-15.31500"}}, "cash flow statement, quarterly": {"Net Income/Loss": {"2020-12-31": 150.2, "2020-09-30": 216.2, "2020-06-30": 189.7, "2020-03-31": "229.80000", "2019-12-31": 144.4, "2019-09-30": 157.3, "2019-06-30": 138.5, "2019-03-31": "175.70000", "2018-12-31": 142.8, "2018-09-30": 146.3, "2018-06-30": 121.7, "2018-03-31": "157.80000", "2017-12-31": 405.6, "2017-09-30": 133.4, "2017-06-30": 72.9, "2017-03-31": "131.50000", "2016-12-31": 110.4, "2016-09-30": 124, "2016-06-30": 111.6, "2016-03-31": "113.00000", "2015-12-31": 109.1, "2015-09-30": 120.4, "2015-06-30": 73.7, "2015-03-31": "107.20000", "2014-12-31": 106.6, "2014-09-30": 115.9, "2014-06-30": 88.8, "2014-03-31": "102.60000", "2013-12-31": 92.2, "2013-09-30": 107.9, "2013-06-30": 86.6, "2013-03-31": "107.70000", "2012-12-31": 80.8, "2012-09-30": 93.9, "2012-06-30": 79.3, "2012-03-31": "95.80000", "2011-12-31": 63.8, "2011-09-30": 79.6, "2011-06-30": 82.6, "2011-03-31": "83.60000", "2010-12-31": 47, "2010-09-30": 69.4, "2010-06-30": 74.3, "2010-03-31": "80.00000", "2009-12-31": 52.743, "2009-09-30": 70.024, "2009-06-30": 58.157, "2009-03-31": "62.57600", "2008-12-31": 44.237, "2008-09-30": 48.989, "2008-06-30": 45.765, "2008-03-31": "56.19100", "2007-12-31": 31.677, "2007-09-30": 51.716, "2007-06-30": 40.533, "2007-03-31": "45.09900", "2006-12-31": 23.91, "2006-09-30": 38.664, "2006-06-30": 36.406, "2006-03-31": "39.94700", "2005-12-31": 16.227, "2005-09-30": 34.598, "2005-06-30": 34.38, "2005-03-31": "37.70100"}, "Total Depreciation And Amortization - Cash Flow": {"2020-12-31": 50.8, "2020-09-30": 46.5, "2020-06-30": 46.2, "2020-03-31": "46.20000", "2019-12-31": 46.5, "2019-09-30": 47, "2019-06-30": 44.3, "2019-03-31": "38.60000", "2018-12-31": 35.7, "2018-09-30": 35.5, "2018-06-30": 34.2, "2018-03-31": "35.70000", "2017-12-31": 33.8, "2017-09-30": 32.4, "2017-06-30": 29.9, "2017-03-31": "29.30000", "2016-12-31": 27.4, "2016-09-30": 25.8, "2016-06-30": 26.5, "2016-03-31": "27.90000", "2015-12-31": 24.7, "2015-09-30": 24.9, "2015-06-30": 25.4, "2015-03-31": "26.00000", "2014-12-31": 23.5, "2014-09-30": 22, "2014-06-30": 22.9, "2014-03-31": "22.80000", "2013-12-31": 22.6, "2013-09-30": 21.6, "2013-06-30": 22.7, "2013-03-31": "23.60000", "2012-12-31": 25.6, "2012-09-30": 20.1, "2012-06-30": 20.1, "2012-03-31": "19.20000", "2011-12-31": 18.4, "2011-09-30": 19.5, "2011-06-30": 19.8, "2011-03-31": "19.40000", "2010-12-31": 17.2, "2010-09-30": 18, "2010-06-30": 18.2, "2010-03-31": "18.20000", "2009-12-31": 20.509, "2009-09-30": 21.285, "2009-06-30": 21.936, "2009-03-31": "21.67000", "2008-12-31": 19.386, "2008-09-30": 20.367, "2008-06-30": 16.439, "2008-03-31": "15.21200", "2007-12-31": 13.574, "2007-09-30": 14.064, "2007-06-30": 14.419, "2007-03-31": "14.61400", "2006-12-31": 13.585, "2006-09-30": 13.219, "2006-06-30": 12.439, "2006-03-31": "12.48400", "2005-12-31": 10.736, "2005-09-30": 11.308, "2005-06-30": 11.219, "2005-03-31": "10.89500"}, "Other Non-Cash Items": {"2020-12-31": 0.2, "2020-09-30": 20.7, "2020-06-30": 15.8, "2020-03-31": "7.50000", "2019-12-31": 16.8, "2019-09-30": 2.9, "2019-06-30": 15, "2019-03-31": "4.20000", "2018-12-31": 14, "2018-09-30": 9.2, "2018-06-30": 15.1, "2018-03-31": "0.60000", "2017-12-31": -233.7, "2017-09-30": 24.6, "2017-06-30": 10.9, "2017-03-31": "11.80000", "2016-12-31": 12, "2016-09-30": 8.6, "2016-06-30": 12, "2016-03-31": "13.70000", "2015-12-31": 6.4, "2015-09-30": 13, "2015-06-30": 32.2, "2015-03-31": "8.10000", "2014-12-31": 5.4, "2014-09-30": 4.6, "2014-06-30": 18.9, "2014-03-31": "8.10000", "2013-12-31": 10.7, "2013-09-30": 8.3, "2013-06-30": 16.4, "2013-03-31": "6.00000", "2012-12-31": 3.4, "2012-09-30": 7.6, "2012-06-30": 15.3, "2012-03-31": "2.80000", "2011-12-31": 27.2, "2011-09-30": 18.2, "2011-06-30": 14.1, "2011-03-31": "14.50000", "2010-12-31": 19.9, "2010-09-30": 27.7, "2010-06-30": 10.7, "2010-03-31": "4.50000", "2009-12-31": 3.235, "2009-09-30": 14.83, "2009-06-30": 14.561, "2009-03-31": "12.67400", "2008-12-31": 25.301, "2008-09-30": 5.821, "2008-06-30": 5.062, "2008-03-31": "4.77400", "2007-12-31": 2.191, "2007-09-30": 7.904, "2007-06-30": 11.726, "2007-03-31": "6.88700", "2006-12-31": 9.694, "2006-09-30": 11.651, "2006-06-30": 4.907, "2006-03-31": "7.34900", "2005-12-31": 12.822, "2005-09-30": 5.706, "2005-06-30": 6.665, "2005-03-31": "3.17400"}, "Total Non-Cash Items": {"2020-12-31": 51, "2020-09-30": 67.2, "2020-06-30": 62, "2020-03-31": "53.70000", "2019-12-31": 63.3, "2019-09-30": 49.9, "2019-06-30": 59.3, "2019-03-31": "42.80000", "2018-12-31": 49.7, "2018-09-30": 44.7, "2018-06-30": 49.3, "2018-03-31": "36.30000", "2017-12-31": -199.9, "2017-09-30": 57, "2017-06-30": 40.8, "2017-03-31": "41.10000", "2016-12-31": 39.4, "2016-09-30": 34.4, "2016-06-30": 38.5, "2016-03-31": "41.60000", "2015-12-31": 31.1, "2015-09-30": 37.9, "2015-06-30": 57.6, "2015-03-31": "34.10000", "2014-12-31": 28.9, "2014-09-30": 26.6, "2014-06-30": 41.8, "2014-03-31": "30.90000", "2013-12-31": 33.3, "2013-09-30": 29.9, "2013-06-30": 39.1, "2013-03-31": "29.60000", "2012-12-31": 29, "2012-09-30": 27.7, "2012-06-30": 35.4, "2012-03-31": "22.00000", "2011-12-31": 45.6, "2011-09-30": 37.7, "2011-06-30": 33.9, "2011-03-31": "33.90000", "2010-12-31": 37.1, "2010-09-30": 45.7, "2010-06-30": 28.9, "2010-03-31": "22.70000", "2009-12-31": 23.744, "2009-09-30": 36.115, "2009-06-30": 36.497, "2009-03-31": "34.34400", "2008-12-31": 44.687, "2008-09-30": 26.188, "2008-06-30": 21.501, "2008-03-31": "19.98600", "2007-12-31": 15.765, "2007-09-30": 21.968, "2007-06-30": 26.145, "2007-03-31": "21.50100", "2006-12-31": 23.279, "2006-09-30": 24.87, "2006-06-30": 17.346, "2006-03-31": "19.83300", "2005-12-31": 23.558, "2005-09-30": 17.014, "2005-06-30": 17.884, "2005-03-31": "14.06900"}, "Change In Accounts Receivable": {"2020-12-31": 4.7, "2020-09-30": -24, "2020-06-30": 14.2, "2020-03-31": "-8.30000", "2019-12-31": 32.6, "2019-09-30": -4.5, "2019-06-30": -1.3, "2019-03-31": "-36.00000", "2018-12-31": 13.8, "2018-09-30": -12.4, "2018-06-30": 6.5, "2018-03-31": "-11.30000", "2017-12-31": 30.6, "2017-09-30": -33.5, "2017-06-30": 4.4, "2017-03-31": "-11.20000", "2016-12-31": -25.9, "2016-09-30": 12.9, "2016-06-30": -4.9, "2016-03-31": "5.20000", "2015-12-31": 53.6, "2015-09-30": 2.8, "2015-06-30": -0.9, "2015-03-31": "-22.00000", "2014-12-31": -6.8, "2014-09-30": 15.2, "2014-06-30": 3.6, "2014-03-31": "-13.80000", "2013-12-31": -6.8, "2013-09-30": 6.3, "2013-06-30": 0.2, "2013-03-31": "-30.90000", "2012-12-31": 7.5, "2012-09-30": -4.6, "2012-06-30": -7.2, "2012-03-31": "-4.70000", "2011-12-31": -6.3, "2011-09-30": 5.7, "2011-06-30": -19.7, "2011-03-31": "-15.00000", "2010-12-31": 20.6, "2010-09-30": -3.2, "2010-06-30": -5.9, "2010-03-31": "-24.20000", "2009-12-31": 15.597, "2009-09-30": -1.485, "2009-06-30": 0.068, "2009-03-31": "-7.98000", "2008-12-31": 38.767, "2008-09-30": 9.456, "2008-06-30": -25.186, "2008-03-31": "3.43600", "2007-12-31": 27.671, "2007-09-30": -24.063, "2007-06-30": -12.693, "2007-03-31": "2.18300", "2006-12-31": 17.062, "2006-09-30": -11.716, "2006-06-30": -19.529, "2006-03-31": "-0.08200", "2005-12-31": 9.571, "2005-09-30": 4.382, "2005-06-30": -20.622, "2005-03-31": "-21.77500"}, "Change In Inventories": {"2020-12-31": 20.4, "2020-09-30": -39.6, "2020-06-30": -57.9, "2020-03-31": "15.20000", "2019-12-31": -26.7, "2019-09-30": 10.8, "2019-06-30": -2, "2019-03-31": "-15.90000", "2018-12-31": 5.4, "2018-09-30": -21.4, "2018-06-30": -15.6, "2018-03-31": "-23.50000", "2017-12-31": 7.9, "2017-09-30": -3, "2017-06-30": -8.8, "2017-03-31": "-21.30000", "2016-12-31": 25.7, "2016-09-30": 2.8, "2016-06-30": -0.6, "2016-03-31": "-8.70000", "2015-12-31": -2, "2015-09-30": -8.9, "2015-06-30": -12.4, "2015-03-31": "-15.20000", "2014-12-31": 11.8, "2014-09-30": 8.8, "2014-06-30": -4.5, "2014-03-31": "-14.30000", "2013-12-31": 7.5, "2013-09-30": -1.2, "2013-06-30": 1.1, "2013-03-31": "-14.70000", "2012-12-31": 21.6, "2012-09-30": 3.8, "2012-06-30": -15.2, "2012-03-31": "-11.30000", "2011-12-31": 20.3, "2011-09-30": -13.8, "2011-06-30": -0.6, "2011-03-31": "-14.90000", "2010-12-31": 22.5, "2010-09-30": 18.1, "2010-06-30": -3.4, "2010-03-31": "-13.10000", "2009-12-31": 11.391, "2009-09-30": -9.828, "2009-06-30": -9.715, "2009-03-31": "-2.34800", "2008-12-31": 10.06, "2008-09-30": -1.903, "2008-06-30": -2.165, "2008-03-31": "-3.54900", "2007-12-31": 8.002, "2007-09-30": -6.91, "2007-06-30": 5.326, "2007-03-31": "-20.17600", "2006-12-31": 9.557, "2006-09-30": 10.256, "2006-06-30": -9.025, "2006-03-31": "-23.84900", "2005-12-31": 1.793, "2005-09-30": -0.332, "2005-06-30": -2.324, "2005-03-31": "-8.95200"}, "Change In Accounts Payable": {"2020-12-31": 0, "2020-09-30": 0, "2020-06-30": 0, "2020-03-31": "", "2019-12-31": 0, "2019-09-30": 0, "2019-06-30": 0, "2019-03-31": "", "2018-12-31": 0, "2018-09-30": 0, "2018-06-30": 0, "2018-03-31": "", "2017-12-31": 0, "2017-09-30": 0, "2017-06-30": 0, "2017-03-31": "", "2016-12-31": 0, "2016-09-30": 0, "2016-06-30": 0, "2016-03-31": "", "2015-12-31": 0, "2015-09-30": 0, "2015-06-30": 0, "2015-03-31": "", "2014-12-31": 0, "2014-09-30": 0, "2014-06-30": 0, "2014-03-31": "", "2013-12-31": 0, "2013-09-30": 0, "2013-06-30": 0, "2013-03-31": "", "2012-12-31": 0, "2012-09-30": 0, "2012-06-30": 0, "2012-03-31": "", "2011-12-31": 0, "2011-09-30": 0, "2011-06-30": 0, "2011-03-31": "", "2010-12-31": 0, "2010-09-30": 0, "2010-06-30": 0, "2010-03-31": "", "2009-12-31": 0, "2009-09-30": 0, "2009-06-30": 0, "2009-03-31": "", "2008-12-31": 0, "2008-09-30": 0, "2008-06-30": 0, "2008-03-31": "", "2007-12-31": 5.247, "2007-09-30": 0, "2007-06-30": 0, "2007-03-31": "", "2006-12-31": -4.195, "2006-09-30": 0, "2006-06-30": 0, "2006-03-31": "", "2005-12-31": 15.999, "2005-09-30": 0, "2005-06-30": 0, "2005-03-31": ""}, "Change In Assets/Liabilities": {"2020-12-31": -64.7, "2020-09-30": -50.3, "2020-06-30": 11.7, "2020-03-31": "-36.00000", "2019-12-31": -19.5, "2019-09-30": 28, "2019-06-30": -5.4, "2019-03-31": "-3.10000", "2018-12-31": -6.6, "2018-09-30": 34.6, "2018-06-30": 0.4, "2018-03-31": "-4.70000", "2017-12-31": -10, "2017-09-30": 1.4, "2017-06-30": 25.7, "2017-03-31": "-0.50000", "2016-12-31": -17.5, "2016-09-30": -7.4, "2016-06-30": -9.6, "2016-03-31": "-11.10000", "2015-12-31": -8, "2015-09-30": -2, "2015-06-30": 2, "2015-03-31": "-9.20000", "2014-12-31": -7.1, "2014-09-30": 13.6, "2014-06-30": -18.1, "2014-03-31": "-13.30000", "2013-12-31": -19, "2013-09-30": 11.4, "2013-06-30": -18.3, "2013-03-31": "-8.90000", "2012-12-31": 6.3, "2012-09-30": -8.6, "2012-06-30": -4.4, "2012-03-31": "-11.80000", "2011-12-31": -10.6, "2011-09-30": -4.2, "2011-06-30": -1.2, "2011-03-31": "-9.30000", "2010-12-31": 1.5, "2010-09-30": -0.8, "2010-06-30": -1.2, "2010-03-31": "-1.70000", "2009-12-31": 29.821, "2009-09-30": -24.328, "2009-06-30": 2.351, "2009-03-31": "-3.24400", "2008-12-31": -13.842, "2008-09-30": -0.5, "2008-06-30": 2.682, "2008-03-31": "-3.80400", "2007-12-31": 3.712, "2007-09-30": 2.803, "2007-06-30": -5.607, "2007-03-31": "-2.99700", "2006-12-31": -1.293, "2006-09-30": -2.869, "2006-06-30": -5.132, "2006-03-31": "1.55800", "2005-12-31": -4.655, "2005-09-30": -1.015, "2005-06-30": -4.433, "2005-03-31": "4.36100"}, "Total Change In Assets/Liabilities": {"2020-12-31": -12.6, "2020-09-30": -83.6, "2020-06-30": 110.9, "2020-03-31": "-49.10000", "2019-12-31": 45.9, "2019-09-30": 55.9, "2019-06-30": 11.3, "2019-03-31": "-79.90000", "2018-12-31": 2.4, "2018-09-30": 54, "2018-06-30": -4.8, "2018-03-31": "-37.60000", "2017-12-31": 52.6, "2017-09-30": -15.2, "2017-06-30": 5, "2017-03-31": "-41.60000", "2016-12-31": 13.4, "2016-09-30": 40.2, "2016-06-30": -31.7, "2016-03-31": "22.30000", "2015-12-31": 56.5, "2015-09-30": -2.2, "2015-06-30": -24.4, "2015-03-31": "-0.60000", "2014-12-31": -6, "2014-09-30": 58.1, "2014-06-30": -25.1, "2014-03-31": "-32.00000", "2013-12-31": -3.4, "2013-09-30": 78, "2013-06-30": -38.5, "2013-03-31": "-65.30000", "2012-12-31": 98.6, "2012-09-30": 5.4, "2012-06-30": -39.7, "2012-03-31": "-3.50000", "2011-12-31": 8.4, "2011-09-30": 29.7, "2011-06-30": -23.7, "2011-03-31": "-37.50000", "2010-12-31": 56.6, "2010-09-30": 49.8, "2010-06-30": -51.4, "2010-03-31": "-30.70000", "2009-12-31": 19.283, "2009-09-30": 7.905, "2009-06-30": 8.151, "2009-03-31": "-4.93900", "2008-12-31": 25.114, "2008-09-30": 16.608, "2008-06-30": 0.355, "2008-03-31": "-13.45400", "2007-12-31": 41.976, "2007-09-30": 10.437, "2007-06-30": -21.14, "2007-03-31": "-37.00000", "2006-12-31": 29.832, "2006-09-30": 17.024, "2006-06-30": -40.059, "2006-03-31": "-44.90300", "2005-12-31": 19.794, "2005-09-30": 15.544, "2005-06-30": -17.52, "2005-03-31": "-22.74700"}, "Cash Flow From Operating Activities": {"2020-12-31": 192.1, "2020-09-30": 199.6, "2020-06-30": 362.1, "2020-03-31": "236.50000", "2019-12-31": 247, "2019-09-30": 266.3, "2019-06-30": 213.3, "2019-03-31": "137.90000", "2018-12-31": 195.6, "2018-09-30": 245.3, "2018-06-30": 167.2, "2018-03-31": "155.50000", "2017-12-31": 257.4, "2017-09-30": 174.8, "2017-06-30": 117.8, "2017-03-31": "131.50000", "2016-12-31": 160.3, "2016-09-30": 198.5, "2016-06-30": 118.7, "2016-03-31": "177.80000", "2015-12-31": 197.3, "2015-09-30": 160.4, "2015-06-30": 104.2, "2015-03-31": "144.20000", "2014-12-31": 131.6, "2014-09-30": 201.9, "2014-06-30": 104.4, "2014-03-31": "102.40000", "2013-12-31": 123, "2013-09-30": 215.6, "2013-06-30": 88.7, "2013-03-31": "72.30000", "2012-12-31": 207.7, "2012-09-30": 126.7, "2012-06-30": 75.3, "2012-03-31": "113.90000", "2011-12-31": 118.6, "2011-09-30": 147.5, "2011-06-30": 92.2, "2011-03-31": "79.50000", "2010-12-31": 139.8, "2010-09-30": 164.9, "2010-06-30": 51.8, "2010-03-31": "72.00000", "2009-12-31": 92.07, "2009-09-30": 114.044, "2009-06-30": 102.805, "2009-03-31": "91.98100", "2008-12-31": 114.038, "2008-09-30": 91.785, "2008-06-30": 67.621, "2008-03-31": "62.72300", "2007-12-31": 89.418, "2007-09-30": 84.121, "2007-06-30": 45.538, "2007-03-31": "29.60000", "2006-12-31": 77.154, "2006-09-30": 80.717, "2006-06-30": 15.001, "2006-03-31": "13.57200", "2005-12-31": 58.899, "2005-09-30": 67.167, "2005-06-30": 32.88, "2005-03-31": "31.16100"}, "Net Change In Property, Plant, And Equipment": {"2020-12-31": -44.3, "2020-09-30": -23.7, "2020-06-30": -14.1, "2020-03-31": "-9.80000", "2019-12-31": -34, "2019-09-30": -16.1, "2019-06-30": -11.9, "2019-03-31": "-11.70000", "2018-12-31": -30, "2018-09-30": -10.8, "2018-06-30": -9.7, "2018-03-31": "-9.90000", "2017-12-31": -24.1, "2017-09-30": -10.5, "2017-06-30": -7.6, "2017-03-31": "-2.80000", "2016-12-31": -21.7, "2016-09-30": -10.3, "2016-06-30": -9.3, "2016-03-31": "-8.50000", "2015-12-31": -17.1, "2015-09-30": -10.7, "2015-06-30": -12.1, "2015-03-31": "-21.90000", "2014-12-31": -34.3, "2014-09-30": -19.1, "2014-06-30": -10.8, "2014-03-31": "-6.30000", "2013-12-31": -36.8, "2013-09-30": -10.2, "2013-06-30": -9.7, "2013-03-31": "-10.40000", "2012-12-31": -24.8, "2012-09-30": -9.7, "2012-06-30": -24.9, "2012-03-31": "-15.10000", "2011-12-31": -35.8, "2011-09-30": -17.2, "2011-06-30": -16.8, "2011-03-31": "-6.80000", "2010-12-31": -26.4, "2010-09-30": -16.9, "2010-06-30": -11.3, "2010-03-31": "-1.00000", "2009-12-31": -48.244, "2009-09-30": -29.905, "2009-06-30": -5.87, "2009-03-31": "-21.28100", "2008-12-31": -54.699, "2008-09-30": -22.583, "2008-06-30": -8.758, "2008-03-31": "3.33700", "2007-12-31": -12.641, "2007-09-30": -3.627, "2007-06-30": -14.101, "2007-03-31": "-11.29400", "2006-12-31": -14.398, "2006-09-30": -12.011, "2006-06-30": -10.633, "2006-03-31": "-10.55600", "2005-12-31": -9.48, "2005-09-30": -11.858, "2005-06-30": -8.448, "2005-03-31": "-7.95100"}, "Net Change In Intangible Assets": {"2020-12-31": 0, "2020-09-30": 0, "2020-06-30": 0, "2020-03-31": "", "2019-12-31": 0, "2019-09-30": 0, "2019-06-30": 0, "2019-03-31": "", "2018-12-31": 0, "2018-09-30": 0, "2018-06-30": 0, "2018-03-31": "", "2017-12-31": 0, "2017-09-30": 0, "2017-06-30": 0, "2017-03-31": "", "2016-12-31": 0, "2016-09-30": 0, "2016-06-30": 0, "2016-03-31": "", "2015-12-31": 0, "2015-09-30": 0, "2015-06-30": 0, "2015-03-31": "", "2014-12-31": 0, "2014-09-30": 0, "2014-06-30": 0, "2014-03-31": "", "2013-12-31": 0, "2013-09-30": 0, "2013-06-30": 0, "2013-03-31": "", "2012-12-31": 0, "2012-09-30": 0, "2012-06-30": 0, "2012-03-31": "", "2011-12-31": 0, "2011-09-30": 0, "2011-06-30": 0, "2011-03-31": "", "2010-12-31": 0, "2010-09-30": 0, "2010-06-30": 0, "2010-03-31": "", "2009-12-31": 0, "2009-09-30": 0, "2009-06-30": 0, "2009-03-31": "", "2008-12-31": 0, "2008-09-30": 0, "2008-06-30": 0, "2008-03-31": "", "2007-12-31": 0, "2007-09-30": 0, "2007-06-30": 0, "2007-03-31": "", "2006-12-31": 0, "2006-09-30": 0, "2006-06-30": 0, "2006-03-31": "", "2005-12-31": 0, "2005-09-30": 0, "2005-06-30": 0, "2005-03-31": ""}, "Net Acquisitions/Divestitures": {"2020-12-31": -512.7, "2020-09-30": 0, "2020-06-30": 0, "2020-03-31": "", "2019-12-31": 0, "2019-09-30": 0, "2019-06-30": -475, "2019-03-31": "", "2018-12-31": 0, "2018-09-30": 0, "2018-06-30": 0.1, "2018-03-31": "-49.90000", "2017-12-31": 0, "2017-09-30": -1024.7, "2017-06-30": -75, "2017-03-31": "-160.30000", "2016-12-31": -129.8, "2016-09-30": 0, "2016-06-30": -0.5, "2016-03-31": "-175.00000", "2015-12-31": 0, "2015-09-30": 0, "2015-06-30": 0, "2015-03-31": "-74.90000", "2014-12-31": 0.4, "2014-09-30": -216.1, "2014-06-30": 0, "2014-03-31": "", "2013-12-31": 0, "2013-09-30": 0, "2013-06-30": 0, "2013-03-31": "", "2012-12-31": -652.3, "2012-09-30": 0, "2012-06-30": 0, "2012-03-31": "", "2011-12-31": -4.3, "2011-09-30": 0, "2011-06-30": -64.8, "2011-03-31": "", "2010-12-31": -45.5, "2010-09-30": -10.1, "2010-06-30": -70.2, "2010-03-31": "-0.20000", "2009-12-31": -0.121, "2009-09-30": -0.169, "2009-06-30": -0.169, "2009-03-31": "-0.24100", "2008-12-31": -0.372, "2008-09-30": -383.447, "2008-06-30": -0.257, "2008-03-31": "-0.30500", "2007-12-31": -0.255, "2007-09-30": -0.313, "2007-06-30": -0.349, "2007-03-31": "-0.55100", "2006-12-31": -0.213, "2006-09-30": -330.51, "2006-06-30": -7.569, "2006-03-31": "-0.96500", "2005-12-31": -81.696, "2005-09-30": -0.603, "2005-06-30": -0.68, "2005-03-31": "-0.56100"}, "Net Change In Short-term Investments": {"2020-12-31": 0, "2020-09-30": 0, "2020-06-30": 0, "2020-03-31": "", "2019-12-31": 0, "2019-09-30": 0, "2019-06-30": 0, "2019-03-31": "", "2018-12-31": 0, "2018-09-30": 0, "2018-06-30": 0, "2018-03-31": "", "2017-12-31": 0, "2017-09-30": 0, "2017-06-30": 0, "2017-03-31": "", "2016-12-31": 0, "2016-09-30": 0, "2016-06-30": 0, "2016-03-31": "", "2015-12-31": 0, "2015-09-30": 0, "2015-06-30": 0, "2015-03-31": "", "2014-12-31": 0, "2014-09-30": 0, "2014-06-30": 0, "2014-03-31": "", "2013-12-31": 0, "2013-09-30": 0, "2013-06-30": 19.7, "2013-03-31": "-19.70000", "2012-12-31": 0, "2012-09-30": 0, "2012-06-30": 0, "2012-03-31": "0.00000", "2011-12-31": -1.5, "2011-09-30": 0.2, "2011-06-30": 0.2, "2011-03-31": "1.10000", "2010-12-31": 0.1, "2010-09-30": 0.1, "2010-06-30": 0.2, "2010-03-31": "1.40000", "2009-12-31": -0.024, "2009-09-30": 0, "2009-06-30": 0, "2009-03-31": "1.32400", "2008-12-31": 0, "2008-09-30": 0, "2008-06-30": 0, "2008-03-31": "1.26300", "2007-12-31": -0.9, "2007-09-30": 0.5, "2007-06-30": 0.25, "2007-03-31": "0.15000", "2006-12-31": 0.162, "2006-09-30": 0.943, "2006-06-30": 0, "2006-03-31": "1.25000", "2005-12-31": -1.18, "2005-09-30": 1.18, "2005-06-30": 0, "2005-03-31": "1.01500"}, "Net Change In Long-Term Investments": {"2020-12-31": 0, "2020-09-30": 0, "2020-06-30": 0, "2020-03-31": "", "2019-12-31": 0, "2019-09-30": 0, "2019-06-30": 0, "2019-03-31": "", "2018-12-31": 0, "2018-09-30": 0, "2018-06-30": 0, "2018-03-31": "", "2017-12-31": 0, "2017-09-30": 0, "2017-06-30": 0, "2017-03-31": "", "2016-12-31": 0, "2016-09-30": 0, "2016-06-30": 0, "2016-03-31": "", "2015-12-31": 0, "2015-09-30": 0, "2015-06-30": 0, "2015-03-31": "", "2014-12-31": 0, "2014-09-30": 0, "2014-06-30": 0, "2014-03-31": "", "2013-12-31": 5.7, "2013-09-30": -1.2, "2013-06-30": -1.3, "2013-03-31": "-3.20000", "2012-12-31": -4, "2012-09-30": -2.9, "2012-06-30": -3.8, "2012-03-31": "-3.00000", "2011-12-31": -3.2, "2011-09-30": 0, "2011-06-30": 0, "2011-03-31": "", "2010-12-31": 0, "2010-09-30": 0, "2010-06-30": 0, "2010-03-31": "", "2009-12-31": 0, "2009-09-30": 0, "2009-06-30": 0, "2009-03-31": "", "2008-12-31": 0, "2008-09-30": 0, "2008-06-30": 0, "2008-03-31": "", "2007-12-31": 0, "2007-09-30": 0, "2007-06-30": 0, "2007-03-31": "", "2006-12-31": 0, "2006-09-30": 0, "2006-06-30": 0, "2006-03-31": "", "2005-12-31": 0, "2005-09-30": 0, "2005-06-30": 0, "2005-03-31": ""}, "Net Change In Investments - Total": {"2020-12-31": 0, "2020-09-30": 0, "2020-06-30": 0, "2020-03-31": "", "2019-12-31": 0, "2019-09-30": 0, "2019-06-30": 0, "2019-03-31": "", "2018-12-31": 0, "2018-09-30": 0, "2018-06-30": 0, "2018-03-31": "", "2017-12-31": 0, "2017-09-30": 0, "2017-06-30": 0, "2017-03-31": "", "2016-12-31": 0, "2016-09-30": 0, "2016-06-30": 0, "2016-03-31": "", "2015-12-31": 0, "2015-09-30": 0, "2015-06-30": 0, "2015-03-31": "", "2014-12-31": 0, "2014-09-30": 0, "2014-06-30": 0, "2014-03-31": "", "2013-12-31": 5.7, "2013-09-30": -1.2, "2013-06-30": 18.4, "2013-03-31": "-22.90000", "2012-12-31": -4, "2012-09-30": -2.9, "2012-06-30": -3.8, "2012-03-31": "-3.00000", "2011-12-31": -4.7, "2011-09-30": 0.2, "2011-06-30": 0.2, "2011-03-31": "1.10000", "2010-12-31": 0.1, "2010-09-30": 0.1, "2010-06-30": 0.2, "2010-03-31": "1.40000", "2009-12-31": -0.024, "2009-09-30": 0, "2009-06-30": 0, "2009-03-31": "1.32400", "2008-12-31": 0, "2008-09-30": 0, "2008-06-30": 0, "2008-03-31": "1.26300", "2007-12-31": -0.9, "2007-09-30": 0.5, "2007-06-30": 0.25, "2007-03-31": "0.15000", "2006-12-31": 0.162, "2006-09-30": 0.943, "2006-06-30": 0, "2006-03-31": "1.25000", "2005-12-31": -1.18, "2005-09-30": 1.18, "2005-06-30": 0, "2005-03-31": "1.01500"}, "Investing Activities - Other": {"2020-12-31": 0.1, "2020-09-30": -1.1, "2020-06-30": -0.9, "2020-03-31": "-1.60000", "2019-12-31": -0.5, "2019-09-30": -0.5, "2019-06-30": -3.1, "2019-03-31": "-0.70000", "2018-12-31": 0.2, "2018-09-30": -0.3, "2018-06-30": -1.6, "2018-03-31": "-0.20000", "2017-12-31": -1, "2017-09-30": -0.8, "2017-06-30": -0.4, "2017-03-31": "3.80000", "2016-12-31": -0.3, "2016-09-30": 1.1, "2016-06-30": 0.3, "2016-03-31": "-0.60000", "2015-12-31": -1.5, "2015-09-30": -1, "2015-06-30": -0.9, "2015-03-31": "-1.10000", "2014-12-31": -0.9, "2014-09-30": -0.4, "2014-06-30": -0.6, "2014-03-31": "-0.30000", "2013-12-31": -6.9, "2013-09-30": -2, "2013-06-30": -1.1, "2013-03-31": "", "2012-12-31": 650.8, "2012-09-30": -650.2, "2012-06-30": -1, "2012-03-31": "-0.40000", "2011-12-31": 1.9, "2011-09-30": -0.7, "2011-06-30": 0.3, "2011-03-31": "-0.40000", "2010-12-31": -0.4, "2010-09-30": -0.5, "2010-06-30": -0.4, "2010-03-31": "0.70000", "2009-12-31": 0.132, "2009-09-30": 0.612, "2009-06-30": 0.273, "2009-03-31": "-0.41700", "2008-12-31": -0.17, "2008-09-30": -0.018, "2008-06-30": -0.041, "2008-03-31": "-0.11100", "2007-12-31": 0.943, "2007-09-30": -0.197, "2007-06-30": -0.289, "2007-03-31": "0.15200", "2006-12-31": -0.885, "2006-09-30": 1.299, "2006-06-30": -0.744, "2006-03-31": "-0.68600", "2005-12-31": 9.076, "2005-09-30": 6.259, "2005-06-30": -2.252, "2005-03-31": "2.06500"}, "Cash Flow From Investing Activities": {"2020-12-31": -556.9, "2020-09-30": -24.8, "2020-06-30": -15, "2020-03-31": "-11.40000", "2019-12-31": -34.5, "2019-09-30": -16.6, "2019-06-30": -490, "2019-03-31": "-12.40000", "2018-12-31": -29.8, "2018-09-30": -11.1, "2018-06-30": -11.2, "2018-03-31": "-60.00000", "2017-12-31": -25.1, "2017-09-30": -1036, "2017-06-30": -83, "2017-03-31": "-159.30000", "2016-12-31": -151.8, "2016-09-30": -9.2, "2016-06-30": -9.5, "2016-03-31": "-184.10000", "2015-12-31": -18.6, "2015-09-30": -11.7, "2015-06-30": -13, "2015-03-31": "-97.90000", "2014-12-31": -34.8, "2014-09-30": -235.6, "2014-06-30": -11.4, "2014-03-31": "-6.60000", "2013-12-31": -38, "2013-09-30": -13.4, "2013-06-30": 7.6, "2013-03-31": "-33.30000", "2012-12-31": -30.3, "2012-09-30": -662.8, "2012-06-30": -29.7, "2012-03-31": "-18.50000", "2011-12-31": -42.9, "2011-09-30": -17.7, "2011-06-30": -81.1, "2011-03-31": "-6.10000", "2010-12-31": -72.2, "2010-09-30": -27.4, "2010-06-30": -81.7, "2010-03-31": "0.90000", "2009-12-31": -48.257, "2009-09-30": -29.462, "2009-06-30": -5.766, "2009-03-31": "-20.61500", "2008-12-31": -55.241, "2008-09-30": -406.048, "2008-06-30": -9.056, "2008-03-31": "4.18400", "2007-12-31": -12.853, "2007-09-30": -3.637, "2007-06-30": -14.489, "2007-03-31": "-11.54300", "2006-12-31": -15.334, "2006-09-30": -340.279, "2006-06-30": -18.946, "2006-03-31": "-10.95700", "2005-12-31": -83.28, "2005-09-30": -5.022, "2005-06-30": -11.38, "2005-03-31": "-5.43200"}, "Net Long-Term Debt": {"2020-12-31": 99, "2020-09-30": 0, "2020-06-30": 0, "2020-03-31": "", "2019-12-31": -300, "2019-09-30": 0, "2019-06-30": 300, "2019-03-31": "-300.00000", "2018-12-31": 0, "2018-09-30": 0, "2018-06-30": 0, "2018-03-31": "", "2017-12-31": 0, "2017-09-30": 1221.3, "2017-06-30": 200, "2017-03-31": "", "2016-12-31": 0, "2016-09-30": 0, "2016-06-30": 0, "2016-03-31": "", "2015-12-31": -250, "2015-09-30": 0, "2015-06-30": 0, "2015-03-31": "", "2014-12-31": 299.8, "2014-09-30": 0, "2014-06-30": 0, "2014-03-31": "", "2013-12-31": 0, "2013-09-30": 0, "2013-06-30": 0, "2013-03-31": "", "2012-12-31": -252, "2012-09-30": 651.6, "2012-06-30": 0, "2012-03-31": "", "2011-12-31": 0, "2011-09-30": 0, "2011-06-30": 0, "2011-03-31": "", "2010-12-31": -408.3, "2010-09-30": -41.2, "2010-06-30": -41.1, "2010-03-31": "-41.10000", "2009-12-31": -20.562, "2009-09-30": -16.979, "2009-06-30": -16.98, "2009-03-31": "-16.97900", "2008-12-31": -11.103, "2008-09-30": 239.834, "2008-06-30": -8.454, "2008-03-31": "-8.45300", "2007-12-31": -8.477, "2007-09-30": -8.417, "2007-06-30": -33.621, "2007-03-31": "-39.53700", "2006-12-31": -46.758, "2006-09-30": 246.398, "2006-06-30": -4.127, "2006-03-31": "-15.45500", "2005-12-31": 0.354, "2005-09-30": -7.335, "2005-06-30": -26.01, "2005-03-31": "-77.12800"}, "Net Current Debt": {"2020-12-31": 250.4, "2020-09-30": -64.2, "2020-06-30": -906.1, "2020-03-31": "719.90000", "2019-12-31": 178.6, "2019-09-30": -37.4, "2019-06-30": 11.8, "2019-03-31": "98.00000", "2018-12-31": 0.7, "2018-09-30": -109.7, "2018-06-30": -142.4, "2018-03-31": "-17.40000", "2017-12-31": -46.2, "2017-09-30": -312.2, "2017-06-30": 43.8, "2017-03-31": "158.80000", "2016-12-31": 196, "2016-09-30": -150.9, "2016-06-30": -70, "2016-03-31": "93.80000", "2015-12-31": 333.4, "2015-09-30": -98.7, "2015-06-30": -150.1, "2015-03-31": "127.10000", "2014-12-31": -257.1, "2014-09-30": 251.3, "2014-06-30": -0.4, "2014-03-31": "-0.50000", "2013-12-31": 0.1, "2013-09-30": -0.9, "2013-06-30": -48.6, "2013-03-31": "-50.00000", "2012-12-31": 251.3, "2012-09-30": -29.8, "2012-06-30": 32.3, "2012-03-31": "-2.50000", "2011-12-31": -1.3, "2011-09-30": 3.9, "2011-06-30": 0, "2011-03-31": "-90.00000", "2010-12-31": 90, "2010-09-30": -1.8, "2010-06-30": -3, "2010-03-31": "-30.10000", "2009-12-31": 1.358, "2009-09-30": 2.353, "2009-06-30": -4.806, "2009-03-31": "31.99500", "2008-12-31": -14.452, "2008-09-30": 2.082, "2008-06-30": 0.325, "2008-03-31": "-99.70700", "2007-12-31": -2.019, "2007-09-30": 0.265, "2007-06-30": 1.357, "2007-03-31": "13.07200", "2006-12-31": -2.413, "2006-09-30": -0.93, "2006-06-30": -8.857, "2006-03-31": "8.88400", "2005-12-31": -4.698, "2005-09-30": -2.074, "2005-06-30": 5.863, "2005-03-31": "8.94600"}, "Debt Issuance/Retirement Net - Total": {"2020-12-31": 349.4, "2020-09-30": -64.2, "2020-06-30": -906.1, "2020-03-31": "719.90000", "2019-12-31": -121.4, "2019-09-30": -37.4, "2019-06-30": 311.8, "2019-03-31": "-202.00000", "2018-12-31": 0.7, "2018-09-30": -109.7, "2018-06-30": -142.4, "2018-03-31": "-17.40000", "2017-12-31": -46.2, "2017-09-30": 909.1, "2017-06-30": 243.8, "2017-03-31": "158.80000", "2016-12-31": 196, "2016-09-30": -150.9, "2016-06-30": -70, "2016-03-31": "93.80000", "2015-12-31": 83.4, "2015-09-30": -98.7, "2015-06-30": -150.1, "2015-03-31": "127.10000", "2014-12-31": 42.7, "2014-09-30": 251.3, "2014-06-30": -0.4, "2014-03-31": "-0.50000", "2013-12-31": 0.1, "2013-09-30": -0.9, "2013-06-30": -48.6, "2013-03-31": "-50.00000", "2012-12-31": -0.7, "2012-09-30": 621.8, "2012-06-30": 32.3, "2012-03-31": "-2.50000", "2011-12-31": -1.3, "2011-09-30": 3.9, "2011-06-30": 0, "2011-03-31": "-90.00000", "2010-12-31": -318.3, "2010-09-30": -43, "2010-06-30": -44.1, "2010-03-31": "-71.20000", "2009-12-31": -19.204, "2009-09-30": -14.626, "2009-06-30": -21.786, "2009-03-31": "15.01600", "2008-12-31": -25.555, "2008-09-30": 241.916, "2008-06-30": -8.129, "2008-03-31": "-108.16000", "2007-12-31": -10.496, "2007-09-30": -8.152, "2007-06-30": -32.264, "2007-03-31": "-26.46500", "2006-12-31": -49.171, "2006-09-30": 245.468, "2006-06-30": -12.984, "2006-03-31": "-6.57100", "2005-12-31": -4.344, "2005-09-30": -9.409, "2005-06-30": -20.147, "2005-03-31": "-68.18200"}, "Net Common Equity Issued/Repurchased": {"2020-12-31": -296.1, "2020-09-30": 44.2, "2020-06-30": 35.6, "2020-03-31": "9.30000", "2019-12-31": 3, "2019-09-30": -137.2, "2019-06-30": 21.9, "2019-03-31": "-84.90000", "2018-12-31": 18.6, "2018-09-30": 29.1, "2018-06-30": 12.5, "2018-03-31": "-183.60000", "2017-12-31": -95.8, "2017-09-30": 10.6, "2017-06-30": -138.3, "2017-03-31": "-134.40000", "2016-12-31": -197.5, "2016-09-30": 18.6, "2016-06-30": 16.1, "2016-03-31": "-186.70000", "2015-12-31": -94.8, "2015-09-30": 7.6, "2015-06-30": -2.5, "2015-03-31": "-244.90000", "2014-12-31": -35.6, "2014-09-30": 6.6, "2014-06-30": -164.3, "2014-03-31": "-252.80000", "2013-12-31": 5.7, "2013-09-30": 3.5, "2013-06-30": 7.2, "2013-03-31": "-44.50000", "2012-12-31": -42.5, "2012-09-30": 2.8, "2012-06-30": -97.8, "2012-03-31": "-84.90000", "2011-12-31": -73.2, "2011-09-30": 3.5, "2011-06-30": 10.9, "2011-03-31": "5.70000", "2010-12-31": 4.5, "2010-09-30": 1.7, "2010-06-30": 4.4, "2010-03-31": "5.30000", "2009-12-31": 4.91, "2009-09-30": 1.168, "2009-06-30": 1.451, "2009-03-31": "2.07100", "2008-12-31": 1.818, "2008-09-30": 4.483, "2008-06-30": 3.259, "2008-03-31": "2.76100", "2007-12-31": 5.702, "2007-09-30": 1.621, "2007-06-30": 2.055, "2007-03-31": "6.44500", "2006-12-31": 2.528, "2006-09-30": 3.521, "2006-06-30": 3.849, "2006-03-31": "2.29700", "2005-12-31": 0.702, "2005-09-30": 5.566, "2005-06-30": 8.06, "2005-03-31": "2.83900"}, "Net Total Equity Issued/Repurchased": {"2020-12-31": -296.1, "2020-09-30": 44.2, "2020-06-30": 35.6, "2020-03-31": "9.30000", "2019-12-31": 3, "2019-09-30": -137.2, "2019-06-30": 21.9, "2019-03-31": "-84.90000", "2018-12-31": 18.6, "2018-09-30": 29.1, "2018-06-30": 12.5, "2018-03-31": "-183.60000", "2017-12-31": -95.8, "2017-09-30": 10.6, "2017-06-30": -138.3, "2017-03-31": "-134.40000", "2016-12-31": -197.5, "2016-09-30": 18.6, "2016-06-30": 16.1, "2016-03-31": "-186.70000", "2015-12-31": -94.8, "2015-09-30": 7.6, "2015-06-30": -2.5, "2015-03-31": "-244.90000", "2014-12-31": -35.6, "2014-09-30": 6.6, "2014-06-30": -164.3, "2014-03-31": "-252.80000", "2013-12-31": 5.7, "2013-09-30": 3.5, "2013-06-30": 7.2, "2013-03-31": "-44.50000", "2012-12-31": -42.5, "2012-09-30": 2.8, "2012-06-30": -97.8, "2012-03-31": "-84.90000", "2011-12-31": -73.2, "2011-09-30": 3.5, "2011-06-30": 10.9, "2011-03-31": "5.70000", "2010-12-31": 4.5, "2010-09-30": 1.7, "2010-06-30": 4.4, "2010-03-31": "5.30000", "2009-12-31": 4.91, "2009-09-30": 1.168, "2009-06-30": 1.451, "2009-03-31": "2.07100", "2008-12-31": 1.818, "2008-09-30": 4.483, "2008-06-30": 3.259, "2008-03-31": "2.76100", "2007-12-31": 5.702, "2007-09-30": 1.621, "2007-06-30": 2.055, "2007-03-31": "6.44500", "2006-12-31": 2.528, "2006-09-30": 3.521, "2006-06-30": 3.849, "2006-03-31": "2.29700", "2005-12-31": 0.702, "2005-09-30": 5.566, "2005-06-30": 8.06, "2005-03-31": "2.83900"}, "Total Common And Preferred Stock Dividends Paid": {"2020-12-31": -59.6, "2020-09-30": -59.6, "2020-06-30": -59.1, "2020-03-31": "-59.00000", "2019-12-31": -55.9, "2019-09-30": -56.2, "2019-06-30": -56.1, "2019-03-31": "-55.90000", "2018-12-31": -53.7, "2018-09-30": -53.4, "2018-06-30": -53.2, "2018-03-31": "-53.00000", "2017-12-31": -47.2, "2017-09-30": -47.5, "2017-06-30": -47.3, "2017-03-31": "-48.40000", "2016-12-31": -45.6, "2016-09-30": -45.7, "2016-06-30": -45.6, "2016-03-31": "-46.10000", "2015-12-31": -43.9, "2015-09-30": -43.9, "2015-06-30": -43.8, "2015-03-31": "-43.70000", "2014-12-31": -41.5, "2014-09-30": -41.4, "2014-06-30": -42.1, "2014-03-31": "-42.50000", "2013-12-31": -38.9, "2013-09-30": -38.8, "2013-06-30": -38.9, "2013-03-31": "-38.60000", "2012-12-31": -33.5, "2012-09-30": -33.5, "2012-06-30": -33.3, "2012-03-31": "-34.20000", "2011-12-31": -24.3, "2011-09-30": -24.5, "2011-06-30": -24.3, "2011-03-31": "-24.30000", "2010-12-31": -12.1, "2010-09-30": -12.1, "2010-06-30": -9.9, "2010-03-31": "-9.90000", "2009-12-31": -9.824, "2009-09-30": -9.845, "2009-06-30": -6.322, "2009-03-31": "-6.30900", "2008-12-31": -6.303, "2008-09-30": -6.186, "2008-06-30": -5.318, "2008-03-31": "-5.30700", "2007-12-31": -5.282, "2007-09-30": -5.273, "2007-06-30": -4.607, "2007-03-31": "-4.58400", "2006-12-31": -4.571, "2006-09-30": -4.546, "2006-06-30": -3.881, "2006-03-31": "-3.87000", "2005-12-31": -3.861, "2005-09-30": -3.846, "2005-06-30": -3.81, "2005-03-31": "-3.79800"}, "Financial Activities - Other": {"2020-12-31": -0.1, "2020-09-30": -0.1, "2020-06-30": -14.5, "2020-03-31": "-0.10000", "2019-12-31": 0, "2019-09-30": -0.1, "2019-06-30": -1, "2019-03-31": "-1.50000", "2018-12-31": -0.5, "2018-09-30": -0.6, "2018-06-30": -0.8, "2018-03-31": "-1.60000", "2017-12-31": -0.5, "2017-09-30": -16.8, "2017-06-30": -0.6, "2017-03-31": "-0.40000", "2016-12-31": 0.2, "2016-09-30": 10.9, "2016-06-30": 10, "2016-03-31": "2.90000", "2015-12-31": 0.6, "2015-09-30": 2.6, "2015-06-30": 2.4, "2015-03-31": "7.60000", "2014-12-31": -0.6, "2014-09-30": 2.2, "2014-06-30": 6.4, "2014-03-31": "5.90000", "2013-12-31": 3.3, "2013-09-30": 1.3, "2013-06-30": 4.1, "2013-03-31": "14.20000", "2012-12-31": 0.6, "2012-09-30": -1.9, "2012-06-30": 8.3, "2012-03-31": "4.20000", "2011-12-31": 1.4, "2011-09-30": 4.7, "2011-06-30": 3.1, "2011-03-31": "2.20000", "2010-12-31": -5.5, "2010-09-30": 2, "2010-06-30": 1.5, "2010-03-31": "3.00000", "2009-12-31": 2.878, "2009-09-30": 0.356, "2009-06-30": 0.83, "2009-03-31": "0.93600", "2008-12-31": 0.752, "2008-09-30": -3.594, "2008-06-30": -1.087, "2008-03-31": "1.87200", "2007-12-31": 2.172, "2007-09-30": 0.47, "2007-06-30": 1.202, "2007-03-31": "3.83700", "2006-12-31": 2.16, "2006-09-30": -0.291, "2006-06-30": 1.883, "2006-03-31": "1.83200", "2005-12-31": -0.56, "2005-09-30": -0.134, "2005-06-30": -0.039, "2005-03-31": "-0.26100"}, "Cash Flow From Financial Activities": {"2020-12-31": -6.4, "2020-09-30": -79.7, "2020-06-30": -944.1, "2020-03-31": "670.10000", "2019-12-31": -174.3, "2019-09-30": -230.9, "2019-06-30": 276.6, "2019-03-31": "-344.30000", "2018-12-31": -34.9, "2018-09-30": -134.6, "2018-06-30": -183.9, "2018-03-31": "-255.60000", "2017-12-31": -189.7, "2017-09-30": 855.4, "2017-06-30": 57.6, "2017-03-31": "-24.40000", "2016-12-31": -46.9, "2016-09-30": -167.1, "2016-06-30": -89.5, "2016-03-31": "-136.10000", "2015-12-31": -54.7, "2015-09-30": -132.4, "2015-06-30": -194, "2015-03-31": "-153.90000", "2014-12-31": -35, "2014-09-30": 218.7, "2014-06-30": -200.4, "2014-03-31": "-289.90000", "2013-12-31": -29.8, "2013-09-30": -34.9, "2013-06-30": -76.2, "2013-03-31": "-118.90000", "2012-12-31": -76.1, "2012-09-30": 589.2, "2012-06-30": -90.5, "2012-03-31": "-117.40000", "2011-12-31": -97.4, "2011-09-30": -12.4, "2011-06-30": -10.3, "2011-03-31": "-106.40000", "2010-12-31": -331.4, "2010-09-30": -51.4, "2010-06-30": -48.1, "2010-03-31": "-72.80000", "2009-12-31": -21.24, "2009-09-30": -22.947, "2009-06-30": -25.827, "2009-03-31": "11.71400", "2008-12-31": -29.288, "2008-09-30": 236.619, "2008-06-30": -11.275, "2008-03-31": "-108.83400", "2007-12-31": -7.904, "2007-09-30": -11.334, "2007-06-30": -33.614, "2007-03-31": "-20.76700", "2006-12-31": -49.054, "2006-09-30": 244.152, "2006-06-30": -11.133, "2006-03-31": "-6.31200", "2005-12-31": -8.063, "2005-09-30": -7.823, "2005-06-30": -15.936, "2005-03-31": "-69.40200"}, "Net Cash Flow": {"2020-12-31": -366, "2020-09-30": 97.4, "2020-06-30": -594.9, "2020-03-31": "890.90000", "2019-12-31": 41, "2019-09-30": 16.8, "2019-06-30": 0, "2019-03-31": "-218.80000", "2018-12-31": 128.4, "2018-09-30": 99, "2018-06-30": -30.5, "2018-03-31": "-159.10000", "2017-12-31": 42.4, "2017-09-30": -1.1, "2017-06-30": 98.1, "2017-03-31": "-48.30000", "2016-12-31": -44.3, "2016-09-30": 21.3, "2016-06-30": 16.5, "2016-03-31": "-135.70000", "2015-12-31": 119.4, "2015-09-30": 7.4, "2015-06-30": -96.5, "2015-03-31": "-123.30000", "2014-12-31": 52.8, "2014-09-30": 173.3, "2014-06-30": -103.1, "2014-03-31": "-196.90000", "2013-12-31": 51.4, "2013-09-30": 171.4, "2013-06-30": 14.5, "2013-03-31": "-83.40000", "2012-12-31": 101.8, "2012-09-30": 57, "2012-06-30": -48.2, "2012-03-31": "-19.00000", "2011-12-31": -23.6, "2011-09-30": 111.6, "2011-06-30": 4.3, "2011-03-31": "-30.10000", "2010-12-31": -264.3, "2010-09-30": 89.2, "2010-06-30": -82.3, "2010-03-31": "-0.50000", "2009-12-31": 27.857, "2009-09-30": 62.243, "2009-06-30": 76.758, "2009-03-31": "82.24200", "2008-12-31": 22.31, "2008-09-30": -80.244, "2008-06-30": 47.871, "2008-03-31": "-41.74700", "2007-12-31": 71.323, "2007-09-30": 71.599, "2007-06-30": -0.851, "2007-03-31": "-2.73800", "2006-12-31": 14.663, "2006-09-30": -14.374, "2006-06-30": -12.854, "2006-03-31": "-3.63700", "2005-12-31": -33.118, "2005-09-30": 50.333, "2005-06-30": 7.561, "2005-03-31": "-43.63800"}, "Stock-Based Compensation": {"2020-12-31": 2.8, "2020-09-30": 2.9, "2020-06-30": 13.1, "2020-03-31": "2.70000", "2019-12-31": 3.1, "2019-09-30": 2.7, "2019-06-30": 12.6, "2019-03-31": "2.40000", "2018-12-31": 3.5, "2018-09-30": 3.9, "2018-06-30": 12.8, "2018-03-31": "3.10000", "2017-12-31": 3.2, "2017-09-30": 2.6, "2017-06-30": 10.3, "2017-03-31": "2.00000", "2016-12-31": 1.9, "2016-09-30": 1.8, "2016-06-30": 6.5, "2016-03-31": "5.80000", "2015-12-31": 1.9, "2015-09-30": 1.8, "2015-06-30": 10.7, "2015-03-31": "1.70000", "2014-12-31": 2, "2014-09-30": 2.2, "2014-06-30": 10.5, "2014-03-31": "2.30000", "2013-12-31": 2.4, "2013-09-30": 2.3, "2013-06-30": 10.6, "2013-03-31": "1.70000", "2012-12-31": 1.8, "2012-09-30": 1.7, "2012-06-30": 7.4, "2012-03-31": "1.50000", "2011-12-31": 1.3, "2011-09-30": 1.3, "2011-06-30": 6.6, "2011-03-31": "1.80000", "2010-12-31": 1.7, "2010-09-30": 2, "2010-06-30": 6.3, "2010-03-31": "1.80000", "2009-12-31": 1.675, "2009-09-30": 1.853, "2009-06-30": 6.465, "2009-03-31": "2.70700", "2008-12-31": 3.083, "2008-09-30": 2.633, "2008-06-30": 4.274, "2008-03-31": "2.42400", "2007-12-31": 2.425, "2007-09-30": 2.541, "2007-06-30": 3.631, "2007-03-31": "2.81900", "2006-12-31": 2.856, "2006-09-30": 2.857, "2006-06-30": 2.795, "2006-03-31": "2.10900", "2005-12-31": 0, "2005-09-30": 0, "2005-06-30": -0.172, "2005-03-31": "0.17200"}, "Common Stock Dividends Paid": {"2020-12-31": -59.6, "2020-09-30": -59.6, "2020-06-30": -59.1, "2020-03-31": "-59.00000", "2019-12-31": -55.9, "2019-09-30": -56.2, "2019-06-30": -56.1, "2019-03-31": "-55.90000", "2018-12-31": -53.7, "2018-09-30": -53.4, "2018-06-30": -53.2, "2018-03-31": "-53.00000", "2017-12-31": -47.2, "2017-09-30": -47.5, "2017-06-30": -47.3, "2017-03-31": "-48.40000", "2016-12-31": -45.6, "2016-09-30": -45.7, "2016-06-30": -45.6, "2016-03-31": "-46.10000", "2015-12-31": -43.9, "2015-09-30": -43.9, "2015-06-30": -43.8, "2015-03-31": "-43.70000", "2014-12-31": -41.5, "2014-09-30": -41.4, "2014-06-30": -42.1, "2014-03-31": "-42.50000", "2013-12-31": -38.9, "2013-09-30": -38.8, "2013-06-30": -38.9, "2013-03-31": "-38.60000", "2012-12-31": -33.5, "2012-09-30": -33.5, "2012-06-30": -33.3, "2012-03-31": "-34.20000", "2011-12-31": -24.3, "2011-09-30": -24.5, "2011-06-30": -24.3, "2011-03-31": "-24.30000", "2010-12-31": -12.1, "2010-09-30": -12.1, "2010-06-30": -9.9, "2010-03-31": "-9.90000", "2009-12-31": -9.824, "2009-09-30": -9.845, "2009-06-30": -6.322, "2009-03-31": "-6.30900", "2008-12-31": -6.303, "2008-09-30": -6.186, "2008-06-30": -5.318, "2008-03-31": "-5.30700", "2007-12-31": -5.282, "2007-09-30": -5.273, "2007-06-30": -4.607, "2007-03-31": "-4.58400", "2006-12-31": -4.571, "2006-09-30": -4.546, "2006-06-30": -3.881, "2006-03-31": "-3.87000", "2005-12-31": -3.861, "2005-09-30": -3.846, "2005-06-30": -3.81, "2005-03-31": "-3.79800"}}, "financial ratios": {"Current Ratio": {"2019-12-31": "0.87560", "2018-12-31": "0.81290", "2017-12-31": "1.06970", "2016-12-31": "0.75540", "2015-12-31": "1.03820", "2014-12-31": "1.12460", "2013-12-31": "1.71350", "2012-12-31": "1.28690", "2011-12-31": "1.96870", "2010-12-31": "1.45270", "2009-12-31": "1.63710", "2008-12-31": "1.71810", "2007-12-31": "1.60630", "2006-12-31": "1.25130", "2005-12-31": "1.20680"}, "Long-term Debt / Capital": {"2019-12-31": "0.40420", "2018-12-31": "0.38080", "2017-12-31": "0.48670", "2016-12-31": "0.25960", "2015-12-31": "0.25510", "2014-12-31": "0.24710", "2013-12-31": "0.22020", "2012-12-31": "0.23960", "2011-12-31": "0.10900", "2010-12-31": "0.11770", "2009-12-31": "0.27160", "2008-12-31": "0.36980", "2007-12-31": "0.39570", "2006-12-31": "0.47860", "2005-12-31": "0.47690"}, "Debt/Equity Ratio": {"2019-12-31": "0.77330", "2018-12-31": "0.85870", "2017-12-31": "1.07050", "2016-12-31": "0.56640", "2015-12-31": "0.51900", "2014-12-31": "0.51700", "2013-12-31": "0.34930", "2012-12-31": "0.43820", "2011-12-31": "0.12360", "2010-12-31": "0.18160", "2009-12-31": "0.50960", "2008-12-31": "0.64290", "2007-12-31": "0.79240", "2006-12-31": "1.08050", "2005-12-31": "1.08560"}, "Gross Margin": {"2019-12-31": "45.52860", "2018-12-31": "44.40050", "2017-12-31": "45.80270", "2016-12-31": "45.53550", "2015-12-31": "44.53280", "2014-12-31": "44.05930", "2013-12-31": "45.01770", "2012-12-31": "44.19730", "2011-12-31": "44.17490", "2010-12-31": "44.71650", "2009-12-31": "43.67490", "2008-12-31": "40.11390", "2007-12-31": "39.07800", "2006-12-31": "39.11970", "2005-12-31": "36.68290"}, "Operating Margin": {"2019-12-31": "19.28080", "2018-12-31": "19.09600", "2017-12-31": "19.40310", "2016-12-31": "20.73230", "2015-12-31": "19.85980", "2014-12-31": "19.44450", "2013-12-31": "19.47850", "2012-12-31": "18.65570", "2011-12-31": "17.91730", "2010-12-31": "17.18680", "2009-12-31": "16.37910", "2008-12-31": "14.04940", "2007-12-31": "13.73450", "2006-12-31": "12.95710", "2005-12-31": "12.25310"}, "EBIT Margin": {"2019-12-31": "19.28080", "2018-12-31": "19.09600", "2017-12-31": "19.40310", "2016-12-31": "20.73230", "2015-12-31": "19.85980", "2014-12-31": "19.44450", "2013-12-31": "19.47850", "2012-12-31": "18.65570", "2011-12-31": "17.91730", "2010-12-31": "17.18680", "2009-12-31": "16.37910", "2008-12-31": "14.04940", "2007-12-31": "13.73450", "2006-12-31": "12.95710", "2005-12-31": "12.25310"}, "EBITDA Margin": {"2019-12-31": "23.32880", "2018-12-31": "22.49930", "2017-12-31": "22.72390", "2016-12-31": "23.81270", "2015-12-31": "22.83490", "2014-12-31": "22.21010", "2013-12-31": "22.31160", "2012-12-31": "21.56470", "2011-12-31": "20.72160", "2010-12-31": "19.95210", "2009-12-31": "19.76680", "2008-12-31": "16.99700", "2007-12-31": "16.28610", "2006-12-31": "15.61570", "2005-12-31": "14.79600"}, "Pre-Tax Profit Margin": {"2019-12-31": "17.75480", "2018-12-31": "17.35450", "2017-12-31": "18.34380", "2016-12-31": "20.20840", "2015-12-31": "18.71690", "2014-12-31": "18.95020", "2013-12-31": "18.71460", "2012-12-31": "18.56670", "2011-12-31": "17.99000", "2010-12-31": "16.15560", "2009-12-31": "15.55790", "2008-12-31": "12.72540", "2007-12-31": "11.92880", "2006-12-31": "10.95250", "2005-12-31": "10.07620"}, "Net Profit Margin": {"2019-12-31": "14.13360", "2018-12-31": "13.71480", "2017-12-31": "19.68650", "2016-12-31": "13.14020", "2015-12-31": "12.08910", "2014-12-31": "12.55160", "2013-12-31": "12.34700", "2012-12-31": "11.97170", "2011-12-31": "11.26110", "2010-12-31": "10.45500", "2009-12-31": "9.65920", "2008-12-31": "8.05710", "2007-12-31": "7.61050", "2006-12-31": "7.14030", "2005-12-31": "7.07780"}, "Asset Turnover": {"2019-12-31": "0.65460", "2018-12-31": "0.68310", "2017-12-31": "0.62780", "2016-12-31": "0.80230", "2015-12-31": "0.79750", "2014-12-31": "0.75650", "2013-12-31": "0.74990", "2012-12-31": "0.71300", "2011-12-31": "0.88190", "2010-12-31": "0.87910", "2009-12-31": "0.80840", "2008-12-31": "0.86470", "2007-12-31": "0.87700", "2006-12-31": "0.83360", "2005-12-31": "0.88500"}, "Inventory Turnover Ratio": {"2019-12-31": "5.68690", "2018-12-31": "6.02170", "2017-12-31": "6.18870", "2016-12-31": "7.36830", "2015-12-31": "6.87230", "2014-12-31": "7.50180", "2013-12-31": "7.01120", "2012-12-31": "6.73200", "2011-12-31": "7.64720", "2010-12-31": "7.32550", "2009-12-31": "6.54720", "2008-12-31": "7.29380", "2007-12-31": "6.33300", "2006-12-31": "6.07760", "2005-12-31": "7.04140"}, "Receiveable Turnover": {"2019-12-31": "12.22700", "2018-12-31": "12.00670", "2017-12-31": "10.91700", "2016-12-31": "12.17110", "2015-12-31": "12.29110", "2014-12-31": "10.21250", "2013-12-31": "9.67380", "2012-12-31": "9.64010", "2011-12-31": "10.39040", "2010-12-31": "11.20380", "2009-12-31": "11.34730", "2008-12-31": "11.47000", "2007-12-31": "8.95910", "2006-12-31": "8.40810", "2005-12-31": "9.24350"}, "Days Sales In Receivables": {"2019-12-31": "29.85200", "2018-12-31": "30.39980", "2017-12-31": "33.43400", "2016-12-31": "29.98910", "2015-12-31": "29.69630", "2014-12-31": "35.74070", "2013-12-31": "37.73060", "2012-12-31": "37.86290", "2011-12-31": "35.12860", "2010-12-31": "32.57820", "2009-12-31": "32.16620", "2008-12-31": "31.82210", "2007-12-31": "40.74080", "2006-12-31": "43.41050", "2005-12-31": "39.48730"}, "ROE - Return On Equity": {"2019-12-31": "23.08640", "2018-12-31": "23.17220", "2017-12-31": "33.51670", "2016-12-31": "23.20640", "2015-12-31": "20.28470", "2014-12-31": "19.69170", "2013-12-31": "17.14780", "2012-12-31": "16.97150", "2011-12-31": "15.17050", "2010-12-31": "14.46900", "2009-12-31": "15.20190", "2008-12-31": "14.65660", "2007-12-31": "15.64720", "2006-12-31": "16.08260", "2005-12-31": "17.63670"}, "Return On Tangible Equity": {"2019-12-31": "-28.49150", "2018-12-31": "-31.36070", "2017-12-31": "-36.06290", "2016-12-31": "-51.11360", "2015-12-31": "-68.26350", "2014-12-31": "-83.53180", "2013-12-31": "-311.77930", "2012-12-31": "-85.81940", "2011-12-31": "115.39320", "2010-12-31": "191.98600", "2009-12-31": "-780.52640", "2008-12-31": "-60.29760", "2007-12-31": "-61.74760", "2006-12-31": "-27.68840", "2005-12-31": "-33.32880"}, "ROA - Return On Assets": {"2019-12-31": "9.25140", "2018-12-31": "9.36860", "2017-12-31": "12.35950", "2016-12-31": "10.54180", "2015-12-31": "9.64080", "2014-12-31": "9.49490", "2013-12-31": "9.25890", "2012-12-31": "8.53570", "2011-12-31": "9.93070", "2010-12-31": "9.19120", "2009-12-31": "7.80840", "2008-12-31": "6.96720", "2007-12-31": "6.67450", "2006-12-31": "5.95190", "2005-12-31": "6.26390"}, "ROI - Return On Investment": {"2019-12-31": "13.75390", "2018-12-31": "14.34920", "2017-12-31": "17.20280", "2016-12-31": "17.18270", "2015-12-31": "15.11050", "2014-12-31": "14.82500", "2013-12-31": "13.37180", "2012-12-31": "12.90540", "2011-12-31": "13.51670", "2010-12-31": "12.76530", "2009-12-31": "11.07260", "2008-12-31": "9.23670", "2007-12-31": "9.45590", "2006-12-31": "8.38550", "2005-12-31": "9.22620"}, "Book Value Per Share": {"2019-12-31": "10.87050", "2018-12-31": "9.93900", "2017-12-31": "8.95690", "2016-12-31": "7.78810", "2015-12-31": "7.78430", "2014-12-31": "7.88100", "2013-12-31": "8.27550", "2012-12-31": "7.42570", "2011-12-31": "7.17140", "2010-12-31": "6.56870", "2009-12-31": "5.67610", "2008-12-31": "4.75110", "2007-12-31": "3.88770", "2006-12-31": "3.30410", "2005-12-31": "2.70570"}, "Operating Cash Flow Per Share": {"2019-12-31": 0.3833, "2018-12-31": 0.3848, "2017-12-31": 0.1609, "2016-12-31": 0.2319, "2015-12-31": 0.3036, "2014-12-31": 0.1956, "2013-12-31": -0.0655, "2012-12-31": 0.3332, "2011-12-31": 0.0177, "2010-12-31": 0.082, "2009-12-31": 0.2199, "2008-12-31": 0.2976, "2007-12-31": 0.2081, "2006-12-31": -0.0098, "2005-12-31": 0.6859}, "Free Cash Flow Per Share": {"2019-12-31": 0.332, "2018-12-31": 0.3195, "2017-12-31": 0.1752, "2016-12-31": 0.2731, "2015-12-31": 0.3287, "2014-12-31": 0.1769, "2013-12-31": -0.0421, "2012-12-31": 0.3349, "2011-12-31": -0.0525, "2010-12-31": 0.2576, "2009-12-31": 0.1426, "2008-12-31": 0.1549, "2007-12-31": 0.2326, "2006-12-31": -0.0463, "2005-12-31": 0.5498}}, "financial ratios, quarterly": {"Current Ratio": {"2020-09-30": "1.48630", "2020-06-30": "1.28110", "2020-03-31": "1.03380", "2019-12-31": "0.87560", "2019-09-30": "0.79570", "2019-06-30": "0.78150", "2019-03-31": "0.80620", "2018-12-31": "0.81290", "2018-09-30": "0.93470", "2018-06-30": "0.79070", "2018-03-31": "0.72430", "2017-12-31": "1.06970", "2017-09-30": "1.05310", "2017-06-30": "0.72390", "2017-03-31": "0.64660", "2016-12-31": "0.75540", "2016-09-30": "1.02380", "2016-06-30": "0.88240", "2016-03-31": "0.77560", "2015-12-31": "1.03820", "2015-09-30": "1.08770", "2015-06-30": "0.95780", "2015-03-31": "0.88730", "2014-12-31": "1.12460", "2014-09-30": "1.08100", "2014-06-30": "1.33930", "2014-03-31": "1.44820", "2013-12-31": "1.71350", "2013-09-30": "1.66430", "2013-06-30": "1.56960", "2013-03-31": "1.39080", "2012-12-31": "1.28690", "2012-09-30": "2.20100", "2012-06-30": "1.74610", "2012-03-31": "1.87440", "2011-12-31": "1.96870", "2011-09-30": "2.02950", "2011-06-30": "1.89380", "2011-03-31": "1.83970", "2010-12-31": "1.45270", "2010-09-30": "1.90030", "2010-06-30": "1.88000", "2010-03-31": "1.81940", "2009-12-31": "1.63710", "2009-09-30": "1.62940", "2009-06-30": "1.67240", "2009-03-31": "1.64670", "2008-12-31": "1.71810", "2008-09-30": "1.68100", "2008-06-30": "2.02390", "2008-03-31": "1.98280", "2007-12-31": "1.60630", "2007-09-30": "1.48800", "2007-06-30": "1.41860", "2007-03-31": "1.35930", "2006-12-31": "1.25130", "2006-09-30": "1.26720", "2006-06-30": "1.41370", "2006-03-31": "1.31100", "2005-12-31": "1.20680", "2005-09-30": "1.39180", "2005-06-30": "1.33960", "2005-03-31": "1.30710"}, "Long-term Debt / Capital": {"2020-09-30": "0.36080", "2020-06-30": "0.37660", "2020-03-31": "0.39120", "2019-12-31": "0.40420", "2019-09-30": "0.41420", "2019-06-30": "0.40990", "2019-03-31": "0.37650", "2018-12-31": "0.38080", "2018-09-30": "0.43390", "2018-06-30": "0.44800", "2018-03-31": "0.45680", "2017-12-31": "0.48670", "2017-09-30": "0.51860", "2017-06-30": "0.32600", "2017-03-31": "0.26360", "2016-12-31": "0.25960", "2016-09-30": "0.24800", "2016-06-30": "0.25830", "2016-03-31": "0.26710", "2015-12-31": "0.25510", "2015-09-30": "0.25620", "2015-06-30": "0.26200", "2015-03-31": "0.26930", "2014-12-31": "0.24710", "2014-09-30": "0.23730", "2014-06-30": "0.24330", "2014-03-31": "0.23510", "2013-12-31": "0.22020", "2013-09-30": "0.22550", "2013-06-30": "0.23230", "2013-03-31": "0.23740", "2012-12-31": "0.23960", "2012-09-30": "0.23980", "2012-06-30": "0.11180", "2012-03-31": "0.10960", "2011-12-31": "0.10900", "2011-09-30": "0.10690", "2011-06-30": "0.10920", "2011-03-31": "0.11350", "2010-12-31": "0.11770", "2010-09-30": "0.21980", "2010-06-30": "0.23670", "2010-03-31": "0.25340", "2009-12-31": "0.27160", "2009-09-30": "0.29880", "2009-06-30": "0.32160", "2009-03-31": "0.34740", "2008-12-31": "0.36980", "2008-09-30": "0.37530", "2008-06-30": "0.36120", "2008-03-31": "0.37940", "2007-12-31": "0.39570", "2007-09-30": "0.41020", "2007-06-30": "0.42670", "2007-03-31": "0.45050", "2006-12-31": "0.47860", "2006-09-30": "0.50160", "2006-06-30": "0.43550", "2006-03-31": "0.45430", "2005-12-31": "0.47690", "2005-09-30": "0.48500", "2005-06-30": "0.50380", "2005-03-31": "0.53060"}, "Debt/Equity Ratio": {"2020-09-30": "0.56490", "2020-06-30": "0.62600", "2020-03-31": "0.98750", "2019-12-31": "0.77330", "2019-09-30": "0.85300", "2019-06-30": "0.85210", "2019-03-31": "0.76300", "2018-12-31": "0.85870", "2018-09-30": "0.89440", "2018-06-30": "0.99630", "2018-03-31": "1.09870", "2017-12-31": "1.07050", "2017-09-30": "1.23970", "2017-06-30": "0.82420", "2017-03-31": "0.66050", "2016-12-31": "0.56640", "2016-09-30": "0.43850", "2016-06-30": "0.53790", "2016-03-31": "0.59940", "2015-12-31": "0.51900", "2015-09-30": "0.47860", "2015-06-30": "0.54460", "2015-03-31": "0.64270", "2014-12-31": "0.51700", "2014-09-30": "0.50480", "2014-06-30": "0.39740", "2014-03-31": "0.38000", "2013-12-31": "0.34930", "2013-09-30": "0.36020", "2013-06-30": "0.37470", "2013-03-31": "0.40920", "2012-12-31": "0.43820", "2012-09-30": "0.43910", "2012-06-30": "0.14220", "2012-03-31": "0.12310", "2011-12-31": "0.12360", "2011-09-30": "0.12160", "2011-06-30": "0.12250", "2011-03-31": "0.12800", "2010-12-31": "0.18160", "2010-09-30": "0.36190", "2010-06-30": "0.40210", "2010-03-31": "0.44440", "2009-12-31": "0.50960", "2009-09-30": "0.54100", "2009-06-30": "0.57590", "2009-03-31": "0.62650", "2008-12-31": "0.64290", "2008-09-30": "0.66040", "2008-06-30": "0.61640", "2008-03-31": "0.65990", "2007-12-31": "0.79240", "2007-09-30": "0.84190", "2007-06-30": "0.89880", "2007-03-31": "0.98380", "2006-12-31": "1.08050", "2006-09-30": "1.17720", "2006-06-30": "0.93310", "2006-03-31": "1.01320", "2005-12-31": "1.08560", "2005-09-30": "1.10900", "2005-06-30": "1.19740", "2005-03-31": "1.31520"}, "Gross Margin": {"2020-09-30": "45.54390", "2020-06-30": "46.85590", "2020-03-31": "45.65740", "2019-12-31": "45.79620", "2019-09-30": "46.60360", "2019-06-30": "44.60810", "2019-03-31": "45.06560", "2018-12-31": "44.14560", "2018-09-30": "44.34270", "2018-06-30": "44.25530", "2018-03-31": "44.88070", "2017-12-31": "46.59760", "2017-09-30": "45.30430", "2017-06-30": "45.70160", "2017-03-31": "45.51980", "2016-12-31": "45.53570", "2016-09-30": "45.43470", "2016-06-30": "46.50100", "2016-03-31": "44.64080", "2015-12-31": "45.48990", "2015-09-30": "44.76680", "2015-06-30": "44.04440", "2015-03-31": "43.76460", "2014-12-31": "45.01440", "2014-09-30": "43.65650", "2014-06-30": "44.09250", "2014-03-31": "43.40150", "2013-12-31": "45.18600", "2013-09-30": "45.37770", "2013-06-30": "44.56580", "2013-03-31": "44.92490", "2012-12-31": "44.26330", "2012-09-30": "45.16000", "2012-06-30": "43.50950", "2012-03-31": "43.80250", "2011-12-31": "43.29090", "2011-09-30": "44.20830", "2011-06-30": "44.45100", "2011-03-31": "44.85440", "2010-12-31": "44.51890", "2010-09-30": "43.99450", "2010-06-30": "45.38930", "2010-03-31": "44.98900", "2009-12-31": "42.52000", "2009-09-30": "44.08910", "2009-06-30": "45.18410", "2009-03-31": "42.92860", "2008-12-31": "39.39190", "2008-09-30": "39.81370", "2008-06-30": "40.82440", "2008-03-31": "40.53530", "2007-12-31": "38.28260", "2007-09-30": "39.52310", "2007-06-30": "39.65310", "2007-03-31": "38.86110", "2006-12-31": "38.84980", "2006-09-30": "39.13780", "2006-06-30": "40.29640", "2006-03-31": "38.19970", "2005-12-31": "32.53900", "2005-09-30": "37.83910", "2005-06-30": "38.22890", "2005-03-31": "38.09050"}, "Operating Margin": {"2020-09-30": "22.06290", "2020-06-30": "20.99140", "2020-03-31": "26.99970", "2019-12-31": "17.06000", "2019-09-30": "19.90090", "2019-06-30": "17.36150", "2019-03-31": "23.04970", "2018-12-31": "18.00070", "2018-09-30": "19.68000", "2018-06-30": "16.90830", "2018-03-31": "21.89860", "2017-12-31": "20.78210", "2017-09-30": "20.52900", "2017-06-30": "13.71940", "2017-03-31": "22.35520", "2016-12-31": "19.35270", "2016-09-30": "22.51060", "2016-06-30": "19.97950", "2016-03-31": "21.14250", "2015-12-31": "19.36810", "2015-09-30": "22.11650", "2015-06-30": "16.79850", "2015-03-31": "21.18680", "2014-12-31": "18.92550", "2014-09-30": "21.05010", "2014-06-30": "17.09760", "2014-03-31": "20.71610", "2013-12-31": "17.57840", "2013-09-30": "20.84990", "2013-06-30": "17.83900", "2013-03-31": "21.72460", "2012-12-31": "16.62340", "2012-09-30": "20.04960", "2012-06-30": "17.57610", "2012-03-31": "20.66320", "2011-12-31": "16.05800", "2011-09-30": "18.01710", "2011-06-30": "17.45440", "2011-03-31": "20.41100", "2010-12-31": "12.18030", "2010-09-30": "17.20200", "2010-06-30": "18.72370", "2010-03-31": "20.80050", "2009-12-31": "13.61700", "2009-09-30": "18.24650", "2009-06-30": "15.88810", "2009-03-31": "18.01790", "2008-12-31": "12.42660", "2008-09-30": "13.56460", "2008-06-30": "13.78600", "2008-03-31": "16.77840", "2007-12-31": "9.95800", "2007-09-30": "15.26690", "2007-06-30": "14.00800", "2007-03-31": "15.97070", "2006-12-31": "8.40830", "2006-09-30": "13.28420", "2006-06-30": "14.53520", "2006-03-31": "16.34750", "2005-12-31": "7.39780", "2005-09-30": "12.17160", "2005-06-30": "13.54190", "2005-03-31": "15.96300"}, "EBIT Margin": {"2020-09-30": "22.06290", "2020-06-30": "20.99140", "2020-03-31": "26.99970", "2019-12-31": "17.06000", "2019-09-30": "19.90090", "2019-06-30": "17.36150", "2019-03-31": "23.04970", "2018-12-31": "18.00070", "2018-09-30": "19.68000", "2018-06-30": "16.90830", "2018-03-31": "21.89860", "2017-12-31": "20.78210", "2017-09-30": "20.52900", "2017-06-30": "13.71940", "2017-03-31": "22.35520", "2016-12-31": "19.35270", "2016-09-30": "22.51060", "2016-06-30": "19.97950", "2016-03-31": "21.14250", "2015-12-31": "19.36810", "2015-09-30": "22.11650", "2015-06-30": "16.79850", "2015-03-31": "21.18680", "2014-12-31": "18.92550", "2014-09-30": "21.05010", "2014-06-30": "17.09760", "2014-03-31": "20.71610", "2013-12-31": "17.57840", "2013-09-30": "20.84990", "2013-06-30": "17.83900", "2013-03-31": "21.72460", "2012-12-31": "16.62340", "2012-09-30": "20.04960", "2012-06-30": "17.57610", "2012-03-31": "20.66320", "2011-12-31": "16.05800", "2011-09-30": "18.01710", "2011-06-30": "17.45440", "2011-03-31": "20.41100", "2010-12-31": "12.18030", "2010-09-30": "17.20200", "2010-06-30": "18.72370", "2010-03-31": "20.80050", "2009-12-31": "13.61700", "2009-09-30": "18.24650", "2009-06-30": "15.88810", "2009-03-31": "18.01790", "2008-12-31": "12.42660", "2008-09-30": "13.56460", "2008-06-30": "13.78600", "2008-03-31": "16.77840", "2007-12-31": "9.95800", "2007-09-30": "15.26690", "2007-06-30": "14.00800", "2007-03-31": "15.97070", "2006-12-31": "8.40830", "2006-09-30": "13.28420", "2006-06-30": "14.53520", "2006-03-31": "16.34750", "2005-12-31": "7.39780", "2005-09-30": "12.17160", "2005-06-30": "13.54190", "2005-03-31": "15.96300"}, "EBITDA Margin": {"2020-09-30": "", "2020-06-30": "", "2020-03-31": "", "2019-12-31": "", "2019-09-30": "", "2019-06-30": "", "2019-03-31": "", "2018-12-31": "", "2018-09-30": "", "2018-06-30": "", "2018-03-31": "", "2017-12-31": "", "2017-09-30": "", "2017-06-30": "", "2017-03-31": "", "2016-12-31": "", "2016-09-30": "", "2016-06-30": "", "2016-03-31": "", "2015-12-31": "", "2015-09-30": "", "2015-06-30": "", "2015-03-31": "", "2014-12-31": "", "2014-09-30": "", "2014-06-30": "", "2014-03-31": "", "2013-12-31": "", "2013-09-30": "", "2013-06-30": "", "2013-03-31": "", "2012-12-31": "", "2012-09-30": "", "2012-06-30": "", "2012-03-31": "", "2011-12-31": "", "2011-09-30": "", "2011-06-30": "", "2011-03-31": "", "2010-12-31": "", "2010-09-30": "", "2010-06-30": "", "2010-03-31": "", "2009-12-31": "", "2009-09-30": "", "2009-06-30": "", "2009-03-31": "", "2008-12-31": "", "2008-09-30": "", "2008-06-30": "", "2008-03-31": "", "2007-12-31": "", "2007-09-30": "", "2007-06-30": "", "2007-03-31": "", "2006-12-31": "", "2006-09-30": "", "2006-06-30": "", "2006-03-31": "", "2005-12-31": "", "2005-09-30": "", "2005-06-30": "", "2005-03-31": ""}, "Pre-Tax Profit Margin": {"2020-09-30": "21.07170", "2020-06-30": "19.76050", "2020-03-31": "25.69520", "2019-12-31": "15.53050", "2019-09-30": "18.41380", "2019-06-30": "15.77730", "2019-03-31": "21.54690", "2018-12-31": "16.39060", "2018-09-30": "18.05130", "2018-06-30": "15.11820", "2018-03-31": "19.95030", "2017-12-31": "19.23340", "2017-09-30": "19.32020", "2017-06-30": "13.00670", "2017-03-31": "21.68260", "2016-12-31": "18.91740", "2016-09-30": "22.09720", "2016-06-30": "19.48940", "2016-03-31": "20.37690", "2015-12-31": "18.87590", "2015-09-30": "21.54790", "2015-06-30": "14.10700", "2015-03-31": "20.34960", "2014-12-31": "18.48640", "2014-09-30": "20.57500", "2014-06-30": "16.70170", "2014-03-31": "20.03840", "2013-12-31": "16.92200", "2013-09-30": "20.27830", "2013-06-30": "16.78520", "2013-03-31": "20.94190", "2012-12-31": "16.08000", "2012-09-30": "20.13240", "2012-06-30": "17.67660", "2012-03-31": "20.73560", "2011-12-31": "16.14010", "2011-09-30": "17.97430", "2011-06-30": "17.63220", "2011-03-31": "20.48890", "2010-12-31": "10.74910", "2010-09-30": "16.12120", "2010-06-30": "18.16200", "2010-03-31": "19.76050", "2009-12-31": "12.68060", "2009-09-30": "17.43650", "2009-06-30": "15.24350", "2009-03-31": "17.12820", "2008-12-31": "10.97260", "2008-09-30": "11.83500", "2008-06-30": "12.70360", "2008-03-31": "15.80920", "2007-12-31": "8.47930", "2007-09-30": "13.64810", "2007-06-30": "12.10250", "2007-03-31": "13.69170", "2006-12-31": "6.06830", "2006-09-30": "10.91580", "2006-06-30": "12.71570", "2006-03-31": "14.97610", "2005-12-31": "4.84560", "2005-09-30": "9.96330", "2005-06-30": "11.79230", "2005-03-31": "13.75510"}, "Net Profit Margin": {"2020-09-30": "17.42140", "2020-06-30": "15.88380", "2020-03-31": "19.72190", "2019-12-31": "12.62020", "2019-09-30": "14.43910", "2019-06-30": "12.83120", "2019-03-31": "16.81820", "2018-12-31": "13.29110", "2018-09-30": "14.09990", "2018-06-30": "11.83970", "2018-03-31": "15.68590", "2017-12-31": "39.26050", "2017-09-30": "13.78240", "2017-06-30": "8.11800", "2017-03-31": "14.99090", "2016-12-31": "12.32140", "2016-09-30": "14.24140", "2016-06-30": "12.71940", "2016-03-31": "13.30980", "2015-12-31": "12.48860", "2015-09-30": "13.97080", "2015-06-30": "8.70030", "2015-03-31": "13.19710", "2014-12-31": "12.31660", "2014-09-30": "13.76810", "2014-06-30": "10.98600", "2014-03-31": "13.12020", "2013-12-31": "11.20840", "2013-09-30": "13.40710", "2013-06-30": "10.99540", "2013-03-31": "13.82010", "2012-12-31": "9.97900", "2012-09-30": "12.94820", "2012-06-30": "11.38710", "2012-03-31": "13.87200", "2011-12-31": "8.72660", "2011-09-30": "11.35520", "2011-06-30": "12.23890", "2011-03-31": "13.01570", "2010-12-31": "7.14070", "2010-09-30": "10.58000", "2010-06-30": "11.59310", "2010-03-31": "12.60640", "2009-12-31": "7.86380", "2009-09-30": "10.83760", "2009-06-30": "9.33300", "2009-03-31": "10.77170", "2008-12-31": "6.85830", "2008-09-30": "7.76770", "2008-06-30": "7.70510", "2008-03-31": "10.16360", "2007-12-31": "5.46440", "2007-09-30": "8.90980", "2007-06-30": "7.41720", "2007-03-31": "8.76840", "2006-12-31": "4.54470", "2006-09-30": "7.45580", "2006-06-30": "7.93880", "2006-03-31": "9.02980", "2005-12-31": "3.76260", "2005-09-30": "7.81450", "2005-06-30": "7.78150", "2005-03-31": "8.96200"}, "Asset Turnover": {"2020-09-30": "0.17540", "2020-06-30": "0.17260", "2020-03-31": "0.15570", "2019-12-31": "0.17190", "2019-09-30": "0.16480", "2019-06-30": "0.16200", "2019-03-31": "0.17530", "2018-12-31": "0.17700", "2018-09-30": "0.17390", "2018-06-30": "0.17420", "2018-03-31": "0.16930", "2017-12-31": "0.17180", "2017-09-30": "0.16260", "2017-06-30": "0.19240", "2017-03-31": "0.19550", "2016-12-31": "0.20580", "2016-09-30": "0.20330", "2016-06-30": "0.20360", "2016-03-31": "0.19780", "2015-12-31": "0.20520", "2015-09-30": "0.20430", "2015-06-30": "0.20030", "2015-03-31": "0.18700", "2014-12-31": "0.19850", "2014-09-30": "0.19460", "2014-06-30": "0.20270", "2014-03-31": "0.19140", "2013-12-31": "0.19310", "2013-09-30": "0.19170", "2013-06-30": "0.19460", "2013-03-31": "0.19170", "2012-12-31": "0.19760", "2012-09-30": "0.18890", "2012-06-30": "0.22350", "2012-03-31": "0.22030", "2011-12-31": "0.23450", "2011-09-30": "0.22300", "2011-06-30": "0.22090", "2011-03-31": "0.21750", "2010-12-31": "0.22300", "2010-09-30": "0.20530", "2010-06-30": "0.20600", "2010-03-31": "0.20250", "2009-12-31": "0.21510", "2009-09-30": "0.20700", "2009-06-30": "0.20740", "2009-03-31": "0.20030", "2008-12-31": "0.23020", "2008-09-30": "0.22190", "2008-06-30": "0.23280", "2008-03-31": "0.22430", "2007-12-31": "0.22890", "2007-09-30": "0.23400", "2007-06-30": "0.23010", "2007-03-31": "0.21790", "2006-12-31": "0.22540", "2006-09-30": "0.21980", "2006-06-30": "0.22780", "2006-03-31": "0.22330", "2005-12-31": "0.21980", "2005-09-30": "0.22850", "2005-06-30": "0.23350", "2005-03-31": "0.22610"}, "Inventory Turnover Ratio": {"2020-09-30": "1.35780", "2020-06-30": "1.39340", "2020-03-31": "1.60020", "2019-12-31": "1.48590", "2019-09-30": "1.49610", "2019-06-30": "1.48920", "2019-03-31": "1.43650", "2018-12-31": "1.56770", "2018-09-30": "1.47850", "2018-06-30": "1.55200", "2018-03-31": "1.55240", "2017-12-31": "1.66830", "2017-09-30": "1.57510", "2017-06-30": "1.66810", "2017-03-31": "1.70620", "2016-12-31": "1.89000", "2016-09-30": "1.66290", "2016-06-30": "1.61690", "2016-03-31": "1.61510", "2015-12-31": "1.73800", "2015-09-30": "1.73530", "2015-06-30": "1.75040", "2015-03-31": "1.77880", "2014-12-31": "1.93530", "2014-09-30": "1.81310", "2014-06-30": "1.66750", "2014-03-31": "1.67020", "2013-12-31": "1.80000", "2013-09-30": "1.70120", "2013-06-30": "1.70880", "2013-03-31": "1.65650", "2012-12-31": "1.86330", "2012-09-30": "1.76680", "2012-06-30": "1.74150", "2012-03-31": "1.82550", "2011-12-31": "2.06580", "2011-09-30": "1.73510", "2011-06-30": "1.73730", "2011-03-31": "1.66210", "2010-12-31": "1.86490", "2010-09-30": "1.70800", "2010-06-30": "1.51770", "2010-03-31": "1.53140", "2009-12-31": "1.77780", "2009-09-30": "1.58940", "2009-06-30": "1.58760", "2009-03-31": "1.65850", "2008-12-31": "1.96520", "2008-09-30": "1.71080", "2008-06-30": "1.60310", "2008-03-31": "1.52940", "2007-12-31": "1.67460", "2007-09-30": "1.59450", "2007-06-30": "1.55920", "2007-03-31": "1.46640", "2006-12-31": "1.65070", "2006-09-30": "1.52680", "2006-06-30": "1.42500", "2006-03-31": "1.51300", "2005-12-31": "1.86320", "2005-09-30": "1.72350", "2005-06-30": "1.72380", "2005-03-31": "1.65000"}, "Receiveable Turnover": {"2020-09-30": "3.32890", "2020-06-30": "3.46680", "2020-03-31": "3.29620", "2019-12-31": "3.21040", "2019-09-30": "2.83400", "2019-06-30": "2.81310", "2019-03-31": "2.71630", "2018-12-31": "3.11150", "2018-09-30": "2.87030", "2018-06-30": "2.94870", "2018-03-31": "2.78590", "2017-12-31": "2.98670", "2017-09-30": "2.56130", "2017-06-30": "2.95590", "2017-03-31": "2.87420", "2016-12-31": "3.12200", "2016-09-30": "3.28190", "2016-06-30": "3.14590", "2016-03-31": "3.06500", "2015-12-31": "3.16290", "2015-09-30": "2.60600", "2015-06-30": "2.48850", "2015-03-31": "2.40970", "2014-12-31": "2.68040", "2014-09-30": "2.62000", "2014-06-30": "2.35790", "2014-03-31": "2.27060", "2013-12-31": "2.49120", "2013-09-30": "2.48470", "2013-06-30": "2.40560", "2013-03-31": "2.34450", "2012-12-31": "2.67140", "2012-09-30": "2.60580", "2012-06-30": "2.55650", "2012-03-31": "2.55210", "2011-12-31": "2.76300", "2011-09-30": "2.67560", "2011-06-30": "2.47400", "2011-03-31": "2.58470", "2010-12-31": "2.84210", "2010-09-30": "2.62110", "2010-06-30": "2.64750", "2010-03-31": "2.62580", "2009-12-31": "3.01930", "2009-09-30": "2.75800", "2009-06-30": "2.69660", "2009-03-31": "2.68340", "2008-12-31": "3.05360", "2008-09-30": "2.39180", "2008-06-30": "2.18310", "2008-03-31": "2.27040", "2007-12-31": "2.33840", "2007-09-30": "2.13550", "2007-06-30": "2.22730", "2007-03-31": "2.23910", "2006-12-31": "2.27360", "2006-09-30": "2.08590", "2006-06-30": "2.13530", "2006-03-31": "2.33690", "2005-12-31": "2.29570", "2005-09-30": "2.20110", "2005-06-30": "2.15520", "2005-03-31": "2.23830"}, "Days Sales In Receivables": {"2020-09-30": "27.03630", "2020-06-30": "25.96080", "2020-03-31": "27.30430", "2019-12-31": "28.03360", "2019-09-30": "31.75690", "2019-06-30": "31.99280", "2019-03-31": "33.13300", "2018-12-31": "28.92500", "2018-09-30": "31.35600", "2018-06-30": "30.52240", "2018-03-31": "32.30520", "2017-12-31": "30.13360", "2017-09-30": "35.13900", "2017-06-30": "30.44770", "2017-03-31": "31.31330", "2016-12-31": "28.82810", "2016-09-30": "27.42280", "2016-06-30": "28.60840", "2016-03-31": "29.36400", "2015-12-31": "28.45470", "2015-09-30": "34.53590", "2015-06-30": "36.16570", "2015-03-31": "37.34950", "2014-12-31": "33.57710", "2014-09-30": "34.35140", "2014-06-30": "38.16900", "2014-03-31": "39.63680", "2013-12-31": "36.12690", "2013-09-30": "36.22140", "2013-06-30": "37.41240", "2013-03-31": "38.38830", "2012-12-31": "33.69030", "2012-09-30": "34.53810", "2012-06-30": "35.20390", "2012-03-31": "35.26500", "2011-12-31": "32.57280", "2011-09-30": "33.63770", "2011-06-30": "36.37870", "2011-03-31": "34.82020", "2010-12-31": "31.66720", "2010-09-30": "34.33710", "2010-06-30": "33.99390", "2010-03-31": "34.27500", "2009-12-31": "29.80840", "2009-09-30": "32.63180", "2009-06-30": "33.37480", "2009-03-31": "33.53990", "2008-12-31": "29.47350", "2008-09-30": "37.62840", "2008-06-30": "41.22570", "2008-03-31": "39.64100", "2007-12-31": "38.48720", "2007-09-30": "42.14440", "2007-06-30": "40.40710", "2007-03-31": "40.19510", "2006-12-31": "39.58550", "2006-09-30": "43.14600", "2006-06-30": "42.14780", "2006-03-31": "38.51260", "2005-12-31": "39.20400", "2005-09-30": "40.88780", "2005-06-30": "41.75960", "2005-03-31": "40.20920"}, "ROE - Return On Equity": {"2020-09-30": "6.73460", "2020-06-30": "6.32590", "2020-03-31": "8.15530", "2019-12-31": "5.41270", "2019-09-30": "6.14620", "2019-06-30": "5.31710", "2019-03-31": "7.03000", "2018-12-31": "5.81950", "2018-09-30": "6.21650", "2018-06-30": "5.47930", "2018-03-31": "7.36250", "2017-12-31": "18.28670", "2017-09-30": "6.83020", "2017-06-30": "3.94420", "2017-03-31": "6.79340", "2016-12-31": "5.58170", "2016-09-30": "5.84910", "2016-06-30": "5.54700", "2016-03-31": "5.88450", "2015-12-31": "5.39240", "2015-09-30": "5.87430", "2015-06-30": "3.73810", "2015-03-31": "5.61640", "2014-12-31": "5.07160", "2014-09-30": "5.55240", "2014-06-30": "4.39630", "2014-03-31": "4.85470", "2013-12-31": "4.00870", "2013-09-30": "4.83700", "2013-06-30": "4.03410", "2013-03-31": "5.16420", "2012-12-31": "3.92020", "2012-09-30": "4.56220", "2012-06-30": "3.99460", "2012-03-31": "4.71870", "2011-12-31": "3.12620", "2011-09-30": "3.81680", "2011-06-30": "4.05320", "2011-03-31": "4.28500", "2010-12-31": "2.50680", "2010-09-30": "3.82180", "2010-06-30": "4.26230", "2010-03-31": "4.77170", "2009-12-31": "3.29280", "2009-09-30": "4.53420", "2009-06-30": "3.94250", "2009-03-31": "4.50030", "2008-12-31": "3.32130", "2008-09-30": "3.66940", "2008-06-30": "3.81360", "2008-03-31": "4.95820", "2007-12-31": "2.93290", "2007-09-30": "5.02480", "2007-06-30": "4.16540", "2007-03-31": "4.89250", "2006-12-31": "2.76790", "2006-09-30": "4.63110", "2006-06-30": "4.60660", "2006-03-31": "5.39080", "2005-12-31": "2.32850", "2005-09-30": "5.04220", "2005-06-30": "5.33980", "2005-03-31": "6.27290"}, "Return On Tangible Equity": {"2020-09-30": "-14.02080", "2020-06-30": "-10.67350", "2020-03-31": "-11.59440", "2019-12-31": "-6.67990", "2019-09-30": "-6.84660", "2019-06-30": "-6.07860", "2019-03-31": "-10.04060", "2018-12-31": "-7.87600", "2018-09-30": "-7.56580", "2018-06-30": "-5.84060", "2018-03-31": "-7.24090", "2017-12-31": "-19.67600", "2017-09-30": "-5.87300", "2017-06-30": "-5.84040", "2017-03-31": "-12.13440", "2016-12-31": "-12.29400", "2016-09-30": "-19.39620", "2016-06-30": "-14.70740", "2016-03-31": "-13.09990", "2015-12-31": "-18.14710", "2015-09-30": "-20.60940", "2015-06-30": "-10.94280", "2015-03-31": "-14.37960", "2014-12-31": "-21.51360", "2014-09-30": "-22.25850", "2014-06-30": "-22.96350", "2014-03-31": "-33.61730", "2013-12-31": "-72.88550", "2013-09-30": "-51.35650", "2013-06-30": "-28.86660", "2013-03-31": "-29.09240", "2012-12-31": "-19.82340", "2012-09-30": "30.96960", "2012-06-30": "35.21310", "2012-03-31": "36.52310", "2011-12-31": "23.77930", "2011-09-30": "25.80230", "2011-06-30": "32.71290", "2011-03-31": "37.15560", "2010-12-31": "33.26240", "2010-09-30": "54.11750", "2010-06-30": "125.47480", "2010-03-31": "155.37300", "2009-12-31": "-169.06490", "2009-09-30": "-73.48280", "2009-06-30": "-34.44920", "2009-03-31": "-24.17540", "2008-12-31": "-13.66400", "2008-09-30": "-13.50560", "2008-06-30": "-32.12220", "2008-03-31": "-26.47320", "2007-12-31": "-11.57390", "2007-09-30": "-15.66530", "2007-06-30": "-10.42670", "2007-03-31": "-10.21160", "2006-12-31": "-4.76530", "2006-09-30": "-7.10730", "2006-06-30": "-13.03320", "2006-03-31": "-12.43110", "2005-12-31": "-4.40030", "2005-09-30": "-11.33830", "2005-06-30": "-10.00330", "2005-03-31": "-9.80850"}, "ROA - Return On Assets": {"2020-09-30": "3.05500", "2020-06-30": "2.74170", "2020-03-31": "3.06980", "2019-12-31": "2.16900", "2019-09-30": "2.37970", "2019-06-30": "2.07880", "2019-03-31": "2.94770", "2018-12-31": "2.35290", "2018-09-30": "2.45170", "2018-06-30": "2.06290", "2018-03-31": "2.65530", "2017-12-31": "6.74340", "2017-09-30": "2.24100", "2017-06-30": "1.56200", "2017-03-31": "2.93020", "2016-12-31": "2.53550", "2016-09-30": "2.89540", "2016-06-30": "2.58920", "2016-03-31": "2.63260", "2015-12-31": "2.56290", "2015-09-30": "2.85460", "2015-06-30": "1.74310", "2015-03-31": "2.46740", "2014-12-31": "2.44540", "2014-09-30": "2.67930", "2014-06-30": "2.22660", "2014-03-31": "2.51080", "2013-12-31": "2.16450", "2013-09-30": "2.56980", "2013-06-30": "2.13950", "2013-03-31": "2.64980", "2012-12-31": "1.97160", "2012-09-30": "2.44540", "2012-06-30": "2.54470", "2012-03-31": "3.05550", "2011-12-31": "2.04640", "2011-09-30": "2.53200", "2011-06-30": "2.70340", "2011-03-31": "2.83150", "2010-12-31": "1.59240", "2010-09-30": "2.17190", "2010-06-30": "2.38840", "2010-03-31": "2.55340", "2009-12-31": "1.69130", "2009-09-30": "2.24300", "2009-06-30": "1.93540", "2009-03-31": "2.15730", "2008-12-31": "1.57880", "2008-09-30": "1.72330", "2008-06-30": "1.79390", "2008-03-31": "2.27940", "2007-12-31": "1.25110", "2007-09-30": "2.08490", "2007-06-30": "1.70650", "2007-03-31": "1.91040", "2006-12-31": "1.02440", "2006-09-30": "1.63880", "2006-06-30": "1.80830", "2006-03-31": "2.01620", "2005-12-31": "0.82700", "2005-09-30": "1.78580", "2005-06-30": "1.81660", "2005-03-31": "2.02590"}, "ROI - Return On Investment": {"2020-09-30": "4.30490", "2020-06-30": "3.94370", "2020-03-31": "4.96480", "2019-12-31": "3.22470", "2019-09-30": "3.60040", "2019-06-30": "3.13790", "2019-03-31": "4.38300", "2018-12-31": "3.60370", "2018-09-30": "3.51950", "2018-06-30": "3.02460", "2018-03-31": "3.99960", "2017-12-31": "9.38580", "2017-09-30": "3.28800", "2017-06-30": "2.65830", "2017-03-31": "5.00270", "2016-12-31": "4.13280", "2016-09-30": "4.39860", "2016-06-30": "4.11410", "2016-03-31": "4.31280", "2015-12-31": "4.01690", "2015-09-30": "4.36930", "2015-06-30": "2.75850", "2015-03-31": "4.10380", "2014-12-31": "3.81820", "2014-09-30": "4.23460", "2014-06-30": "3.32650", "2014-03-31": "3.71340", "2013-12-31": "3.12600", "2013-09-30": "3.74630", "2013-06-30": "3.09710", "2013-03-31": "3.93800", "2012-12-31": "2.98100", "2012-09-30": "3.46800", "2012-06-30": "3.54810", "2012-03-31": "4.20180", "2011-12-31": "2.78540", "2011-09-30": "3.40870", "2011-06-30": "3.61080", "2011-03-31": "3.79880", "2010-12-31": "2.21160", "2010-09-30": "2.98190", "2010-06-30": "3.25340", "2010-03-31": "3.56270", "2009-12-31": "2.39840", "2009-09-30": "3.17950", "2009-06-30": "2.67480", "2009-03-31": "2.93680", "2008-12-31": "2.09310", "2008-09-30": "2.29240", "2008-06-30": "2.43610", "2008-03-31": "3.07690", "2007-12-31": "1.77240", "2007-09-30": "2.96360", "2007-06-30": "2.38800", "2007-03-31": "2.68830", "2006-12-31": "1.44320", "2006-09-30": "2.30840", "2006-06-30": "2.60030", "2006-03-31": "2.94190", "2005-12-31": "1.21810", "2005-09-30": "2.59660", "2005-06-30": "2.64980", "2005-03-31": "2.94450"}, "Book Value Per Share": {"2020-09-30": "12.92510", "2020-06-30": "12.14180", "2020-03-31": "11.46580", "2019-12-31": "10.87050", "2019-09-30": "10.43350", "2019-06-30": "10.54750", "2019-03-31": "10.15700", "2018-12-31": "9.93900", "2018-09-30": "9.56590", "2018-06-30": "9.06430", "2018-03-31": "8.76640", "2017-12-31": "8.95690", "2017-09-30": "7.82130", "2017-06-30": "7.41440", "2017-03-31": "7.68450", "2016-12-31": "7.78810", "2016-09-30": "8.20560", "2016-06-30": "7.81910", "2016-03-31": "7.49130", "2015-12-31": "7.78430", "2015-09-30": "7.82330", "2015-06-30": "7.53660", "2015-03-31": "7.30510", "2014-12-31": "7.88100", "2014-09-30": "7.81090", "2014-06-30": "7.55810", "2014-03-31": "7.78360", "2013-12-31": "8.27550", "2013-09-30": "8.04120", "2013-06-30": "7.74880", "2013-03-31": "7.54690", "2012-12-31": "7.42570", "2012-09-30": "7.38150", "2012-06-30": "7.12610", "2012-03-31": "7.20930", "2011-12-31": "7.17140", "2011-09-30": "7.25600", "2011-06-30": "7.10020", "2011-03-31": "6.82810", "2010-12-31": "6.56870", "2010-09-30": "6.39850", "2010-06-30": "6.13950", "2010-03-31": "5.91830", "2009-12-31": "5.67610", "2009-09-30": "5.49030", "2009-06-30": "5.24820", "2009-03-31": "4.95270", "2008-12-31": "4.75110", "2008-09-30": "4.76940", "2008-06-30": "4.50740", "2008-03-31": "4.26630", "2007-12-31": "3.88770", "2007-09-30": "3.90140", "2007-06-30": "3.69290", "2007-03-31": "3.50400", "2006-12-31": "3.30410", "2006-09-30": "3.20520", "2006-06-30": "3.04610", "2006-03-31": "2.86740", "2005-12-31": "2.70570", "2005-09-30": "2.66740", "2005-06-30": "2.51430", "2005-03-31": "2.36810"}, "Operating Cash Flow Per Share": {"2020-09-30": 0.7692, "2020-06-30": 1.4398, "2020-03-31": "0.94220", "2019-12-31": 0.9875, "2019-09-30": 1.0519, "2019-06-30": 0.8424, "2019-03-31": "0.54740", "2018-12-31": 0.7839, "2018-09-30": 0.9676, "2018-06-30": 0.6724, "2018-03-31": "0.62200", "2017-12-31": 0.9999, "2017-09-30": 0.6858, "2017-06-30": 0.469, "2017-03-31": "0.50640", "2016-12-31": 0.6159, "2016-09-30": 0.7522, "2016-06-30": 0.4576, "2016-03-31": "0.67450", "2015-12-31": 0.7384, "2015-09-30": 0.5989, "2015-06-30": 0.3953, "2015-03-31": "0.53570", "2014-12-31": 0.4621, "2014-09-30": 0.7495, "2014-06-30": 0.3889, "2014-03-31": "0.36420", "2013-12-31": 0.4365, "2013-09-30": 0.7621, "2013-06-30": 0.3139, "2013-03-31": "0.25660", "2012-12-31": 0.7238, "2012-09-30": 0.4455, "2012-06-30": 0.2723, "2012-03-31": "0.39300", "2011-12-31": 0.4105, "2011-09-30": 0.5025, "2011-06-30": 0.3148, "2011-03-31": "0.27360", "2010-12-31": 0.484, "2010-09-30": 0.571, "2010-06-30": 0.1787, "2010-03-31": "0.25000", "2009-12-31": 0.3237, "2009-09-30": 0.3962, "2009-06-30": 0.3593, "2009-03-31": "0.32250", "2008-12-31": 0.4026, "2008-09-30": 0.3207, "2008-06-30": 0.2371, "2008-03-31": "0.22140", "2007-12-31": 0.3182, "2007-09-30": 0.2989, "2007-06-30": 0.1614, "2007-03-31": "0.10570", "2006-12-31": 0.2805, "2006-09-30": 0.2917, "2006-06-30": 0.0544, "2006-03-31": "0.04950", "2005-12-31": 0.2142, "2005-09-30": 0.2404, "2005-06-30": 0.1184, "2005-03-31": "0.11290"}, "Free Cash Flow Per Share": {"2020-09-30": 0.6764, "2020-06-30": 1.3837, "2020-03-31": "0.90320", "2019-12-31": 0.8522, "2019-09-30": 0.9883, "2019-06-30": 0.7954, "2019-03-31": "0.50100", "2018-12-31": 0.6639, "2018-09-30": 0.9252, "2018-06-30": 0.6334, "2018-03-31": "0.58240", "2017-12-31": 0.9061, "2017-09-30": 0.6446, "2017-06-30": 0.4391, "2017-03-31": "0.49560", "2016-12-31": 0.5329, "2016-09-30": 0.7132, "2016-06-30": 0.4218, "2016-03-31": "0.64230", "2015-12-31": 0.6744, "2015-09-30": 0.5591, "2015-06-30": 0.3493, "2015-03-31": "0.45430", "2014-12-31": 0.3389, "2014-09-30": 0.6787, "2014-06-30": 0.3491, "2014-03-31": "0.34170", "2013-12-31": 0.3061, "2013-09-30": 0.7261, "2013-06-30": 0.2796, "2013-03-31": "0.21970", "2012-12-31": 0.6376, "2012-09-30": 0.4114, "2012-06-30": 0.1837, "2012-03-31": "0.34090", "2011-12-31": 0.2872, "2011-09-30": 0.444, "2011-06-30": 0.2573, "2011-03-31": "0.25020", "2010-12-31": 0.3927, "2010-09-30": 0.5124, "2010-06-30": 0.1396, "2010-03-31": "0.24650", "2009-12-31": 0.1548, "2009-09-30": 0.2921, "2009-06-30": 0.3388, "2009-03-31": "0.24790", "2008-12-31": 0.2101, "2008-09-30": 0.2414, "2008-06-30": 0.2063, "2008-03-31": "0.23320", "2007-12-31": 0.2732, "2007-09-30": 0.2861, "2007-06-30": 0.1114, "2007-03-31": "0.06540", "2006-12-31": 0.2281, "2006-09-30": 0.2486, "2006-06-30": 0.0158, "2006-03-31": "0.01100", "2005-12-31": 0.1797, "2005-09-30": 0.198, "2005-06-30": 0.088, "2005-03-31": "0.08410"}}, "revenue": {"Church & Dwight Annual Revenue (Millions of US $)": {"2020": "$4,896", "2019": "$4,358", "2018": "$4,146", "2017": "$3,776", "2016": "$3,493", "2015": "$3,395", "2014": "$3,298", "2013": "$3,194", "2012": "$2,922", "2011": "$2,749", "2010": "$2,589", "2009": "$2,521", "2008": "$2,422", "2007": "$2,221", "2006": "$1,946", "2005": "$1,737"}, "Church & Dwight Quarterly Revenue (Millions of US $)": {"2020-12-31": "$1,295", "2020-09-30": "$1,241", "2020-06-30": "$1,194", "2020-03-31": "$1,165", "2019-12-31": "$1,144", "2019-09-30": "$1,089", "2019-06-30": "$1,079", "2019-03-31": "$1,045", "2018-12-31": "$1,074", "2018-09-30": "$1,038", "2018-06-30": "$1,028", "2018-03-31": "$1,006", "2017-12-31": "$1,033", "2017-09-30": "$968", "2017-06-30": "$898", "2017-03-31": "$877", "2016-12-31": "$896", "2016-09-30": "$871", "2016-06-30": "$877", "2016-03-31": "$849", "2015-12-31": "$874", "2015-09-30": "$862", "2015-06-30": "$847", "2015-03-31": "$812", "2014-12-31": "$866", "2014-09-30": "$842", "2014-06-30": "$808", "2014-03-31": "$782", "2013-12-31": "$823", "2013-09-30": "$805", "2013-06-30": "$788", "2013-03-31": "$779", "2012-12-31": "$810", "2012-09-30": "$725", "2012-06-30": "$696", "2012-03-31": "$691", "2011-12-31": "$731", "2011-09-30": "$701", "2011-06-30": "$675", "2011-03-31": "$642", "2010-12-31": "$657", "2010-09-30": "$657", "2010-06-30": "$641", "2010-03-31": "$635", "2009-12-31": "$671", "2009-09-30": "$646", "2009-06-30": "$623", "2009-03-31": "$581", "2008-12-31": "$645", "2008-09-30": "$631", "2008-06-30": "$594", "2008-03-31": "$553", "2007-12-31": "$580", "2007-09-30": "$580", "2007-06-30": "$546", "2007-03-31": "$514", "2006-12-31": "$526", "2006-09-30": "$519", "2006-06-30": "$459", "2006-03-31": "$442", "2005-12-31": "$431", "2005-09-30": "$443", "2005-06-30": "$442", "2005-03-31": "$421"}}, "gross-profit": {"Church & Dwight Annual Gross Profit (Millions of US $)": {"2020": "$2,214", "2019": "$1,984", "2018": "$1,841", "2017": "$1,730", "2016": "$1,591", "2015": "$1,512", "2014": "$1,453", "2013": "$1,438", "2012": "$1,291", "2011": "$1,215", "2010": "$1,158", "2009": "$1,101", "2008": "$972", "2007": "$868", "2006": "$761", "2005": "$637"}, "Church & Dwight Quarterly Gross Profit (Millions of US $)": {"2020-12-31": "$557", "2020-09-30": "$565", "2020-06-30": "$560", "2020-03-31": "$532", "2019-12-31": "$524", "2019-09-30": "$508", "2019-06-30": "$482", "2019-03-31": "$471", "2018-12-31": "$474", "2018-09-30": "$460", "2018-06-30": "$455", "2018-03-31": "$452", "2017-12-31": "$481", "2017-09-30": "$439", "2017-06-30": "$410", "2017-03-31": "$399", "2016-12-31": "$408", "2016-09-30": "$396", "2016-06-30": "$408", "2016-03-31": "$379", "2015-12-31": "$397", "2015-09-30": "$386", "2015-06-30": "$373", "2015-03-31": "$356", "2014-12-31": "$390", "2014-09-30": "$368", "2014-06-30": "$356", "2014-03-31": "$339", "2013-12-31": "$372", "2013-09-30": "$365", "2013-06-30": "$351", "2013-03-31": "$350", "2012-12-31": "$358", "2012-09-30": "$328", "2012-06-30": "$303", "2012-03-31": "$303", "2011-12-31": "$317", "2011-09-30": "$310", "2011-06-30": "$300", "2011-03-31": "$288", "2010-12-31": "$292", "2010-09-30": "$289", "2010-06-30": "$291", "2010-03-31": "$286", "2009-12-31": "$285", "2009-09-30": "$285", "2009-06-30": "$282", "2009-03-31": "$249", "2008-12-31": "$254", "2008-09-30": "$251", "2008-06-30": "$242", "2008-03-31": "$224", "2007-12-31": "$222", "2007-09-30": "$229", "2007-06-30": "$217", "2007-03-31": "$200", "2006-12-31": "$204", "2006-09-30": "$203", "2006-06-30": "$185", "2006-03-31": "$169", "2005-12-31": "$140", "2005-09-30": "$168", "2005-06-30": "$169", "2005-03-31": "$160"}}, "operating-income": {"Church & Dwight Annual Operating Income (Millions of US $)": {"2020": "$1,030", "2019": "$840", "2018": "$792", "2017": "$733", "2016": "$724", "2015": "$674", "2014": "$641", "2013": "$622", "2012": "$545", "2011": "$493", "2010": "$445", "2009": "$413", "2008": "$340", "2007": "$305", "2006": "$252", "2005": "$213"}, "Church & Dwight Quarterly Operating Income (Millions of US $)": {"2020-12-31": "$191", "2020-09-30": "$274", "2020-06-30": "$251", "2020-03-31": "$315", "2019-12-31": "$195", "2019-09-30": "$217", "2019-06-30": "$187", "2019-03-31": "$241", "2018-12-31": "$193", "2018-09-30": "$204", "2018-06-30": "$174", "2018-03-31": "$220", "2017-12-31": "$215", "2017-09-30": "$199", "2017-06-30": "$123", "2017-03-31": "$196", "2016-12-31": "$173", "2016-09-30": "$196", "2016-06-30": "$175", "2016-03-31": "$180", "2015-12-31": "$169", "2015-09-30": "$191", "2015-06-30": "$142", "2015-03-31": "$172", "2014-12-31": "$164", "2014-09-30": "$177", "2014-06-30": "$138", "2014-03-31": "$162", "2013-12-31": "$145", "2013-09-30": "$168", "2013-06-30": "$141", "2013-03-31": "$169", "2012-12-31": "$135", "2012-09-30": "$145", "2012-06-30": "$122", "2012-03-31": "$143", "2011-12-31": "$117", "2011-09-30": "$126", "2011-06-30": "$118", "2011-03-31": "$131", "2010-12-31": "$80", "2010-09-30": "$113", "2010-06-30": "$120", "2010-03-31": "$132", "2009-12-31": "$91", "2009-09-30": "$118", "2009-06-30": "$99", "2009-03-31": "$105", "2008-12-31": "$80", "2008-09-30": "$86", "2008-06-30": "$82", "2008-03-31": "$93", "2007-12-31": "$58", "2007-09-30": "$89", "2007-06-30": "$77", "2007-03-31": "$82", "2006-12-31": "$44", "2006-09-30": "$69", "2006-06-30": "$67", "2006-03-31": "$72", "2005-12-31": "$32", "2005-09-30": "$54", "2005-06-30": "$60", "2005-03-31": "$67"}}, "ebitda": {"Church & Dwight Annual EBITDA (Millions of US $)": {"2019": "$1,017", "2018": "$933", "2017": "$858", "2016": "$832", "2015": "$775", "2014": "$732", "2013": "$713", "2012": "$630", "2011": "$570", "2010": "$517", "2009": "$498", "2008": "$412", "2007": "$362", "2006": "$304", "2005": "$257"}, "Church & Dwight Quarterly EBITDA (Millions of US $)": {"2020-09-30": "$320", "2020-06-30": "$297", "2020-03-31": "$361", "2019-12-31": "$242", "2019-09-30": "$264", "2019-06-30": "$232", "2019-03-31": "$279", "2018-12-31": "$229", "2018-09-30": "$240", "2018-06-30": "$208", "2018-03-31": "$256", "2017-12-31": "$249", "2017-09-30": "$231", "2017-06-30": "$153", "2017-03-31": "$225", "2016-12-31": "$201", "2016-09-30": "$222", "2016-06-30": "$202", "2016-03-31": "$207", "2015-12-31": "$194", "2015-09-30": "$216", "2015-06-30": "$168", "2015-03-31": "$198", "2014-12-31": "$187", "2014-09-30": "$199", "2014-06-30": "$161", "2014-03-31": "$185", "2013-12-31": "$167", "2013-09-30": "$189", "2013-06-30": "$163", "2013-03-31": "$193", "2012-12-31": "$160", "2012-09-30": "$166", "2012-06-30": "$143", "2012-03-31": "$162", "2011-12-31": "$136", "2011-09-30": "$146", "2011-06-30": "$138", "2011-03-31": "$151", "2010-12-31": "$97", "2010-09-30": "$131", "2010-06-30": "$138", "2010-03-31": "$150", "2009-12-31": "$112", "2009-09-30": "$139", "2009-06-30": "$121", "2009-03-31": "$126", "2008-12-31": "$100", "2008-09-30": "$106", "2008-06-30": "$98", "2008-03-31": "$108", "2007-12-31": "$71", "2007-09-30": "$103", "2007-06-30": "$91", "2007-03-31": "$97", "2006-12-31": "$58", "2006-09-30": "$82", "2006-06-30": "$79", "2006-03-31": "$85", "2005-12-31": "$43", "2005-09-30": "$65", "2005-06-30": "$71", "2005-03-31": "$78"}}, "net-income": {"Church & Dwight Annual Net Income (Millions of US $)": {"2020": "$786", "2019": "$616", "2018": "$569", "2017": "$743", "2016": "$459", "2015": "$410", "2014": "$414", "2013": "$394", "2012": "$350", "2011": "$310", "2010": "$271", "2009": "$244", "2008": "$195", "2007": "$169", "2006": "$139", "2005": "$123"}, "Church & Dwight Quarterly Net Income (Millions of US $)": {"2020-12-31": "$150", "2020-09-30": "$216", "2020-06-30": "$190", "2020-03-31": "$230", "2019-12-31": "$144", "2019-09-30": "$157", "2019-06-30": "$139", "2019-03-31": "$176", "2018-12-31": "$143", "2018-09-30": "$146", "2018-06-30": "$122", "2018-03-31": "$158", "2017-12-31": "$406", "2017-09-30": "$133", "2017-06-30": "$73", "2017-03-31": "$132", "2016-12-31": "$110", "2016-09-30": "$124", "2016-06-30": "$112", "2016-03-31": "$113", "2015-12-31": "$109", "2015-09-30": "$120", "2015-06-30": "$74", "2015-03-31": "$107", "2014-12-31": "$107", "2014-09-30": "$116", "2014-06-30": "$89", "2014-03-31": "$103", "2013-12-31": "$92", "2013-09-30": "$108", "2013-06-30": "$87", "2013-03-31": "$108", "2012-12-31": "$81", "2012-09-30": "$94", "2012-06-30": "$79", "2012-03-31": "$96", "2011-12-31": "$64", "2011-09-30": "$80", "2011-06-30": "$83", "2011-03-31": "$84", "2010-12-31": "$47", "2010-09-30": "$70", "2010-06-30": "$74", "2010-03-31": "$80", "2009-12-31": "$53", "2009-09-30": "$70", "2009-06-30": "$58", "2009-03-31": "$63", "2008-12-31": "$44", "2008-09-30": "$49", "2008-06-30": "$46", "2008-03-31": "$56", "2007-12-31": "$32", "2007-09-30": "$52", "2007-06-30": "$41", "2007-03-31": "$45", "2006-12-31": "$24", "2006-09-30": "$39", "2006-06-30": "$36", "2006-03-31": "$40", "2005-12-31": "$16", "2005-09-30": "$35", "2005-06-30": "$34", "2005-03-31": "$38"}}, "eps-earnings-per-share-diluted": {"Church & Dwight Annual EPS": {"2020": "$3.12", "2019": "$2.44", "2018": "$2.27", "2017": "$2.90", "2016": "$1.75", "2015": "$1.54", "2014": "$1.51", "2013": "$1.40", "2012": "$1.23", "2011": "$1.06", "2010": "$0.94", "2009": "$0.85", "2008": "$0.70", "2007": "$0.62", "2006": "$0.52", "2005": "$0.46"}, "Church & Dwight Quarterly EPS": {"2020-12-31": "$0.59", "2020-09-30": "$0.85", "2020-06-30": "$0.75", "2020-03-31": "$0.92", "2019-12-31": "$0.57", "2019-09-30": "$0.62", "2019-06-30": "$0.55", "2019-03-31": "$0.70", "2018-12-31": "$0.57", "2018-09-30": "$0.58", "2018-06-30": "$0.49", "2018-03-31": "$0.63", "2017-12-31": "$1.58", "2017-09-30": "$0.52", "2017-06-30": "$0.29", "2017-03-31": "$0.51", "2016-12-31": "$0.42", "2016-09-30": "$0.47", "2016-06-30": "$0.43", "2016-03-31": "$0.43", "2015-12-31": "$0.42", "2015-09-30": "$0.45", "2015-06-30": "$0.28", "2015-03-31": "$0.40", "2014-12-31": "$0.40", "2014-09-30": "$0.43", "2014-06-30": "$0.33", "2014-03-31": "$0.37", "2013-12-31": "$0.33", "2013-09-30": "$0.38", "2013-06-30": "$0.31", "2013-03-31": "$0.38", "2012-12-31": "$0.29", "2012-09-30": "$0.33", "2012-06-30": "$0.28", "2012-03-31": "$0.33", "2011-12-31": "$0.22", "2011-09-30": "$0.27", "2011-06-30": "$0.29", "2011-03-31": "$0.29", "2010-12-31": "$0.16", "2010-09-30": "$0.24", "2010-06-30": "$0.26", "2010-03-31": "$0.28", "2009-12-31": "$0.18", "2009-09-30": "$0.25", "2009-06-30": "$0.20", "2009-03-31": "$0.22", "2008-12-31": "$0.16", "2008-09-30": "$0.17", "2008-06-30": "$0.17", "2008-03-31": "$0.20", "2007-12-31": "$0.12", "2007-09-30": "$0.19", "2007-06-30": "$0.15", "2007-03-31": "$0.17", "2006-12-31": "$0.09", "2006-09-30": "$0.14", "2006-06-30": "$0.14", "2006-03-31": "$0.15", "2005-12-31": "$0.06", "2005-09-30": "$0.13", "2005-06-30": "$0.13", "2005-03-31": "$0.14"}}, "shares-outstanding": {"Church & Dwight Annual Shares Outstanding (Millions of Shares)": {"2020": "252", "2019": "252", "2018": "251", "2017": "256", "2016": "262", "2015": "267", "2014": "275", "2013": "282", "2012": "285", "2011": "292", "2010": "289", "2009": "286", "2008": "284", "2007": "281", "2006": "276", "2005": "277"}, "Church & Dwight Quarterly Shares Outstanding (Millions of Shares)": {"2020-12-31": "253", "2020-09-30": "253", "2020-06-30": "251", "2020-03-31": "251", "2019-12-31": "252", "2019-09-30": "253", "2019-06-30": "253", "2019-03-31": "252", "2018-12-31": "251", "2018-09-30": "251", "2018-06-30": "249", "2018-03-31": "250", "2017-12-31": "256", "2017-09-30": "255", "2017-06-30": "256", "2017-03-31": "260", "2016-12-31": "262", "2016-09-30": "263", "2016-06-30": "262", "2016-03-31": "264", "2015-12-31": "267", "2015-09-30": "267", "2015-06-30": "267", "2015-03-31": "269", "2014-12-31": "275", "2014-09-30": "272", "2014-06-30": "275", "2014-03-31": "281", "2013-12-31": "282", "2013-09-30": "283", "2013-06-30": "282", "2013-03-31": "282", "2012-12-31": "285", "2012-09-30": "284", "2012-06-30": "284", "2012-03-31": "290", "2011-12-31": "292", "2011-09-30": "293", "2011-06-30": "292", "2011-03-31": "291", "2010-12-31": "289", "2010-09-30": "289", "2010-06-30": "289", "2010-03-31": "288", "2009-12-31": "286", "2009-09-30": "286", "2009-06-30": "286", "2009-03-31": "285", "2008-12-31": "284", "2008-09-30": "285", "2008-06-30": "284", "2008-03-31": "283", "2007-12-31": "281", "2007-09-30": "281", "2007-06-30": "281", "2007-03-31": "280", "2006-12-31": "276", "2006-09-30": "276", "2006-06-30": "275", "2006-03-31": "274", "2005-12-31": "277", "2005-09-30": "278", "2005-06-30": "277", "2005-03-31": "276"}}, "total-assets": {"Church & Dwight Annual Total Assets (Millions of US $)": {"2019": "$6,657", "2018": "$6,069", "2017": "$6,015", "2016": "$4,354", "2015": "$4,257", "2014": "$4,359", "2013": "$4,260", "2012": "$4,098", "2011": "$3,118", "2010": "$2,945", "2009": "$3,118", "2008": "$2,801", "2007": "$2,532", "2006": "$2,334", "2005": "$1,962"}, "Church & Dwight Quarterly Total Assets (Millions of US $)": {"2020-09-30": "$7,077", "2020-06-30": "$6,919", "2020-03-31": "$7,486", "2019-12-31": "$6,657", "2019-09-30": "$6,610", "2019-06-30": "$6,663", "2019-03-31": "$5,961", "2018-12-31": "$6,069", "2018-09-30": "$5,967", "2018-06-30": "$5,899", "2018-03-31": "$5,943", "2017-12-31": "$6,015", "2017-09-30": "$5,953", "2017-06-30": "$4,667", "2017-03-31": "$4,488", "2016-12-31": "$4,354", "2016-09-30": "$4,283", "2016-06-30": "$4,310", "2016-03-31": "$4,292", "2015-12-31": "$4,257", "2015-09-30": "$4,218", "2015-06-30": "$4,228", "2015-03-31": "$4,345", "2014-12-31": "$4,359", "2014-09-30": "$4,326", "2014-06-30": "$3,988", "2014-03-31": "$4,086", "2013-12-31": "$4,260", "2013-09-30": "$4,199", "2013-06-30": "$4,048", "2013-03-31": "$4,065", "2012-12-31": "$4,098", "2012-09-30": "$3,840", "2012-06-30": "$3,116", "2012-03-31": "$3,135", "2011-12-31": "$3,118", "2011-09-30": "$3,144", "2011-06-30": "$3,055", "2011-03-31": "$2,953", "2010-12-31": "$2,945", "2010-09-30": "$3,200", "2010-06-30": "$3,111", "2010-03-31": "$3,133", "2009-12-31": "$3,118", "2009-09-30": "$3,122", "2009-06-30": "$3,005", "2009-03-31": "$2,901", "2008-12-31": "$2,801", "2008-09-30": "$2,843", "2008-06-30": "$2,551", "2008-03-31": "$2,465", "2007-12-31": "$2,532", "2007-09-30": "$2,481", "2007-06-30": "$2,375", "2007-03-31": "$2,361", "2006-12-31": "$2,334", "2006-09-30": "$2,359", "2006-06-30": "$2,013", "2006-03-31": "$1,981", "2005-12-31": "$1,962", "2005-09-30": "$1,937", "2005-06-30": "$1,893", "2005-03-31": "$1,861"}}, "cash-on-hand": {"Church & Dwight Annual Cash on Hand (Millions of US $)": {"2019": "$156", "2018": "$317", "2017": "$279", "2016": "$188", "2015": "$330", "2014": "$423", "2013": "$497", "2012": "$343", "2011": "$251", "2010": "$189", "2009": "$447", "2008": "$198", "2007": "$250", "2006": "$110", "2005": "$127"}, "Church & Dwight Quarterly Cash on Hand (Millions of US $)": {"2020-09-30": "$549", "2020-06-30": "$452", "2020-03-31": "$1,047", "2019-12-31": "$156", "2019-09-30": "$115", "2019-06-30": "$98", "2019-03-31": "$98", "2018-12-31": "$317", "2018-09-30": "$188", "2018-06-30": "$89", "2018-03-31": "$120", "2017-12-31": "$279", "2017-09-30": "$237", "2017-06-30": "$238", "2017-03-31": "$140", "2016-12-31": "$188", "2016-09-30": "$232", "2016-06-30": "$211", "2016-03-31": "$194", "2015-12-31": "$330", "2015-09-30": "$211", "2015-06-30": "$203", "2015-03-31": "$300", "2014-12-31": "$423", "2014-09-30": "$370", "2014-06-30": "$197", "2014-03-31": "$300", "2013-12-31": "$497", "2013-09-30": "$446", "2013-06-30": "$274", "2013-03-31": "$279", "2012-12-31": "$343", "2012-09-30": "$891", "2012-06-30": "$184", "2012-03-31": "$232", "2011-12-31": "$251", "2011-09-30": "$275", "2011-06-30": "$163", "2011-03-31": "$159", "2010-12-31": "$189", "2010-09-30": "$454", "2010-06-30": "$364", "2010-03-31": "$447", "2009-12-31": "$447", "2009-09-30": "$419", "2009-06-30": "$357", "2009-03-31": "$280", "2008-12-31": "$198", "2008-09-30": "$176", "2008-06-30": "$256", "2008-03-31": "$208", "2007-12-31": "$250", "2007-09-30": "$178", "2007-06-30": "$107", "2007-03-31": "$108", "2006-12-31": "$110", "2006-09-30": "$96", "2006-06-30": "$110", "2006-03-31": "$123", "2005-12-31": "$127", "2005-09-30": "$160", "2005-06-30": "$109", "2005-03-31": "$102"}}, "long-term-debt": {"Church & Dwight Annual Long Term Debt (Millions of US $)": {"2019": "$1,810", "2018": "$1,509", "2017": "$2,103", "2016": "$693", "2015": "$693", "2014": "$690", "2013": "$650", "2012": "$649", "2011": "$250", "2010": "$250", "2009": "$597", "2008": "$781", "2007": "$707", "2006": "$793", "2005": "$635"}, "Church & Dwight Quarterly Long Term Debt (Millions of US $)": {"2020-09-30": "$1,812", "2020-06-30": "$1,811", "2020-03-31": "$1,811", "2019-12-31": "$1,810", "2019-09-30": "$1,810", "2019-06-30": "$1,809", "2019-03-31": "$1,509", "2018-12-31": "$1,509", "2018-09-30": "$1,804", "2018-06-30": "$1,803", "2018-03-31": "$1,802", "2017-12-31": "$2,103", "2017-09-30": "$2,104", "2017-06-30": "$894", "2017-03-31": "$693", "2016-12-31": "$693", "2016-09-30": "$699", "2016-06-30": "$701", "2016-03-31": "$700", "2015-12-31": "$693", "2015-09-30": "$706", "2015-06-30": "$700", "2015-03-31": "$704", "2014-12-31": "$690", "2014-09-30": "$650", "2014-06-30": "$650", "2014-03-31": "$650", "2013-12-31": "$650", "2013-09-30": "$650", "2013-06-30": "$650", "2013-03-31": "$649", "2012-12-31": "$649", "2012-09-30": "$649", "2012-06-30": "$250", "2012-03-31": "$250", "2011-12-31": "$250", "2011-09-30": "$250", "2011-06-30": "$250", "2011-03-31": "$250", "2010-12-31": "$250", "2010-09-30": "$512", "2010-06-30": "$541", "2010-03-31": "$569", "2009-12-31": "$597", "2009-09-30": "$658", "2009-06-30": "$699", "2009-03-31": "$740", "2008-12-31": "$781", "2008-09-30": "$802", "2008-06-30": "$679", "2008-03-31": "$693", "2007-12-31": "$707", "2007-09-30": "$716", "2007-06-30": "$724", "2007-03-31": "$756", "2006-12-31": "$793", "2006-09-30": "$840", "2006-06-30": "$610", "2006-03-31": "$617", "2005-12-31": "$635", "2005-09-30": "$646", "2005-06-30": "$654", "2005-03-31": "$679"}}, "total-liabilities": {"Church & Dwight Annual Total Liabilities (Millions of US $)": {"2019": "$3,990", "2018": "$3,615", "2017": "$3,797", "2016": "$2,376", "2015": "$2,234", "2014": "$2,257", "2013": "$1,960", "2012": "$2,037", "2011": "$1,077", "2010": "$1,074", "2009": "$1,517", "2008": "$1,470", "2007": "$1,452", "2006": "$1,470", "2005": "$1,265"}, "Church & Dwight Quarterly Total Liabilities (Millions of US $)": {"2020-09-30": "$3,867", "2020-06-30": "$3,920", "2020-03-31": "$4,668", "2019-12-31": "$3,990", "2019-09-30": "$4,051", "2019-06-30": "$4,058", "2019-03-31": "$3,461", "2018-12-31": "$3,615", "2018-09-30": "$3,614", "2018-06-30": "$3,678", "2018-03-31": "$3,800", "2017-12-31": "$3,797", "2017-09-30": "$4,000", "2017-06-30": "$2,819", "2017-03-31": "$2,552", "2016-12-31": "$2,376", "2016-09-30": "$2,163", "2016-06-30": "$2,298", "2016-03-31": "$2,372", "2015-12-31": "$2,234", "2015-09-30": "$2,168", "2015-06-30": "$2,257", "2015-03-31": "$2,436", "2014-12-31": "$2,257", "2014-09-30": "$2,238", "2014-06-30": "$1,968", "2014-03-31": "$1,973", "2013-12-31": "$1,960", "2013-09-30": "$1,968", "2013-06-30": "$1,901", "2013-03-31": "$1,979", "2012-12-31": "$2,037", "2012-09-30": "$1,782", "2012-06-30": "$1,131", "2012-03-31": "$1,105", "2011-12-31": "$1,077", "2011-09-30": "$1,058", "2011-06-30": "$1,018", "2011-03-31": "$1,002", "2010-12-31": "$1,074", "2010-09-30": "$1,381", "2010-06-30": "$1,368", "2010-03-31": "$1,457", "2009-12-31": "$1,517", "2009-09-30": "$1,578", "2009-06-30": "$1,530", "2009-03-31": "$1,510", "2008-12-31": "$1,470", "2008-09-30": "$1,508", "2008-06-30": "$1,351", "2008-03-31": "$1,332", "2007-12-31": "$1,452", "2007-09-30": "$1,451", "2007-06-30": "$1,402", "2007-03-31": "$1,439", "2006-12-31": "$1,470", "2006-09-30": "$1,524", "2006-06-30": "$1,223", "2006-03-31": "$1,240", "2005-12-31": "$1,265", "2005-09-30": "$1,251", "2005-06-30": "$1,249", "2005-03-31": "$1,260"}}, "total-share-holder-equity": {"Church & Dwight Annual Share Holder Equity (Millions of US $)": {"2019": "$2,668", "2018": "$2,454", "2017": "$2,218", "2016": "$1,978", "2015": "$2,023", "2014": "$2,102", "2013": "$2,300", "2012": "$2,061", "2011": "$2,041", "2010": "$1,871", "2009": "$1,602", "2008": "$1,332", "2007": "$1,080", "2006": "$864", "2005": "$697"}, "Church & Dwight Quarterly Share Holder Equity (Millions of US $)": {"2020-09-30": "$3,210", "2020-06-30": "$2,999", "2020-03-31": "$2,818", "2019-12-31": "$2,668", "2019-09-30": "$2,559", "2019-06-30": "$2,605", "2019-03-31": "$2,499", "2018-12-31": "$2,454", "2018-09-30": "$2,353", "2018-06-30": "$2,221", "2018-03-31": "$2,143", "2017-12-31": "$2,218", "2017-09-30": "$1,953", "2017-06-30": "$1,848", "2017-03-31": "$1,936", "2016-12-31": "$1,978", "2016-09-30": "$2,120", "2016-06-30": "$2,012", "2016-03-31": "$1,920", "2015-12-31": "$2,023", "2015-09-30": "$2,050", "2015-06-30": "$1,972", "2015-03-31": "$1,909", "2014-12-31": "$2,102", "2014-09-30": "$2,087", "2014-06-30": "$2,020", "2014-03-31": "$2,113", "2013-12-31": "$2,300", "2013-09-30": "$2,231", "2013-06-30": "$2,147", "2013-03-31": "$2,086", "2012-12-31": "$2,061", "2012-09-30": "$2,058", "2012-06-30": "$1,985", "2012-03-31": "$2,030", "2011-12-31": "$2,041", "2011-09-30": "$2,086", "2011-06-30": "$2,038", "2011-03-31": "$1,951", "2010-12-31": "$1,871", "2010-09-30": "$1,819", "2010-06-30": "$1,743", "2010-03-31": "$1,677", "2009-12-31": "$1,602", "2009-09-30": "$1,544", "2009-06-30": "$1,475", "2009-03-31": "$1,390", "2008-12-31": "$1,332", "2008-09-30": "$1,335", "2008-06-30": "$1,200", "2008-03-31": "$1,133", "2007-12-31": "$1,080", "2007-09-30": "$1,029", "2007-06-30": "$973", "2007-03-31": "$922", "2006-12-31": "$864", "2006-09-30": "$835", "2006-06-30": "$790", "2006-03-31": "$741", "2005-12-31": "$697", "2005-09-30": "$686", "2005-06-30": "$644", "2005-03-31": "$601"}}, "profit-margins": {"current": "16.05%"}, "gross margin": {"2020-12-31": "45.23%", "2020-09-30": "45.97%", "2020-06-30": "46.25%", "2020-03-31": "45.70%", "2019-12-31": "45.56%", "2019-09-30": "45.14%", "2019-06-30": "44.55%", "2019-03-31": "44.44%", "2018-12-31": "44.40%", "2018-09-30": "45.02%", "2018-06-30": "45.28%", "2018-03-31": "45.63%", "2017-12-31": "45.79%", "2017-09-30": "45.51%", "2017-06-30": "45.54%", "2017-03-31": "45.75%", "2016-12-31": "45.55%", "2016-09-30": "45.52%", "2016-06-30": "45.35%", "2016-03-31": "44.73%", "2015-12-31": "44.54%", "2015-09-30": "44.43%", "2015-06-30": "44.16%", "2015-03-31": "44.17%", "2014-12-31": "44.06%", "2014-09-30": "44.09%", "2014-06-30": "44.50%", "2014-03-31": "44.62%", "2013-12-31": "45.01%", "2013-09-30": "44.75%", "2013-06-30": "44.71%", "2013-03-31": "44.49%", "2012-12-31": "44.22%", "2012-09-30": "44.00%", "2012-06-30": "43.74%", "2012-03-31": "43.96%", "2011-12-31": "44.20%", "2011-09-30": "44.49%", "2011-06-30": "44.43%", "2011-03-31": "44.67%", "2010-12-31": "44.71%", "2010-09-30": "44.20%", "2010-06-30": "44.23%", "2010-03-31": "44.19%", "2009-12-31": "43.67%", "2009-09-30": "42.89%", "2009-06-30": "41.77%", "2009-03-31": "40.64%", "2008-12-31": "40.07%", "2008-09-30": "39.82%", "2008-06-30": "39.75%", "2008-03-31": "39.49%", "2007-12-31": "39.10%", "2007-09-30": "39.24%", "2007-06-30": "39.14%", "2007-03-31": "39.25%", "2006-12-31": "39.11%", "2006-09-30": "37.66%", "2006-06-30": "37.30%", "2006-03-31": "36.75%", "2005-12-31": "36.67%"}, "operating margin": {"2020-12-31": "21.06%", "2020-09-30": "21.82%", "2020-06-30": "21.30%", "2020-03-31": "20.42%", "2019-12-31": "19.28%", "2019-09-30": "19.55%", "2019-06-30": "19.48%", "2019-03-31": "19.40%", "2018-12-31": "19.08%", "2018-09-30": "19.81%", "2018-06-30": "20.02%", "2018-03-31": "19.39%", "2017-12-31": "19.41%", "2017-09-30": "18.99%", "2017-06-30": "19.42%", "2017-03-31": "21.02%", "2016-12-31": "20.73%", "2016-09-30": "20.74%", "2016-06-30": "20.65%", "2016-03-31": "19.87%", "2015-12-31": "19.85%", "2015-09-30": "19.75%", "2015-06-30": "19.45%", "2015-03-31": "19.56%", "2014-12-31": "19.44%", "2014-09-30": "19.11%", "2014-06-30": "19.05%", "2014-03-31": "19.26%", "2013-12-31": "19.50%", "2013-09-30": "19.26%", "2013-06-30": "19.02%", "2013-03-31": "18.97%", "2012-12-31": "18.65%", "2012-09-30": "18.54%", "2012-06-30": "18.02%", "2012-03-31": "18.01%", "2011-12-31": "17.90%", "2011-09-30": "17.01%", "2011-06-30": "16.80%", "2011-03-31": "17.10%", "2010-12-31": "17.18%", "2010-09-30": "17.51%", "2010-06-30": "17.78%", "2010-03-31": "17.09%", "2009-12-31": "16.38%", "2009-09-30": "16.11%", "2009-06-30": "14.92%", "2009-03-31": "14.40%", "2008-12-31": "14.07%", "2008-09-30": "13.53%", "2008-06-30": "13.96%", "2008-03-31": "14.03%", "2007-12-31": "13.78%", "2007-09-30": "13.48%", "2007-06-30": "12.92%", "2007-03-31": "12.98%", "2006-12-31": "12.95%", "2006-09-30": "12.97%", "2006-06-30": "12.68%", "2006-03-31": "12.40%", "2005-12-31": "12.26%"}, "ebitda margin": {"2020-09-30": "25.72%", "2020-06-30": "25.35%", "2020-03-31": "24.55%", "2019-12-31": "23.34%", "2019-09-30": "23.42%", "2019-06-30": "23.14%", "2019-03-31": "22.84%", "2018-12-31": "22.50%", "2018-09-30": "23.19%", "2018-06-30": "23.37%", "2018-03-31": "22.74%", "2017-12-31": "22.70%", "2017-09-30": "22.26%", "2017-06-30": "22.61%", "2017-03-31": "24.14%", "2016-12-31": "23.82%", "2016-09-30": "23.77%", "2016-06-30": "23.66%", "2016-03-31": "22.87%", "2015-12-31": "22.86%", "2015-09-30": "22.70%", "2015-06-30": "22.33%", "2015-03-31": "22.39%", "2014-12-31": "22.20%", "2014-09-30": "21.87%", "2014-06-30": "21.81%", "2014-03-31": "22.01%", "2013-12-31": "22.28%", "2013-09-30": "22.16%", "2013-06-30": "21.99%", "2013-03-31": "21.99%", "2012-12-31": "21.59%", "2012-09-30": "21.35%", "2012-06-30": "20.82%", "2012-03-31": "20.80%", "2011-12-31": "20.77%", "2011-09-30": "19.89%", "2011-06-30": "19.65%", "2011-03-31": "19.91%", "2010-12-31": "19.92%", "2010-09-30": "20.39%", "2010-06-30": "20.79%", "2010-03-31": "20.27%", "2009-12-31": "19.75%", "2009-09-30": "19.48%", "2009-06-30": "18.27%", "2009-03-31": "17.54%", "2008-12-31": "17.00%", "2008-09-30": "16.24%", "2008-06-30": "16.47%", "2008-03-31": "16.51%", "2007-12-31": "16.31%", "2007-09-30": "16.11%", "2007-06-30": "15.58%", "2007-03-31": "15.66%", "2006-12-31": "15.62%", "2006-09-30": "15.61%", "2006-06-30": "15.32%", "2006-03-31": "15.02%", "2005-12-31": "14.80%"}, "pre tax profit margin": {"2020-12-31": "19.90%", "2020-09-30": "20.55%", "2020-06-30": "19.90%", "2020-03-31": "18.94%", "2019-12-31": "17.76%", "2019-09-30": "18.01%", "2019-06-30": "17.89%", "2019-03-31": "17.75%", "2018-12-31": "17.34%", "2018-09-30": "18.08%", "2018-06-30": "18.39%", "2018-03-31": "18.03%", "2017-12-31": "18.35%", "2017-09-30": "18.25%", "2017-06-30": "18.89%", "2017-03-31": "20.53%", "2016-12-31": "20.21%", "2016-09-30": "20.20%", "2016-06-30": "20.08%", "2016-03-31": "18.76%", "2015-12-31": "18.73%", "2015-09-30": "18.63%", "2015-06-30": "18.35%", "2015-03-31": "19.02%", "2014-12-31": "18.95%", "2014-09-30": "18.56%", "2014-06-30": "18.46%", "2014-03-31": "18.48%", "2013-12-31": "18.69%", "2013-09-30": "18.48%", "2013-06-30": "18.41%", "2013-03-31": "18.67%", "2012-12-31": "18.55%", "2012-09-30": "18.64%", "2012-06-30": "18.09%", "2012-03-31": "18.08%", "2011-12-31": "18.01%", "2011-09-30": "16.75%", "2011-06-30": "16.27%", "2011-03-31": "16.37%", "2010-12-31": "16.14%", "2010-09-30": "16.59%", "2010-06-30": "16.93%", "2010-03-31": "16.23%", "2009-12-31": "15.55%", "2009-09-30": "15.15%", "2009-06-30": "13.71%", "2009-03-31": "13.06%", "2008-12-31": "12.71%", "2008-09-30": "12.13%", "2008-06-30": "12.57%", "2008-03-31": "12.44%", "2007-12-31": "11.89%", "2007-09-30": "11.40%", "2007-06-30": "10.69%", "2007-03-31": "10.75%", "2006-12-31": "10.95%", "2006-09-30": "10.91%", "2006-06-30": "10.65%", "2006-03-31": "10.41%", "2005-12-31": "10.07%"}, "net profit margin": {"2020-12-31": "16.06%", "2020-09-30": "16.44%", "2020-06-30": "15.70%", "2020-03-31": "14.97%", "2019-12-31": "14.14%", "2019-09-30": "14.35%", "2019-06-30": "14.26%", "2019-03-31": "14.03%", "2018-12-31": "13.72%", "2018-09-30": "20.27%", "2018-06-30": "20.30%", "2018-03-31": "19.72%", "2017-12-31": "19.70%", "2017-09-30": "12.31%", "2017-06-30": "12.39%", "2017-03-31": "13.58%", "2016-12-31": "13.14%", "2016-09-30": "13.20%", "2016-06-30": "13.11%", "2016-03-31": "12.12%", "2015-12-31": "12.08%", "2015-09-30": "12.05%", "2015-06-30": "12.00%", "2015-03-31": "12.59%", "2014-12-31": "12.58%", "2014-09-30": "12.29%", "2014-06-30": "12.18%", "2014-03-31": "12.20%", "2013-12-31": "12.36%", "2013-09-30": "12.07%", "2013-06-30": "11.93%", "2013-03-31": "12.03%", "2012-12-31": "11.98%", "2012-09-30": "11.71%", "2012-06-30": "11.32%", "2012-03-31": "11.54%", "2011-12-31": "11.31%", "2011-09-30": "10.99%", "2011-06-30": "10.79%", "2011-03-31": "10.59%", "2010-12-31": "10.46%", "2010-09-30": "10.64%", "2010-06-30": "10.68%", "2010-03-31": "10.14%", "2009-12-31": "9.68%", "2009-09-30": "9.42%", "2009-06-30": "8.63%", "2009-03-31": "8.24%", "2008-12-31": "8.05%", "2008-09-30": "7.76%", "2008-06-30": "8.06%", "2008-03-31": "8.01%", "2007-12-31": "7.66%", "2007-09-30": "7.48%", "2007-06-30": "7.08%", "2007-03-31": "7.14%", "2006-12-31": "7.14%", "2006-09-30": "7.08%", "2006-06-30": "7.15%", "2006-03-31": "7.11%", "2005-12-31": "7.08%"}, "pe ratio": {"current": "29.31", "2021-02-11": "32.83", "2020-12-31": "34.62", "2020-09-30": "30.15", "2020-06-30": "26.79", "2020-03-31": "23.83", "2019-12-31": "28.38", "2019-09-30": "30.37", "2019-06-30": "29.90", "2019-03-31": "29.80", "2018-12-31": "28.26", "2018-09-30": "17.49", "2018-06-30": "15.89", "2018-03-31": "15.97", "2017-12-31": "16.49", "2017-09-30": "26.62", "2017-06-30": "29.23", "2017-03-31": "25.92", "2016-12-31": "23.93", "2016-09-30": "26.00", "2016-06-30": "28.18", "2016-03-31": "27.62", "2015-12-31": "25.88", "2015-09-30": "25.81", "2015-06-30": "25.28", "2015-03-31": "25.65", "2014-12-31": "24.12", "2014-09-30": "22.34", "2014-06-30": "22.89", "2014-03-31": "22.83", "2013-12-31": "21.56", "2013-09-30": "20.03", "2013-06-30": "21.28", "2013-03-31": "22.62", "2012-12-31": "19.42", "2012-09-30": "20.58", "2012-06-30": "22.19", "2012-03-31": "19.50", "2011-12-31": "18.77", "2011-09-30": "19.09", "2011-06-30": "17.98", "2011-03-31": "18.03", "2010-12-31": "15.78", "2010-09-30": "14.46", "2010-06-30": "13.85", "2010-03-31": "15.65", "2009-12-31": "15.05", "2009-09-30": "14.61", "2009-06-30": "15.29", "2009-03-31": "15.46", "2008-12-31": "17.00", "2008-09-30": "19.92", "2008-06-30": "17.65", "2008-03-31": "17.42", "2007-12-31": "18.40", "2007-09-30": "16.66", "2007-06-30": "18.54", "2007-03-31": "19.69", "2006-12-31": "17.14"}, "price sales": {"2021-02-11": "4.26", "2020-12-31": "4.49", "2020-09-30": "4.96", "2020-06-30": "4.22", "2020-03-31": "3.58", "2019-12-31": "4.03", "2019-09-30": "4.36", "2019-06-30": "4.26", "2019-03-31": "4.18", "2018-12-31": "3.87", "2018-09-30": "3.54", "2018-06-30": "3.22", "2018-03-31": "3.16", "2017-12-31": "3.27", "2017-09-30": "3.28", "2017-06-30": "3.63", "2017-03-31": "3.51", "2016-12-31": "3.14", "2016-09-30": "3.43", "2016-06-30": "3.70", "2016-03-31": "3.35", "2015-12-31": "3.13", "2015-09-30": "3.11", "2015-06-30": "3.03", "2015-03-31": "3.24", "2014-12-31": "3.03", "2014-09-30": "2.74", "2014-06-30": "2.78", "2014-03-31": "2.77", "2013-12-31": "2.65", "2013-09-30": "2.41", "2013-06-30": "2.53", "2013-03-31": "2.72", "2012-12-31": "2.33", "2012-09-30": "2.41", "2012-06-30": "2.51", "2012-03-31": "2.24", "2011-12-31": "2.12", "2011-09-30": "2.09", "2011-06-30": "1.93", "2011-03-31": "1.90", "2010-12-31": "1.65", "2010-09-30": "1.54", "2010-06-30": "1.48", "2010-03-31": "1.59", "2009-12-31": "1.45", "2009-09-30": "1.37", "2009-06-30": "1.32", "2009-03-31": "1.28", "2008-12-31": "1.39", "2008-09-30": "1.57", "2008-06-30": "1.45", "2008-03-31": "1.42", "2007-12-31": "1.43", "2007-09-30": "1.27", "2007-06-30": "1.34", "2007-03-31": "1.44", "2006-12-31": "1.26"}, "price book": {"current": "6.82", "2021-02-11": "6.40", "2020-09-30": "7.23", "2020-06-30": "6.33", "2020-03-31": "5.55", "2019-12-31": "6.40", "2019-09-30": "7.10", "2019-06-30": "6.80", "2019-03-31": "6.87", "2018-12-31": "6.46", "2018-09-30": "6.04", "2018-06-30": "5.68", "2018-03-31": "5.54", "2017-12-31": "5.38", "2017-09-30": "5.92", "2017-06-30": "6.66", "2017-03-31": "6.16", "2016-12-31": "5.36", "2016-09-30": "5.50", "2016-06-30": "6.18", "2016-03-31": "5.77", "2015-12-31": "5.10", "2015-09-30": "5.00", "2015-06-30": "5.00", "2015-03-31": "5.41", "2014-12-31": "4.61", "2014-09-30": "4.12", "2014-06-30": "4.22", "2014-03-31": "4.03", "2013-12-31": "3.62", "2013-09-30": "3.36", "2013-06-30": "3.57", "2013-03-31": "3.82", "2012-12-31": "3.20", "2012-09-30": "3.23", "2012-06-30": "3.43", "2012-03-31": "2.99", "2011-12-31": "2.78", "2011-09-30": "2.64", "2011-06-30": "2.47", "2011-03-31": "2.50", "2010-12-31": "2.25", "2010-09-30": "2.17", "2010-06-30": "2.18", "2010-03-31": "2.41", "2009-12-31": "2.26", "2009-09-30": "2.19", "2009-06-30": "2.19", "2009-03-31": "2.22", "2008-12-31": "2.49", "2008-09-30": "2.74", "2008-06-30": "2.62", "2008-03-31": "2.66", "2007-12-31": "2.91", "2007-09-30": "2.52", "2007-06-30": "2.74", "2007-03-31": "2.99", "2006-12-31": "2.68", "2006-09-30": "2.53", "2006-06-30": "2.48", "2006-03-31": "2.66"}, "price fcf": {"2021-02-11": "", "2020-09-30": "$3.82", "2020-06-30": "$4.13", "2020-03-31": "$3.54", "2019-12-31": "$3.14", "2019-09-30": "$2.95", "2019-06-30": "$2.89", "2019-03-31": "$2.72", "2018-12-31": "$2.80", "2018-09-30": "$3.05", "2018-06-30": "$2.77", "2018-03-31": "$2.57", "2017-12-31": "$2.49", "2017-09-30": "$2.11", "2017-06-30": "$2.18", "2017-03-31": "$2.16", "2016-12-31": "$2.31", "2016-09-30": "$2.45", "2016-06-30": "$2.30", "2016-03-31": "$2.23", "2015-12-31": "$2.04", "2015-09-30": "$1.70", "2015-06-30": "$1.82", "2015-03-31": "$1.82", "2014-12-31": "$1.71", "2014-09-30": "$1.68", "2014-06-30": "$1.72", "2014-03-31": "$1.65", "2013-12-31": "$1.53", "2013-09-30": "$1.86", "2013-06-30": "$1.55", "2013-03-31": "$1.45", "2012-12-31": "$1.57", "2012-09-30": "$1.22", "2012-06-30": "$1.26", "2012-03-31": "$1.33", "2011-12-31": "$1.24", "2011-09-30": "$1.34", "2011-06-30": "$1.41", "2011-03-31": "$1.29", "2010-12-31": "$1.29", "2010-09-30": "$1.05", "2010-06-30": "$0.83", "2010-03-31": "$1.03", "2009-12-31": "$1.03", "2009-09-30": "$1.09", "2009-06-30": "$1.04", "2009-03-31": "$0.91", "2008-12-31": "$0.89", "2008-09-30": "$0.95", "2008-06-30": "$1.00", "2008-03-31": "$0.90", "2007-12-31": "$0.74", "2007-09-30": "$0.69", "2007-06-30": "$0.65", "2007-03-31": "$0.56", "2006-12-31": "$0.50"}, "net worth": {"value": "$20.61B"}, "current ratio": {"2020-12-31": "0.80", "2020-09-30": "1.49", "2020-06-30": "1.28", "2020-03-31": "1.03", "2019-12-31": "0.88", "2019-09-30": "0.80", "2019-06-30": "0.78", "2019-03-31": "0.81", "2018-12-31": "0.81", "2018-09-30": "0.94", "2018-06-30": "0.79", "2018-03-31": "0.72", "2017-12-31": "1.07", "2017-09-30": "1.05", "2017-06-30": "0.72", "2017-03-31": "0.65", "2016-12-31": "0.76", "2016-09-30": "1.02", "2016-06-30": "0.88", "2016-03-31": "0.78", "2015-12-31": "1.04", "2015-09-30": "1.09", "2015-06-30": "0.96", "2015-03-31": "0.89", "2014-12-31": "1.13", "2014-09-30": "1.08", "2014-06-30": "1.34", "2014-03-31": "1.45", "2013-12-31": "1.71", "2013-09-30": "1.66", "2013-06-30": "1.57", "2013-03-31": "1.39", "2012-12-31": "1.29", "2012-09-30": "2.20", "2012-06-30": "1.75", "2012-03-31": "1.87", "2011-12-31": "1.97", "2011-09-30": "2.03", "2011-06-30": "1.89", "2011-03-31": "1.84", "2010-12-31": "1.45", "2010-09-30": "1.90", "2010-06-30": "1.88", "2010-03-31": "1.82", "2009-12-31": "1.64", "2009-09-30": "1.63", "2009-06-30": "1.67", "2009-03-31": "1.65", "2008-12-31": "1.72", "2008-09-30": "1.68", "2008-06-30": "2.02", "2008-03-31": "1.98", "2007-12-31": "1.61", "2007-09-30": "1.49", "2007-06-30": "1.42", "2007-03-31": "1.36", "2006-12-31": "1.25", "2006-09-30": "1.27", "2006-06-30": "1.41", "2006-03-31": "1.31", "2005-12-31": "1.21", "2005-09-30": "1.39", "2005-06-30": "1.34", "2005-03-31": "1.31"}, "quick ratio": {"2020-12-31": "0.44", "2020-09-30": "0.97", "2020-06-30": "0.82", "2020-03-31": "0.81", "2019-12-31": "0.49", "2019-09-30": "0.46", "2019-06-30": "0.44", "2019-03-31": "0.45", "2018-12-31": "0.52", "2018-09-30": "0.56", "2018-06-30": "0.46", "2018-03-31": "0.43", "2017-12-31": "0.72", "2017-09-30": "0.70", "2017-06-30": "0.48", "2017-03-31": "0.41", "2016-12-31": "0.50", "2016-09-30": "0.66", "2016-06-30": "0.57", "2016-03-31": "0.49", "2015-12-31": "0.72", "2015-09-30": "0.74", "2015-06-30": "0.65", "2015-03-31": "0.64", "2014-12-31": "0.85", "2014-09-30": "0.80", "2014-06-30": "0.92", "2014-03-31": "1.05", "2013-12-31": "1.33", "2013-09-30": "1.26", "2013-06-30": "1.13", "2013-03-31": "1.00", "2012-12-31": "0.95", "2012-09-30": "1.86", "2012-06-30": "1.21", "2012-03-31": "1.35", "2011-12-31": "1.45", "2011-09-30": "1.46", "2011-06-30": "1.31", "2011-03-31": "1.25", "2010-12-31": "1.02", "2010-09-30": "1.48", "2010-06-30": "1.39", "2010-03-31": "1.39", "2009-12-31": "1.26", "2009-09-30": "1.24", "2009-06-30": "1.24", "2009-03-31": "1.21", "2008-12-31": "1.20", "2008-09-30": "1.15", "2008-06-30": "1.45", "2008-03-31": "1.37", "2007-12-31": "1.14", "2007-09-30": "1.01", "2007-06-30": "0.91", "2007-03-31": "0.85", "2006-12-31": "0.81", "2006-09-30": "0.81", "2006-06-30": "0.91", "2006-03-31": "0.85", "2005-12-31": "0.83", "2005-09-30": "0.98", "2005-06-30": "0.92", "2005-03-31": "0.88"}, "debt equity ratio": {"current": "0.60", "2020-12-31": "1.46", "2020-09-30": "1.20", "2020-06-30": "1.31", "2020-03-31": "1.66", "2019-12-31": "1.50", "2019-09-30": "1.58", "2019-06-30": "1.56", "2019-03-31": "1.39", "2018-12-31": "1.47", "2018-09-30": "1.54", "2018-06-30": "1.66", "2018-03-31": "1.77", "2017-12-31": "1.71", "2017-09-30": "2.05", "2017-06-30": "1.53", "2017-03-31": "1.32", "2016-12-31": "1.20", "2016-09-30": "1.02", "2016-06-30": "1.14", "2016-03-31": "1.24", "2015-12-31": "1.10", "2015-09-30": "1.06", "2015-06-30": "1.15", "2015-03-31": "1.28", "2014-12-31": "1.07", "2014-09-30": "1.07", "2014-06-30": "0.97", "2014-03-31": "0.93", "2013-12-31": "0.85", "2013-09-30": "0.88", "2013-06-30": "0.89", "2013-03-31": "0.95", "2012-12-31": "0.99", "2012-09-30": "0.87", "2012-06-30": "0.57", "2012-03-31": "0.54", "2011-12-31": "0.53", "2011-09-30": "0.51", "2011-06-30": "0.50", "2011-03-31": "0.51", "2010-12-31": "0.57", "2010-09-30": "0.76", "2010-06-30": "0.79", "2010-03-31": "0.87", "2009-12-31": "0.95", "2009-09-30": "1.02", "2009-06-30": "1.04", "2009-03-31": "1.09", "2008-12-31": "1.10", "2008-09-30": "1.13", "2008-06-30": "1.13", "2008-03-31": "1.18", "2007-12-31": "1.34", "2007-09-30": "1.41", "2007-06-30": "1.44", "2007-03-31": "1.56", "2006-12-31": "1.70", "2006-09-30": "1.83", "2006-06-30": "1.55", "2006-03-31": "1.67", "2005-12-31": "1.82", "2005-09-30": "1.82", "2005-06-30": "1.94", "2005-03-31": "2.10"}, "return on equity": {"2020-12-31": "26.10%", "2020-09-30": "26.68%", "2020-06-30": "26.11%", "2020-03-31": "25.16%", "2019-12-31": "23.85%", "2019-09-30": "24.32%", "2019-06-30": "24.38%", "2019-03-31": "24.65%", "2018-12-31": "24.82%", "2018-09-30": "37.25%", "2018-06-30": "38.38%", "2018-03-31": "37.74%", "2017-12-31": "37.41%", "2017-09-30": "23.23%", "2017-06-30": "22.28%", "2017-03-31": "23.76%", "2016-12-31": "22.86%", "2016-09-30": "22.69%", "2016-06-30": "22.69%", "2016-03-31": "20.89%", "2015-12-31": "20.62%", "2015-09-30": "20.32%", "2015-06-30": "20.02%", "2015-03-31": "20.65%", "2014-12-31": "19.95%", "2014-09-30": "18.78%", "2014-06-30": "18.10%", "2014-03-31": "17.75%", "2013-12-31": "18.03%", "2013-09-30": "18.02%", "2013-06-30": "17.72%", "2013-03-31": "17.68%", "2012-12-31": "17.21%", "2012-09-30": "16.42%", "2012-06-30": "15.67%", "2012-03-31": "15.77%", "2011-12-31": "15.33%", "2011-09-30": "14.80%", "2011-06-30": "14.79%", "2011-03-31": "14.90%", "2010-12-31": "15.25%", "2010-09-30": "16.20%", "2010-06-30": "16.87%", "2010-03-31": "16.58%", "2009-12-31": "16.24%", "2009-09-30": "16.37%", "2009-06-30": "15.47%", "2009-03-31": "15.37%", "2008-12-31": "15.60%", "2008-09-30": "15.42%", "2008-06-30": "16.75%", "2008-03-31": "17.18%", "2007-12-31": "16.98%", "2007-09-30": "17.11%", "2007-06-30": "16.58%", "2007-03-31": "16.89%", "2006-12-31": "17.21%", "2006-09-30": "17.11%", "2006-06-30": "17.43%", "2006-03-31": "18.06%", "2005-12-31": "18.72%"}, "return on assets": {"2020-12-31": "10.88%", "2020-09-30": "11.09%", "2020-06-30": "10.42%", "2020-03-31": "9.78%", "2019-12-31": "9.52%", "2019-09-30": "9.72%", "2019-06-30": "9.80%", "2019-03-31": "9.83%", "2018-12-31": "9.53%", "2018-09-30": "13.97%", "2018-06-30": "13.76%", "2018-03-31": "13.64%", "2017-12-31": "14.09%", "2017-09-30": "9.21%", "2017-06-30": "9.87%", "2017-03-31": "10.97%", "2016-12-31": "10.65%", "2016-09-30": "10.69%", "2016-06-30": "10.63%", "2016-03-31": "9.79%", "2015-12-31": "9.62%", "2015-09-30": "9.52%", "2015-06-30": "9.36%", "2015-03-31": "9.85%", "2014-12-31": "9.91%", "2014-09-30": "9.60%", "2014-06-30": "9.48%", "2014-03-31": "9.40%", "2013-12-31": "9.53%", "2013-09-30": "9.36%", "2013-06-30": "9.22%", "2013-03-31": "9.58%", "2012-12-31": "9.87%", "2012-09-30": "10.08%", "2012-06-30": "10.20%", "2012-03-31": "10.38%", "2011-12-31": "10.14%", "2011-09-30": "9.72%", "2011-06-30": "9.35%", "2011-03-31": "9.01%", "2010-12-31": "8.75%", "2010-09-30": "8.82%", "2010-06-30": "8.88%", "2010-03-31": "8.43%", "2009-12-31": "8.04%", "2009-09-30": "7.95%", "2009-06-30": "7.41%", "2009-03-31": "7.28%", "2008-12-31": "7.32%", "2008-09-30": "7.04%", "2008-06-30": "7.42%", "2008-03-31": "7.35%", "2007-12-31": "6.98%", "2007-09-30": "6.78%", "2007-06-30": "6.32%", "2007-03-31": "6.35%", "2006-12-31": "6.40%", "2006-09-30": "6.30%", "2006-06-30": "6.44%", "2006-03-31": "6.43%", "2005-12-31": "6.43%"}, "return on investments": {"2020-12-31": "21.37%", "2020-09-30": "21.86%", "2020-06-30": "21.39%", "2020-03-31": "20.44%", "2019-12-31": "19.46%", "2019-09-30": "20.01%", "2019-06-30": "19.95%", "2019-03-31": "20.11%", "2018-12-31": "19.67%", "2018-09-30": "19.77%", "2018-06-30": "19.77%", "2018-03-31": "20.10%", "2017-12-31": "21.33%", "2017-09-30": "22.84%", "2017-06-30": "25.34%", "2017-03-31": "27.33%", "2016-12-31": "26.76%", "2016-09-30": "26.50%", "2016-06-30": "26.47%", "2016-03-31": "25.34%", "2015-12-31": "25.07%", "2015-09-30": "24.70%", "2015-06-30": "24.23%", "2015-03-31": "24.09%", "2014-12-31": "23.39%", "2014-09-30": "22.37%", "2014-06-30": "21.77%", "2014-03-31": "21.63%", "2013-12-31": "21.93%", "2013-09-30": "22.05%", "2013-06-30": "21.55%", "2013-03-31": "21.98%", "2012-12-31": "21.94%", "2012-09-30": "22.16%", "2012-06-30": "22.23%", "2012-03-31": "21.93%", "2011-12-31": "21.59%", "2011-09-30": "20.35%", "2011-06-30": "19.77%", "2011-03-31": "19.87%", "2010-12-31": "19.82%", "2010-09-30": "20.13%", "2010-06-30": "20.65%", "2010-03-31": "19.95%", "2009-12-31": "18.98%", "2009-09-30": "18.65%", "2009-06-30": "17.30%", "2009-03-31": "17.09%", "2008-12-31": "17.15%", "2008-09-30": "16.72%", "2008-06-30": "17.79%", "2008-03-31": "17.97%", "2007-12-31": "17.72%", "2007-09-30": "17.23%", "2007-06-30": "16.22%", "2007-03-31": "16.35%", "2006-12-31": "16.55%", "2006-09-30": "16.65%", "2006-06-30": "16.60%", "2006-03-31": "16.39%", "2005-12-31": "16.26%"}, "return on tangible equity": {"2020-09-30": "-41.81%", "2020-06-30": "-35.09%", "2020-03-31": "-30.73%", "2019-12-31": "-29.03%", "2019-09-30": "-30.22%", "2019-06-30": "-31.07%", "2019-03-31": "-30.97%", "2018-12-31": "-28.41%", "2018-09-30": "-40.30%", "2018-06-30": "-38.12%", "2018-03-31": "-39.70%", "2017-12-31": "-44.66%", "2017-09-30": "-32.58%", "2017-06-30": "-45.39%", "2017-03-31": "-56.57%", "2016-12-31": "-58.12%", "2016-09-30": "-64.01%", "2016-06-30": "-64.70%", "2016-03-31": "-61.13%", "2015-12-31": "-62.98%", "2015-09-30": "-65.33%", "2015-06-30": "-66.37%", "2015-03-31": "-78.03%", "2014-12-31": "-97.19%", "2014-09-30": "-119.49%", "2014-06-30": "-152.53%", "2014-03-31": "-165.78%", "2013-12-31": "-157.06%", "2013-09-30": "-119.25%", "2013-06-30": "-190.97%", "2013-03-31": "-579.20%", "2012-12-31": "366.49%", "2012-09-30": "125.90%", "2012-06-30": "119.92%", "2012-03-31": "118.32%", "2011-12-31": "117.91%", "2011-09-30": "126.72%", "2011-06-30": "152.07%", "2011-03-31": "198.92%", "2010-12-31": "286.02%", "2010-09-30": "535.27%", "2010-06-30": "-6925.00%", "2010-03-31": "-427.87%", "2009-12-31": "-176.17%", "2009-09-30": "-110.98%", "2009-06-30": "-76.77%", "2009-03-31": "-74.26%", "2008-12-31": "-74.93%", "2008-09-30": "-73.86%", "2008-06-30": "-77.66%", "2008-03-31": "-60.08%", "2007-12-31": "-47.39%", "2007-09-30": "-38.97%", "2007-06-30": "-31.75%", "2007-03-31": "-32.60%", "2006-12-31": "-33.78%", "2006-09-30": "-34.63%", "2006-06-30": "-39.87%", "2006-03-31": "-37.34%", "2005-12-31": "-35.09%"}, "dividend yield history": {"last payout": "$0.96", "last yield": "1.16%"}}