{"ticker": "CHE", "price": {"title": "Chemed Historical Annual Stock Price Data", "value": 509.57, "historical": {"2021": {"Average Stock Price": "530.9400", "Year Open": "528.5800", "Year High": "556.0200", "Year Low": "509.5700", "Year Close": "509.5700", "Annual % Change": "-4.33%"}, "2020": {"Average Stock Price": "468.9685", "Year Open": "440.7500", "Year High": "538.8800", "Year Low": "351.5700", "Year Close": "532.6100", "Annual % Change": "21.25%"}, "2019": {"Average Stock Price": "368.4035", "Year Open": "276.6900", "Year High": "441.4100", "Year Low": "265.7900", "Year Close": "439.2600", "Annual % Change": "55.06%"}, "2018": {"Average Stock Price": "299.9064", "Year Open": "246.9800", "Year High": "333.2600", "Year Low": "246.9800", "Year Close": "283.2800", "Annual % Change": "16.57%"}, "2017": {"Average Stock Price": "199.4137", "Year Open": "162.1100", "Year High": "247.5300", "Year Low": "162.1100", "Year Close": "243.0200", "Annual % Change": "51.50%"}, "2016": {"Average Stock Price": "138.4875", "Year Open": "146.7800", "Year High": "161.0100", "Year Low": "126.0800", "Year Close": "160.4100", "Annual % Change": "7.08%"}, "2015": {"Average Stock Price": "130.8821", "Year Open": "104.9600", "Year High": "158.7400", "Year Low": "101.1400", "Year Close": "149.8000", "Annual % Change": "41.76%"}, "2014": {"Average Stock Price": "94.4600", "Year Open": "74.8800", "Year High": "110.8300", "Year Low": "73.3100", "Year Close": "105.6700", "Annual % Change": "37.91%"}, "2013": {"Average Stock Price": "73.4938", "Year Open": "70.8000", "Year High": "81.7900", "Year Low": "63.9000", "Year Close": "76.6200", "Annual % Change": "11.71%"}, "2012": {"Average Stock Price": "62.9758", "Year Open": "52.3800", "Year High": "71.5900", "Year Low": "51.1800", "Year Close": "68.5900", "Annual % Change": "33.94%"}, "2011": {"Average Stock Price": "60.8012", "Year Open": "64.0800", "Year High": "72.0200", "Year Low": "48.2400", "Year Close": "51.2100", "Annual % Change": "-19.37%"}, "2010": {"Average Stock Price": "55.3238", "Year Open": "49.3400", "Year High": "64.6600", "Year Low": "46.4100", "Year Close": "63.5100", "Annual % Change": "32.40%"}, "2009": {"Average Stock Price": "42.1425", "Year Open": "40.0600", "Year High": "48.7900", "Year Low": "34.2000", "Year Close": "47.9700", "Annual % Change": "20.62%"}, "2008": {"Average Stock Price": "41.7995", "Year Open": "54.5700", "Year High": "55.8800", "Year Low": "32.0400", "Year Close": "39.7700", "Annual % Change": "-28.83%"}, "2007": {"Average Stock Price": "55.7901", "Year Open": "38.0300", "Year High": "70.5300", "Year Low": "35.7500", "Year Close": "55.8800", "Annual % Change": "51.11%"}, "2006": {"Average Stock Price": "46.2983", "Year Open": "52.2000", "Year High": "61.2800", "Year Low": "29.9900", "Year Close": "36.9800", "Annual % Change": "-25.56%"}, "2005": {"Average Stock Price": "41.0948", "Year Open": "33.0500", "Year High": "54.0000", "Year Low": "32.5500", "Year Close": "49.6800", "Annual % Change": "48.06%"}, "2004": {"Average Stock Price": "27.2562", "Year Open": "24.4750", "Year High": "33.7200", "Year Low": "21.3550", "Year Close": "33.5550", "Annual % Change": "45.57%"}, "2003": {"Average Stock Price": "18.1897", "Year Open": "17.9600", "Year High": "25.8900", "Year Low": "15.7750", "Year Close": "23.0500", "Annual % Change": "30.41%"}, "2002": {"Average Stock Price": "17.5562", "Year Open": "16.9500", "Year High": "19.6750", "Year Low": "14.8250", "Year Close": "17.6750", "Annual % Change": "4.28%"}, "2001": {"Average Stock Price": "16.3537", "Year Open": "16.8150", "Year High": "19.5000", "Year Low": "13.3500", "Year Close": "16.9500", "Annual % Change": "0.80%"}, "2000": {"Average Stock Price": "15.2390", "Year Open": "14.0950", "Year High": "18.2800", "Year Low": "13.2500", "Year Close": "16.8150", "Annual % Change": "17.46%"}, "1999": {"Average Stock Price": "15.0894", "Year Open": "16.9050", "Year High": "16.9400", "Year Low": "12.4700", "Year Close": "14.3150", "Annual % Change": "-14.54%"}, "1998": {"Average Stock Price": "17.5829", "Year Open": "20.9050", "Year High": "21.1550", "Year Low": "12.7800", "Year Close": "16.7500", "Annual % Change": "-19.16%"}, "1997": {"Average Stock Price": "18.8204", "Year Open": "18.4400", "Year High": "21.5000", "Year Low": "15.7500", "Year Close": "20.7200", "Annual % Change": "13.53%"}, "1996": {"Average Stock Price": "18.8634", "Year Open": "19.6250", "Year High": "20.0625", "Year Low": "17.5600", "Year Close": "18.2500", "Annual % Change": "-6.12%"}, "1995": {"Average Stock Price": "17.1621", "Year Open": "16.9400", "Year High": "20.0650", "Year Low": "15.3750", "Year Close": "19.4400", "Annual % Change": "16.48%"}, "1994": {"Average Stock Price": "16.7864", "Year Open": "15.3150", "Year High": "18.0000", "Year Low": "15.3150", "Year Close": "16.6900", "Annual % Change": "9.44%"}, "1993": {"Average Stock Price": "14.8935", "Year Open": "13.6900", "Year High": "16.3750", "Year Low": "12.8750", "Year Close": "15.2500", "Annual % Change": "11.93%"}, "1992": {"Average Stock Price": "13.8642", "Year Open": "13.8750", "Year High": "16.0000", "Year Low": "12.1900", "Year Close": "13.6250", "Annual % Change": "-2.68%"}, "1991": {"Average Stock Price": "10.8615", "Year Open": "8.8750", "Year High": "14.0000", "Year Low": "8.6900", "Year Close": "14.0000", "Annual % Change": "53.42%"}, "1990": {"Average Stock Price": "13.4532", "Year Open": "17.7500", "Year High": "18.3750", "Year Low": "9.0650", "Year Close": "9.1250", "Annual % Change": "-48.59%"}, "1989": {"Average Stock Price": "17.7580", "Year Open": "16.2500", "Year High": "19.3100", "Year Low": "16.2500", "Year Close": "17.7500", "Annual % Change": "9.23%"}, "1988": {"Average Stock Price": "16.7146", "Year Open": "16.7500", "Year High": "19.0000", "Year Low": "14.8750", "Year Close": "16.2500", "Annual % Change": "-2.26%"}, "1987": {"Average Stock Price": "18.5934", "Year Open": "16.5000", "Year High": "22.0600", "Year Low": "13.1900", "Year Close": "16.6250", "Annual % Change": "0.00%"}, "1986": {"Average Stock Price": "17.5947", "Year Open": "16.6250", "Year High": "20.0000", "Year Low": "15.0600", "Year Close": "16.6250", "Annual % Change": "0.76%"}, "1985": {"Average Stock Price": "14.7788", "Year Open": "13.2500", "Year High": "16.8100", "Year Low": "12.8750", "Year Close": "16.5000", "Annual % Change": "23.97%"}, "1984": {"Average Stock Price": "14.9082", "Year Open": "18.3100", "Year High": "18.3100", "Year Low": "12.8750", "Year Close": "13.3100", "Annual % Change": "-27.07%"}, "1983": {"Average Stock Price": "17.6519", "Year Open": "16.5000", "Year High": "19.6900", "Year Low": "16.0000", "Year Close": "18.2500", "Annual % Change": "9.77%"}, "1982": {"Average Stock Price": "12.2827", "Year Open": "11.5000", "Year High": "18.0000", "Year Low": "8.6250", "Year Close": "16.6250", "Annual % Change": "49.44%"}, "1981": {"Average Stock Price": "10.6581", "Year Open": "9.5000", "Year High": "12.5000", "Year Low": "9.5000", "Year Close": "11.1250", "Annual % Change": "17.11%"}, "1980": {"Average Stock Price": "8.6939", "Year Open": "8.2500", "Year High": "9.8750", "Year Low": "7.4375", "Year Close": "9.5000", "Annual % Change": "15.15%"}, "1979": {"Average Stock Price": "8.2290", "Year Open": "8.2500", "Year High": "9.6875", "Year Low": "7.2500", "Year Close": "8.2500", "Annual % Change": "0.76%"}, "1978": {"Average Stock Price": "7.2813", "Year Open": "6.7500", "Year High": "8.5000", "Year Low": "6.5000", "Year Close": "8.1875", "Annual % Change": "19.09%"}, "1977": {"Average Stock Price": "6.2946", "Year Open": "6.2500", "Year High": "7.1250", "Year Low": "5.6250", "Year Close": "6.8750", "Annual % Change": "10.00%"}, "1976": {"Average Stock Price": "5.5840", "Year Open": "4.5000", "Year High": "6.6250", "Year Low": "4.5000", "Year Close": "6.2500", "Annual % Change": "38.89%"}, "1975": {"Average Stock Price": "3.8105", "Year Open": "2.2500", "Year High": "5.5000", "Year Low": "2.1875", "Year Close": "4.5000", "Annual % Change": "100.00%"}, "1974": {"Average Stock Price": "4.1018", "Year Open": "4.6250", "Year High": "7.0000", "Year Low": "1.5000", "Year Close": "2.2500", "Annual % Change": "-48.57%"}}}, "market cap": {"value": "$8.13B"}, "income statement": {"Revenue": {"2019-12-31": "1938.55500", "2018-12-31": "1782.64800", "2017-12-31": "1666.72400", "2016-12-31": "1576.88100", "2015-12-31": "1543.38800", "2014-12-31": "1456.28200", "2013-12-31": "1413.32900", "2012-12-31": "1430.04300", "2011-12-31": "1355.97000", "2010-12-31": "1280.54500", "2009-12-31": "1190.23600", "2008-12-31": "1148.94100", "2007-12-31": "1100.05800", "2006-12-31": "1018.58700", "2005-12-31": "915.97000"}, "Cost Of Goods Sold": {"2019-12-31": "1321.12600", "2018-12-31": "1227.64400", "2017-12-31": "1150.53200", "2016-12-31": "1115.43100", "2015-12-31": "1087.61000", "2014-12-31": "1034.67300", "2013-12-31": "1008.80800", "2012-12-31": "1033.32100", "2011-12-31": "970.48400", "2010-12-31": "906.01600", "2009-12-31": "834.57400", "2008-12-31": "810.54700", "2007-12-31": "767.06600", "2006-12-31": "730.12300", "2005-12-31": "644.47600"}, "Gross Profit": {"2019-12-31": "617.42910", "2018-12-31": "555.00390", "2017-12-31": "516.19200", "2016-12-31": "461.45000", "2015-12-31": "455.77800", "2014-12-31": "421.60900", "2013-12-31": "404.52100", "2012-12-31": "396.72190", "2011-12-31": "385.48600", "2010-12-31": "374.52910", "2009-12-31": "355.66200", "2008-12-31": "338.39400", "2007-12-31": "332.99200", "2006-12-31": "288.46400", "2005-12-31": "271.49400"}, "Research And Development Expenses": {"2019-12-31": "", "2018-12-31": "", "2017-12-31": "", "2016-12-31": "", "2015-12-31": "", "2014-12-31": "", "2013-12-31": "", "2012-12-31": "", "2011-12-31": "", "2010-12-31": "", "2009-12-31": "", "2008-12-31": "", "2007-12-31": "", "2006-12-31": "", "2005-12-31": ""}, "SG&A Expenses": {"2019-12-31": "305.71200", "2018-12-31": "271.20900", "2017-12-31": "276.65200", "2016-12-31": "243.57200", "2015-12-31": "237.82100", "2014-12-31": "222.58900", "2013-12-31": "215.56400", "2012-12-31": "208.65600", "2011-12-31": "202.26000", "2010-12-31": "201.96400", "2009-12-31": "197.42600", "2008-12-31": "175.33300", "2007-12-31": "184.06000", "2006-12-31": "161.18300", "2005-12-31": "157.26200"}, "Other Operating Income Or Expenses": {"2019-12-31": "-9.13200", "2018-12-31": "-1.30000", "2017-12-31": "-90.88000", "2016-12-31": "-4.49100", "2015-12-31": "", "2014-12-31": "", "2013-12-31": "-26.22100", "2012-12-31": "-1.12600", "2011-12-31": "0.00000", "2010-12-31": "", "2009-12-31": "-3.98900", "2008-12-31": "-2.69900", "2007-12-31": "-0.78900", "2006-12-31": "-0.27200", "2005-12-31": "-16.39100"}, "Operating Expenses": {"2019-12-31": "1681.17500", "2018-12-31": "1539.01600", "2017-12-31": "1553.68900", "2016-12-31": "1398.13200", "2015-12-31": "1358.93000", "2014-12-31": "1287.86300", "2013-12-31": "1279.93500", "2012-12-31": "1273.62400", "2011-12-31": "1202.24300", "2010-12-31": "1137.02300", "2009-12-31": "1063.89100", "2008-12-31": "1016.08400", "2007-12-31": "977.30300", "2006-12-31": "913.60790", "2005-12-31": "839.20100"}, "Operating Income": {"2019-12-31": "257.38010", "2018-12-31": "243.63180", "2017-12-31": "113.03500", "2016-12-31": "178.74890", "2015-12-31": "184.45790", "2014-12-31": "168.41910", "2013-12-31": "133.39400", "2012-12-31": "156.41890", "2011-12-31": "153.72690", "2010-12-31": "143.52210", "2009-12-31": "126.34500", "2008-12-31": "132.85710", "2007-12-31": "122.75500", "2006-12-31": "104.97910", "2005-12-31": "76.76890"}, "Total Non-Operating Income/Expense": {"2019-12-31": "4.22900", "2018-12-31": "-4.03200", "2017-12-31": "3.88200", "2016-12-31": "-1.69500", "2015-12-31": "-4.33200", "2014-12-31": "-5.66500", "2013-12-31": "-9.56500", "2012-12-31": "-10.60000", "2011-12-31": "-13.17100", "2010-12-31": "-9.69100", "2009-12-31": "-5.72500", "2008-12-31": "-17.45300", "2007-12-31": "-24.59400", "2006-12-31": "-14.69500", "2005-12-31": "-22.11300"}, "Pre-Tax Income": {"2019-12-31": "261.60900", "2018-12-31": "239.60000", "2017-12-31": "116.91700", "2016-12-31": "177.05400", "2015-12-31": "180.12600", "2014-12-31": "162.75400", "2013-12-31": "123.82900", "2012-12-31": "145.81900", "2011-12-31": "140.55600", "2010-12-31": "133.83100", "2009-12-31": "120.62000", "2008-12-31": "115.40400", "2007-12-31": "98.16100", "2006-12-31": "90.28400", "2005-12-31": "54.65600"}, "Income Taxes": {"2019-12-31": "41.68600", "2018-12-31": "34.05600", "2017-12-31": "18.74000", "2016-12-31": "68.31100", "2015-12-31": "69.85200", "2014-12-31": "63.43700", "2013-12-31": "46.60200", "2012-12-31": "56.51500", "2011-12-31": "54.57700", "2010-12-31": "52.00000", "2009-12-31": "46.58300", "2008-12-31": "47.03500", "2007-12-31": "37.72100", "2006-12-31": "32.56200", "2005-12-31": "18.42800"}, "Income After Taxes": {"2019-12-31": "219.92300", "2018-12-31": "205.54400", "2017-12-31": "98.17700", "2016-12-31": "108.74300", "2015-12-31": "110.27400", "2014-12-31": "99.31700", "2013-12-31": "77.22700", "2012-12-31": "89.30400", "2011-12-31": "85.97900", "2010-12-31": "81.83100", "2009-12-31": "74.03700", "2008-12-31": "68.36900", "2007-12-31": "60.44000", "2006-12-31": "57.72200", "2005-12-31": "36.22800"}, "Other Income": {"2019-12-31": "", "2018-12-31": "", "2017-12-31": "", "2016-12-31": "", "2015-12-31": "", "2014-12-31": "", "2013-12-31": "", "2012-12-31": "", "2011-12-31": "", "2010-12-31": "", "2009-12-31": "", "2008-12-31": "", "2007-12-31": "", "2006-12-31": "", "2005-12-31": ""}, "Income From Continuous Operations": {"2019-12-31": "219.92300", "2018-12-31": "205.54400", "2017-12-31": "98.17700", "2016-12-31": "108.74300", "2015-12-31": "110.27400", "2014-12-31": "99.31700", "2013-12-31": "77.22700", "2012-12-31": "89.30400", "2011-12-31": "85.97900", "2010-12-31": "81.83100", "2009-12-31": "74.03700", "2008-12-31": "68.36900", "2007-12-31": "60.44000", "2006-12-31": "57.72200", "2005-12-31": "36.22800"}, "Income From Discontinued Operations": {"2019-12-31": "", "2018-12-31": "", "2017-12-31": "", "2016-12-31": "", "2015-12-31": "", "2014-12-31": "", "2013-12-31": "", "2012-12-31": "", "2011-12-31": "", "2010-12-31": "", "2009-12-31": "-0.25300", "2008-12-31": "-1.08800", "2007-12-31": "1.20100", "2006-12-31": "-7.07100", "2005-12-31": "-0.41100"}, "Net Income": {"2019-12-31": "219.92300", "2018-12-31": "205.54400", "2017-12-31": "98.17700", "2016-12-31": "108.74300", "2015-12-31": "110.27400", "2014-12-31": "99.31700", "2013-12-31": "77.22700", "2012-12-31": "89.30400", "2011-12-31": "85.97900", "2010-12-31": "81.83100", "2009-12-31": "73.78400", "2008-12-31": "67.28100", "2007-12-31": "61.64100", "2006-12-31": "50.65100", "2005-12-31": "35.81700"}, "EBITDA": {"2019-12-31": "302.89110", "2018-12-31": "283.38180", "2017-12-31": "150.40700", "2016-12-31": "215.76090", "2015-12-31": "220.58690", "2014-12-31": "205.70910", "2013-12-31": "176.20700", "2012-12-31": "196.31090", "2011-12-31": "191.93890", "2010-12-31": "180.30010", "2009-12-31": "161.49600", "2008-12-31": "167.54010", "2007-12-31": "153.00600", "2006-12-31": "128.78310", "2005-12-31": "99.67490"}, "EBIT": {"2019-12-31": "257.38010", "2018-12-31": "243.63180", "2017-12-31": "113.03500", "2016-12-31": "178.74890", "2015-12-31": "184.45790", "2014-12-31": "168.41910", "2013-12-31": "133.39400", "2012-12-31": "156.41890", "2011-12-31": "153.72690", "2010-12-31": "143.52210", "2009-12-31": "126.34500", "2008-12-31": "132.85710", "2007-12-31": "122.75500", "2006-12-31": "104.97910", "2005-12-31": "76.76890"}, "Basic Shares Outstanding": {"2019-12-31": "15.96900", "2018-12-31": "16.05900", "2017-12-31": "16.05700", "2016-12-31": "16.38300", "2015-12-31": "16.87000", "2014-12-31": "17.16500", "2013-12-31": "18.19900", "2012-12-31": "18.92400", "2011-12-31": "20.52300", "2010-12-31": "22.58700", "2009-12-31": "22.45100", "2008-12-31": "23.05800", "2007-12-31": "24.52000", "2006-12-31": "26.11800", "2005-12-31": "25.55200"}, "Shares Outstanding": {"2019-12-31": "16.52700", "2018-12-31": "16.80300", "2017-12-31": "16.74200", "2016-12-31": "16.78900", "2015-12-31": "17.42200", "2014-12-31": "17.84000", "2013-12-31": "18.58500", "2012-12-31": "19.33900", "2011-12-31": "20.94500", "2010-12-31": "23.03100", "2009-12-31": "22.74200", "2008-12-31": "23.37400", "2007-12-31": "25.07700", "2006-12-31": "26.66900", "2005-12-31": "26.29900"}, "Basic EPS": {"2019-12-31": "13.77000", "2018-12-31": "12.80000", "2017-12-31": "6.11000", "2016-12-31": "6.64000", "2015-12-31": "6.54000", "2014-12-31": "5.79000", "2013-12-31": "4.24000", "2012-12-31": "4.72000", "2011-12-31": "4.19000", "2010-12-31": "3.62000", "2009-12-31": "3.29000", "2008-12-31": "2.92000", "2007-12-31": "2.51000", "2006-12-31": "1.94000", "2005-12-31": "1.40000"}, "EPS - Earnings Per Share": {"2019-12-31": "13.31000", "2018-12-31": "12.23000", "2017-12-31": "5.86000", "2016-12-31": "6.48000", "2015-12-31": "6.33000", "2014-12-31": "5.57000", "2013-12-31": "4.16000", "2012-12-31": "4.62000", "2011-12-31": "4.10000", "2010-12-31": "3.55000", "2009-12-31": "3.24000", "2008-12-31": "2.88000", "2007-12-31": "2.46000", "2006-12-31": "1.90000", "2005-12-31": "1.36000"}}, "income statement, quarterly": {"Revenue": {"2020-09-30": "528.29700", "2020-06-30": "502.19900", "2020-03-31": "515.79800", "2019-12-31": "522.32400", "2019-09-30": "480.61300", "2019-06-30": "473.58400", "2019-03-31": "462.03400", "2018-12-31": "457.50800", "2018-09-30": "444.15100", "2018-06-30": "441.81300", "2018-03-31": "439.17600", "2017-12-31": "428.35710", "2017-09-30": "417.44400", "2017-06-30": "415.05900", "2017-03-31": "405.86400", "2016-12-31": "403.47590", "2016-09-30": "392.60700", "2016-06-30": "390.40900", "2016-03-31": "390.38900", "2015-12-31": "398.58880", "2015-09-30": "386.22600", "2015-06-30": "381.92100", "2015-03-31": "376.65200", "2014-12-31": "379.41090", "2014-09-30": "358.38900", "2014-06-30": "360.18200", "2014-03-31": "358.30000", "2013-12-31": "348.60400", "2013-09-30": "340.88600", "2013-06-30": "357.19800", "2013-03-31": "366.64100", "2012-12-31": "368.57690", "2012-09-30": "354.35300", "2012-06-30": "354.17000", "2012-03-31": "352.94300", "2011-12-31": "350.25300", "2011-09-30": "341.43900", "2011-06-30": "333.36000", "2011-03-31": "330.91800", "2010-12-31": "336.28610", "2010-09-30": "320.45100", "2010-06-30": "314.99500", "2010-03-31": "308.81300", "2009-12-31": "303.24900", "2009-09-30": "296.79400", "2009-06-30": "295.25500", "2009-03-31": "294.93800", "2008-12-31": "292.20500", "2008-09-30": "288.31200", "2008-06-30": "283.15600", "2008-03-31": "285.26800", "2007-12-31": "285.72900", "2007-09-30": "272.50300", "2007-06-30": "271.38700", "2007-03-31": "270.43900", "2006-12-31": "271.90300", "2006-09-30": "253.69500", "2006-06-30": "249.06800", "2006-03-31": "243.92100", "2005-12-31": "237.69600", "2005-09-30": "233.32800", "2005-06-30": "226.30900", "2005-03-31": "218.63700"}, "Cost Of Goods Sold": {"2020-09-30": "339.24000", "2020-06-30": "352.16300", "2020-03-31": "351.74500", "2019-12-31": "347.35500", "2019-09-30": "328.18300", "2019-06-30": "323.63700", "2019-03-31": "321.95100", "2018-12-31": "312.05510", "2018-09-30": "305.31200", "2018-06-30": "305.74100", "2018-03-31": "304.53600", "2017-12-31": "291.49300", "2017-09-30": "288.04700", "2017-06-30": "285.85200", "2017-03-31": "285.14000", "2016-12-31": "279.08310", "2016-09-30": "281.65800", "2016-06-30": "276.25500", "2016-03-31": "278.43500", "2015-12-31": "275.97300", "2015-09-30": "272.08900", "2015-06-30": "270.66300", "2015-03-31": "268.88500", "2014-12-31": "263.40190", "2014-09-30": "256.44500", "2014-06-30": "257.00700", "2014-03-31": "257.81900", "2013-12-31": "245.95790", "2013-09-30": "243.18400", "2013-06-30": "255.35900", "2013-03-31": "264.30700", "2012-12-31": "261.89800", "2012-09-30": "256.61000", "2012-06-30": "257.36800", "2012-03-31": "257.44500", "2011-12-31": "248.36600", "2011-09-30": "245.06300", "2011-06-30": "239.59700", "2011-03-31": "237.45800", "2010-12-31": "235.26200", "2010-09-30": "227.91500", "2010-06-30": "223.70200", "2010-03-31": "219.13700", "2009-12-31": "211.33600", "2009-09-30": "208.88800", "2009-06-30": "207.33700", "2009-03-31": "207.01300", "2008-12-31": "201.15000", "2008-09-30": "202.44600", "2008-06-30": "201.13900", "2008-03-31": "205.81200", "2007-12-31": "197.22100", "2007-09-30": "192.88200", "2007-06-30": "188.71600", "2007-03-31": "188.24700", "2006-12-31": "189.58600", "2006-09-30": "185.39900", "2006-06-30": "179.10300", "2006-03-31": "176.03500", "2005-12-31": "165.17500", "2005-09-30": "165.22900", "2005-06-30": "161.12000", "2005-03-31": "152.95200"}, "Gross Profit": {"2020-09-30": "189.05700", "2020-06-30": "150.03600", "2020-03-31": "164.05300", "2019-12-31": "174.96900", "2019-09-30": "152.43000", "2019-06-30": "149.94700", "2019-03-31": "140.08300", "2018-12-31": "145.45290", "2018-09-30": "138.83900", "2018-06-30": "136.07200", "2018-03-31": "134.64000", "2017-12-31": "136.86410", "2017-09-30": "129.39700", "2017-06-30": "129.20700", "2017-03-31": "120.72400", "2016-12-31": "124.39290", "2016-09-30": "110.94900", "2016-06-30": "114.15400", "2016-03-31": "111.95400", "2015-12-31": "122.61580", "2015-09-30": "114.13700", "2015-06-30": "111.25800", "2015-03-31": "107.76700", "2014-12-31": "116.00900", "2014-09-30": "101.94400", "2014-06-30": "103.17500", "2014-03-31": "100.48100", "2013-12-31": "102.64610", "2013-09-30": "97.70200", "2013-06-30": "101.83900", "2013-03-31": "102.33400", "2012-12-31": "106.67890", "2012-09-30": "97.74300", "2012-06-30": "96.80200", "2012-03-31": "95.49800", "2011-12-31": "101.88700", "2011-09-30": "96.37600", "2011-06-30": "93.76300", "2011-03-31": "93.46000", "2010-12-31": "101.02400", "2010-09-30": "92.53600", "2010-06-30": "91.29300", "2010-03-31": "89.67600", "2009-12-31": "91.91300", "2009-09-30": "87.90600", "2009-06-30": "87.91800", "2009-03-31": "87.92500", "2008-12-31": "91.05500", "2008-09-30": "85.86600", "2008-06-30": "82.01700", "2008-03-31": "79.45600", "2007-12-31": "88.50800", "2007-09-30": "79.62100", "2007-06-30": "82.67100", "2007-03-31": "82.19200", "2006-12-31": "82.31700", "2006-09-30": "68.29600", "2006-06-30": "69.96500", "2006-03-31": "67.88600", "2005-12-31": "72.52090", "2005-09-30": "68.09900", "2005-06-30": "65.18900", "2005-03-31": "65.68500"}, "Research And Development Expenses": {"2020-09-30": "", "2020-06-30": "", "2020-03-31": "", "2019-12-31": "", "2019-09-30": "", "2019-06-30": "", "2019-03-31": "", "2018-12-31": "", "2018-09-30": "", "2018-06-30": "", "2018-03-31": "", "2017-12-31": "", "2017-09-30": "", "2017-06-30": "", "2017-03-31": "", "2016-12-31": "", "2016-09-30": "", "2016-06-30": "", "2016-03-31": "", "2015-12-31": "", "2015-09-30": "", "2015-06-30": "", "2015-03-31": "", "2014-12-31": "", "2014-09-30": "", "2014-06-30": "", "2014-03-31": "", "2013-12-31": "", "2013-09-30": "", "2013-06-30": "", "2013-03-31": "", "2012-12-31": "", "2012-09-30": "", "2012-06-30": "", "2012-03-31": "", "2011-12-31": "", "2011-09-30": "", "2011-06-30": "", "2011-03-31": "", "2010-12-31": "", "2010-09-30": "", "2010-06-30": "", "2010-03-31": "", "2009-12-31": "", "2009-09-30": "", "2009-06-30": "", "2009-03-31": "", "2008-12-31": "", "2008-09-30": "", "2008-06-30": "", "2008-03-31": "", "2007-12-31": "", "2007-09-30": "", "2007-06-30": "", "2007-03-31": "", "2006-12-31": "", "2006-09-30": "", "2006-06-30": "", "2006-03-31": "", "2005-12-31": "", "2005-09-30": "", "2005-06-30": "", "2005-03-31": ""}, "SG&A Expenses": {"2020-09-30": "88.31700", "2020-06-30": "84.51300", "2020-03-31": "70.58300", "2019-12-31": "83.29100", "2019-09-30": "76.83600", "2019-06-30": "71.55600", "2019-03-31": "74.02900", "2018-12-31": "66.73500", "2018-09-30": "67.17700", "2018-06-30": "68.29700", "2018-03-31": "69.00000", "2017-12-31": "71.62100", "2017-09-30": "66.91900", "2017-06-30": "68.65400", "2017-03-31": "69.45800", "2016-12-31": "62.52600", "2016-09-30": "59.37300", "2016-06-30": "62.62800", "2016-03-31": "59.04500", "2015-12-31": "64.55400", "2015-09-30": "55.78800", "2015-06-30": "58.44200", "2015-03-31": "59.03700", "2014-12-31": "59.70300", "2014-09-30": "53.56600", "2014-06-30": "53.64900", "2014-03-31": "55.67100", "2013-12-31": "58.02700", "2013-09-30": "48.87000", "2013-06-30": "53.10700", "2013-03-31": "55.56000", "2012-12-31": "52.76400", "2012-09-30": "52.95500", "2012-06-30": "49.77000", "2012-03-31": "53.16700", "2011-12-31": "48.56400", "2011-09-30": "47.61800", "2011-06-30": "50.42400", "2011-03-31": "55.65400", "2010-12-31": "55.27000", "2010-09-30": "48.20000", "2010-06-30": "49.95600", "2010-03-31": "48.53800", "2009-12-31": "53.90500", "2009-09-30": "48.14800", "2009-06-30": "49.58000", "2009-03-31": "45.79300", "2008-12-31": "42.26300", "2008-09-30": "44.02200", "2008-06-30": "46.32100", "2008-03-31": "42.72700", "2007-12-31": "47.37400", "2007-09-30": "42.52600", "2007-06-30": "46.09000", "2007-03-31": "48.07000", "2006-12-31": "44.96900", "2006-09-30": "39.13900", "2006-06-30": "38.62100", "2006-03-31": "38.45400", "2005-12-31": "42.95200", "2005-09-30": "38.42300", "2005-06-30": "37.96800", "2005-03-31": "37.91900"}, "Other Operating Income Or Expenses": {"2020-09-30": "-12.20700", "2020-06-30": "41.38400", "2020-03-31": "-0.24200", "2019-12-31": "-0.13100", "2019-09-30": "-0.07800", "2019-06-30": "-2.57000", "2019-03-31": "-6.35300", "2018-12-31": "-1.21200", "2018-09-30": "-0.25700", "2018-06-30": "0.11800", "2018-03-31": "0.05100", "2017-12-31": "0.25800", "2017-09-30": "0.37100", "2017-06-30": "-90.63600", "2017-03-31": "-0.87300", "2016-12-31": "", "2016-09-30": "", "2016-06-30": "-4.49100", "2016-03-31": "", "2015-12-31": "", "2015-09-30": "", "2015-06-30": "", "2015-03-31": "", "2014-12-31": "", "2014-09-30": "", "2014-06-30": "", "2014-03-31": "", "2013-12-31": "", "2013-09-30": "-11.46100", "2013-06-30": "-14.76000", "2013-03-31": "", "2012-12-31": "", "2012-09-30": "-1.12600", "2012-06-30": "0.00000", "2012-03-31": "", "2011-12-31": "", "2011-09-30": "", "2011-06-30": "", "2011-03-31": "", "2010-12-31": "", "2010-09-30": "", "2010-06-30": "", "2010-03-31": "", "2009-12-31": "0.00000", "2009-09-30": "", "2009-06-30": "-3.44400", "2009-03-31": "-0.54500", "2008-12-31": "", "2008-09-30": "", "2008-06-30": "", "2008-03-31": "", "2007-12-31": "-1.92700", "2007-09-30": "", "2007-06-30": "", "2007-03-31": "1.13800", "2006-12-31": "", "2006-09-30": "-0.27200", "2006-06-30": "", "2006-03-31": "", "2005-12-31": "-16.52100", "2005-09-30": "0.13000", "2005-06-30": "", "2005-03-31": ""}, "Operating Expenses": {"2020-09-30": "453.98900", "2020-06-30": "409.43900", "2020-03-31": "436.43500", "2019-12-31": "444.87190", "2019-09-30": "415.68500", "2019-06-30": "408.05600", "2019-03-31": "412.56200", "2018-12-31": "390.12710", "2018-09-30": "382.43800", "2018-06-30": "383.67200", "2018-03-31": "382.77900", "2017-12-31": "371.82500", "2017-09-30": "363.44700", "2017-06-30": "454.00700", "2017-03-31": "364.41000", "2016-12-31": "350.35410", "2016-09-30": "349.73600", "2016-06-30": "352.04600", "2016-03-31": "345.99600", "2015-12-31": "349.43010", "2015-09-30": "336.09800", "2015-06-30": "337.32100", "2015-03-31": "336.08100", "2014-12-31": "329.37400", "2014-09-30": "318.17800", "2014-06-30": "318.66300", "2014-03-31": "321.64800", "2013-12-31": "309.16390", "2013-09-30": "311.67600", "2013-06-30": "331.30600", "2013-03-31": "327.78900", "2012-12-31": "322.63010", "2012-09-30": "318.38300", "2012-06-30": "314.64500", "2012-03-31": "317.96600", "2011-12-31": "304.22700", "2011-09-30": "300.12800", "2011-06-30": "297.51800", "2011-03-31": "300.37000", "2010-12-31": "297.82000", "2010-09-30": "283.69600", "2010-06-30": "281.13900", "2010-03-31": "274.36800", "2009-12-31": "272.35400", "2009-09-30": "264.00800", "2009-06-30": "267.31700", "2009-03-31": "260.21200", "2008-12-31": "252.93500", "2008-09-30": "253.40300", "2008-06-30": "254.31900", "2008-03-31": "255.42700", "2007-12-31": "253.11200", "2007-09-30": "241.92000", "2007-06-30": "241.06200", "2007-03-31": "241.20900", "2006-12-31": "240.23190", "2006-09-30": "230.33600", "2006-06-30": "223.12300", "2006-03-31": "219.91700", "2005-12-31": "230.11500", "2005-09-30": "208.85600", "2005-06-30": "204.24700", "2005-03-31": "195.98300"}, "Operating Income": {"2020-09-30": "74.30800", "2020-06-30": "92.76000", "2020-03-31": "79.36300", "2019-12-31": "77.45220", "2019-09-30": "64.92800", "2019-06-30": "65.52800", "2019-03-31": "49.47200", "2018-12-31": "67.38090", "2018-09-30": "61.71300", "2018-06-30": "58.14100", "2018-03-31": "56.39700", "2017-12-31": "56.53210", "2017-09-30": "53.99700", "2017-06-30": "-38.94800", "2017-03-31": "41.45400", "2016-12-31": "53.12180", "2016-09-30": "42.87100", "2016-06-30": "38.36300", "2016-03-31": "44.39300", "2015-12-31": "49.15880", "2015-09-30": "50.12800", "2015-06-30": "44.60000", "2015-03-31": "40.57100", "2014-12-31": "50.03700", "2014-09-30": "40.21100", "2014-06-30": "41.51900", "2014-03-31": "36.65200", "2013-12-31": "39.44010", "2013-09-30": "29.21000", "2013-06-30": "25.89200", "2013-03-31": "38.85200", "2012-12-31": "45.94680", "2012-09-30": "35.97000", "2012-06-30": "39.52500", "2012-03-31": "34.97700", "2011-12-31": "46.02600", "2011-09-30": "41.31100", "2011-06-30": "35.84200", "2011-03-31": "30.54800", "2010-12-31": "38.46610", "2010-09-30": "36.75500", "2010-06-30": "33.85600", "2010-03-31": "34.44500", "2009-12-31": "30.89490", "2009-09-30": "32.78600", "2009-06-30": "27.93800", "2009-03-31": "34.72600", "2008-12-31": "39.27010", "2008-09-30": "34.90900", "2008-06-30": "28.83700", "2008-03-31": "29.84100", "2007-12-31": "32.61700", "2007-09-30": "30.58300", "2007-06-30": "30.32500", "2007-03-31": "29.23000", "2006-12-31": "31.67100", "2006-09-30": "23.35900", "2006-06-30": "25.94500", "2006-03-31": "24.00400", "2005-12-31": "7.58090", "2005-09-30": "24.47200", "2005-06-30": "22.06200", "2005-03-31": "22.65400"}, "Total Non-Operating Income/Expense": {"2020-09-30": "7.29600", "2020-06-30": "6.86300", "2020-03-31": "-10.44100", "2019-12-31": "2.14300", "2019-09-30": "1.99500", "2019-06-30": "-1.22400", "2019-03-31": "1.31500", "2018-12-31": "-4.57500", "2018-09-30": "1.21800", "2018-06-30": "-0.48600", "2018-03-31": "-0.18900", "2017-12-31": "1.60700", "2017-09-30": "0.27500", "2017-06-30": "0.53200", "2017-03-31": "1.46800", "2016-12-31": "-0.79700", "2016-09-30": "0.62200", "2016-06-30": "2.24600", "2016-03-31": "-3.76600", "2015-12-31": "-0.23000", "2015-09-30": "-3.26300", "2015-06-30": "-0.43300", "2015-03-31": "-0.40600", "2014-12-31": "-0.71800", "2014-09-30": "-0.27500", "2014-06-30": "-1.67300", "2014-03-31": "-2.99900", "2013-12-31": "-1.58600", "2013-09-30": "-3.59000", "2013-06-30": "-2.00100", "2013-03-31": "-2.38800", "2012-12-31": "-2.53300", "2012-09-30": "-1.90300", "2012-06-30": "-4.64200", "2012-03-31": "-1.52200", "2011-12-31": "-3.79200", "2011-09-30": "-5.49000", "2011-06-30": "-2.74700", "2011-03-31": "-1.14200", "2010-12-31": "-1.16300", "2010-09-30": "-2.77300", "2010-06-30": "-2.98900", "2010-03-31": "-2.76600", "2009-12-31": "-1.70100", "2009-09-30": "-1.12000", "2009-06-30": "0.21600", "2009-03-31": "-3.12000", "2008-12-31": "-6.02900", "2008-09-30": "-5.04800", "2008-06-30": "-2.07800", "2008-03-31": "-4.29800", "2007-12-31": "-4.20700", "2007-09-30": "-2.58700", "2007-06-30": "-14.92700", "2007-03-31": "-2.87300", "2006-12-31": "-1.82800", "2006-09-30": "-4.81100", "2006-06-30": "-3.77600", "2006-03-31": "-4.28000", "2005-12-31": "-4.76500", "2005-09-30": "-3.83000", "2005-06-30": "-4.43900", "2005-03-31": "-9.07900"}, "Pre-Tax Income": {"2020-09-30": "81.60400", "2020-06-30": "99.62300", "2020-03-31": "68.92200", "2019-12-31": "79.59500", "2019-09-30": "66.92300", "2019-06-30": "64.30400", "2019-03-31": "50.78700", "2018-12-31": "62.80600", "2018-09-30": "62.93100", "2018-06-30": "57.65500", "2018-03-31": "56.20800", "2017-12-31": "58.13900", "2017-09-30": "54.27200", "2017-06-30": "-38.41600", "2017-03-31": "42.92200", "2016-12-31": "52.32500", "2016-09-30": "43.49300", "2016-06-30": "40.60900", "2016-03-31": "40.62700", "2015-12-31": "48.92900", "2015-09-30": "46.86500", "2015-06-30": "44.16700", "2015-03-31": "40.16500", "2014-12-31": "49.31900", "2014-09-30": "39.93600", "2014-06-30": "39.84600", "2014-03-31": "33.65300", "2013-12-31": "37.85400", "2013-09-30": "25.62000", "2013-06-30": "23.89100", "2013-03-31": "36.46400", "2012-12-31": "43.41400", "2012-09-30": "34.06700", "2012-06-30": "34.88300", "2012-03-31": "33.45500", "2011-12-31": "42.23400", "2011-09-30": "35.82100", "2011-06-30": "33.09500", "2011-03-31": "29.40600", "2010-12-31": "37.30300", "2010-09-30": "33.98200", "2010-06-30": "30.86700", "2010-03-31": "31.67900", "2009-12-31": "29.19400", "2009-09-30": "31.66600", "2009-06-30": "28.15400", "2009-03-31": "31.60600", "2008-12-31": "33.24100", "2008-09-30": "29.86100", "2008-06-30": "26.75900", "2008-03-31": "25.54300", "2007-12-31": "28.41000", "2007-09-30": "27.99600", "2007-06-30": "15.39800", "2007-03-31": "26.35700", "2006-12-31": "29.84300", "2006-09-30": "18.54800", "2006-06-30": "22.16900", "2006-03-31": "19.72400", "2005-12-31": "2.81600", "2005-09-30": "20.64200", "2005-06-30": "17.62300", "2005-03-31": "13.57500"}, "Income Taxes": {"2020-09-30": "13.88200", "2020-06-30": "17.52200", "2020-03-31": "13.03100", "2019-12-31": "14.01500", "2019-09-30": "7.97600", "2019-06-30": "13.57500", "2019-03-31": "6.12000", "2018-12-31": "8.47800", "2018-09-30": "11.68200", "2018-06-30": "2.68400", "2018-03-31": "11.21200", "2017-12-31": "3.58700", "2017-09-30": "18.83500", "2017-06-30": "-16.76000", "2017-03-31": "13.07800", "2016-12-31": "20.13600", "2016-09-30": "16.66400", "2016-06-30": "15.72400", "2016-03-31": "15.78700", "2015-12-31": "19.00000", "2015-09-30": "18.03200", "2015-06-30": "17.19200", "2015-03-31": "15.62800", "2014-12-31": "19.52400", "2014-09-30": "15.35100", "2014-06-30": "15.48300", "2014-03-31": "13.07900", "2013-12-31": "14.94500", "2013-09-30": "8.18800", "2013-06-30": "9.28300", "2013-03-31": "14.18600", "2012-12-31": "16.67400", "2012-09-30": "13.22200", "2012-06-30": "13.60900", "2012-03-31": "13.01000", "2011-12-31": "16.52900", "2011-09-30": "13.93400", "2011-06-30": "12.80900", "2011-03-31": "11.30500", "2010-12-31": "14.67300", "2010-09-30": "12.99400", "2010-06-30": "12.01200", "2010-03-31": "12.32100", "2009-12-31": "10.95600", "2009-09-30": "12.45600", "2009-06-30": "10.90400", "2009-03-31": "12.26700", "2008-12-31": "13.95400", "2008-09-30": "12.91000", "2008-06-30": "10.48800", "2008-03-31": "9.68300", "2007-12-31": "10.54000", "2007-09-30": "11.08000", "2007-06-30": "5.96500", "2007-03-31": "10.13600", "2006-12-31": "10.58400", "2006-09-30": "5.67300", "2006-06-30": "8.61900", "2006-03-31": "7.68600", "2005-12-31": "0.23600", "2005-09-30": "6.01000", "2005-06-30": "6.51200", "2005-03-31": "5.67000"}, "Income After Taxes": {"2020-09-30": "67.72200", "2020-06-30": "82.10100", "2020-03-31": "55.89100", "2019-12-31": "65.58000", "2019-09-30": "58.94700", "2019-06-30": "50.72900", "2019-03-31": "44.66700", "2018-12-31": "54.32800", "2018-09-30": "51.24900", "2018-06-30": "54.97100", "2018-03-31": "44.99600", "2017-12-31": "54.55200", "2017-09-30": "35.43700", "2017-06-30": "-21.65600", "2017-03-31": "29.84400", "2016-12-31": "32.18900", "2016-09-30": "26.82900", "2016-06-30": "24.88500", "2016-03-31": "24.84000", "2015-12-31": "29.92900", "2015-09-30": "28.83300", "2015-06-30": "26.97500", "2015-03-31": "24.53700", "2014-12-31": "29.79500", "2014-09-30": "24.58500", "2014-06-30": "24.36300", "2014-03-31": "20.57400", "2013-12-31": "22.90900", "2013-09-30": "17.43200", "2013-06-30": "14.60800", "2013-03-31": "22.27800", "2012-12-31": "26.74000", "2012-09-30": "20.84500", "2012-06-30": "21.27400", "2012-03-31": "20.44500", "2011-12-31": "25.70500", "2011-09-30": "21.88700", "2011-06-30": "20.28600", "2011-03-31": "18.10100", "2010-12-31": "22.63000", "2010-09-30": "20.98800", "2010-06-30": "18.85500", "2010-03-31": "19.35800", "2009-12-31": "18.23800", "2009-09-30": "19.21000", "2009-06-30": "17.25000", "2009-03-31": "19.33900", "2008-12-31": "19.28700", "2008-09-30": "16.95100", "2008-06-30": "16.27100", "2008-03-31": "15.86000", "2007-12-31": "17.87000", "2007-09-30": "16.91600", "2007-06-30": "9.43300", "2007-03-31": "16.22100", "2006-12-31": "19.25900", "2006-09-30": "12.87500", "2006-06-30": "13.55000", "2006-03-31": "12.03800", "2005-12-31": "2.58000", "2005-09-30": "14.63200", "2005-06-30": "11.11100", "2005-03-31": "7.90500"}, "Other Income": {"2020-09-30": "", "2020-06-30": "", "2020-03-31": "", "2019-12-31": "", "2019-09-30": "", "2019-06-30": "", "2019-03-31": "", "2018-12-31": "", "2018-09-30": "", "2018-06-30": "", "2018-03-31": "", "2017-12-31": "", "2017-09-30": "", "2017-06-30": "", "2017-03-31": "", "2016-12-31": "", "2016-09-30": "", "2016-06-30": "", "2016-03-31": "", "2015-12-31": "", "2015-09-30": "", "2015-06-30": "", "2015-03-31": "", "2014-12-31": "", "2014-09-30": "", "2014-06-30": "", "2014-03-31": "", "2013-12-31": "", "2013-09-30": "", "2013-06-30": "", "2013-03-31": "", "2012-12-31": "", "2012-09-30": "", "2012-06-30": "", "2012-03-31": "", "2011-12-31": "", "2011-09-30": "", "2011-06-30": "", "2011-03-31": "", "2010-12-31": "", "2010-09-30": "", "2010-06-30": "", "2010-03-31": "", "2009-12-31": "", "2009-09-30": "", "2009-06-30": "", "2009-03-31": "", "2008-12-31": "", "2008-09-30": "", "2008-06-30": "", "2008-03-31": "", "2007-12-31": "", "2007-09-30": "", "2007-06-30": "", "2007-03-31": "", "2006-12-31": "", "2006-09-30": "", "2006-06-30": "", "2006-03-31": "", "2005-12-31": "", "2005-09-30": "", "2005-06-30": "", "2005-03-31": ""}, "Income From Continuous Operations": {"2020-09-30": "67.72200", "2020-06-30": "82.10100", "2020-03-31": "55.89100", "2019-12-31": "65.58000", "2019-09-30": "58.94700", "2019-06-30": "50.72900", "2019-03-31": "44.66700", "2018-12-31": "54.32800", "2018-09-30": "51.24900", "2018-06-30": "54.97100", "2018-03-31": "44.99600", "2017-12-31": "54.55200", "2017-09-30": "35.43700", "2017-06-30": "-21.65600", "2017-03-31": "29.84400", "2016-12-31": "32.18900", "2016-09-30": "26.82900", "2016-06-30": "24.88500", "2016-03-31": "24.84000", "2015-12-31": "29.92900", "2015-09-30": "28.83300", "2015-06-30": "26.97500", "2015-03-31": "24.53700", "2014-12-31": "29.79500", "2014-09-30": "24.58500", "2014-06-30": "24.36300", "2014-03-31": "20.57400", "2013-12-31": "22.90900", "2013-09-30": "17.43200", "2013-06-30": "14.60800", "2013-03-31": "22.27800", "2012-12-31": "26.74000", "2012-09-30": "20.84500", "2012-06-30": "21.27400", "2012-03-31": "20.44500", "2011-12-31": "25.70500", "2011-09-30": "21.88700", "2011-06-30": "20.28600", "2011-03-31": "18.10100", "2010-12-31": "22.63000", "2010-09-30": "20.98800", "2010-06-30": "18.85500", "2010-03-31": "19.35800", "2009-12-31": "18.23800", "2009-09-30": "19.21000", "2009-06-30": "17.25000", "2009-03-31": "19.33900", "2008-12-31": "19.28700", "2008-09-30": "16.95100", "2008-06-30": "16.27100", "2008-03-31": "15.86000", "2007-12-31": "17.87000", "2007-09-30": "16.91600", "2007-06-30": "9.43300", "2007-03-31": "16.22100", "2006-12-31": "19.25900", "2006-09-30": "12.87500", "2006-06-30": "13.55000", "2006-03-31": "12.03800", "2005-12-31": "2.58000", "2005-09-30": "14.63200", "2005-06-30": "11.11100", "2005-03-31": "7.90500"}, "Income From Discontinued Operations": {"2020-09-30": "", "2020-06-30": "", "2020-03-31": "", "2019-12-31": "", "2019-09-30": "", "2019-06-30": "", "2019-03-31": "", "2018-12-31": "", "2018-09-30": "", "2018-06-30": "", "2018-03-31": "", "2017-12-31": "", "2017-09-30": "", "2017-06-30": "", "2017-03-31": "", "2016-12-31": "", "2016-09-30": "", "2016-06-30": "", "2016-03-31": "", "2015-12-31": "", "2015-09-30": "", "2015-06-30": "", "2015-03-31": "", "2014-12-31": "", "2014-09-30": "", "2014-06-30": "", "2014-03-31": "", "2013-12-31": "", "2013-09-30": "", "2013-06-30": "", "2013-03-31": "", "2012-12-31": "", "2012-09-30": "", "2012-06-30": "", "2012-03-31": "", "2011-12-31": "", "2011-09-30": "", "2011-06-30": "", "2011-03-31": "", "2010-12-31": "", "2010-09-30": "", "2010-06-30": "", "2010-03-31": "", "2009-12-31": "", "2009-09-30": "", "2009-06-30": "", "2009-03-31": "", "2008-12-31": "", "2008-09-30": "", "2008-06-30": "", "2008-03-31": "", "2007-12-31": "", "2007-09-30": "1.20100", "2007-06-30": "", "2007-03-31": "", "2006-12-31": "-1.62600", "2006-09-30": "-4.91400", "2006-06-30": "-0.70800", "2006-03-31": "0.17700", "2005-12-31": "1.60400", "2005-09-30": "", "2005-06-30": "-2.22600", "2005-03-31": "0.21100"}, "Net Income": {"2020-09-30": "67.72200", "2020-06-30": "82.10100", "2020-03-31": "55.89100", "2019-12-31": "65.58000", "2019-09-30": "58.94700", "2019-06-30": "50.72900", "2019-03-31": "44.66700", "2018-12-31": "54.32800", "2018-09-30": "51.24900", "2018-06-30": "54.97100", "2018-03-31": "44.99600", "2017-12-31": "54.55200", "2017-09-30": "35.43700", "2017-06-30": "-21.65600", "2017-03-31": "29.84400", "2016-12-31": "32.18900", "2016-09-30": "26.82900", "2016-06-30": "24.88500", "2016-03-31": "24.84000", "2015-12-31": "29.92900", "2015-09-30": "28.83300", "2015-06-30": "26.97500", "2015-03-31": "24.53700", "2014-12-31": "29.79500", "2014-09-30": "24.58500", "2014-06-30": "24.36300", "2014-03-31": "20.57400", "2013-12-31": "22.90900", "2013-09-30": "17.43200", "2013-06-30": "14.60800", "2013-03-31": "22.27800", "2012-12-31": "26.74000", "2012-09-30": "20.84500", "2012-06-30": "21.27400", "2012-03-31": "20.44500", "2011-12-31": "25.70500", "2011-09-30": "21.88700", "2011-06-30": "20.28600", "2011-03-31": "18.10100", "2010-12-31": "22.63000", "2010-09-30": "20.98800", "2010-06-30": "18.85500", "2010-03-31": "19.35800", "2009-12-31": "17.98500", "2009-09-30": "19.21000", "2009-06-30": "17.25000", "2009-03-31": "19.33900", "2008-12-31": "18.19900", "2008-09-30": "16.95100", "2008-06-30": "16.27100", "2008-03-31": "15.86000", "2007-12-31": "17.87000", "2007-09-30": "18.11700", "2007-06-30": "9.43300", "2007-03-31": "16.22100", "2006-12-31": "17.63300", "2006-09-30": "7.96100", "2006-06-30": "12.84200", "2006-03-31": "12.21500", "2005-12-31": "4.18400", "2005-09-30": "14.63200", "2005-06-30": "8.88500", "2005-03-31": "8.11600"}, "EBITDA": {"2020-09-30": "88.60900", "2020-06-30": "106.98400", "2020-03-31": "93.30400", "2019-12-31": "91.62420", "2019-09-30": "75.59200", "2019-06-30": "75.89800", "2019-03-31": "59.77700", "2018-12-31": "77.58590", "2018-09-30": "71.47800", "2018-06-30": "68.20800", "2018-03-31": "66.11000", "2017-12-31": "65.92810", "2017-09-30": "63.27300", "2017-06-30": "-29.65200", "2017-03-31": "50.85800", "2016-12-31": "62.43580", "2016-09-30": "52.14700", "2016-06-30": "47.60000", "2016-03-31": "53.57800", "2015-12-31": "58.81180", "2015-09-30": "59.07000", "2015-06-30": "53.39500", "2015-03-31": "49.31000", "2014-12-31": "58.90600", "2014-09-30": "48.51100", "2014-06-30": "50.88400", "2014-03-31": "47.40800", "2013-12-31": "50.21910", "2013-09-30": "39.88100", "2013-06-30": "36.43900", "2013-03-31": "49.66800", "2012-12-31": "56.31780", "2012-09-30": "46.64500", "2012-06-30": "49.04200", "2012-03-31": "44.30600", "2011-12-31": "56.40300", "2011-09-30": "50.66700", "2011-06-30": "45.21700", "2011-03-31": "39.65200", "2010-12-31": "48.22410", "2010-09-30": "46.12000", "2010-06-30": "43.09200", "2010-03-31": "42.86400", "2009-12-31": "40.33590", "2009-09-30": "41.42600", "2009-06-30": "36.53500", "2009-03-31": "43.19900", "2008-12-31": "47.88710", "2008-09-30": "43.66700", "2008-06-30": "37.49100", "2008-03-31": "38.49500", "2007-12-31": "43.10000", "2007-09-30": "37.31400", "2007-06-30": "36.87700", "2007-03-31": "35.71500", "2006-12-31": "37.79700", "2006-09-30": "29.32800", "2006-06-30": "31.78200", "2006-03-31": "29.87600", "2005-12-31": "13.48690", "2005-09-30": "30.23900", "2005-06-30": "27.66100", "2005-03-31": "28.28800"}, "EBIT": {"2020-09-30": "74.30800", "2020-06-30": "92.76000", "2020-03-31": "79.36300", "2019-12-31": "77.45210", "2019-09-30": "64.92800", "2019-06-30": "65.52800", "2019-03-31": "49.47200", "2018-12-31": "67.38090", "2018-09-30": "61.71300", "2018-06-30": "58.14100", "2018-03-31": "56.39700", "2017-12-31": "56.53200", "2017-09-30": "53.99700", "2017-06-30": "-38.94800", "2017-03-31": "41.45400", "2016-12-31": "53.12180", "2016-09-30": "42.87100", "2016-06-30": "38.36300", "2016-03-31": "44.39300", "2015-12-31": "49.15880", "2015-09-30": "50.12800", "2015-06-30": "44.60000", "2015-03-31": "40.57100", "2014-12-31": "50.03700", "2014-09-30": "40.21100", "2014-06-30": "41.51900", "2014-03-31": "36.65200", "2013-12-31": "39.44010", "2013-09-30": "29.21000", "2013-06-30": "25.89200", "2013-03-31": "38.85200", "2012-12-31": "45.94690", "2012-09-30": "35.97000", "2012-06-30": "39.52500", "2012-03-31": "34.97700", "2011-12-31": "46.02600", "2011-09-30": "41.31100", "2011-06-30": "35.84200", "2011-03-31": "30.54800", "2010-12-31": "38.46610", "2010-09-30": "36.75500", "2010-06-30": "33.85600", "2010-03-31": "34.44500", "2009-12-31": "30.89500", "2009-09-30": "32.78600", "2009-06-30": "27.93800", "2009-03-31": "34.72600", "2008-12-31": "39.27000", "2008-09-30": "34.90900", "2008-06-30": "28.83700", "2008-03-31": "29.84100", "2007-12-31": "32.61700", "2007-09-30": "30.58300", "2007-06-30": "30.32500", "2007-03-31": "29.23000", "2006-12-31": "31.67110", "2006-09-30": "23.35900", "2006-06-30": "25.94500", "2006-03-31": "24.00400", "2005-12-31": "7.58090", "2005-09-30": "24.47200", "2005-06-30": "22.06200", "2005-03-31": "22.65400"}, "Basic Shares Outstanding": {"2020-09-30": "15.94000", "2020-06-30": "15.91400", "2020-03-31": "15.99100", "2019-12-31": "15.96900", "2019-09-30": "15.97000", "2019-06-30": "15.92800", "2019-03-31": "15.95400", "2018-12-31": "16.05900", "2018-09-30": "16.07400", "2018-06-30": "16.03500", "2018-03-31": "16.10000", "2017-12-31": "16.05700", "2017-09-30": "15.97600", "2017-06-30": "16.01000", "2017-03-31": "16.21900", "2016-12-31": "16.38300", "2016-09-30": "16.16600", "2016-06-30": "16.44300", "2016-03-31": "16.72000", "2015-12-31": "16.87000", "2015-09-30": "16.86500", "2015-06-30": "16.88000", "2015-03-31": "16.91400", "2014-12-31": "17.16500", "2014-09-30": "17.03900", "2014-06-30": "17.23600", "2014-03-31": "17.51000", "2013-12-31": "18.19900", "2013-09-30": "18.18400", "2013-06-30": "18.60600", "2013-03-31": "18.52200", "2012-12-31": "18.92400", "2012-09-30": "18.96000", "2012-06-30": "18.99800", "2012-03-31": "18.95800", "2011-12-31": "20.52300", "2011-09-30": "20.67400", "2011-06-30": "21.11500", "2011-03-31": "21.05500", "2010-12-31": "22.58700", "2010-09-30": "22.59700", "2010-06-30": "22.64400", "2010-03-31": "22.59300", "2009-12-31": "22.45100", "2009-09-30": "22.46100", "2009-06-30": "22.41700", "2009-03-31": "22.39400", "2008-12-31": "23.05800", "2008-09-30": "22.50300", "2008-06-30": "23.48600", "2008-03-31": "23.87300", "2007-12-31": "24.52000", "2007-09-30": "23.93300", "2007-06-30": "24.50600", "2007-03-31": "25.71600", "2006-12-31": "26.11800", "2006-09-30": "26.19000", "2006-06-30": "26.20100", "2006-03-31": "26.04400", "2005-12-31": "25.55200", "2005-09-30": "25.71900", "2005-06-30": "25.48900", "2005-03-31": "25.15200"}, "Shares Outstanding": {"2020-09-30": "16.37300", "2020-06-30": "16.37300", "2020-03-31": "16.51600", "2019-12-31": "16.52700", "2019-09-30": "16.55500", "2019-06-30": "16.44900", "2019-03-31": "16.52500", "2018-12-31": "16.80300", "2018-09-30": "16.77200", "2018-06-30": "16.81100", "2018-03-31": "16.88700", "2017-12-31": "16.74200", "2017-09-30": "16.67600", "2017-06-30": "16.01000", "2017-03-31": "16.80100", "2016-12-31": "16.78900", "2016-09-30": "16.55900", "2016-06-30": "16.83100", "2016-03-31": "17.17000", "2015-12-31": "17.42200", "2015-09-30": "17.42200", "2015-06-30": "17.41900", "2015-03-31": "17.46600", "2014-12-31": "17.84000", "2014-09-30": "17.62700", "2014-06-30": "17.88000", "2014-03-31": "18.30500", "2013-12-31": "18.58500", "2013-09-30": "18.52200", "2013-06-30": "18.96600", "2013-03-31": "19.00000", "2012-12-31": "19.33900", "2012-09-30": "19.40400", "2012-06-30": "19.36900", "2012-03-31": "19.35300", "2011-12-31": "20.94500", "2011-09-30": "21.05500", "2011-06-30": "21.63700", "2011-03-31": "21.56800", "2010-12-31": "23.03100", "2010-09-30": "22.99600", "2010-06-30": "23.08000", "2010-03-31": "23.02100", "2009-12-31": "22.74200", "2009-09-30": "22.74400", "2009-06-30": "22.67200", "2009-03-31": "22.64700", "2008-12-31": "23.37400", "2008-09-30": "22.81800", "2008-06-30": "23.75900", "2008-03-31": "24.28500", "2007-12-31": "25.07700", "2007-09-30": "24.46600", "2007-06-30": "25.08000", "2007-03-31": "26.16200", "2006-12-31": "26.66900", "2006-09-30": "26.63300", "2006-06-30": "26.84600", "2006-03-31": "26.72300", "2005-12-31": "26.29900", "2005-09-30": "26.40100", "2005-06-30": "26.21400", "2005-03-31": "25.91000"}, "Basic EPS": {"2020-09-30": "4.25000", "2020-06-30": "5.16000", "2020-03-31": "3.50000", "2019-12-31": "4.10000", "2019-09-30": "3.69000", "2019-06-30": "3.18000", "2019-03-31": "2.80000", "2018-12-31": "3.39000", "2018-09-30": "3.19000", "2018-06-30": "3.43000", "2018-03-31": "2.79000", "2017-12-31": "3.40000", "2017-09-30": "2.22000", "2017-06-30": "-1.35000", "2017-03-31": "1.84000", "2016-12-31": "1.98000", "2016-09-30": "1.66000", "2016-06-30": "1.51000", "2016-03-31": "1.49000", "2015-12-31": "1.78000", "2015-09-30": "1.71000", "2015-06-30": "1.60000", "2015-03-31": "1.45000", "2014-12-31": "1.77000", "2014-09-30": "1.44000", "2014-06-30": "1.41000", "2014-03-31": "1.17000", "2013-12-31": "1.29000", "2013-09-30": "0.96000", "2013-06-30": "0.79000", "2013-03-31": "1.20000", "2012-12-31": "1.42000", "2012-09-30": "1.10000", "2012-06-30": "1.12000", "2012-03-31": "1.08000", "2011-12-31": "1.31000", "2011-09-30": "1.06000", "2011-06-30": "0.96000", "2011-03-31": "0.86000", "2010-12-31": "1.00000", "2010-09-30": "0.93000", "2010-06-30": "0.83000", "2010-03-31": "0.86000", "2009-12-31": "0.80000", "2009-09-30": "0.86000", "2009-06-30": "0.77000", "2009-03-31": "0.86000", "2008-12-31": "0.82000", "2008-09-30": "0.75000", "2008-06-30": "0.69000", "2008-03-31": "0.66000", "2007-12-31": "0.74000", "2007-09-30": "0.76000", "2007-06-30": "0.38000", "2007-03-31": "0.63000", "2006-12-31": "0.68000", "2006-09-30": "0.30000", "2006-06-30": "0.49000", "2006-03-31": "0.47000", "2005-12-31": "0.16000", "2005-09-30": "0.57000", "2005-06-30": "0.35000", "2005-03-31": "0.32000"}, "EPS - Earnings Per Share": {"2020-09-30": "4.14000", "2020-06-30": "5.01000", "2020-03-31": "3.38000", "2019-12-31": "3.97000", "2019-09-30": "3.56000", "2019-06-30": "3.08000", "2019-03-31": "2.70000", "2018-12-31": "3.24000", "2018-09-30": "3.06000", "2018-06-30": "3.27000", "2018-03-31": "2.66000", "2017-12-31": "3.30000", "2017-09-30": "2.13000", "2017-06-30": "-1.35000", "2017-03-31": "1.78000", "2016-12-31": "1.93000", "2016-09-30": "1.62000", "2016-06-30": "1.48000", "2016-03-31": "1.45000", "2015-12-31": "1.73000", "2015-09-30": "1.65000", "2015-06-30": "1.55000", "2015-03-31": "1.40000", "2014-12-31": "1.70000", "2014-09-30": "1.39000", "2014-06-30": "1.36000", "2014-03-31": "1.12000", "2013-12-31": "1.28000", "2013-09-30": "0.94000", "2013-06-30": "0.77000", "2013-03-31": "1.17000", "2012-12-31": "1.39000", "2012-09-30": "1.07000", "2012-06-30": "1.10000", "2012-03-31": "1.06000", "2011-12-31": "1.28000", "2011-09-30": "1.04000", "2011-06-30": "0.94000", "2011-03-31": "0.84000", "2010-12-31": "0.98000", "2010-09-30": "0.91000", "2010-06-30": "0.82000", "2010-03-31": "0.84000", "2009-12-31": "0.79000", "2009-09-30": "0.84000", "2009-06-30": "0.76000", "2009-03-31": "0.85000", "2008-12-31": "0.81000", "2008-09-30": "0.74000", "2008-06-30": "0.68000", "2008-03-31": "0.65000", "2007-12-31": "0.72000", "2007-09-30": "0.74000", "2007-06-30": "0.38000", "2007-03-31": "0.62000", "2006-12-31": "0.66000", "2006-09-30": "0.30000", "2006-06-30": "0.48000", "2006-03-31": "0.46000", "2005-12-31": "0.16000", "2005-09-30": "0.55000", "2005-06-30": "0.34000", "2005-03-31": "0.31000"}}, "balance sheet": {"Cash On Hand": {"2019-12-31": "6.15800", "2018-12-31": "4.83100", "2017-12-31": "11.12100", "2016-12-31": "15.31000", "2015-12-31": "14.72700", "2014-12-31": "14.13200", "2013-12-31": "84.41800", "2012-12-31": "69.53100", "2011-12-31": "38.08100", "2010-12-31": "49.91700", "2009-12-31": "112.41600", "2008-12-31": "3.62800", "2007-12-31": "4.98800", "2006-12-31": "29.27400", "2005-12-31": "57.13300"}, "Receivables": {"2019-12-31": "143.82700", "2018-12-31": "119.50400", "2017-12-31": "113.65100", "2016-12-31": "132.02100", "2015-12-31": "106.26200", "2014-12-31": "124.60700", "2013-12-31": "91.77000", "2012-12-31": "93.33300", "2011-12-31": "77.92400", "2010-12-31": "112.99900", "2009-12-31": "53.46100", "2008-12-31": "98.07600", "2007-12-31": "101.17000", "2006-12-31": "93.08600", "2005-12-31": "91.09400"}, "Inventory": {"2019-12-31": "7.46200", "2018-12-31": "5.70500", "2017-12-31": "5.33400", "2016-12-31": "5.75500", "2015-12-31": "6.31400", "2014-12-31": "6.16800", "2013-12-31": "6.70300", "2012-12-31": "7.05800", "2011-12-31": "8.66800", "2010-12-31": "7.72800", "2009-12-31": "7.54300", "2008-12-31": "7.56900", "2007-12-31": "6.59600", "2006-12-31": "6.57800", "2005-12-31": "6.49900"}, "Pre-Paid Expenses": {"2019-12-31": "33.22400", "2018-12-31": "29.80000", "2017-12-31": "45.94000", "2016-12-31": "16.81400", "2015-12-31": "23.50500", "2014-12-31": "14.24300", "2013-12-31": "21.50800", "2012-12-31": "14.09000", "2011-12-31": "13.54000", "2010-12-31": "11.05500", "2009-12-31": "11.13700", "2008-12-31": "11.26800", "2007-12-31": "10.49600", "2006-12-31": "9.96800", "2005-12-31": "17.91800"}, "Other Current Assets": {"2019-12-31": "", "2018-12-31": "", "2017-12-31": "", "2016-12-31": "", "2015-12-31": "", "2014-12-31": "", "2013-12-31": "", "2012-12-31": "", "2011-12-31": "", "2010-12-31": "", "2009-12-31": "", "2008-12-31": "", "2007-12-31": "", "2006-12-31": "", "2005-12-31": ""}, "Total Current Assets": {"2019-12-31": "190.67100", "2018-12-31": "159.84000", "2017-12-31": "176.04600", "2016-12-31": "169.90000", "2015-12-31": "150.80800", "2014-12-31": "174.56400", "2013-12-31": "224.65600", "2012-12-31": "197.67100", "2011-12-31": "150.75300", "2010-12-31": "196.79700", "2009-12-31": "198.25800", "2008-12-31": "135.93300", "2007-12-31": "137.46200", "2006-12-31": "162.11300", "2005-12-31": "204.56000"}, "Property, Plant, And Equipment": {"2019-12-31": "175.76300", "2018-12-31": "162.03300", "2017-12-31": "143.03400", "2016-12-31": "121.30200", "2015-12-31": "117.37000", "2014-12-31": "105.33600", "2013-12-31": "92.95500", "2012-12-31": "91.93400", "2011-12-31": "82.95100", "2010-12-31": "79.29200", "2009-12-31": "75.35800", "2008-12-31": "76.96200", "2007-12-31": "74.51300", "2006-12-31": "70.14000", "2005-12-31": "65.15500"}, "Long-Term Investments": {"2019-12-31": "77.44600", "2018-12-31": "65.62400", "2017-12-31": "62.06700", "2016-12-31": "54.38900", "2015-12-31": "49.48100", "2014-12-31": "49.14700", "2013-12-31": "42.46500", "2012-12-31": "36.08900", "2011-12-31": "31.62900", "2010-12-31": "28.30400", "2009-12-31": "24.15800", "2008-12-31": "22.62800", "2007-12-31": "29.41700", "2006-12-31": "25.71300", "2005-12-31": "22.55000"}, "Goodwill And Intangible Assets": {"2019-12-31": "703.73700", "2018-12-31": "578.82300", "2017-12-31": "531.75200", "2016-12-31": "527.43100", "2015-12-31": "527.43300", "2014-12-31": "522.74900", "2013-12-31": "523.42700", "2012-12-31": "523.00900", "2011-12-31": "518.89500", "2010-12-31": "516.20100", "2009-12-31": "507.96200", "2008-12-31": "510.02400", "2007-12-31": "503.86600", "2006-12-31": "504.26500", "2005-12-31": "505.48400"}, "Other Long-Term Assets": {"2019-12-31": "9.04800", "2018-12-31": "9.20900", "2017-12-31": "7.12700", "2016-12-31": "7.03700", "2015-12-31": "7.23300", "2014-12-31": "8.13600", "2013-12-31": "10.19800", "2012-12-31": "10.92300", "2011-12-31": "11.67700", "2010-12-31": "9.56700", "2009-12-31": "13.73400", "2008-12-31": "14.07500", "2007-12-31": "15.41100", "2006-12-31": "16.06800", "2005-12-31": "21.22200"}, "Total Long-Term Assets": {"2019-12-31": "1077.64600", "2018-12-31": "815.68900", "2017-12-31": "743.98000", "2016-12-31": "710.15890", "2015-12-31": "701.51700", "2014-12-31": "685.36790", "2013-12-31": "669.04500", "2012-12-31": "661.95500", "2011-12-31": "645.15200", "2010-12-31": "633.36400", "2009-12-31": "621.21200", "2008-12-31": "623.68900", "2007-12-31": "632.90800", "2006-12-31": "631.17400", "2005-12-31": "634.54300"}, "Total Assets": {"2019-12-31": "1268.31700", "2018-12-31": "975.52900", "2017-12-31": "920.02600", "2016-12-31": "880.05900", "2015-12-31": "852.32500", "2014-12-31": "859.93200", "2013-12-31": "893.70100", "2012-12-31": "859.62600", "2011-12-31": "795.90500", "2010-12-31": "830.16100", "2009-12-31": "819.47000", "2008-12-31": "759.62200", "2007-12-31": "770.37000", "2006-12-31": "793.28700", "2005-12-31": "839.10300"}, "Total Current Liabilities": {"2019-12-31": "262.22000", "2018-12-31": "191.67000", "2017-12-31": "193.52200", "2016-12-31": "171.83200", "2015-12-31": "171.33600", "2014-12-31": "175.55400", "2013-12-31": "363.98600", "2012-12-31": "156.82200", "2011-12-31": "145.40000", "2010-12-31": "149.34200", "2009-12-31": "136.08400", "2008-12-31": "154.07500", "2007-12-31": "150.88900", "2006-12-31": "166.06400", "2005-12-31": "169.20500"}, "Long Term Debt": {"2019-12-31": "90.00000", "2018-12-31": "89.20000", "2017-12-31": "91.20000", "2016-12-31": "100.00000", "2015-12-31": "83.75000", "2014-12-31": "141.25000", "2013-12-31": "", "2012-12-31": "174.89000", "2011-12-31": "166.78400", "2010-12-31": "159.20800", "2009-12-31": "152.12700", "2008-12-31": "158.21000", "2007-12-31": "214.66900", "2006-12-31": "150.33100", "2005-12-31": "234.05800"}, "Other Non-Current Liabilities": {"2019-12-31": "7.88300", "2018-12-31": "17.11100", "2017-12-31": "16.51000", "2016-12-31": "15.54900", "2015-12-31": "13.47800", "2014-12-31": "13.14300", "2013-12-31": "11.17600", "2012-12-31": "11.36200", "2011-12-31": "9.88100", "2010-12-31": "6.62600", "2009-12-31": "4.53600", "2008-12-31": "5.61200", "2007-12-31": "5.51200", "2006-12-31": "3.71600", "2005-12-31": "4.37400"}, "Total Long Term Liabilities": {"2019-12-31": "279.48900", "2018-12-31": "192.52500", "2017-12-31": "186.15000", "2016-12-31": "184.12800", "2015-12-31": "167.73600", "2014-12-31": "233.02200", "2013-12-31": "80.82500", "2012-12-31": "249.51300", "2011-12-31": "236.82100", "2010-12-31": "218.77000", "2009-12-31": "206.22400", "2008-12-31": "208.71600", "2007-12-31": "255.13200", "2006-12-31": "205.86200", "2005-12-31": "285.72300"}, "Total Liabilities": {"2019-12-31": "541.70900", "2018-12-31": "384.19500", "2017-12-31": "379.67200", "2016-12-31": "355.96000", "2015-12-31": "339.07200", "2014-12-31": "408.57600", "2013-12-31": "444.81100", "2012-12-31": "406.33500", "2011-12-31": "382.22100", "2010-12-31": "368.11200", "2009-12-31": "342.30800", "2008-12-31": "362.79100", "2007-12-31": "406.02100", "2006-12-31": "371.92600", "2005-12-31": "454.92800"}, "Common Stock Net": {"2019-12-31": "35.81100", "2018-12-31": "35.31100", "2017-12-31": "34.73200", "2016-12-31": "34.27000", "2015-12-31": "33.98500", "2014-12-31": "33.33700", "2013-12-31": "32.24500", "2012-12-31": "31.58900", "2011-12-31": "30.93700", "2010-12-31": "30.38200", "2009-12-31": "29.89100", "2008-12-31": "29.51500", "2007-12-31": "29.26100", "2006-12-31": "28.85000", "2005-12-31": "28.37400"}, "Retained Earnings (Accumulated Deficit)": {"2019-12-31": "1425.75200", "2018-12-31": "1225.61700", "2017-12-31": "1038.95500", "2016-12-31": "958.14900", "2015-12-31": "865.84500", "2014-12-31": "771.17600", "2013-12-31": "686.11400", "2012-12-31": "623.03500", "2011-12-31": "546.75700", "2010-12-31": "473.31600", "2009-12-31": "403.36600", "2008-12-31": "337.73900", "2007-12-31": "278.33600", "2006-12-31": "215.51700", "2005-12-31": "171.18800"}, "Comprehensive Income": {"2019-12-31": "", "2018-12-31": "", "2017-12-31": "", "2016-12-31": "", "2015-12-31": "", "2014-12-31": "", "2013-12-31": "", "2012-12-31": "", "2011-12-31": "", "2010-12-31": "", "2009-12-31": "", "2008-12-31": "", "2007-12-31": "", "2006-12-31": "", "2005-12-31": ""}, "Other Share Holders Equity": {"2019-12-31": "", "2018-12-31": "", "2017-12-31": "", "2016-12-31": "", "2015-12-31": "", "2014-12-31": "", "2013-12-31": "", "2012-12-31": "", "2011-12-31": "", "2010-12-31": "", "2009-12-31": "", "2008-12-31": "", "2007-12-31": "", "2006-12-31": "", "2005-12-31": "-0.54900"}, "Share Holder Equity": {"2019-12-31": "726.60800", "2018-12-31": "591.33400", "2017-12-31": "540.35400", "2016-12-31": "524.09900", "2015-12-31": "513.25300", "2014-12-31": "451.35600", "2013-12-31": "448.89000", "2012-12-31": "453.29100", "2011-12-31": "413.68400", "2010-12-31": "462.04900", "2009-12-31": "477.16200", "2008-12-31": "396.83100", "2007-12-31": "364.34900", "2006-12-31": "421.36100", "2005-12-31": "384.17500"}, "Total Liabilities And Share Holders Equity": {"2019-12-31": "1268.31700", "2018-12-31": "975.52900", "2017-12-31": "920.02600", "2016-12-31": "880.05900", "2015-12-31": "852.32500", "2014-12-31": "859.93200", "2013-12-31": "893.70100", "2012-12-31": "859.62600", "2011-12-31": "795.90500", "2010-12-31": "830.16100", "2009-12-31": "819.47000", "2008-12-31": "759.62200", "2007-12-31": "770.37000", "2006-12-31": "793.28700", "2005-12-31": "839.10300"}}, "balance sheet, quarterly": {"Cash On Hand": {"2020-09-30": "112.76500", "2020-06-30": "20.37600", "2020-03-31": "28.95100", "2019-12-31": "6.15800", "2019-09-30": "9.06600", "2019-06-30": "3.32300", "2019-03-31": "8.76800", "2018-12-31": "4.83100", "2018-09-30": "67.45900", "2018-06-30": "12.66800", "2018-03-31": "13.68600", "2017-12-31": "11.12100", "2017-09-30": "18.87100", "2017-06-30": "13.75300", "2017-03-31": "47.04900", "2016-12-31": "15.31000", "2016-09-30": "21.28500", "2016-06-30": "17.47400", "2016-03-31": "15.23500", "2015-12-31": "14.72700", "2015-09-30": "38.45000", "2015-06-30": "32.70500", "2015-03-31": "28.33500", "2014-12-31": "14.13200", "2014-09-30": "18.56200", "2014-06-30": "27.91300", "2014-03-31": "39.47900", "2013-12-31": "84.41800", "2013-09-30": "83.20400", "2013-06-30": "113.04700", "2013-03-31": "72.95600", "2012-12-31": "69.53100", "2012-09-30": "69.29600", "2012-06-30": "59.96600", "2012-03-31": "34.21400", "2011-12-31": "38.08100", "2011-09-30": "21.34200", "2011-06-30": "50.94100", "2011-03-31": "59.74500", "2010-12-31": "49.91700", "2010-09-30": "137.45700", "2010-06-30": "109.08000", "2010-03-31": "112.11900", "2009-12-31": "112.41600", "2009-09-30": "42.04700", "2009-06-30": "16.63200", "2009-03-31": "11.85900", "2008-12-31": "3.62800", "2008-09-30": "6.80400", "2008-06-30": "1.52500", "2008-03-31": "29.70400", "2007-12-31": "4.98800", "2007-09-30": "16.73000", "2007-06-30": "7.46900", "2007-03-31": "30.13700", "2006-12-31": "29.27400", "2006-09-30": "5.41400", "2006-06-30": "6.81600", "2006-03-31": "45.66800", "2005-12-31": "57.13300", "2005-09-30": "37.57500", "2005-06-30": "17.87000", "2005-03-31": "8.55700"}, "Receivables": {"2020-09-30": "110.83900", "2020-06-30": "132.48700", "2020-03-31": "134.69500", "2019-12-31": "143.82700", "2019-09-30": "114.48000", "2019-06-30": "136.11300", "2019-03-31": "119.57500", "2018-12-31": "119.50400", "2018-09-30": "108.99900", "2018-06-30": "119.20600", "2018-03-31": "111.33200", "2017-12-31": "113.65100", "2017-09-30": "91.48300", "2017-06-30": "117.90600", "2017-03-31": "109.72600", "2016-12-31": "132.02100", "2016-09-30": "86.00600", "2016-06-30": "98.95200", "2016-03-31": "143.04000", "2015-12-31": "106.26200", "2015-09-30": "123.66500", "2015-06-30": "119.11600", "2015-03-31": "145.75700", "2014-12-31": "124.60700", "2014-09-30": "132.34000", "2014-06-30": "92.15200", "2014-03-31": "116.15200", "2013-12-31": "91.77000", "2013-09-30": "80.11700", "2013-06-30": "76.35600", "2013-03-31": "127.22000", "2012-12-31": "93.33300", "2012-09-30": "101.15200", "2012-06-30": "81.81100", "2012-03-31": "110.65600", "2011-12-31": "77.92400", "2011-09-30": "112.72100", "2011-06-30": "118.28100", "2011-03-31": "92.91200", "2010-12-31": "112.99900", "2010-09-30": "105.68600", "2010-06-30": "101.73600", "2010-03-31": "87.41200", "2009-12-31": "53.46100", "2009-09-30": "106.66700", "2009-06-30": "104.12300", "2009-03-31": "107.36400", "2008-12-31": "98.07600", "2008-09-30": "88.20600", "2008-06-30": "101.40300", "2008-03-31": "87.00400", "2007-12-31": "101.17000", "2007-09-30": "81.71800", "2007-06-30": "99.86700", "2007-03-31": "85.21100", "2006-12-31": "93.08600", "2006-09-30": "104.24000", "2006-06-30": "94.83300", "2006-03-31": "71.86400", "2005-12-31": "91.09400", "2005-09-30": "84.47200", "2005-06-30": "84.97300", "2005-03-31": "81.88000"}, "Inventory": {"2020-09-30": "7.54600", "2020-06-30": "7.46700", "2020-03-31": "7.31300", "2019-12-31": "7.46200", "2019-09-30": "7.35400", "2019-06-30": "6.33600", "2019-03-31": "6.31500", "2018-12-31": "5.70500", "2018-09-30": "5.76300", "2018-06-30": "5.69600", "2018-03-31": "5.27400", "2017-12-31": "5.33400", "2017-09-30": "5.65800", "2017-06-30": "5.61800", "2017-03-31": "5.43300", "2016-12-31": "5.75500", "2016-09-30": "6.10100", "2016-06-30": "6.12000", "2016-03-31": "6.10200", "2015-12-31": "6.31400", "2015-09-30": "6.54500", "2015-06-30": "6.25000", "2015-03-31": "6.16600", "2014-12-31": "6.16800", "2014-09-30": "6.38500", "2014-06-30": "6.85600", "2014-03-31": "6.67600", "2013-12-31": "6.70300", "2013-09-30": "6.72900", "2013-06-30": "6.15600", "2013-03-31": "6.55900", "2012-12-31": "7.05800", "2012-09-30": "7.63900", "2012-06-30": "8.14600", "2012-03-31": "8.46800", "2011-12-31": "8.66800", "2011-09-30": "8.88800", "2011-06-30": "8.68200", "2011-03-31": "7.96700", "2010-12-31": "7.72800", "2010-09-30": "7.95100", "2010-06-30": "7.97800", "2010-03-31": "7.60900", "2009-12-31": "7.54300", "2009-09-30": "8.07100", "2009-06-30": "8.24000", "2009-03-31": "8.08300", "2008-12-31": "7.56900", "2008-09-30": "7.49400", "2008-06-30": "7.58800", "2008-03-31": "7.43900", "2007-12-31": "6.59600", "2007-09-30": "6.82400", "2007-06-30": "6.75200", "2007-03-31": "6.75200", "2006-12-31": "6.57800", "2006-09-30": "6.38100", "2006-06-30": "6.21000", "2006-03-31": "6.72400", "2005-12-31": "6.49900", "2005-09-30": "7.25200", "2005-06-30": "7.30900", "2005-03-31": "7.01200"}, "Pre-Paid Expenses": {"2020-09-30": "39.44600", "2020-06-30": "28.97700", "2020-03-31": "27.85600", "2019-12-31": "33.22400", "2019-09-30": "36.89500", "2019-06-30": "34.40600", "2019-03-31": "24.49700", "2018-12-31": "29.80000", "2018-09-30": "23.64900", "2018-06-30": "35.87100", "2018-03-31": "31.20700", "2017-12-31": "45.94000", "2017-09-30": "19.29900", "2017-06-30": "19.21500", "2017-03-31": "13.76500", "2016-12-31": "16.81400", "2016-09-30": "19.56700", "2016-06-30": "24.42100", "2016-03-31": "15.56400", "2015-12-31": "23.50500", "2015-09-30": "14.79200", "2015-06-30": "15.54300", "2015-03-31": "11.30200", "2014-12-31": "14.24300", "2014-09-30": "16.90800", "2014-06-30": "25.12000", "2014-03-31": "22.33600", "2013-12-31": "21.50800", "2013-09-30": "21.22200", "2013-06-30": "18.42900", "2013-03-31": "14.69800", "2012-12-31": "14.09000", "2012-09-30": "12.89900", "2012-06-30": "14.92400", "2012-03-31": "10.21300", "2011-12-31": "13.54000", "2011-09-30": "10.79500", "2011-06-30": "11.64400", "2011-03-31": "9.53800", "2010-12-31": "11.05500", "2010-09-30": "10.26200", "2010-06-30": "10.77400", "2010-03-31": "9.88600", "2009-12-31": "11.13700", "2009-09-30": "8.57900", "2009-06-30": "14.08000", "2009-03-31": "9.04600", "2008-12-31": "11.26800", "2008-09-30": "7.70200", "2008-06-30": "11.69300", "2008-03-31": "9.03500", "2007-12-31": "10.49600", "2007-09-30": "6.98300", "2007-06-30": "11.17400", "2007-03-31": "9.11000", "2006-12-31": "9.96800", "2006-09-30": "11.48600", "2006-06-30": "21.96400", "2006-03-31": "13.73400", "2005-12-31": "17.91800", "2005-09-30": "15.29800", "2005-06-30": "17.85900", "2005-03-31": "8.46100"}, "Other Current Assets": {"2020-09-30": "", "2020-06-30": "", "2020-03-31": "", "2019-12-31": "", "2019-09-30": "", "2019-06-30": "", "2019-03-31": "", "2018-12-31": "", "2018-09-30": "", "2018-06-30": "", "2018-03-31": "", "2017-12-31": "", "2017-09-30": "", "2017-06-30": "", "2017-03-31": "", "2016-12-31": "", "2016-09-30": "", "2016-06-30": "", "2016-03-31": "", "2015-12-31": "", "2015-09-30": "", "2015-06-30": "", "2015-03-31": "", "2014-12-31": "", "2014-09-30": "", "2014-06-30": "", "2014-03-31": "", "2013-12-31": "", "2013-09-30": "", "2013-06-30": "", "2013-03-31": "", "2012-12-31": "", "2012-09-30": "", "2012-06-30": "", "2012-03-31": "", "2011-12-31": "", "2011-09-30": "", "2011-06-30": "", "2011-03-31": "", "2010-12-31": "", "2010-09-30": "", "2010-06-30": "", "2010-03-31": "", "2009-12-31": "", "2009-09-30": "", "2009-06-30": "", "2009-03-31": "", "2008-12-31": "", "2008-09-30": "", "2008-06-30": "", "2008-03-31": "", "2007-12-31": "", "2007-09-30": "", "2007-06-30": "", "2007-03-31": "", "2006-12-31": "", "2006-09-30": "", "2006-06-30": "", "2006-03-31": "", "2005-12-31": "", "2005-09-30": "", "2005-06-30": "", "2005-03-31": ""}, "Total Current Assets": {"2020-09-30": "270.59600", "2020-06-30": "189.30700", "2020-03-31": "198.81500", "2019-12-31": "190.67100", "2019-09-30": "167.79500", "2019-06-30": "180.17800", "2019-03-31": "159.15500", "2018-12-31": "159.84000", "2018-09-30": "205.87000", "2018-06-30": "173.44100", "2018-03-31": "161.49900", "2017-12-31": "176.04600", "2017-09-30": "135.31100", "2017-06-30": "156.49200", "2017-03-31": "175.97300", "2016-12-31": "169.90000", "2016-09-30": "132.95900", "2016-06-30": "146.96700", "2016-03-31": "179.94100", "2015-12-31": "150.80800", "2015-09-30": "200.77500", "2015-06-30": "190.04600", "2015-03-31": "208.48600", "2014-12-31": "174.56400", "2014-09-30": "188.73800", "2014-06-30": "165.50000", "2014-03-31": "198.41200", "2013-12-31": "224.65600", "2013-09-30": "216.37300", "2013-06-30": "233.31000", "2013-03-31": "236.24900", "2012-12-31": "197.67100", "2012-09-30": "205.10400", "2012-06-30": "178.07300", "2012-03-31": "177.27600", "2011-12-31": "150.75300", "2011-09-30": "168.59600", "2011-06-30": "203.60000", "2011-03-31": "183.51400", "2010-12-31": "196.79700", "2010-09-30": "276.00600", "2010-06-30": "244.02100", "2010-03-31": "232.03400", "2009-12-31": "198.25800", "2009-09-30": "182.01200", "2009-06-30": "158.98600", "2009-03-31": "153.04400", "2008-12-31": "135.93300", "2008-09-30": "125.70600", "2008-06-30": "137.06400", "2008-03-31": "148.17800", "2007-12-31": "137.46200", "2007-09-30": "132.59900", "2007-06-30": "145.09000", "2007-03-31": "152.80500", "2006-12-31": "162.11300", "2006-09-30": "152.98200", "2006-06-30": "151.69400", "2006-03-31": "165.74300", "2005-12-31": "204.56000", "2005-09-30": "169.19500", "2005-06-30": "153.35400", "2005-03-31": "154.63100"}, "Property, Plant, And Equipment": {"2020-09-30": "181.38600", "2020-06-30": "183.01700", "2020-03-31": "183.72900", "2019-12-31": "175.76300", "2019-09-30": "172.93200", "2019-06-30": "149.91700", "2019-03-31": "164.62900", "2018-12-31": "162.03300", "2018-09-30": "154.43400", "2018-06-30": "145.90300", "2018-03-31": "144.70600", "2017-12-31": "143.03400", "2017-09-30": "143.14800", "2017-06-30": "140.20900", "2017-03-31": "119.39400", "2016-12-31": "121.30200", "2016-09-30": "119.99400", "2016-06-30": "118.50200", "2016-03-31": "119.33100", "2015-12-31": "117.37000", "2015-09-30": "111.22100", "2015-06-30": "107.55600", "2015-03-31": "104.79600", "2014-12-31": "105.33600", "2014-09-30": "101.84500", "2014-06-30": "97.20600", "2014-03-31": "93.57500", "2013-12-31": "92.95500", "2013-09-30": "89.80000", "2013-06-30": "90.22900", "2013-03-31": "90.37400", "2012-12-31": "91.93400", "2012-09-30": "90.13500", "2012-06-30": "88.57100", "2012-03-31": "88.57900", "2011-12-31": "82.95100", "2011-09-30": "83.48400", "2011-06-30": "81.47100", "2011-03-31": "79.14600", "2010-12-31": "79.29200", "2010-09-30": "78.98200", "2010-06-30": "78.43700", "2010-03-31": "75.18900", "2009-12-31": "75.35800", "2009-09-30": "73.91800", "2009-06-30": "73.08100", "2009-03-31": "73.63100", "2008-12-31": "76.96200", "2008-09-30": "70.97000", "2008-06-30": "72.27600", "2008-03-31": "72.91000", "2007-12-31": "74.51300", "2007-09-30": "73.28500", "2007-06-30": "72.42800", "2007-03-31": "69.29500", "2006-12-31": "70.14000", "2006-09-30": "68.61600", "2006-06-30": "66.47400", "2006-03-31": "65.17900", "2005-12-31": "65.15500", "2005-09-30": "62.68700", "2005-06-30": "59.43200", "2005-03-31": "58.17200"}, "Long-Term Investments": {"2020-09-30": "86.86500", "2020-06-30": "80.11300", "2020-03-31": "72.29600", "2019-12-31": "77.44600", "2019-09-30": "73.71400", "2019-06-30": "70.46000", "2019-03-31": "70.63200", "2018-12-31": "65.62400", "2018-09-30": "70.23700", "2018-06-30": "67.57300", "2018-03-31": "66.16300", "2017-12-31": "62.06700", "2017-09-30": "60.44500", "2017-06-30": "58.57900", "2017-03-31": "56.59600", "2016-12-31": "54.38900", "2016-09-30": "55.15800", "2016-06-30": "53.12700", "2016-03-31": "49.19500", "2015-12-31": "49.48100", "2015-09-30": "49.95100", "2015-06-30": "51.94000", "2015-03-31": "52.07500", "2014-12-31": "49.14700", "2014-09-30": "47.78000", "2014-06-30": "47.31400", "2014-03-31": "45.73200", "2013-12-31": "42.46500", "2013-09-30": "40.68300", "2013-06-30": "40.58300", "2013-03-31": "39.14400", "2012-12-31": "36.08900", "2012-09-30": "35.05300", "2012-06-30": "33.21500", "2012-03-31": "35.05500", "2011-12-31": "31.62900", "2011-09-30": "31.33900", "2011-06-30": "33.06600", "2011-03-31": "31.89700", "2010-12-31": "28.30400", "2010-09-30": "26.02200", "2010-06-30": "26.28200", "2010-03-31": "25.92500", "2009-12-31": "24.15800", "2009-09-30": "22.44100", "2009-06-30": "20.34800", "2009-03-31": "22.80300", "2008-12-31": "22.62800", "2008-09-30": "28.89700", "2008-06-30": "30.63000", "2008-03-31": "29.52400", "2007-12-31": "29.41700", "2007-09-30": "28.82400", "2007-06-30": "29.36000", "2007-03-31": "27.73600", "2006-12-31": "25.71300", "2006-09-30": "24.27800", "2006-06-30": "25.17600", "2006-03-31": "24.73200", "2005-12-31": "22.55000", "2005-09-30": "22.51700", "2005-06-30": "21.05500", "2005-03-31": "20.86000"}, "Goodwill And Intangible Assets": {"2020-09-30": "698.92000", "2020-06-30": "701.28200", "2020-03-31": "701.45500", "2019-12-31": "703.73700", "2019-09-30": "705.87600", "2019-06-30": "578.13800", "2019-03-31": "578.46600", "2018-12-31": "578.82300", "2018-09-30": "539.93000", "2018-06-30": "533.45200", "2018-03-31": "533.12700", "2017-12-31": "531.75200", "2017-09-30": "527.81700", "2017-06-30": "527.63400", "2017-03-31": "527.36700", "2016-12-31": "527.43100", "2016-09-30": "527.48500", "2016-06-30": "527.39900", "2016-03-31": "527.45600", "2015-12-31": "527.43300", "2015-09-30": "528.24100", "2015-06-30": "528.52500", "2015-03-31": "522.47700", "2014-12-31": "522.74900", "2014-09-30": "523.00200", "2014-06-30": "523.15500", "2014-03-31": "523.23700", "2013-12-31": "523.42700", "2013-09-30": "523.91900", "2013-06-30": "523.61900", "2013-03-31": "522.53200", "2012-12-31": "523.00900", "2012-09-30": "523.36800", "2012-06-30": "519.60000", "2012-03-31": "519.00500", "2011-12-31": "518.89500", "2011-09-30": "516.73000", "2011-06-30": "517.15100", "2011-03-31": "514.49500", "2010-12-31": "516.20100", "2010-09-30": "506.19200", "2010-06-30": "506.72500", "2010-03-31": "507.38800", "2009-12-31": "507.96200", "2009-09-30": "508.98300", "2009-06-30": "509.88000", "2009-03-31": "510.74800", "2008-12-31": "510.02400", "2008-09-30": "502.06100", "2008-06-30": "502.37600", "2008-03-31": "502.82400", "2007-12-31": "503.86600", "2007-09-30": "502.44800", "2007-06-30": "502.40400", "2007-03-31": "503.24500", "2006-12-31": "504.26500", "2006-09-30": "503.94600", "2006-06-30": "507.02700", "2006-03-31": "508.03700", "2005-12-31": "505.48400", "2005-09-30": "508.45100", "2005-06-30": "512.63400", "2005-03-31": "512.72400"}, "Other Long-Term Assets": {"2020-09-30": "8.80500", "2020-06-30": "9.05500", "2020-03-31": "8.96200", "2019-12-31": "9.04800", "2019-09-30": "8.98200", "2019-06-30": "24.62400", "2019-03-31": "9.13800", "2018-12-31": "9.20900", "2018-09-30": "8.65300", "2018-06-30": "7.84500", "2018-03-31": "7.16100", "2017-12-31": "7.12700", "2017-09-30": "6.84500", "2017-06-30": "6.76700", "2017-03-31": "6.90100", "2016-12-31": "7.03700", "2016-09-30": "6.88000", "2016-06-30": "6.96000", "2016-03-31": "6.99600", "2015-12-31": "7.23300", "2015-09-30": "7.45000", "2015-06-30": "7.21600", "2015-03-31": "7.84300", "2014-12-31": "8.13600", "2014-09-30": "8.14300", "2014-06-30": "8.42000", "2014-03-31": "7.66400", "2013-12-31": "10.19800", "2013-09-30": "10.76500", "2013-06-30": "11.13700", "2013-03-31": "11.11000", "2012-12-31": "10.92300", "2012-09-30": "11.12700", "2012-06-30": "11.66900", "2012-03-31": "11.56800", "2011-12-31": "11.67700", "2011-09-30": "14.90700", "2011-06-30": "15.32500", "2011-03-31": "13.67600", "2010-12-31": "9.56700", "2010-09-30": "11.19000", "2010-06-30": "10.49800", "2010-03-31": "13.69200", "2009-12-31": "13.73400", "2009-09-30": "14.04900", "2009-06-30": "13.90800", "2009-03-31": "13.99900", "2008-12-31": "14.07500", "2008-09-30": "16.04200", "2008-06-30": "15.87000", "2008-03-31": "15.46700", "2007-12-31": "15.41100", "2007-09-30": "16.38200", "2007-06-30": "15.54900", "2007-03-31": "16.19400", "2006-12-31": "16.06800", "2006-09-30": "19.45900", "2006-06-30": "20.69200", "2006-03-31": "20.40600", "2005-12-31": "21.22200", "2005-09-30": "22.11100", "2005-06-30": "22.57100", "2005-03-31": "22.51900"}, "Total Long-Term Assets": {"2020-09-30": "1096.35800", "2020-06-30": "1101.88500", "2020-03-31": "1078.74400", "2019-12-31": "1077.64600", "2019-09-30": "1064.79000", "2019-06-30": "913.89400", "2019-03-31": "910.67600", "2018-12-31": "815.68900", "2018-09-30": "773.25400", "2018-06-30": "754.77300", "2018-03-31": "751.15700", "2017-12-31": "743.98000", "2017-09-30": "760.14800", "2017-06-30": "753.78200", "2017-03-31": "710.25800", "2016-12-31": "710.15890", "2016-09-30": "709.51700", "2016-06-30": "705.98800", "2016-03-31": "702.97800", "2015-12-31": "701.51700", "2015-09-30": "696.86300", "2015-06-30": "695.23700", "2015-03-31": "687.19100", "2014-12-31": "685.36790", "2014-09-30": "680.77000", "2014-06-30": "676.09500", "2014-03-31": "670.20800", "2013-12-31": "669.04500", "2013-09-30": "665.16700", "2013-06-30": "665.56810", "2013-03-31": "663.16000", "2012-12-31": "661.95500", "2012-09-30": "659.68300", "2012-06-30": "653.05500", "2012-03-31": "654.20700", "2011-12-31": "645.15200", "2011-09-30": "646.46000", "2011-06-30": "647.01300", "2011-03-31": "639.21400", "2010-12-31": "633.36400", "2010-09-30": "622.38600", "2010-06-30": "621.94200", "2010-03-31": "622.19400", "2009-12-31": "621.21200", "2009-09-30": "619.39100", "2009-06-30": "617.21700", "2009-03-31": "621.18100", "2008-12-31": "623.68900", "2008-09-30": "617.97000", "2008-06-30": "621.15200", "2008-03-31": "620.72500", "2007-12-31": "632.90800", "2007-09-30": "635.64000", "2007-06-30": "634.44200", "2007-03-31": "631.17100", "2006-12-31": "631.17400", "2006-09-30": "628.79900", "2006-06-30": "631.86900", "2006-03-31": "630.85400", "2005-12-31": "634.54300", "2005-09-30": "628.55300", "2005-06-30": "628.87300", "2005-03-31": "632.49190"}, "Total Assets": {"2020-09-30": "1366.95400", "2020-06-30": "1291.19200", "2020-03-31": "1277.55900", "2019-12-31": "1268.31700", "2019-09-30": "1232.58500", "2019-06-30": "1094.07200", "2019-03-31": "1069.83100", "2018-12-31": "975.52900", "2018-09-30": "979.12400", "2018-06-30": "928.21400", "2018-03-31": "912.65600", "2017-12-31": "920.02600", "2017-09-30": "895.45900", "2017-06-30": "910.27400", "2017-03-31": "886.23100", "2016-12-31": "880.05900", "2016-09-30": "842.47600", "2016-06-30": "852.95500", "2016-03-31": "882.91900", "2015-12-31": "852.32500", "2015-09-30": "897.63800", "2015-06-30": "885.28300", "2015-03-31": "895.67700", "2014-12-31": "859.93200", "2014-09-30": "869.50800", "2014-06-30": "841.59500", "2014-03-31": "868.62000", "2013-12-31": "893.70100", "2013-09-30": "881.54000", "2013-06-30": "898.87800", "2013-03-31": "899.40900", "2012-12-31": "859.62600", "2012-09-30": "864.78700", "2012-06-30": "831.12800", "2012-03-31": "831.48300", "2011-12-31": "795.90500", "2011-09-30": "815.05600", "2011-06-30": "850.61300", "2011-03-31": "822.72800", "2010-12-31": "830.16100", "2010-09-30": "898.39200", "2010-06-30": "865.96300", "2010-03-31": "854.22800", "2009-12-31": "819.47000", "2009-09-30": "801.40300", "2009-06-30": "776.20300", "2009-03-31": "774.22500", "2008-12-31": "759.62200", "2008-09-30": "743.67600", "2008-06-30": "758.21600", "2008-03-31": "768.90300", "2007-12-31": "770.37000", "2007-09-30": "768.23900", "2007-06-30": "779.53200", "2007-03-31": "783.97600", "2006-12-31": "793.28700", "2006-09-30": "781.78100", "2006-06-30": "783.56300", "2006-03-31": "796.59700", "2005-12-31": "839.10300", "2005-09-30": "797.74800", "2005-06-30": "782.22700", "2005-03-31": "787.12300"}, "Total Current Liabilities": {"2020-09-30": "329.16300", "2020-06-30": "318.51600", "2020-03-31": "246.73700", "2019-12-31": "262.22000", "2019-09-30": "251.50100", "2019-06-30": "223.66900", "2019-03-31": "217.10000", "2018-12-31": "191.67000", "2018-09-30": "180.19800", "2018-06-30": "166.41600", "2018-03-31": "177.29700", "2017-12-31": "193.52200", "2017-09-30": "269.37400", "2017-06-30": "268.60000", "2017-03-31": "164.38300", "2016-12-31": "171.83200", "2016-09-30": "167.45700", "2016-06-30": "167.45100", "2016-03-31": "191.55700", "2015-12-31": "171.33600", "2015-09-30": "186.76300", "2015-06-30": "161.91200", "2015-03-31": "171.57000", "2014-12-31": "175.55400", "2014-09-30": "197.25500", "2014-06-30": "156.67300", "2014-03-31": "337.85100", "2013-12-31": "363.98600", "2013-09-30": "376.35400", "2013-06-30": "338.24800", "2013-03-31": "160.91800", "2012-12-31": "156.82200", "2012-09-30": "147.68100", "2012-06-30": "142.59000", "2012-03-31": "155.19600", "2011-12-31": "145.40000", "2011-09-30": "160.79200", "2011-06-30": "135.30300", "2011-03-31": "135.93600", "2010-12-31": "149.34200", "2010-09-30": "152.26700", "2010-06-30": "141.92500", "2010-03-31": "146.52400", "2009-12-31": "136.08400", "2009-09-30": "145.21000", "2009-06-30": "142.68300", "2009-03-31": "158.44900", "2008-12-31": "154.07500", "2008-09-30": "145.45300", "2008-06-30": "144.01200", "2008-03-31": "149.98500", "2007-12-31": "150.88900", "2007-09-30": "162.24800", "2007-06-30": "148.13300", "2007-03-31": "160.49800", "2006-12-31": "166.06400", "2006-09-30": "152.11200", "2006-06-30": "152.00400", "2006-03-31": "154.64800", "2005-12-31": "169.20500", "2005-09-30": "140.54700", "2005-06-30": "143.27800", "2005-03-31": "161.20100"}, "Long Term Debt": {"2020-09-30": "", "2020-06-30": "", "2020-03-31": "160.00000", "2019-12-31": "90.00000", "2019-09-30": "130.00000", "2019-06-30": "85.00000", "2019-03-31": "100.00000", "2018-12-31": "89.20000", "2018-09-30": "130.00000", "2018-06-30": "103.40000", "2018-03-31": "132.50000", "2017-12-31": "91.20000", "2017-09-30": "72.50000", "2017-06-30": "115.00000", "2017-03-31": "137.50000", "2016-12-31": "100.00000", "2016-09-30": "102.50000", "2016-06-30": "140.00000", "2016-03-31": "126.87500", "2015-12-31": "83.75000", "2015-09-30": "130.62500", "2015-06-30": "152.50000", "2015-03-31": "154.37500", "2014-12-31": "141.25000", "2014-09-30": "153.12500", "2014-06-30": "155.00000", "2014-03-31": "", "2013-12-31": "", "2013-09-30": "", "2013-06-30": "", "2013-03-31": "177.00400", "2012-12-31": "174.89000", "2012-09-30": "172.81200", "2012-06-30": "170.76900", "2012-03-31": "168.75900", "2011-12-31": "166.78400", "2011-09-30": "164.84100", "2011-06-30": "162.93200", "2011-03-31": "161.05400", "2010-12-31": "159.20800", "2010-09-30": "157.39200", "2010-06-30": "155.60800", "2010-03-31": "153.85300", "2009-12-31": "152.12700", "2009-09-30": "150.43100", "2009-06-30": "148.76300", "2009-03-31": "149.12200", "2008-12-31": "158.21000", "2008-09-30": "207.07000", "2008-06-30": "217.87000", "2008-03-31": "212.07000", "2007-12-31": "214.66900", "2007-09-30": "224.73500", "2007-06-30": "268.03500", "2007-03-31": "150.23500", "2006-12-31": "150.33100", "2006-09-30": "165.79600", "2006-06-30": "169.39700", "2006-03-31": "194.39900", "2005-12-31": "234.05800", "2005-09-30": "234.32700", "2005-06-30": "234.54100", "2005-03-31": "234.73800"}, "Other Non-Current Liabilities": {"2020-09-30": "31.04500", "2020-06-30": "18.78900", "2020-03-31": "7.89900", "2019-12-31": "7.88300", "2019-09-30": "7.84500", "2019-06-30": "7.75400", "2019-03-31": "7.71900", "2018-12-31": "17.11100", "2018-09-30": "16.98800", "2018-06-30": "17.04200", "2018-03-31": "16.77900", "2017-12-31": "16.51000", "2017-09-30": "16.49400", "2017-06-30": "15.78000", "2017-03-31": "15.80500", "2016-12-31": "15.54900", "2016-09-30": "15.27600", "2016-06-30": "14.63800", "2016-03-31": "13.61700", "2015-12-31": "13.47800", "2015-09-30": "13.02200", "2015-06-30": "12.74200", "2015-03-31": "12.98900", "2014-12-31": "13.14300", "2014-09-30": "11.10800", "2014-06-30": "11.25100", "2014-03-31": "11.10600", "2013-12-31": "11.17600", "2013-09-30": "11.49900", "2013-06-30": "11.70200", "2013-03-31": "11.76200", "2012-12-31": "11.36200", "2012-09-30": "10.77900", "2012-06-30": "11.91800", "2012-03-31": "11.62900", "2011-12-31": "9.88100", "2011-09-30": "9.55900", "2011-06-30": "6.73600", "2011-03-31": "6.26700", "2010-12-31": "6.62600", "2010-09-30": "6.62400", "2010-06-30": "5.73600", "2010-03-31": "5.37400", "2009-12-31": "4.53600", "2009-09-30": "4.43500", "2009-06-30": "4.39100", "2009-03-31": "4.58100", "2008-12-31": "5.61200", "2008-09-30": "6.12300", "2008-06-30": "5.81900", "2008-03-31": "5.54000", "2007-12-31": "5.51200", "2007-09-30": "5.81800", "2007-06-30": "5.94500", "2007-03-31": "5.38200", "2006-12-31": "3.71600", "2006-09-30": "3.92900", "2006-06-30": "3.44100", "2006-03-31": "3.98900", "2005-12-31": "4.37400", "2005-09-30": "7.04400", "2005-06-30": "7.45600", "2005-03-31": "8.06200"}, "Total Long Term Liabilities": {"2020-09-30": "236.38300", "2020-06-30": "221.98000", "2020-03-31": "347.22100", "2019-12-31": "279.48900", "2019-09-30": "308.70400", "2019-06-30": "251.83400", "2019-03-31": "264.72100", "2018-12-31": "192.52500", "2018-09-30": "230.77300", "2018-06-30": "205.40700", "2018-03-31": "228.40000", "2017-12-31": "186.15000", "2017-09-30": "148.38300", "2017-06-30": "188.59100", "2017-03-31": "221.20400", "2016-12-31": "184.12800", "2016-09-30": "187.81700", "2016-06-30": "223.92200", "2016-03-31": "206.54100", "2015-12-31": "167.73600", "2015-09-30": "222.29900", "2015-06-30": "245.57300", "2015-03-31": "247.56500", "2014-12-31": "233.02200", "2014-09-30": "239.82200", "2014-06-30": "240.43800", "2014-03-31": "84.83600", "2013-12-31": "80.82500", "2013-09-30": "78.35900", "2013-06-30": "79.34300", "2013-03-31": "255.40200", "2012-12-31": "249.51300", "2012-09-30": "242.48100", "2012-06-30": "241.09300", "2012-03-31": "241.83000", "2011-12-31": "236.82100", "2011-09-30": "227.92900", "2011-06-30": "225.97600", "2011-03-31": "222.92200", "2010-12-31": "218.77000", "2010-09-30": "212.56900", "2010-06-30": "211.07100", "2010-03-31": "209.71800", "2009-12-31": "206.22400", "2009-09-30": "199.21700", "2009-06-30": "196.61600", "2009-03-31": "198.63300", "2008-12-31": "208.71600", "2008-09-30": "247.17500", "2008-06-30": "259.20300", "2008-03-31": "252.72800", "2007-12-31": "255.13200", "2007-09-30": "262.33000", "2007-06-30": "306.73800", "2007-03-31": "207.74400", "2006-12-31": "205.86200", "2006-09-30": "214.22700", "2006-06-30": "219.17000", "2006-03-31": "243.44300", "2005-12-31": "285.72300", "2005-09-30": "281.65300", "2005-06-30": "279.96100", "2005-03-31": "280.35400"}, "Total Liabilities": {"2020-09-30": "565.54600", "2020-06-30": "540.49600", "2020-03-31": "593.95800", "2019-12-31": "541.70900", "2019-09-30": "560.20500", "2019-06-30": "475.50300", "2019-03-31": "481.82100", "2018-12-31": "384.19500", "2018-09-30": "410.97100", "2018-06-30": "371.82300", "2018-03-31": "405.69700", "2017-12-31": "379.67200", "2017-09-30": "417.75700", "2017-06-30": "457.19100", "2017-03-31": "385.58700", "2016-12-31": "355.96000", "2016-09-30": "355.27400", "2016-06-30": "391.37300", "2016-03-31": "398.09800", "2015-12-31": "339.07200", "2015-09-30": "409.06200", "2015-06-30": "407.48500", "2015-03-31": "419.13500", "2014-12-31": "408.57600", "2014-09-30": "437.07700", "2014-06-30": "397.11100", "2014-03-31": "422.68700", "2013-12-31": "444.81100", "2013-09-30": "454.71300", "2013-06-30": "417.59100", "2013-03-31": "416.32000", "2012-12-31": "406.33500", "2012-09-30": "390.16200", "2012-06-30": "383.68300", "2012-03-31": "397.02600", "2011-12-31": "382.22100", "2011-09-30": "388.72100", "2011-06-30": "361.27900", "2011-03-31": "358.85800", "2010-12-31": "368.11200", "2010-09-30": "364.83600", "2010-06-30": "352.99600", "2010-03-31": "356.24200", "2009-12-31": "342.30800", "2009-09-30": "344.42700", "2009-06-30": "339.29900", "2009-03-31": "357.08200", "2008-12-31": "362.79100", "2008-09-30": "392.62800", "2008-06-30": "403.21500", "2008-03-31": "402.71300", "2007-12-31": "406.02100", "2007-09-30": "424.57800", "2007-06-30": "454.87100", "2007-03-31": "368.24200", "2006-12-31": "371.92600", "2006-09-30": "366.33900", "2006-06-30": "371.17400", "2006-03-31": "398.09100", "2005-12-31": "454.92800", "2005-09-30": "422.20000", "2005-06-30": "423.23900", "2005-03-31": "441.55500"}, "Common Stock Net": {"2020-09-30": "36.13700", "2020-06-30": "36.04000", "2020-03-31": "35.91200", "2019-12-31": "35.81100", "2019-09-30": "35.73800", "2019-06-30": "35.59100", "2019-03-31": "35.52100", "2018-12-31": "35.31100", "2018-09-30": "35.21100", "2018-06-30": "35.14100", "2018-03-31": "34.88500", "2017-12-31": "34.73200", "2017-09-30": "34.51400", "2017-06-30": "34.47000", "2017-03-31": "34.40400", "2016-12-31": "34.27000", "2016-09-30": "34.17400", "2016-06-30": "34.10500", "2016-03-31": "34.07600", "2015-12-31": "33.98500", "2015-09-30": "33.81600", "2015-06-30": "33.62000", "2015-03-31": "33.51600", "2014-12-31": "33.33700", "2014-09-30": "33.19900", "2014-06-30": "32.98000", "2014-03-31": "32.62100", "2013-12-31": "32.24500", "2013-09-30": "32.08600", "2013-06-30": "32.07500", "2013-03-31": "31.95700", "2012-12-31": "31.58900", "2012-09-30": "31.45100", "2012-06-30": "31.14200", "2012-03-31": "31.06300", "2011-12-31": "30.93700", "2011-09-30": "30.91300", "2011-06-30": "30.90700", "2011-03-31": "30.70900", "2010-12-31": "30.38200", "2010-09-30": "30.20700", "2010-06-30": "30.20200", "2010-03-31": "30.08700", "2009-12-31": "29.89100", "2009-09-30": "29.76300", "2009-06-30": "29.61400", "2009-03-31": "29.58600", "2008-12-31": "29.51500", "2008-09-30": "29.44600", "2008-06-30": "29.39000", "2008-03-31": "29.37900", "2007-12-31": "29.26100", "2007-09-30": "29.20600", "2007-06-30": "29.19300", "2007-03-31": "29.03600", "2006-12-31": "28.85000", "2006-09-30": "28.81000", "2006-06-30": "28.81200", "2006-03-31": "28.66700", "2005-12-31": "28.37400", "2005-09-30": "28.02100", "2005-06-30": "27.89700", "2005-03-31": "13.66200"}, "Retained Earnings (Accumulated Deficit)": {"2020-09-30": "1615.46500", "2020-06-30": "1553.14400", "2020-03-31": "1476.15100", "2019-12-31": "1425.75200", "2019-09-30": "1365.30300", "2019-06-30": "1311.44600", "2019-03-31": "1265.48500", "2018-12-31": "1225.61700", "2018-09-30": "1175.94900", "2018-06-30": "1129.28900", "2018-03-31": "1078.69000", "2017-12-31": "1038.95500", "2017-09-30": "988.89500", "2017-06-30": "957.94100", "2017-03-31": "983.74200", "2016-12-31": "958.14900", "2016-09-30": "930.18400", "2016-06-30": "907.53100", "2016-03-31": "886.60400", "2015-12-31": "865.84500", "2015-09-30": "839.97900", "2015-06-30": "815.22900", "2015-03-31": "791.97000", "2014-12-31": "771.17600", "2014-09-30": "745.07700", "2014-06-30": "724.29500", "2014-03-31": "703.38500", "2013-12-31": "686.11400", "2013-09-30": "666.89400", "2013-06-30": "653.14600", "2013-03-31": "641.94600", "2012-12-31": "623.03500", "2012-09-30": "599.68000", "2012-06-30": "582.31600", "2012-03-31": "564.13000", "2011-12-31": "546.75700", "2011-09-30": "524.19700", "2011-06-30": "505.73600", "2011-03-31": "488.43900", "2010-12-31": "473.31600", "2010-09-30": "453.88600", "2010-06-30": "436.09800", "2010-03-31": "419.98500", "2009-12-31": "403.36600", "2009-09-30": "388.10900", "2009-06-30": "371.61700", "2009-03-31": "355.72300", "2008-12-31": "337.73900", "2008-09-30": "326.00200", "2008-06-30": "309.50600", "2008-03-31": "293.70700", "2007-12-31": "278.33600", "2007-09-30": "259.57800", "2007-06-30": "242.90500", "2007-03-31": "234.91400", "2006-12-31": "215.51700", "2006-09-30": "199.46700", "2006-06-30": "193.08900", "2006-03-31": "181.83100", "2005-12-31": "171.18800", "2005-09-30": "168.56400", "2005-06-30": "155.48400", "2005-03-31": "148.14100"}, "Comprehensive Income": {"2020-09-30": "", "2020-06-30": "", "2020-03-31": "", "2019-12-31": "", "2019-09-30": "", "2019-06-30": "", "2019-03-31": "", "2018-12-31": "", "2018-09-30": "", "2018-06-30": "", "2018-03-31": "", "2017-12-31": "", "2017-09-30": "", "2017-06-30": "", "2017-03-31": "", "2016-12-31": "", "2016-09-30": "", "2016-06-30": "", "2016-03-31": "", "2015-12-31": "", "2015-09-30": "", "2015-06-30": "", "2015-03-31": "", "2014-12-31": "", "2014-09-30": "", "2014-06-30": "", "2014-03-31": "", "2013-12-31": "", "2013-09-30": "", "2013-06-30": "", "2013-03-31": "", "2012-12-31": "", "2012-09-30": "", "2012-06-30": "", "2012-03-31": "", "2011-12-31": "", "2011-09-30": "", "2011-06-30": "", "2011-03-31": "", "2010-12-31": "", "2010-09-30": "", "2010-06-30": "", "2010-03-31": "", "2009-12-31": "", "2009-09-30": "", "2009-06-30": "", "2009-03-31": "", "2008-12-31": "", "2008-09-30": "", "2008-06-30": "", "2008-03-31": "", "2007-12-31": "", "2007-09-30": "", "2007-06-30": "", "2007-03-31": "", "2006-12-31": "", "2006-09-30": "", "2006-06-30": "", "2006-03-31": "", "2005-12-31": "", "2005-09-30": "", "2005-06-30": "", "2005-03-31": ""}, "Other Share Holders Equity": {"2020-09-30": "", "2020-06-30": "", "2020-03-31": "", "2019-12-31": "", "2019-09-30": "", "2019-06-30": "", "2019-03-31": "", "2018-12-31": "", "2018-09-30": "", "2018-06-30": "", "2018-03-31": "", "2017-12-31": "", "2017-09-30": "", "2017-06-30": "", "2017-03-31": "", "2016-12-31": "", "2016-09-30": "", "2016-06-30": "", "2016-03-31": "", "2015-12-31": "", "2015-09-30": "", "2015-06-30": "", "2015-03-31": "", "2014-12-31": "", "2014-09-30": "", "2014-06-30": "", "2014-03-31": "", "2013-12-31": "", "2013-09-30": "", "2013-06-30": "", "2013-03-31": "", "2012-12-31": "", "2012-09-30": "", "2012-06-30": "", "2012-03-31": "", "2011-12-31": "", "2011-09-30": "", "2011-06-30": "", "2011-03-31": "", "2010-12-31": "", "2010-09-30": "", "2010-06-30": "", "2010-03-31": "", "2009-12-31": "", "2009-09-30": "", "2009-06-30": "", "2009-03-31": "", "2008-12-31": "", "2008-09-30": "", "2008-06-30": "", "2008-03-31": "", "2007-12-31": "", "2007-09-30": "", "2007-06-30": "", "2007-03-31": "", "2006-12-31": "", "2006-09-30": "-0.05500", "2006-06-30": "-0.05400", "2006-03-31": "-0.05400", "2005-12-31": "-0.54900", "2005-09-30": "-0.54600", "2005-06-30": "-0.54200", "2005-03-31": "-0.53800"}, "Share Holder Equity": {"2020-09-30": "801.40800", "2020-06-30": "750.69600", "2020-03-31": "683.60100", "2019-12-31": "726.60800", "2019-09-30": "672.38000", "2019-06-30": "618.56900", "2019-03-31": "588.01000", "2018-12-31": "591.33400", "2018-09-30": "568.15300", "2018-06-30": "556.39100", "2018-03-31": "506.95900", "2017-12-31": "540.35400", "2017-09-30": "477.70200", "2017-06-30": "453.08300", "2017-03-31": "500.64400", "2016-12-31": "524.09900", "2016-09-30": "487.20200", "2016-06-30": "461.58200", "2016-03-31": "484.82100", "2015-12-31": "513.25300", "2015-09-30": "488.57600", "2015-06-30": "477.79800", "2015-03-31": "476.54200", "2014-12-31": "451.35600", "2014-09-30": "432.43100", "2014-06-30": "444.48400", "2014-03-31": "445.93300", "2013-12-31": "448.89000", "2013-09-30": "426.82700", "2013-06-30": "481.28700", "2013-03-31": "483.08900", "2012-12-31": "453.29100", "2012-09-30": "474.62500", "2012-06-30": "447.44500", "2012-03-31": "434.45700", "2011-12-31": "413.68400", "2011-09-30": "426.33500", "2011-06-30": "489.33400", "2011-03-31": "463.87000", "2010-12-31": "462.04900", "2010-09-30": "533.55600", "2010-06-30": "512.96700", "2010-03-31": "497.98600", "2009-12-31": "477.16200", "2009-09-30": "456.97600", "2009-06-30": "436.90400", "2009-03-31": "417.14300", "2008-12-31": "396.83100", "2008-09-30": "351.04800", "2008-06-30": "355.00100", "2008-03-31": "366.19000", "2007-12-31": "364.34900", "2007-09-30": "343.66100", "2007-06-30": "324.66100", "2007-03-31": "415.73400", "2006-12-31": "421.36100", "2006-09-30": "415.44200", "2006-06-30": "412.38900", "2006-03-31": "398.50600", "2005-12-31": "384.17500", "2005-09-30": "375.54800", "2005-06-30": "358.98800", "2005-03-31": "345.56800"}, "Total Liabilities And Share Holders Equity": {"2020-09-30": "1366.95400", "2020-06-30": "1291.19200", "2020-03-31": "1277.55900", "2019-12-31": "1268.31700", "2019-09-30": "1232.58500", "2019-06-30": "1094.07200", "2019-03-31": "1069.83100", "2018-12-31": "975.52900", "2018-09-30": "979.12400", "2018-06-30": "928.21400", "2018-03-31": "912.65600", "2017-12-31": "920.02600", "2017-09-30": "895.45900", "2017-06-30": "910.27400", "2017-03-31": "886.23100", "2016-12-31": "880.05900", "2016-09-30": "842.47600", "2016-06-30": "852.95500", "2016-03-31": "882.91900", "2015-12-31": "852.32500", "2015-09-30": "897.63800", "2015-06-30": "885.28300", "2015-03-31": "895.67700", "2014-12-31": "859.93200", "2014-09-30": "869.50800", "2014-06-30": "841.59500", "2014-03-31": "868.62000", "2013-12-31": "893.70100", "2013-09-30": "881.54000", "2013-06-30": "898.87800", "2013-03-31": "899.40900", "2012-12-31": "859.62600", "2012-09-30": "864.78700", "2012-06-30": "831.12800", "2012-03-31": "831.48300", "2011-12-31": "795.90500", "2011-09-30": "815.05600", "2011-06-30": "850.61300", "2011-03-31": "822.72800", "2010-12-31": "830.16100", "2010-09-30": "898.39200", "2010-06-30": "865.96300", "2010-03-31": "854.22800", "2009-12-31": "819.47000", "2009-09-30": "801.40300", "2009-06-30": "776.20300", "2009-03-31": "774.22500", "2008-12-31": "759.62200", "2008-09-30": "743.67600", "2008-06-30": "758.21600", "2008-03-31": "768.90300", "2007-12-31": "770.37000", "2007-09-30": "768.23900", "2007-06-30": "779.53200", "2007-03-31": "783.97600", "2006-12-31": "793.28700", "2006-09-30": "781.78100", "2006-06-30": "783.56300", "2006-03-31": "796.59700", "2005-12-31": "839.10300", "2005-09-30": "797.74800", "2005-06-30": "782.22700", "2005-03-31": "787.12300"}}, "cash flow statement": {"Net Income/Loss": {"2019-12-31": "219.92300", "2018-12-31": "205.54400", "2017-12-31": "98.17700", "2016-12-31": "108.74300", "2015-12-31": "110.27400", "2014-12-31": "99.31700", "2013-12-31": "77.22700", "2012-12-31": "89.30400", "2011-12-31": "85.97900", "2010-12-31": "81.83100", "2009-12-31": "73.78400", "2008-12-31": "67.28100", "2007-12-31": "61.64100", "2006-12-31": "50.65100", "2005-12-31": "35.81700"}, "Total Depreciation And Amortization - Cash Flow": {"2019-12-31": "45.51100", "2018-12-31": "39.75000", "2017-12-31": "37.37200", "2016-12-31": "37.01200", "2015-12-31": "36.12900", "2014-12-31": "37.29000", "2013-12-31": "42.81300", "2012-12-31": "39.89200", "2011-12-31": "38.21200", "2010-12-31": "36.77800", "2009-12-31": "35.15100", "2008-12-31": "34.68300", "2007-12-31": "30.25100", "2006-12-31": "23.80400", "2005-12-31": "22.90600"}, "Other Non-Cash Items": {"2019-12-31": "26.83400", "2018-12-31": "23.96900", "2017-12-31": "40.00400", "2016-12-31": "21.53100", "2015-12-31": "33.20100", "2014-12-31": "28.00200", "2013-12-31": "11.74200", "2012-12-31": "14.45000", "2011-12-31": "26.77600", "2010-12-31": "18.59200", "2009-12-31": "29.08900", "2008-12-31": "14.73200", "2007-12-31": "28.90600", "2006-12-31": "29.25400", "2005-12-31": "9.28600"}, "Total Non-Cash Items": {"2019-12-31": "72.34500", "2018-12-31": "63.71900", "2017-12-31": "77.37600", "2016-12-31": "58.54300", "2015-12-31": "69.33000", "2014-12-31": "65.29200", "2013-12-31": "54.55500", "2012-12-31": "54.34200", "2011-12-31": "64.98800", "2010-12-31": "55.37000", "2009-12-31": "64.24000", "2008-12-31": "49.41500", "2007-12-31": "59.15700", "2006-12-31": "53.05800", "2005-12-31": "32.19200"}, "Change In Accounts Receivable": {"2019-12-31": "-19.24700", "2018-12-31": "-5.57000", "2017-12-31": "1.07200", "2016-12-31": "-42.14200", "2015-12-31": "4.13200", "2014-12-31": "-45.78500", "2013-12-31": "-9.00900", "2012-12-31": "-24.42100", "2011-12-31": "26.89600", "2010-12-31": "-68.65600", "2009-12-31": "33.75400", "2008-12-31": "-6.65900", "2007-12-31": "-18.29900", "2006-12-31": "-12.52700", "2005-12-31": "-34.14500"}, "Change In Inventories": {"2019-12-31": "-1.75700", "2018-12-31": "-0.35100", "2017-12-31": "0.42100", "2016-12-31": "0.55900", "2015-12-31": "-0.14200", "2014-12-31": "0.53500", "2013-12-31": "0.35500", "2012-12-31": "1.61000", "2011-12-31": "-0.94000", "2010-12-31": "-0.15100", "2009-12-31": "0.02900", "2008-12-31": "-0.89800", "2007-12-31": "-0.01800", "2006-12-31": "-0.07800", "2005-12-31": "0.52000"}, "Change In Accounts Payable": {"2019-12-31": "28.41700", "2018-12-31": "8.93500", "2017-12-31": "12.89000", "2016-12-31": "0.89100", "2015-12-31": "0.47600", "2014-12-31": "-26.30400", "2013-12-31": "39.86000", "2012-12-31": "4.95400", "2011-12-31": "-1.39700", "2010-12-31": "13.81000", "2009-12-31": "-8.10900", "2008-12-31": "5.58500", "2007-12-31": "-8.41600", "2006-12-31": "-13.01700", "2005-12-31": "32.43100"}, "Change In Assets/Liabilities": {"2019-12-31": "1.40700", "2018-12-31": "-4.03700", "2017-12-31": "-1.33700", "2016-12-31": "-5.08700", "2015-12-31": "-12.91400", "2014-12-31": "5.94500", "2013-12-31": "-9.68000", "2012-12-31": "-0.04100", "2011-12-31": "-3.89100", "2010-12-31": "-1.01700", "2009-12-31": "-3.48900", "2008-12-31": "-1.86500", "2007-12-31": "-0.80200", "2006-12-31": "1.77600", "2005-12-31": "-2.16100"}, "Total Change In Assets/Liabilities": {"2019-12-31": "8.98100", "2018-12-31": "17.87500", "2017-12-31": "-13.05800", "2016-12-31": "-31.89300", "2015-12-31": "-8.10400", "2014-12-31": "-54.33000", "2013-12-31": "19.06500", "2012-12-31": "-11.87800", "2011-12-31": "23.37600", "2010-12-31": "-51.18900", "2009-12-31": "22.80800", "2008-12-31": "-4.61300", "2007-12-31": "-21.21400", "2006-12-31": "-5.12000", "2005-12-31": "12.00400"}, "Cash Flow From Operating Activities": {"2019-12-31": "301.24900", "2018-12-31": "287.13800", "2017-12-31": "162.49500", "2016-12-31": "135.39300", "2015-12-31": "171.50000", "2014-12-31": "110.27900", "2013-12-31": "150.84700", "2012-12-31": "131.76800", "2011-12-31": "174.34300", "2010-12-31": "86.01200", "2009-12-31": "160.83200", "2008-12-31": "112.08300", "2007-12-31": "99.58400", "2006-12-31": "98.58900", "2005-12-31": "80.01300"}, "Net Change In Property, Plant, And Equipment": {"2019-12-31": "-53.02200", "2018-12-31": "-52.87200", "2017-12-31": "-64.30000", "2016-12-31": "-39.77200", "2015-12-31": "-44.13500", "2014-12-31": "-43.57100", "2013-12-31": "-29.32400", "2012-12-31": "-35.25200", "2011-12-31": "-29.59200", "2010-12-31": "-25.63900", "2009-12-31": "-21.49600", "2008-12-31": "-25.70700", "2007-12-31": "-23.53600", "2006-12-31": "-21.64000", "2005-12-31": "-25.57700"}, "Net Change In Intangible Assets": {"2019-12-31": "", "2018-12-31": "", "2017-12-31": "", "2016-12-31": "", "2015-12-31": "", "2014-12-31": "", "2013-12-31": "", "2012-12-31": "", "2011-12-31": "", "2010-12-31": "", "2009-12-31": "", "2008-12-31": "", "2007-12-31": "", "2006-12-31": "", "2005-12-31": ""}, "Net Acquisitions/Divestitures": {"2019-12-31": "-138.01000", "2018-12-31": "-53.17700", "2017-12-31": "-4.72500", "2016-12-31": "", "2015-12-31": "-6.61400", "2014-12-31": "-0.25000", "2013-12-31": "-2.25700", "2012-12-31": "-5.90000", "2011-12-31": "-3.66400", "2010-12-31": "-9.46900", "2009-12-31": "-1.91900", "2008-12-31": "-11.20000", "2007-12-31": "-6.48100", "2006-12-31": "-5.06700", "2005-12-31": "-15.53200"}, "Net Change In Short-term Investments": {"2019-12-31": "", "2018-12-31": "", "2017-12-31": "", "2016-12-31": "", "2015-12-31": "", "2014-12-31": "", "2013-12-31": "", "2012-12-31": "", "2011-12-31": "", "2010-12-31": "", "2009-12-31": "", "2008-12-31": "", "2007-12-31": "", "2006-12-31": "", "2005-12-31": ""}, "Net Change In Long-Term Investments": {"2019-12-31": "", "2018-12-31": "", "2017-12-31": "", "2016-12-31": "", "2015-12-31": "", "2014-12-31": "", "2013-12-31": "", "2012-12-31": "", "2011-12-31": "", "2010-12-31": "", "2009-12-31": "", "2008-12-31": "", "2007-12-31": "", "2006-12-31": "", "2005-12-31": ""}, "Net Change In Investments - Total": {"2019-12-31": "", "2018-12-31": "", "2017-12-31": "", "2016-12-31": "", "2015-12-31": "", "2014-12-31": "", "2013-12-31": "", "2012-12-31": "", "2011-12-31": "", "2010-12-31": "", "2009-12-31": "", "2008-12-31": "", "2007-12-31": "", "2006-12-31": "", "2005-12-31": ""}, "Investing Activities - Other": {"2019-12-31": "0.27200", "2018-12-31": "0.82400", "2017-12-31": "1.41700", "2016-12-31": "-0.09000", "2015-12-31": "0.43200", "2014-12-31": "0.29400", "2013-12-31": "0.23500", "2012-12-31": "0.46800", "2011-12-31": "-0.85800", "2010-12-31": "-0.59200", "2009-12-31": "0.57300", "2008-12-31": "8.28000", "2007-12-31": "-1.70100", "2006-12-31": "-1.02500", "2005-12-31": "-0.63300"}, "Cash Flow From Investing Activities": {"2019-12-31": "-190.76000", "2018-12-31": "-105.22500", "2017-12-31": "-67.60800", "2016-12-31": "-39.86200", "2015-12-31": "-50.31700", "2014-12-31": "-43.52700", "2013-12-31": "-31.34600", "2012-12-31": "-40.68400", "2011-12-31": "-34.11400", "2010-12-31": "-35.70000", "2009-12-31": "-22.84200", "2008-12-31": "-28.62700", "2007-12-31": "-31.71800", "2006-12-31": "-27.73200", "2005-12-31": "-41.74200"}, "Net Long-Term Debt": {"2019-12-31": "0.80000", "2018-12-31": "-12.00000", "2017-12-31": "-7.55000", "2016-12-31": "17.50000", "2015-12-31": "-56.25000", "2014-12-31": "-39.45600", "2013-12-31": "", "2012-12-31": "", "2011-12-31": "", "2010-12-31": "", "2009-12-31": "-14.66900", "2008-12-31": "-18.71300", "2007-12-31": "72.60300", "2006-12-31": "-84.56300", "2005-12-31": "-56.59200"}, "Net Current Debt": {"2019-12-31": "-3.92700", "2018-12-31": "-1.53100", "2017-12-31": "6.70000", "2016-12-31": "-0.73600", "2015-12-31": "-1.17700", "2014-12-31": "9.71400", "2013-12-31": "-11.41500", "2012-12-31": "1.92400", "2011-12-31": "-0.82600", "2010-12-31": "-0.58100", "2009-12-31": "-5.30900", "2008-12-31": "7.34400", "2007-12-31": "-56.01900", "2006-12-31": "2.57100", "2005-12-31": "6.75200"}, "Debt Issuance/Retirement Net - Total": {"2019-12-31": "-3.12700", "2018-12-31": "-13.53100", "2017-12-31": "-0.85000", "2016-12-31": "16.76400", "2015-12-31": "-57.42700", "2014-12-31": "-29.74200", "2013-12-31": "-11.41500", "2012-12-31": "1.92400", "2011-12-31": "-0.82600", "2010-12-31": "-0.58100", "2009-12-31": "-19.97800", "2008-12-31": "-11.36900", "2007-12-31": "16.58400", "2006-12-31": "-81.99200", "2005-12-31": "-49.84000"}, "Net Common Equity Issued/Repurchased": {"2019-12-31": "-86.72500", "2018-12-31": "-154.02000", "2017-12-31": "-81.77100", "2016-12-31": "-102.66400", "2015-12-31": "-59.63300", "2014-12-31": "-96.28100", "2013-12-31": "-81.13700", "2012-12-31": "-52.41200", "2011-12-31": "-139.85000", "2010-12-31": "-104.00300", "2009-12-31": "-3.68000", "2008-12-31": "-69.49700", "2007-12-31": "-101.62300", "2006-12-31": "-16.02400", "2005-12-31": "4.92600"}, "Net Total Equity Issued/Repurchased": {"2019-12-31": "-86.72500", "2018-12-31": "-154.02000", "2017-12-31": "-81.77100", "2016-12-31": "-102.66400", "2015-12-31": "-59.63300", "2014-12-31": "-96.28100", "2013-12-31": "-81.13700", "2012-12-31": "-52.41200", "2011-12-31": "-139.85000", "2010-12-31": "-104.00300", "2009-12-31": "-3.68000", "2008-12-31": "-69.49700", "2007-12-31": "-101.62300", "2006-12-31": "-16.02400", "2005-12-31": "4.92600"}, "Total Common And Preferred Stock Dividends Paid": {"2019-12-31": "-19.78800", "2018-12-31": "-18.66200", "2017-12-31": "-17.37100", "2016-12-31": "-16.43900", "2015-12-31": "-15.60500", "2014-12-31": "-14.25500", "2013-12-31": "-14.14800", "2012-12-31": "-13.02600", "2011-12-31": "-12.53800", "2010-12-31": "-11.88100", "2009-12-31": "-8.15700", "2008-12-31": "-5.54300", "2007-12-31": "-5.88800", "2006-12-31": "-6.32200", "2005-12-31": "-6.17200"}, "Financial Activities - Other": {"2019-12-31": "0.47800", "2018-12-31": "-1.99000", "2017-12-31": "0.91600", "2016-12-31": "7.39100", "2015-12-31": "12.07700", "2014-12-31": "3.24000", "2013-12-31": "2.08600", "2012-12-31": "3.88000", "2011-12-31": "1.14900", "2010-12-31": "3.65400", "2009-12-31": "2.61300", "2008-12-31": "1.59300", "2007-12-31": "-1.22500", "2006-12-31": "5.62200", "2005-12-31": "-1.50000"}, "Cash Flow From Financial Activities": {"2019-12-31": "-109.16200", "2018-12-31": "-188.20300", "2017-12-31": "-99.07600", "2016-12-31": "-94.94800", "2015-12-31": "-120.58800", "2014-12-31": "-137.03800", "2013-12-31": "-104.61400", "2012-12-31": "-59.63400", "2011-12-31": "-152.06500", "2010-12-31": "-112.81100", "2009-12-31": "-29.20200", "2008-12-31": "-84.81600", "2007-12-31": "-92.15200", "2006-12-31": "-98.71600", "2005-12-31": "-52.58600"}, "Net Cash Flow": {"2019-12-31": "1.32700", "2018-12-31": "-6.29000", "2017-12-31": "-4.18900", "2016-12-31": "0.58300", "2015-12-31": "0.59500", "2014-12-31": "-70.28600", "2013-12-31": "14.88700", "2012-12-31": "31.45000", "2011-12-31": "-11.83600", "2010-12-31": "-62.49900", "2009-12-31": "108.78800", "2008-12-31": "-1.36000", "2007-12-31": "-24.28600", "2006-12-31": "-27.85900", "2005-12-31": "-14.31500"}, "Stock-Based Compensation": {"2019-12-31": "20.57100", "2018-12-31": "18.01600", "2017-12-31": "14.25900", "2016-12-31": "9.63100", "2015-12-31": "12.62900", "2014-12-31": "7.85100", "2013-12-31": "7.82300", "2012-12-31": "8.49000", "2011-12-31": "10.97100", "2010-12-31": "11.92300", "2009-12-31": "13.02400", "2008-12-31": "7.30300", "2007-12-31": "10.81900", "2006-12-31": "1.21100", "2005-12-31": "5.87300"}, "Common Stock Dividends Paid": {"2019-12-31": "-19.78800", "2018-12-31": "-18.66200", "2017-12-31": "-17.37100", "2016-12-31": "-16.43900", "2015-12-31": "-15.60500", "2014-12-31": "-14.25500", "2013-12-31": "-14.14800", "2012-12-31": "-13.02600", "2011-12-31": "-12.53800", "2010-12-31": "-11.88100", "2009-12-31": "-8.15700", "2008-12-31": "-5.54300", "2007-12-31": "-5.88800", "2006-12-31": "-6.32200", "2005-12-31": "-6.17200"}}, "cash flow statement, quarterly": {"Net Income/Loss": {"2020-09-30": 67.722, "2020-06-30": 82.101, "2020-03-31": "55.89100", "2019-12-31": 65.58, "2019-09-30": 58.947, "2019-06-30": 50.729, "2019-03-31": "44.66700", "2018-12-31": 54.328, "2018-09-30": 51.249, "2018-06-30": 54.971, "2018-03-31": "44.99600", "2017-12-31": 54.552, "2017-09-30": 35.437, "2017-06-30": -21.656, "2017-03-31": "29.84400", "2016-12-31": 32.189, "2016-09-30": 26.829, "2016-06-30": 24.885, "2016-03-31": "24.84000", "2015-12-31": 29.929, "2015-09-30": 28.833, "2015-06-30": 26.975, "2015-03-31": "24.53700", "2014-12-31": 29.795, "2014-09-30": 24.585, "2014-06-30": 24.363, "2014-03-31": "20.57400", "2013-12-31": 22.909, "2013-09-30": 17.432, "2013-06-30": 14.608, "2013-03-31": "22.27800", "2012-12-31": 26.74, "2012-09-30": 20.845, "2012-06-30": 21.274, "2012-03-31": "20.44500", "2011-12-31": 25.705, "2011-09-30": 21.887, "2011-06-30": 20.286, "2011-03-31": "18.10100", "2010-12-31": 22.63, "2010-09-30": 20.988, "2010-06-30": 18.855, "2010-03-31": "19.35800", "2009-12-31": 17.985, "2009-09-30": 19.21, "2009-06-30": 17.25, "2009-03-31": "19.33900", "2008-12-31": 18.199, "2008-09-30": 16.951, "2008-06-30": 16.271, "2008-03-31": "15.86000", "2007-12-31": 17.87, "2007-09-30": 18.117, "2007-06-30": 9.433, "2007-03-31": "16.22100", "2006-12-31": 17.633, "2006-09-30": 7.961, "2006-06-30": 12.842, "2006-03-31": "12.21500", "2005-12-31": 4.184, "2005-09-30": 14.632, "2005-06-30": 8.885, "2005-03-31": "8.11600"}, "Total Depreciation And Amortization - Cash Flow": {"2020-09-30": 14.301, "2020-06-30": 14.224, "2020-03-31": "13.94100", "2019-12-31": 14.172, "2019-09-30": 10.664, "2019-06-30": 10.37, "2019-03-31": "10.30500", "2018-12-31": 10.205, "2018-09-30": 9.765, "2018-06-30": 10.067, "2018-03-31": "9.71300", "2017-12-31": 9.396, "2017-09-30": 9.276, "2017-06-30": 9.296, "2017-03-31": "9.40400", "2016-12-31": 9.314, "2016-09-30": 9.276, "2016-06-30": 9.237, "2016-03-31": "9.18500", "2015-12-31": 9.653, "2015-09-30": 8.942, "2015-06-30": 8.795, "2015-03-31": "8.73900", "2014-12-31": 8.869, "2014-09-30": 8.3, "2014-06-30": 9.365, "2014-03-31": "10.75600", "2013-12-31": 10.779, "2013-09-30": 10.671, "2013-06-30": 10.547, "2013-03-31": "10.81600", "2012-12-31": 10.371, "2012-09-30": 10.675, "2012-06-30": 9.517, "2012-03-31": "9.32900", "2011-12-31": 10.377, "2011-09-30": 9.356, "2011-06-30": 9.375, "2011-03-31": "9.10400", "2010-12-31": 9.758, "2010-09-30": 9.365, "2010-06-30": 9.236, "2010-03-31": "8.41900", "2009-12-31": 9.441, "2009-09-30": 8.64, "2009-06-30": 8.597, "2009-03-31": "8.47300", "2008-12-31": 8.617, "2008-09-30": 8.758, "2008-06-30": 8.654, "2008-03-31": "8.65400", "2007-12-31": 10.483, "2007-09-30": 6.731, "2007-06-30": 6.552, "2007-03-31": "6.48500", "2006-12-31": 6.126, "2006-09-30": 5.969, "2006-06-30": 5.837, "2006-03-31": "5.87200", "2005-12-31": 5.906, "2005-09-30": 5.767, "2005-06-30": 5.599, "2005-03-31": "5.63400"}, "Other Non-Cash Items": {"2020-09-30": 25.914, "2020-06-30": 58.824, "2020-03-31": "9.52700", "2019-12-31": 8.973, "2019-09-30": 1.073, "2019-06-30": 9.069, "2019-03-31": "7.71900", "2018-12-31": 11.011, "2018-09-30": -0.228, "2018-06-30": 10.619, "2018-03-31": "2.56700", "2017-12-31": -38.166, "2017-09-30": 6.192, "2017-06-30": 66.316, "2017-03-31": "5.66200", "2016-12-31": 5.545, "2016-09-30": 6.165, "2016-06-30": 7.582, "2016-03-31": "2.23900", "2015-12-31": 16.9, "2015-09-30": 5.632, "2015-06-30": 10.121, "2015-03-31": "0.54800", "2014-12-31": 7.381, "2014-09-30": 4.553, "2014-06-30": 4.241, "2014-03-31": "11.82700", "2013-12-31": 9.319, "2013-09-30": -1.843, "2013-06-30": -0.123, "2013-03-31": "4.38900", "2012-12-31": 7.246, "2012-09-30": 3.057, "2012-06-30": 3.361, "2012-03-31": "0.78600", "2011-12-31": 15.614, "2011-09-30": -0.275, "2011-06-30": 3.984, "2011-03-31": "7.45300", "2010-12-31": 7.285, "2010-09-30": 2.831, "2010-06-30": 7.37, "2010-03-31": "1.10600", "2009-12-31": 15.429, "2009-09-30": 3.399, "2009-06-30": 6.677, "2009-03-31": "3.58400", "2008-12-31": 6.492, "2008-09-30": 3.51, "2008-06-30": 3.015, "2008-03-31": "1.71500", "2007-12-31": 9.007, "2007-09-30": 0.725, "2007-06-30": 12.716, "2007-03-31": "6.45800", "2006-12-31": 8.168, "2006-09-30": 7.78, "2006-06-30": 10.007, "2006-03-31": "3.29900", "2005-12-31": -1.649, "2005-09-30": 3.325, "2005-06-30": 5.159, "2005-03-31": "2.45100"}, "Total Non-Cash Items": {"2020-09-30": 40.215, "2020-06-30": 73.048, "2020-03-31": "23.46800", "2019-12-31": 23.145, "2019-09-30": 11.737, "2019-06-30": 19.439, "2019-03-31": "18.02400", "2018-12-31": 21.216, "2018-09-30": 9.537, "2018-06-30": 20.686, "2018-03-31": "12.28000", "2017-12-31": -28.77, "2017-09-30": 15.468, "2017-06-30": 75.612, "2017-03-31": "15.06600", "2016-12-31": 14.859, "2016-09-30": 15.441, "2016-06-30": 16.819, "2016-03-31": "11.42400", "2015-12-31": 26.553, "2015-09-30": 14.574, "2015-06-30": 18.916, "2015-03-31": "9.28700", "2014-12-31": 16.25, "2014-09-30": 12.853, "2014-06-30": 13.606, "2014-03-31": "22.58300", "2013-12-31": 20.098, "2013-09-30": 8.828, "2013-06-30": 10.424, "2013-03-31": "15.20500", "2012-12-31": 17.617, "2012-09-30": 13.732, "2012-06-30": 12.878, "2012-03-31": "10.11500", "2011-12-31": 25.991, "2011-09-30": 9.081, "2011-06-30": 13.359, "2011-03-31": "16.55700", "2010-12-31": 17.043, "2010-09-30": 12.196, "2010-06-30": 16.606, "2010-03-31": "9.52500", "2009-12-31": 24.87, "2009-09-30": 12.039, "2009-06-30": 15.274, "2009-03-31": "12.05700", "2008-12-31": 15.109, "2008-09-30": 12.268, "2008-06-30": 11.669, "2008-03-31": "10.36900", "2007-12-31": 19.49, "2007-09-30": 7.456, "2007-06-30": 19.268, "2007-03-31": "12.94300", "2006-12-31": 14.294, "2006-09-30": 13.749, "2006-06-30": 15.844, "2006-03-31": "9.17100", "2005-12-31": 4.257, "2005-09-30": 9.092, "2005-06-30": 10.758, "2005-03-31": "8.08500"}, "Change In Accounts Receivable": {"2020-09-30": 21.297, "2020-06-30": 0.427, "2020-03-31": "6.26900", "2019-12-31": -29.805, "2019-09-30": 27.171, "2019-06-30": -16.532, "2019-03-31": "-0.08100", "2018-12-31": -10.207, "2018-09-30": 10.694, "2018-06-30": -7.648, "2018-03-31": "1.59100", "2017-12-31": -26.462, "2017-09-30": 21.73, "2017-06-30": -12.168, "2017-03-31": "17.97200", "2016-12-31": -50.203, "2016-09-30": 8.9, "2016-06-30": 40.211, "2016-03-31": "-41.05000", "2015-12-31": 14.242, "2015-09-30": -7.928, "2015-06-30": 22.744, "2015-03-31": "-24.92600", "2014-12-31": 4.242, "2014-09-30": -43.245, "2014-06-30": 20.918, "2014-03-31": "-27.70000", "2013-12-31": -14.302, "2013-09-30": -6.452, "2013-06-30": 48.451, "2013-03-31": "-36.70600", "2012-12-31": 5.988, "2012-09-30": -21.866, "2012-06-30": 26.406, "2012-03-31": "-34.94900", "2011-12-31": 32.887, "2011-09-30": 3.28, "2011-06-30": -27.194, "2011-03-31": "17.92300", "2010-12-31": -9.128, "2010-09-30": -6.359, "2010-06-30": -16.724, "2010-03-31": "-36.44500", "2009-12-31": 50.69, "2009-09-30": -5.361, "2009-06-30": 0.824, "2009-03-31": "-12.39900", "2008-12-31": -12.505, "2008-09-30": 10.498, "2008-06-30": -16.764, "2008-03-31": "12.11200", "2007-12-31": -23.095, "2007-09-30": 16.148, "2007-06-30": -16.627, "2007-03-31": "5.27500", "2006-12-31": 7.729, "2006-09-30": -14.332, "2006-06-30": -25.562, "2006-03-31": "19.63800", "2005-12-31": -8.881, "2005-09-30": -1.611, "2005-06-30": -4.906, "2005-03-31": "-18.74700"}, "Change In Inventories": {"2020-09-30": -0.079, "2020-06-30": -0.154, "2020-03-31": "0.14900", "2019-12-31": -0.108, "2019-09-30": -1.018, "2019-06-30": -0.021, "2019-03-31": "-0.61000", "2018-12-31": 0.078, "2018-09-30": -0.067, "2018-06-30": -0.422, "2018-03-31": "0.06000", "2017-12-31": 0.324, "2017-09-30": -0.04, "2017-06-30": -0.185, "2017-03-31": "0.32200", "2016-12-31": 0.346, "2016-09-30": 0.019, "2016-06-30": -0.018, "2016-03-31": "0.21200", "2015-12-31": 0.231, "2015-09-30": -0.295, "2015-06-30": -0.08, "2015-03-31": "0.00200", "2014-12-31": 0.217, "2014-09-30": 0.471, "2014-06-30": -0.18, "2014-03-31": "0.02700", "2013-12-31": 0.026, "2013-09-30": -0.573, "2013-06-30": 0.403, "2013-03-31": "0.49900", "2012-12-31": 0.581, "2012-09-30": 0.507, "2012-06-30": 0.322, "2012-03-31": "0.20000", "2011-12-31": 0.22, "2011-09-30": -0.206, "2011-06-30": -0.715, "2011-03-31": "-0.23900", "2010-12-31": 0.257, "2010-09-30": 0.027, "2010-06-30": -0.369, "2010-03-31": "-0.06600", "2009-12-31": 0.528, "2009-09-30": 0.169, "2009-06-30": -0.154, "2009-03-31": "-0.51400", "2008-12-31": -0.047, "2008-09-30": 0.102, "2008-06-30": -0.11, "2008-03-31": "-0.84300", "2007-12-31": 0.228, "2007-09-30": -0.072, "2007-06-30": 0, "2007-03-31": "-0.17400", "2006-12-31": -0.196, "2006-09-30": -0.171, "2006-06-30": 0.514, "2006-03-31": "-0.22500", "2005-12-31": 0.753, "2005-09-30": 0.057, "2005-06-30": -0.297, "2005-03-31": "0.00700"}, "Change In Accounts Payable": {"2020-09-30": 21.223, "2020-06-30": 20.34, "2020-03-31": "-7.03700", "2019-12-31": -0.205, "2019-09-30": 32.797, "2019-06-30": -4.523, "2019-03-31": "0.34800", "2018-12-31": -3.247, "2018-09-30": 27.091, "2018-06-30": -6.998, "2018-03-31": "-7.91100", "2017-12-31": 10.442, "2017-09-30": 9.379, "2017-06-30": 3.835, "2017-03-31": "-10.76600", "2016-12-31": 6.362, "2016-09-30": -0.592, "2016-06-30": 2.688, "2016-03-31": "-7.56700", "2015-12-31": -4.94, "2015-09-30": 7.27, "2015-06-30": 7.684, "2015-03-31": "-9.53800", "2014-12-31": 3.376, "2014-09-30": 3.904, "2014-06-30": -1.023, "2014-03-31": "-32.56100", "2013-12-31": -9.107, "2013-09-30": 34.246, "2013-06-30": 15.419, "2013-03-31": "-0.69800", "2012-12-31": 0.5, "2012-09-30": 8.047, "2012-06-30": 0.301, "2012-03-31": "-3.89400", "2011-12-31": -4.051, "2011-09-30": 9.257, "2011-06-30": 5.534, "2011-03-31": "-12.13700", "2010-12-31": 1.331, "2010-09-30": 9.444, "2010-06-30": 3.416, "2010-03-31": "-0.38100", "2009-12-31": -3.525, "2009-09-30": -0.579, "2009-06-30": 3.895, "2009-03-31": "-7.90000", "2008-12-31": 6.46, "2008-09-30": 1.373, "2008-06-30": 3.431, "2008-03-31": "-5.67900", "2007-12-31": 1.457, "2007-09-30": 4.921, "2007-06-30": -5.703, "2007-03-31": "-9.09100", "2006-12-31": 8.306, "2006-09-30": -3.234, "2006-06-30": -4.629, "2006-03-31": "-13.46000", "2005-12-31": 36.015, "2005-09-30": -0.911, "2005-06-30": 7.135, "2005-03-31": "-9.80800"}, "Change In Assets/Liabilities": {"2020-09-30": 2.303, "2020-06-30": -0.832, "2020-03-31": "0.42700", "2019-12-31": 4.755, "2019-09-30": -3.064, "2019-06-30": -2.302, "2019-03-31": "2.01800", "2018-12-31": -0.678, "2018-09-30": -2.654, "2018-06-30": -1.24, "2018-03-31": "0.53500", "2017-12-31": -0.044, "2017-09-30": -0.759, "2017-06-30": -2.227, "2017-03-31": "1.69300", "2016-12-31": -1.812, "2016-09-30": -1.17, "2016-06-30": -2.021, "2016-03-31": "-0.08400", "2015-12-31": -4.894, "2015-09-30": -4.441, "2015-06-30": -4.895, "2015-03-31": "1.31600", "2014-12-31": 2.297, "2014-09-30": 6.366, "2014-06-30": -2.627, "2014-03-31": "-0.09100", "2013-12-31": -0.251, "2013-09-30": -4.621, "2013-06-30": -2.232, "2013-03-31": "-2.57600", "2012-12-31": -1.723, "2012-09-30": -0.904, "2012-06-30": -0.346, "2012-03-31": "2.93200", "2011-12-31": -4.8, "2011-09-30": 4.995, "2011-06-30": -2.683, "2011-03-31": "-1.40300", "2010-12-31": -2.207, "2010-09-30": 1.59, "2010-06-30": -2.105, "2010-03-31": "1.70500", "2009-12-31": -2.229, "2009-09-30": -0.975, "2009-06-30": -1.747, "2009-03-31": "1.46200", "2008-12-31": -4.216, "2008-09-30": 1.993, "2008-06-30": -0.677, "2008-03-31": "1.03500", "2007-12-31": -1.005, "2007-09-30": 1.593, "2007-06-30": -1.378, "2007-03-31": "-0.01200", "2006-12-31": 0.531, "2006-09-30": 6.04, "2006-06-30": -1.492, "2006-03-31": "-3.30300", "2005-12-31": -3.884, "2005-09-30": 1.642, "2005-06-30": -0.634, "2005-03-31": "0.71500"}, "Total Change In Assets/Liabilities": {"2020-09-30": 16.653, "2020-06-30": 33.347, "2020-03-31": "9.96700", "2019-12-31": -25.121, "2019-09-30": 58.054, "2019-06-30": -34.846, "2019-03-31": "10.89400", "2018-12-31": -19.014, "2018-09-30": 48.786, "2018-06-30": -19.814, "2018-03-31": "7.91700", "2017-12-31": -54.276, "2017-09-30": 39.76, "2017-06-30": -22.418, "2017-03-31": "23.87600", "2016-12-31": -40.008, "2016-09-30": 12.635, "2016-06-30": 24.521, "2016-03-31": "-29.04100", "2015-12-31": 1.934, "2015-09-30": 0.039, "2015-06-30": 11.373, "2015-03-31": "-21.45000", "2014-12-31": 13.225, "2014-09-30": -31.542, "2014-06-30": 18.99, "2014-03-31": "-55.00300", "2013-12-31": -28.018, "2013-09-30": 24.932, "2013-06-30": 51.493, "2013-03-31": "-29.34200", "2012-12-31": 10.074, "2012-09-30": -11.895, "2012-06-30": 10.122, "2012-03-31": "-20.17900", "2011-12-31": 14.711, "2011-09-30": 25.841, "2011-06-30": -31.059, "2011-03-31": "13.88300", "2010-12-31": -11.651, "2010-09-30": 4.529, "2010-06-30": -22.835, "2010-03-31": "-21.23200", "2009-12-31": 37.43, "2009-09-30": 6.178, "2009-06-30": -14.505, "2009-03-31": "-6.29500", "2008-12-31": -10.755, "2008-09-30": 18.54, "2008-06-30": -25.7, "2008-03-31": "13.30200", "2007-12-31": -27.919, "2007-09-30": 34.346, "2007-06-30": -33.177, "2007-03-31": "5.53600", "2006-12-31": 26.009, "2006-09-30": -4.542, "2006-06-30": -37.941, "2006-03-31": "11.35400", "2005-12-31": 27.535, "2005-09-30": 3.145, "2005-06-30": 1.673, "2005-03-31": "-20.34900"}, "Cash Flow From Operating Activities": {"2020-09-30": 124.59, "2020-06-30": 188.496, "2020-03-31": "89.32600", "2019-12-31": 63.604, "2019-09-30": 128.738, "2019-06-30": 35.322, "2019-03-31": "73.58500", "2018-12-31": 56.53, "2018-09-30": 109.572, "2018-06-30": 55.843, "2018-03-31": "65.19300", "2017-12-31": -28.494, "2017-09-30": 90.665, "2017-06-30": 31.538, "2017-03-31": "68.78600", "2016-12-31": 7.04, "2016-09-30": 54.905, "2016-06-30": 66.225, "2016-03-31": "7.22300", "2015-12-31": 58.416, "2015-09-30": 43.446, "2015-06-30": 57.264, "2015-03-31": "12.37400", "2014-12-31": 59.27, "2014-09-30": 5.896, "2014-06-30": 56.959, "2014-03-31": "-11.84600", "2013-12-31": 14.989, "2013-09-30": 51.192, "2013-06-30": 76.525, "2013-03-31": "8.14100", "2012-12-31": 54.431, "2012-09-30": 22.682, "2012-06-30": 44.274, "2012-03-31": "10.38100", "2011-12-31": 66.407, "2011-09-30": 56.809, "2011-06-30": 2.586, "2011-03-31": "48.54100", "2010-12-31": 28.022, "2010-09-30": 37.713, "2010-06-30": 12.626, "2010-03-31": "7.65100", "2009-12-31": 80.285, "2009-09-30": 37.427, "2009-06-30": 18.019, "2009-03-31": "25.10100", "2008-12-31": 22.553, "2008-09-30": 47.759, "2008-06-30": 2.24, "2008-03-31": "39.53100", "2007-12-31": 9.441, "2007-09-30": 59.919, "2007-06-30": -4.476, "2007-03-31": "34.70000", "2006-12-31": 57.936, "2006-09-30": 17.168, "2006-06-30": -9.255, "2006-03-31": "32.74000", "2005-12-31": 35.976, "2005-09-30": 26.869, "2005-06-30": 21.316, "2005-03-31": "-4.14800"}, "Net Change In Property, Plant, And Equipment": {"2020-09-30": -10.419, "2020-06-30": -12.354, "2020-03-31": "-19.89700", "2019-12-31": -13.269, "2019-09-30": -11.441, "2019-06-30": -14.446, "2019-03-31": "-13.86600", "2018-12-31": -16.318, "2018-09-30": -12.682, "2018-06-30": -11.224, "2018-03-31": "-12.64800", "2017-12-31": -14.053, "2017-09-30": -22.114, "2017-06-30": -19.113, "2017-03-31": "-9.02000", "2016-12-31": -10.064, "2016-09-30": -9.725, "2016-06-30": -8.51, "2016-03-31": "-11.47300", "2015-12-31": -13.941, "2015-09-30": -11.348, "2015-06-30": -10.293, "2015-03-31": "-8.55300", "2014-12-31": -11.826, "2014-09-30": -12.291, "2014-06-30": -11.323, "2014-03-31": "-8.13100", "2013-12-31": -10.437, "2013-09-30": -6.687, "2013-06-30": -6.794, "2013-03-31": "-5.40600", "2012-12-31": -8.763, "2012-09-30": -8.015, "2012-06-30": -6.456, "2012-03-31": "-12.01800", "2011-12-31": -6.133, "2011-09-30": -8.499, "2011-06-30": -8.787, "2011-03-31": "-6.17300", "2010-12-31": -6.532, "2010-09-30": -7.165, "2010-06-30": -6.545, "2010-03-31": "-5.39700", "2009-12-31": -8.544, "2009-09-30": -6.312, "2009-06-30": -4.624, "2009-03-31": "-2.01600", "2008-12-31": -12.804, "2008-09-30": -4.259, "2008-06-30": -4.772, "2008-03-31": "-3.87200", "2007-12-31": -6.463, "2007-09-30": -6.168, "2007-06-30": -8.116, "2007-03-31": "-2.78900", "2006-12-31": -5.972, "2006-09-30": -6.607, "2006-06-30": -5.274, "2006-03-31": "-3.78700", "2005-12-31": -6.828, "2005-09-30": -7.39, "2005-06-30": -5.194, "2005-03-31": "-6.16500"}, "Net Change In Intangible Assets": {"2020-09-30": 0, "2020-06-30": 0, "2020-03-31": "", "2019-12-31": 0, "2019-09-30": 0, "2019-06-30": 0, "2019-03-31": "", "2018-12-31": 0, "2018-09-30": 0, "2018-06-30": 0, "2018-03-31": "", "2017-12-31": 0, "2017-09-30": 0, "2017-06-30": 0, "2017-03-31": "", "2016-12-31": 0, "2016-09-30": 0, "2016-06-30": 0, "2016-03-31": "", "2015-12-31": 0, "2015-09-30": 0, "2015-06-30": 0, "2015-03-31": "", "2014-12-31": 0, "2014-09-30": 0, "2014-06-30": 0, "2014-03-31": "", "2013-12-31": 0, "2013-09-30": 0, "2013-06-30": 0, "2013-03-31": "", "2012-12-31": 0, "2012-09-30": 0, "2012-06-30": 0, "2012-03-31": "", "2011-12-31": 0, "2011-09-30": 0, "2011-06-30": 0, "2011-03-31": "", "2010-12-31": 0, "2010-09-30": 0, "2010-06-30": 0, "2010-03-31": "", "2009-12-31": 0, "2009-09-30": 0, "2009-06-30": 0, "2009-03-31": "", "2008-12-31": 0, "2008-09-30": 0, "2008-06-30": 0, "2008-03-31": "", "2007-12-31": 0, "2007-09-30": 0, "2007-06-30": 0, "2007-03-31": "", "2006-12-31": 0, "2006-09-30": 0, "2006-06-30": 0, "2006-03-31": "", "2005-12-31": 0, "2005-09-30": 0, "2005-06-30": 0, "2005-03-31": ""}, "Net Acquisitions/Divestitures": {"2020-09-30": 0, "2020-06-30": -2.148, "2020-03-31": "-1.45200", "2019-12-31": 0, "2019-09-30": -138.01, "2019-06-30": 0, "2019-03-31": "", "2018-12-31": -40.302, "2018-09-30": -11, "2018-06-30": -0.425, "2018-03-31": "-1.45000", "2017-12-31": -4.2, "2017-09-30": 0, "2017-06-30": -0.525, "2017-03-31": "", "2016-12-31": 0, "2016-09-30": 0, "2016-06-30": 0, "2016-03-31": "", "2015-12-31": 0, "2015-09-30": 0, "2015-06-30": -6.614, "2015-03-31": "", "2014-12-31": 0, "2014-09-30": 0, "2014-06-30": 0, "2014-03-31": "-0.25000", "2013-12-31": -0.047, "2013-09-30": -0.709, "2013-06-30": -1.501, "2013-03-31": "", "2012-12-31": 0, "2012-09-30": -4.4, "2012-06-30": -1.085, "2012-03-31": "-0.41500", "2011-12-31": 0.025, "2011-09-30": 0, "2011-06-30": -3.689, "2011-03-31": "", "2010-12-31": -9.439, "2010-09-30": 0, "2010-06-30": -0.03, "2010-03-31": "", "2009-12-31": -0.06, "2009-09-30": 0, "2009-06-30": 0.085, "2009-03-31": "-1.94400", "2008-12-31": -18.602, "2008-09-30": -1.46, "2008-06-30": -0.694, "2008-03-31": "9.55600", "2007-12-31": 0.719, "2007-09-30": -1.233, "2007-06-30": -2.091, "2007-03-31": "-3.87600", "2006-12-31": -0.218, "2006-09-30": -1.045, "2006-06-30": -1.736, "2006-03-31": "-2.06800", "2005-12-31": -2.707, "2005-09-30": -1.852, "2005-06-30": -5.755, "2005-03-31": "-5.21800"}, "Net Change In Short-term Investments": {"2020-09-30": 0, "2020-06-30": 0, "2020-03-31": "", "2019-12-31": 0, "2019-09-30": 0, "2019-06-30": 0, "2019-03-31": "", "2018-12-31": 0, "2018-09-30": 0, "2018-06-30": 0, "2018-03-31": "", "2017-12-31": 0, "2017-09-30": 0, "2017-06-30": 0, "2017-03-31": "", "2016-12-31": 0, "2016-09-30": 0, "2016-06-30": 0, "2016-03-31": "", "2015-12-31": 0, "2015-09-30": 0, "2015-06-30": 0, "2015-03-31": "", "2014-12-31": 0, "2014-09-30": 0, "2014-06-30": 0, "2014-03-31": "", "2013-12-31": 0, "2013-09-30": 0, "2013-06-30": 0, "2013-03-31": "", "2012-12-31": 0, "2012-09-30": 0, "2012-06-30": 0, "2012-03-31": "", "2011-12-31": 0, "2011-09-30": 0, "2011-06-30": 0, "2011-03-31": "", "2010-12-31": 0, "2010-09-30": 0, "2010-06-30": 0, "2010-03-31": "", "2009-12-31": 0, "2009-09-30": 0, "2009-06-30": 0, "2009-03-31": "", "2008-12-31": 0, "2008-09-30": 0, "2008-06-30": 0, "2008-03-31": "", "2007-12-31": 0, "2007-09-30": 0, "2007-06-30": 0, "2007-03-31": "", "2006-12-31": 0, "2006-09-30": 0, "2006-06-30": 0, "2006-03-31": "", "2005-12-31": 0, "2005-09-30": 0, "2005-06-30": 0, "2005-03-31": ""}, "Net Change In Long-Term Investments": {"2020-09-30": 0, "2020-06-30": 0, "2020-03-31": "", "2019-12-31": 0, "2019-09-30": 0, "2019-06-30": 0, "2019-03-31": "", "2018-12-31": 0, "2018-09-30": 0, "2018-06-30": 0, "2018-03-31": "", "2017-12-31": 0, "2017-09-30": 0, "2017-06-30": 0, "2017-03-31": "", "2016-12-31": 0, "2016-09-30": 0, "2016-06-30": 0, "2016-03-31": "", "2015-12-31": 0, "2015-09-30": 0, "2015-06-30": 0, "2015-03-31": "", "2014-12-31": 0, "2014-09-30": 0, "2014-06-30": 0, "2014-03-31": "", "2013-12-31": 0, "2013-09-30": 0, "2013-06-30": 0, "2013-03-31": "", "2012-12-31": 0, "2012-09-30": 0, "2012-06-30": 0, "2012-03-31": "", "2011-12-31": 0, "2011-09-30": 0, "2011-06-30": 0, "2011-03-31": "", "2010-12-31": 0, "2010-09-30": 0, "2010-06-30": 0, "2010-03-31": "", "2009-12-31": 0, "2009-09-30": 0, "2009-06-30": 0, "2009-03-31": "", "2008-12-31": 0, "2008-09-30": 0, "2008-06-30": 0, "2008-03-31": "", "2007-12-31": 0, "2007-09-30": 0, "2007-06-30": 0, "2007-03-31": "", "2006-12-31": 0, "2006-09-30": 0, "2006-06-30": 0, "2006-03-31": "", "2005-12-31": 0, "2005-09-30": 0, "2005-06-30": 0, "2005-03-31": ""}, "Net Change In Investments - Total": {"2020-09-30": 0, "2020-06-30": 0, "2020-03-31": "", "2019-12-31": 0, "2019-09-30": 0, "2019-06-30": 0, "2019-03-31": "", "2018-12-31": 0, "2018-09-30": 0, "2018-06-30": 0, "2018-03-31": "", "2017-12-31": 0, "2017-09-30": 0, "2017-06-30": 0, "2017-03-31": "", "2016-12-31": 0, "2016-09-30": 0, "2016-06-30": 0, "2016-03-31": "", "2015-12-31": 0, "2015-09-30": 0, "2015-06-30": 0, "2015-03-31": "", "2014-12-31": 0, "2014-09-30": 0, "2014-06-30": 0, "2014-03-31": "", "2013-12-31": 0, "2013-09-30": 0, "2013-06-30": 0, "2013-03-31": "", "2012-12-31": 0, "2012-09-30": 0, "2012-06-30": 0, "2012-03-31": "", "2011-12-31": 0, "2011-09-30": 0, "2011-06-30": 0, "2011-03-31": "", "2010-12-31": 0, "2010-09-30": 0, "2010-06-30": 0, "2010-03-31": "", "2009-12-31": 0, "2009-09-30": 0, "2009-06-30": 0, "2009-03-31": "", "2008-12-31": 0, "2008-09-30": 0, "2008-06-30": 0, "2008-03-31": "", "2007-12-31": 0, "2007-09-30": 0, "2007-06-30": 0, "2007-03-31": "", "2006-12-31": 0, "2006-09-30": 0, "2006-06-30": 0, "2006-03-31": "", "2005-12-31": 0, "2005-09-30": 0, "2005-06-30": 0, "2005-03-31": ""}, "Investing Activities - Other": {"2020-09-30": 0.199, "2020-06-30": 0.617, "2020-03-31": "-0.14400", "2019-12-31": 0.171, "2019-09-30": 0.238, "2019-06-30": -0.069, "2019-03-31": "-0.06800", "2018-12-31": 0.344, "2018-09-30": -0.053, "2018-06-30": 0.352, "2018-03-31": "0.18100", "2017-12-31": 1.301, "2017-09-30": 0.029, "2017-06-30": 0.157, "2017-03-31": "-0.07000", "2016-12-31": 0.024, "2016-09-30": -0.328, "2016-06-30": 0.061, "2016-03-31": "0.15300", "2015-12-31": 0.036, "2015-09-30": 0.001, "2015-06-30": 0.044, "2015-03-31": "0.35100", "2014-12-31": 0.105, "2014-09-30": -0.003, "2014-06-30": 0.163, "2014-03-31": "0.02900", "2013-12-31": 0.096, "2013-09-30": 0.038, "2013-06-30": 0.023, "2013-03-31": "0.07800", "2012-12-31": -0.06, "2012-09-30": 0.171, "2012-06-30": 0.046, "2012-03-31": "0.31100", "2011-12-31": -0.029, "2011-09-30": 0.04, "2011-06-30": -0.76, "2011-03-31": "-0.10900", "2010-12-31": -0.144, "2010-09-30": -0.251, "2010-06-30": -0.04, "2010-03-31": "-0.15700", "2009-12-31": 1.523, "2009-09-30": -0.475, "2009-06-30": -0.323, "2009-03-31": "-0.15200", "2008-12-31": 8.701, "2008-09-30": -0.115, "2008-06-30": -0.184, "2008-03-31": "-0.12200", "2007-12-31": -0.286, "2007-09-30": -0.851, "2007-06-30": -0.203, "2007-03-31": "-0.36100", "2006-12-31": -0.22, "2006-09-30": -0.195, "2006-06-30": -0.305, "2006-03-31": "-0.30500", "2005-12-31": -0.401, "2005-09-30": -0.125, "2005-06-30": 0.029, "2005-03-31": "-0.13600"}, "Cash Flow From Investing Activities": {"2020-09-30": -10.22, "2020-06-30": -13.885, "2020-03-31": "-21.49300", "2019-12-31": -13.098, "2019-09-30": -149.213, "2019-06-30": -14.515, "2019-03-31": "-13.93400", "2018-12-31": -56.276, "2018-09-30": -23.735, "2018-06-30": -11.297, "2018-03-31": "-13.91700", "2017-12-31": -16.952, "2017-09-30": -22.085, "2017-06-30": -19.481, "2017-03-31": "-9.09000", "2016-12-31": -10.04, "2016-09-30": -10.053, "2016-06-30": -8.449, "2016-03-31": "-11.32000", "2015-12-31": -13.905, "2015-09-30": -11.347, "2015-06-30": -16.863, "2015-03-31": "-8.20200", "2014-12-31": -11.721, "2014-09-30": -12.294, "2014-06-30": -11.16, "2014-03-31": "-8.35200", "2013-12-31": -10.388, "2013-09-30": -7.358, "2013-06-30": -8.272, "2013-03-31": "-5.32800", "2012-12-31": -8.823, "2012-09-30": -12.244, "2012-06-30": -7.495, "2012-03-31": "-12.12200", "2011-12-31": -6.137, "2011-09-30": -8.459, "2011-06-30": -13.236, "2011-03-31": "-6.28200", "2010-12-31": -16.115, "2010-09-30": -7.416, "2010-06-30": -6.615, "2010-03-31": "-5.55400", "2009-12-31": -7.081, "2009-09-30": -6.787, "2009-06-30": -4.862, "2009-03-31": "-4.11200", "2008-12-31": -22.705, "2008-09-30": -5.834, "2008-06-30": -5.65, "2008-03-31": "5.56200", "2007-12-31": -6.03, "2007-09-30": -8.252, "2007-06-30": -10.41, "2007-03-31": "-7.02600", "2006-12-31": -6.41, "2006-09-30": -7.847, "2006-06-30": -7.315, "2006-03-31": "-6.16000", "2005-12-31": -9.936, "2005-09-30": -9.367, "2005-06-30": -10.92, "2005-03-31": "-11.51900"}, "Net Long-Term Debt": {"2020-09-30": 0, "2020-06-30": -160, "2020-03-31": "70.00000", "2019-12-31": -40, "2019-09-30": 45, "2019-06-30": -15, "2019-03-31": "10.80000", "2018-12-31": -40.8, "2018-09-30": 26.6, "2018-06-30": -39.1, "2018-03-31": "41.30000", "2017-12-31": 18.7, "2017-09-30": -42.5, "2017-06-30": -21.875, "2017-03-31": "38.12500", "2016-12-31": -1.875, "2016-09-30": -36.875, "2016-06-30": 2.625, "2016-03-31": "53.62500", "2015-12-31": -46.875, "2015-09-30": -21.875, "2015-06-30": -1.25, "2015-03-31": "13.75000", "2014-12-31": -26.05, "2014-09-30": 13.55, "2014-06-30": -26.956, "2014-03-31": "", "2013-12-31": 0, "2013-09-30": 0, "2013-06-30": 0, "2013-03-31": "", "2012-12-31": 0, "2012-09-30": 0, "2012-06-30": 0, "2012-03-31": "", "2011-12-31": 0, "2011-09-30": 0, "2011-06-30": 0, "2011-03-31": "", "2010-12-31": 0, "2010-09-30": 0, "2010-06-30": 0, "2010-03-31": "", "2009-12-31": -0.07, "2009-09-30": -5, "2009-06-30": 1.2, "2009-03-31": "-10.79900", "2008-12-31": -11.118, "2008-09-30": -2.5, "2008-06-30": -2.5, "2008-03-31": "-2.59500", "2007-12-31": -11.753, "2007-09-30": -30.001, "2007-06-30": 114.498, "2007-03-31": "-0.14100", "2006-12-31": -0.063, "2006-09-30": -0.001, "2006-06-30": -0.002, "2006-03-31": "-84.49700", "2005-12-31": -0.347, "2005-09-30": -0.267, "2005-06-30": -0.298, "2005-03-31": "-55.68000"}, "Net Current Debt": {"2020-09-30": 0, "2020-06-30": 0, "2020-03-31": "-9.84900", "2019-12-31": 3.608, "2019-09-30": -9.245, "2019-06-30": 15.013, "2019-03-31": "-13.30300", "2018-12-31": 13.776, "2018-09-30": -14.596, "2018-06-30": 5.96, "2018-03-31": "-6.67100", "2017-12-31": 14.839, "2017-09-30": -7.049, "2017-06-30": 7.517, "2017-03-31": "-8.60700", "2016-12-31": -2.828, "2016-09-30": 7.532, "2016-06-30": -12.501, "2016-03-31": "7.06100", "2015-12-31": 0.568, "2015-09-30": 5.046, "2015-06-30": -5.263, "2015-03-31": "-1.52800", "2014-12-31": -12.519, "2014-09-30": 22.712, "2014-06-30": -0.848, "2014-03-31": "0.36900", "2013-12-31": -0.487, "2013-09-30": 0.68, "2013-06-30": -8.443, "2013-03-31": "-3.16500", "2012-12-31": 5.223, "2012-09-30": -4.284, "2012-06-30": 0.759, "2012-03-31": "0.22600", "2011-12-31": -3.123, "2011-09-30": 10.111, "2011-06-30": 0.496, "2011-03-31": "-8.31000", "2010-12-31": -0.397, "2010-09-30": 1.13, "2010-06-30": -0.098, "2010-03-31": "-1.21600", "2009-12-31": 1.948, "2009-09-30": 1.724, "2009-06-30": -8.639, "2009-03-31": "-0.34200", "2008-12-31": 9.257, "2008-09-30": -9.558, "2008-06-30": 8.608, "2008-03-31": "-0.96300", "2007-12-31": -3.48, "2007-09-30": -11.066, "2007-06-30": -39.865, "2007-03-31": "-1.60800", "2006-12-31": -14.974, "2006-09-30": -4.852, "2006-06-30": -22.389, "2006-03-31": "44.78600", "2005-12-31": -3.932, "2005-09-30": 3.337, "2005-06-30": -0.676, "2005-03-31": "8.02300"}, "Debt Issuance/Retirement Net - Total": {"2020-09-30": 0, "2020-06-30": -160, "2020-03-31": "60.15100", "2019-12-31": -36.392, "2019-09-30": 35.755, "2019-06-30": 0.013, "2019-03-31": "-2.50300", "2018-12-31": -27.024, "2018-09-30": 12.004, "2018-06-30": -33.14, "2018-03-31": "34.62900", "2017-12-31": 33.539, "2017-09-30": -49.549, "2017-06-30": -14.358, "2017-03-31": "29.51800", "2016-12-31": -4.703, "2016-09-30": -29.343, "2016-06-30": -9.876, "2016-03-31": "60.68600", "2015-12-31": -46.307, "2015-09-30": -16.829, "2015-06-30": -6.513, "2015-03-31": "12.22200", "2014-12-31": -38.569, "2014-09-30": 36.262, "2014-06-30": -27.804, "2014-03-31": "0.36900", "2013-12-31": -0.487, "2013-09-30": 0.68, "2013-06-30": -8.443, "2013-03-31": "-3.16500", "2012-12-31": 5.223, "2012-09-30": -4.284, "2012-06-30": 0.759, "2012-03-31": "0.22600", "2011-12-31": -3.123, "2011-09-30": 10.111, "2011-06-30": 0.496, "2011-03-31": "-8.31000", "2010-12-31": -0.397, "2010-09-30": 1.13, "2010-06-30": -0.098, "2010-03-31": "-1.21600", "2009-12-31": 1.878, "2009-09-30": -3.276, "2009-06-30": -7.439, "2009-03-31": "-11.14100", "2008-12-31": -1.861, "2008-09-30": -12.058, "2008-06-30": 6.108, "2008-03-31": "-3.55800", "2007-12-31": -15.233, "2007-09-30": -41.067, "2007-06-30": 74.633, "2007-03-31": "-1.74900", "2006-12-31": -15.037, "2006-09-30": -4.853, "2006-06-30": -22.391, "2006-03-31": "-39.71100", "2005-12-31": -4.279, "2005-09-30": 3.07, "2005-06-30": -0.974, "2005-03-31": "-47.65700"}, "Net Common Equity Issued/Repurchased": {"2020-09-30": -16.779, "2020-06-30": -18.608, "2020-03-31": "-98.94500", "2019-12-31": -12.074, "2019-09-30": -4.358, "2019-06-30": -21.7, "2019-03-31": "-48.59300", "2018-12-31": -30.36, "2018-09-30": -38.543, "2018-06-30": -6.538, "2018-03-31": "-78.57900", "2017-12-31": 8.881, "2017-09-30": -10.271, "2017-06-30": -27.01, "2017-03-31": "-53.37100", "2016-12-31": 2.075, "2016-09-30": -8.772, "2016-06-30": -42.374, "2016-03-31": "-53.59300", "2015-12-31": -22.918, "2015-09-30": -9.121, "2015-06-30": -27.029, "2015-03-31": "-0.56500", "2014-12-31": -10.535, "2014-09-30": -37.157, "2014-06-30": -25.884, "2014-03-31": "-22.70500", "2013-12-31": -0.371, "2013-09-30": -70.607, "2013-06-30": -16.938, "2013-03-31": "6.77900", "2012-12-31": -47.935, "2012-09-30": 4.636, "2012-06-30": -8.724, "2012-03-31": "-0.38900", "2011-12-31": -37.541, "2011-09-30": -84.525, "2011-06-30": 2.829, "2011-03-31": "-20.61300", "2010-12-31": -97.46, "2010-09-30": 0.131, "2010-06-30": -6.83, "2010-03-31": "0.15600", "2009-12-31": -2.482, "2009-09-30": -0.74, "2009-06-30": -0.295, "2009-03-31": "-0.16300", "2008-12-31": -0.361, "2008-09-30": -23.345, "2008-06-30": -29.528, "2008-03-31": "-16.26300", "2007-12-31": -0.793, "2007-09-30": 0.235, "2007-06-30": -76.866, "2007-03-31": "-24.19900", "2006-12-31": -11.625, "2006-09-30": -4.256, "2006-06-30": -0.185, "2006-03-31": "0.04200", "2005-12-31": -0.693, "2005-09-30": 0.427, "2005-06-30": 1.817, "2005-03-31": "3.37500"}, "Net Total Equity Issued/Repurchased": {"2020-09-30": -16.779, "2020-06-30": -18.608, "2020-03-31": "-98.94500", "2019-12-31": -12.074, "2019-09-30": -4.358, "2019-06-30": -21.7, "2019-03-31": "-48.59300", "2018-12-31": -30.36, "2018-09-30": -38.543, "2018-06-30": -6.538, "2018-03-31": "-78.57900", "2017-12-31": 8.881, "2017-09-30": -10.271, "2017-06-30": -27.01, "2017-03-31": "-53.37100", "2016-12-31": 2.075, "2016-09-30": -8.772, "2016-06-30": -42.374, "2016-03-31": "-53.59300", "2015-12-31": -22.918, "2015-09-30": -9.121, "2015-06-30": -27.029, "2015-03-31": "-0.56500", "2014-12-31": -10.535, "2014-09-30": -37.157, "2014-06-30": -25.884, "2014-03-31": "-22.70500", "2013-12-31": -0.371, "2013-09-30": -70.607, "2013-06-30": -16.938, "2013-03-31": "6.77900", "2012-12-31": -47.935, "2012-09-30": 4.636, "2012-06-30": -8.724, "2012-03-31": "-0.38900", "2011-12-31": -37.541, "2011-09-30": -84.525, "2011-06-30": 2.829, "2011-03-31": "-20.61300", "2010-12-31": -97.46, "2010-09-30": 0.131, "2010-06-30": -6.83, "2010-03-31": "0.15600", "2009-12-31": -2.482, "2009-09-30": -0.74, "2009-06-30": -0.295, "2009-03-31": "-0.16300", "2008-12-31": -0.361, "2008-09-30": -23.345, "2008-06-30": -29.528, "2008-03-31": "-16.26300", "2007-12-31": -0.793, "2007-09-30": 0.235, "2007-06-30": -76.866, "2007-03-31": "-24.19900", "2006-12-31": -11.625, "2006-09-30": -4.256, "2006-06-30": -0.185, "2006-03-31": "0.04200", "2005-12-31": -0.693, "2005-09-30": 0.427, "2005-06-30": 1.817, "2005-03-31": "3.37500"}, "Total Common And Preferred Stock Dividends Paid": {"2020-09-30": -5.401, "2020-06-30": -5.108, "2020-03-31": "-5.13000", "2019-12-31": -5.131, "2019-09-30": -5.09, "2019-06-30": -4.768, "2019-03-31": "-4.79900", "2018-12-31": -4.812, "2018-09-30": -4.834, "2018-06-30": -4.483, "2018-03-31": "-4.53300", "2017-12-31": -4.492, "2017-09-30": -4.483, "2017-06-30": -4.145, "2017-03-31": "-4.25100", "2016-12-31": -4.224, "2016-09-30": -4.176, "2016-06-30": -3.958, "2016-03-31": "-4.08100", "2015-12-31": -4.063, "2015-09-30": -4.083, "2015-06-30": -3.716, "2015-03-31": "-3.74300", "2014-12-31": -3.697, "2014-09-30": -3.801, "2014-06-30": -3.454, "2014-03-31": "-3.30300", "2013-12-31": -3.689, "2013-09-30": -3.684, "2013-06-30": -3.408, "2013-03-31": "-3.36700", "2012-12-31": -3.385, "2012-09-30": -3.481, "2012-06-30": -3.088, "2012-03-31": "-3.07200", "2011-12-31": -3.145, "2011-09-30": -3.426, "2011-06-30": -2.99, "2011-03-31": "-2.97700", "2010-12-31": -3.199, "2010-09-30": -3.201, "2010-06-30": -2.742, "2010-03-31": "-2.73900", "2009-12-31": -2.728, "2009-09-30": -2.718, "2009-06-30": -1.356, "2009-03-31": "-1.35500", "2008-12-31": -1.191, "2008-09-30": -1.452, "2008-06-30": -1.451, "2008-03-31": "-1.44900", "2007-12-31": -1.447, "2007-09-30": -1.444, "2007-06-30": -1.442, "2007-03-31": "-1.55500", "2006-12-31": -1.583, "2006-09-30": -1.583, "2006-06-30": -1.584, "2006-03-31": "-1.57200", "2005-12-31": -1.561, "2005-09-30": -1.551, "2005-06-30": -1.543, "2005-03-31": "-1.51700"}, "Financial Activities - Other": {"2020-09-30": 0.199, "2020-06-30": 0.53, "2020-03-31": "-1.11600", "2019-12-31": 0.183, "2019-09-30": -0.089, "2019-06-30": 0.203, "2019-03-31": "0.18100", "2018-12-31": -0.686, "2018-09-30": 0.327, "2018-06-30": -1.403, "2018-03-31": "-0.22800", "2017-12-31": -0.232, "2017-09-30": 0.841, "2017-06-30": 0.16, "2017-03-31": "0.14700", "2016-12-31": 3.877, "2016-09-30": 1.25, "2016-06-30": 0.671, "2016-03-31": "1.59300", "2015-12-31": 5.054, "2015-09-30": 3.679, "2015-06-30": 1.227, "2015-03-31": "2.11700", "2014-12-31": 0.822, "2014-09-30": 1.743, "2014-06-30": -0.223, "2014-03-31": "0.89800", "2013-12-31": 1.16, "2013-09-30": -0.066, "2013-06-30": 0.627, "2013-03-31": "0.36500", "2012-12-31": 0.724, "2012-09-30": 2.021, "2012-06-30": 0.026, "2012-03-31": "1.10900", "2011-12-31": 0.278, "2011-09-30": -0.109, "2011-06-30": 1.511, "2011-03-31": "-0.53100", "2010-12-31": 1.609, "2010-09-30": 0.02, "2010-06-30": 0.62, "2010-03-31": "1.40500", "2009-12-31": 0.497, "2009-09-30": 1.509, "2009-06-30": 0.706, "2009-03-31": "-0.09900", "2008-12-31": 0.389, "2008-09-30": 0.209, "2008-06-30": 0.102, "2008-03-31": "0.89300", "2007-12-31": 2.32, "2007-09-30": -0.13, "2007-06-30": -4.107, "2007-03-31": "0.69200", "2006-12-31": 0.579, "2006-09-30": -0.031, "2006-06-30": 1.878, "2006-03-31": "3.19600", "2005-12-31": 0.051, "2005-09-30": 0.257, "2005-06-30": -0.383, "2005-03-31": "-1.42500"}, "Cash Flow From Financial Activities": {"2020-09-30": -21.981, "2020-06-30": -183.186, "2020-03-31": "-45.04000", "2019-12-31": -53.414, "2019-09-30": 26.218, "2019-06-30": -26.252, "2019-03-31": "-55.71400", "2018-12-31": -62.882, "2018-09-30": -31.046, "2018-06-30": -45.564, "2018-03-31": "-48.71100", "2017-12-31": 37.696, "2017-09-30": -63.462, "2017-06-30": -45.353, "2017-03-31": "-27.95700", "2016-12-31": -2.975, "2016-09-30": -41.041, "2016-06-30": -55.537, "2016-03-31": "4.60500", "2015-12-31": -68.234, "2015-09-30": -26.354, "2015-06-30": -36.031, "2015-03-31": "10.03100", "2014-12-31": -51.979, "2014-09-30": -2.953, "2014-06-30": -57.365, "2014-03-31": "-24.74100", "2013-12-31": -3.387, "2013-09-30": -73.677, "2013-06-30": -28.162, "2013-03-31": "0.61200", "2012-12-31": -45.373, "2012-09-30": -1.108, "2012-06-30": -11.027, "2012-03-31": "-2.12600", "2011-12-31": -43.531, "2011-09-30": -77.949, "2011-06-30": 1.846, "2011-03-31": "-32.43100", "2010-12-31": -99.447, "2010-09-30": -1.92, "2010-06-30": -9.05, "2010-03-31": "-2.39400", "2009-12-31": -2.835, "2009-09-30": -5.225, "2009-06-30": -8.384, "2009-03-31": "-12.75800", "2008-12-31": -3.024, "2008-09-30": -36.646, "2008-06-30": -24.769, "2008-03-31": "-20.37700", "2007-12-31": -15.153, "2007-09-30": -42.406, "2007-06-30": -7.782, "2007-03-31": "-26.81100", "2006-12-31": -27.666, "2006-09-30": -10.723, "2006-06-30": -22.282, "2006-03-31": "-38.04500", "2005-12-31": -6.482, "2005-09-30": 2.203, "2005-06-30": -1.083, "2005-03-31": "-47.22400"}, "Net Cash Flow": {"2020-09-30": 92.389, "2020-06-30": -8.575, "2020-03-31": "22.79300", "2019-12-31": -2.908, "2019-09-30": 5.743, "2019-06-30": -5.445, "2019-03-31": "3.93700", "2018-12-31": -62.628, "2018-09-30": 54.791, "2018-06-30": -1.018, "2018-03-31": "2.56500", "2017-12-31": -7.75, "2017-09-30": 5.118, "2017-06-30": -33.296, "2017-03-31": "31.73900", "2016-12-31": -5.975, "2016-09-30": 3.811, "2016-06-30": 2.239, "2016-03-31": "0.50800", "2015-12-31": -23.723, "2015-09-30": 5.745, "2015-06-30": 4.37, "2015-03-31": "14.20300", "2014-12-31": -4.43, "2014-09-30": -9.351, "2014-06-30": -11.566, "2014-03-31": "-44.93900", "2013-12-31": 1.214, "2013-09-30": -29.843, "2013-06-30": 40.091, "2013-03-31": "3.42500", "2012-12-31": 0.235, "2012-09-30": 9.33, "2012-06-30": 25.752, "2012-03-31": "-3.86700", "2011-12-31": 16.739, "2011-09-30": -29.599, "2011-06-30": -8.804, "2011-03-31": "9.82800", "2010-12-31": -87.54, "2010-09-30": 28.377, "2010-06-30": -3.039, "2010-03-31": "-0.29700", "2009-12-31": 70.369, "2009-09-30": 25.415, "2009-06-30": 4.773, "2009-03-31": "8.23100", "2008-12-31": -3.176, "2008-09-30": 5.279, "2008-06-30": -28.179, "2008-03-31": "24.71600", "2007-12-31": -11.742, "2007-09-30": 9.261, "2007-06-30": -22.668, "2007-03-31": "0.86300", "2006-12-31": 23.86, "2006-09-30": -1.402, "2006-06-30": -38.852, "2006-03-31": "-11.46500", "2005-12-31": 19.558, "2005-09-30": 19.705, "2005-06-30": 9.313, "2005-03-31": "-62.89100"}, "Stock-Based Compensation": {"2020-09-30": 4.957, "2020-06-30": 6.997, "2020-03-31": "6.64300", "2019-12-31": 5.658, "2019-09-30": 4.389, "2019-06-30": 5.316, "2019-03-31": "5.20800", "2018-12-31": 4.48, "2018-09-30": 3.289, "2018-06-30": 4.873, "2018-03-31": "5.37400", "2017-12-31": 3.633, "2017-09-30": 2.788, "2017-06-30": 4.01, "2017-03-31": "3.82800", "2016-12-31": 1.994, "2016-09-30": 2.06, "2016-06-30": 3.319, "2016-03-31": "2.25800", "2015-12-31": 4.734, "2015-09-30": 2.177, "2015-06-30": 3.34, "2015-03-31": "2.37800", "2014-12-31": 2.433, "2014-09-30": 1.979, "2014-06-30": 1.757, "2014-03-31": "1.68200", "2013-12-31": 1.93, "2013-09-30": 1.684, "2013-06-30": 2.106, "2013-03-31": "2.10300", "2012-12-31": 1.781, "2012-09-30": 2.397, "2012-06-30": 2.374, "2012-03-31": "1.93800", "2011-12-31": 1.473, "2011-09-30": 2.408, "2011-06-30": 2.562, "2011-03-31": "4.52800", "2010-12-31": 3.978, "2010-09-30": 1.968, "2010-06-30": 3.926, "2010-03-31": "2.05100", "2009-12-31": 6.325, "2009-09-30": 2.214, "2009-06-30": 2.443, "2009-03-31": "2.04200", "2008-12-31": 2.219, "2008-09-30": 2.102, "2008-06-30": 1.591, "2008-03-31": "1.39100", "2007-12-31": 1.591, "2007-09-30": 1.592, "2007-06-30": 2.917, "2007-03-31": "4.71900", "2006-12-31": 1.211, "2006-09-30": 0, "2006-06-30": 0, "2006-03-31": "", "2005-12-31": 2.441, "2005-09-30": 0.286, "2005-06-30": 1.912, "2005-03-31": "1.23400"}, "Common Stock Dividends Paid": {"2020-09-30": -5.401, "2020-06-30": -5.108, "2020-03-31": "-5.13000", "2019-12-31": -5.131, "2019-09-30": -5.09, "2019-06-30": -4.768, "2019-03-31": "-4.79900", "2018-12-31": -4.812, "2018-09-30": -4.834, "2018-06-30": -4.483, "2018-03-31": "-4.53300", "2017-12-31": -4.492, "2017-09-30": -4.483, "2017-06-30": -4.145, "2017-03-31": "-4.25100", "2016-12-31": -4.224, "2016-09-30": -4.176, "2016-06-30": -3.958, "2016-03-31": "-4.08100", "2015-12-31": -4.063, "2015-09-30": -4.083, "2015-06-30": -3.716, "2015-03-31": "-3.74300", "2014-12-31": -3.697, "2014-09-30": -3.801, "2014-06-30": -3.454, "2014-03-31": "-3.30300", "2013-12-31": -3.689, "2013-09-30": -3.684, "2013-06-30": -3.408, "2013-03-31": "-3.36700", "2012-12-31": -3.385, "2012-09-30": -3.481, "2012-06-30": -3.088, "2012-03-31": "-3.07200", "2011-12-31": -3.145, "2011-09-30": -3.426, "2011-06-30": -2.99, "2011-03-31": "-2.97700", "2010-12-31": -3.199, "2010-09-30": -3.201, "2010-06-30": -2.742, "2010-03-31": "-2.73900", "2009-12-31": -2.728, "2009-09-30": -2.718, "2009-06-30": -1.356, "2009-03-31": "-1.35500", "2008-12-31": -1.191, "2008-09-30": -1.452, "2008-06-30": -1.451, "2008-03-31": "-1.44900", "2007-12-31": -1.447, "2007-09-30": -1.444, "2007-06-30": -1.442, "2007-03-31": "-1.55500", "2006-12-31": -1.583, "2006-09-30": -1.583, "2006-06-30": -1.584, "2006-03-31": "-1.57200", "2005-12-31": -1.561, "2005-09-30": -1.551, "2005-06-30": -1.543, "2005-03-31": "-1.51700"}}, "financial ratios": {"Current Ratio": {"2019-12-31": "0.72710", "2018-12-31": "0.83390", "2017-12-31": "0.90970", "2016-12-31": "0.98880", "2015-12-31": "0.88020", "2014-12-31": "0.99440", "2013-12-31": "0.61720", "2012-12-31": "1.26050", "2011-12-31": "1.03680", "2010-12-31": "1.31780", "2009-12-31": "1.45690", "2008-12-31": "0.88230", "2007-12-31": "0.91100", "2006-12-31": "0.97620", "2005-12-31": "1.20890"}, "Long-term Debt / Capital": {"2019-12-31": "0.11020", "2018-12-31": "0.13110", "2017-12-31": "0.14440", "2016-12-31": "0.16020", "2015-12-31": "0.14030", "2014-12-31": "0.23840", "2013-12-31": "", "2012-12-31": "0.27840", "2011-12-31": "0.28730", "2010-12-31": "0.25630", "2009-12-31": "0.24170", "2008-12-31": "0.28500", "2007-12-31": "0.37070", "2006-12-31": "0.26300", "2005-12-31": "0.37860"}, "Debt/Equity Ratio": {"2019-12-31": "0.12390", "2018-12-31": "0.15080", "2017-12-31": "0.18730", "2016-12-31": "0.20750", "2015-12-31": "0.17780", "2014-12-31": "0.32680", "2013-12-31": "0.40890", "2012-12-31": "0.38580", "2011-12-31": "0.40320", "2010-12-31": "0.34460", "2009-12-31": "0.31880", "2008-12-31": "0.42430", "2007-12-31": "0.61710", "2006-12-31": "0.35730", "2005-12-31": "0.61200"}, "Gross Margin": {"2019-12-31": "31.85000", "2018-12-31": "31.13370", "2017-12-31": "30.97050", "2016-12-31": "29.26350", "2015-12-31": "29.53100", "2014-12-31": "28.95110", "2013-12-31": "28.62190", "2012-12-31": "27.74200", "2011-12-31": "28.42880", "2010-12-31": "29.24760", "2009-12-31": "29.88160", "2008-12-31": "29.45270", "2007-12-31": "30.27040", "2006-12-31": "28.32000", "2005-12-31": "29.64010"}, "Operating Margin": {"2019-12-31": "13.27690", "2018-12-31": "13.66690", "2017-12-31": "6.78190", "2016-12-31": "11.33560", "2015-12-31": "11.95150", "2014-12-31": "11.56500", "2013-12-31": "9.43830", "2012-12-31": "10.93810", "2011-12-31": "11.33710", "2010-12-31": "11.20790", "2009-12-31": "10.61510", "2008-12-31": "11.56340", "2007-12-31": "11.15900", "2006-12-31": "10.30630", "2005-12-31": "8.38120"}, "EBIT Margin": {"2019-12-31": "13.27690", "2018-12-31": "13.66690", "2017-12-31": "6.78190", "2016-12-31": "11.33560", "2015-12-31": "11.95150", "2014-12-31": "11.56500", "2013-12-31": "9.43830", "2012-12-31": "10.93810", "2011-12-31": "11.33710", "2010-12-31": "11.20790", "2009-12-31": "10.61510", "2008-12-31": "11.56340", "2007-12-31": "11.15900", "2006-12-31": "10.30630", "2005-12-31": "8.38120"}, "EBITDA Margin": {"2019-12-31": "15.62460", "2018-12-31": "15.89670", "2017-12-31": "9.02410", "2016-12-31": "13.68280", "2015-12-31": "14.29240", "2014-12-31": "14.12560", "2013-12-31": "12.46750", "2012-12-31": "13.72760", "2011-12-31": "14.15510", "2010-12-31": "14.08000", "2009-12-31": "13.56840", "2008-12-31": "14.58210", "2007-12-31": "13.90890", "2006-12-31": "12.64330", "2005-12-31": "10.88190"}, "Pre-Tax Profit Margin": {"2019-12-31": "13.49510", "2018-12-31": "13.44070", "2017-12-31": "7.01480", "2016-12-31": "11.22810", "2015-12-31": "11.67080", "2014-12-31": "11.17600", "2013-12-31": "8.76150", "2012-12-31": "10.19680", "2011-12-31": "10.36570", "2010-12-31": "10.45110", "2009-12-31": "10.13410", "2008-12-31": "10.04440", "2007-12-31": "8.92330", "2006-12-31": "8.86370", "2005-12-31": "5.96700"}, "Net Profit Margin": {"2019-12-31": "11.34470", "2018-12-31": "11.53030", "2017-12-31": "5.89040", "2016-12-31": "6.89610", "2015-12-31": "7.14490", "2014-12-31": "6.81990", "2013-12-31": "5.46420", "2012-12-31": "6.24480", "2011-12-31": "6.34080", "2010-12-31": "6.39030", "2009-12-31": "6.19910", "2008-12-31": "5.85590", "2007-12-31": "5.60340", "2006-12-31": "4.97270", "2005-12-31": "3.91030"}, "Asset Turnover": {"2019-12-31": "1.52840", "2018-12-31": "1.82740", "2017-12-31": "1.81160", "2016-12-31": "1.79180", "2015-12-31": "1.81080", "2014-12-31": "1.69350", "2013-12-31": "1.58140", "2012-12-31": "1.66360", "2011-12-31": "1.70370", "2010-12-31": "1.54250", "2009-12-31": "1.45240", "2008-12-31": "1.51250", "2007-12-31": "1.42800", "2006-12-31": "1.28400", "2005-12-31": "1.09160"}, "Inventory Turnover Ratio": {"2019-12-31": "177.04720", "2018-12-31": "215.18740", "2017-12-31": "215.69780", "2016-12-31": "193.81950", "2015-12-31": "172.25370", "2014-12-31": "167.74850", "2013-12-31": "150.50100", "2012-12-31": "146.40420", "2011-12-31": "111.96170", "2010-12-31": "117.23810", "2009-12-31": "110.64220", "2008-12-31": "107.08770", "2007-12-31": "116.29260", "2006-12-31": "110.99470", "2005-12-31": "99.16540"}, "Receiveable Turnover": {"2019-12-31": "13.47840", "2018-12-31": "14.91710", "2017-12-31": "14.66530", "2016-12-31": "11.94420", "2015-12-31": "14.52440", "2014-12-31": "11.68700", "2013-12-31": "15.40080", "2012-12-31": "15.32190", "2011-12-31": "17.40120", "2010-12-31": "11.33240", "2009-12-31": "22.26360", "2008-12-31": "11.71480", "2007-12-31": "10.87340", "2006-12-31": "10.94240", "2005-12-31": "10.05520"}, "Days Sales In Receivables": {"2019-12-31": "27.08040", "2018-12-31": "24.46860", "2017-12-31": "24.88870", "2016-12-31": "30.55890", "2015-12-31": "25.13020", "2014-12-31": "31.23130", "2013-12-31": "23.70010", "2012-12-31": "23.82200", "2011-12-31": "20.97560", "2010-12-31": "32.20870", "2009-12-31": "16.39450", "2008-12-31": "31.15720", "2007-12-31": "33.56830", "2006-12-31": "33.35640", "2005-12-31": "36.29960"}, "ROE - Return On Equity": {"2019-12-31": "30.26710", "2018-12-31": "34.75940", "2017-12-31": "18.16900", "2016-12-31": "20.74860", "2015-12-31": "21.48530", "2014-12-31": "22.00410", "2013-12-31": "17.20400", "2012-12-31": "19.70130", "2011-12-31": "20.78370", "2010-12-31": "17.71050", "2009-12-31": "15.51610", "2008-12-31": "17.22870", "2007-12-31": "16.58850", "2006-12-31": "13.69890", "2005-12-31": "9.43010"}, "Return On Tangible Equity": {"2019-12-31": "961.57890", "2018-12-31": "1642.90800", "2017-12-31": "1141.32900", "2016-12-31": "-3263.62500", "2015-12-31": "-777.67660", "2014-12-31": "-139.11320", "2013-12-31": "-103.60890", "2012-12-31": "-128.09320", "2011-12-31": "-81.72060", "2010-12-31": "-151.11360", "2009-12-31": "-240.37970", "2008-12-31": "-60.40040", "2007-12-31": "-43.32090", "2006-12-31": "-69.62510", "2005-12-31": "-29.86420"}, "ROA - Return On Assets": {"2019-12-31": "17.33980", "2018-12-31": "21.07000", "2017-12-31": "10.67110", "2016-12-31": "12.35630", "2015-12-31": "12.93800", "2014-12-31": "11.54940", "2013-12-31": "8.64130", "2012-12-31": "10.38870", "2011-12-31": "10.80270", "2010-12-31": "9.85720", "2009-12-31": "9.03470", "2008-12-31": "9.00040", "2007-12-31": "7.84560", "2006-12-31": "7.27630", "2005-12-31": "4.31750"}, "ROI - Return On Investment": {"2019-12-31": "26.93130", "2018-12-31": "30.20330", "2017-12-31": "15.54530", "2016-12-31": "17.42400", "2015-12-31": "18.47130", "2014-12-31": "16.75940", "2013-12-31": "17.20400", "2012-12-31": "14.21630", "2011-12-31": "14.81200", "2010-12-31": "13.17180", "2009-12-31": "11.76520", "2008-12-31": "12.31780", "2007-12-31": "10.43840", "2006-12-31": "10.09670", "2005-12-31": "5.85990"}, "Book Value Per Share": {"2019-12-31": "45.57540", "2018-12-31": "37.25410", "2017-12-31": "33.69210", "2016-12-31": "32.37780", "2015-12-31": "30.55440", "2014-12-31": "26.72170", "2013-12-31": "25.52690", "2012-12-31": "24.45990", "2011-12-31": "21.70770", "2010-12-31": "21.71390", "2009-12-31": "21.09840", "2008-12-31": "17.70460", "2007-12-31": "15.20530", "2006-12-31": "16.31540", "2005-12-31": "14.78730"}, "Operating Cash Flow Per Share": {"2019-12-31": 1.1392, "2018-12-31": 7.3827, "2017-12-31": 1.6414, "2016-12-31": -1.7795, "2015-12-31": 3.6623, "2014-12-31": -1.935, "2013-12-31": 1.303, "2012-12-31": -1.5102, "2011-12-31": 4.5892, "2010-12-31": -3.3374, "2009-12-31": 2.2768, "2008-12-31": 0.8241, "2007-12-31": 0.2743, "2006-12-31": 0.6544, "2005-12-31": 3.0424}, "Free Cash Flow Per Share": {"2019-12-31": 1.0776, "2018-12-31": 8.0767, "2017-12-31": 0.1697, "2016-12-31": -1.6151, "2015-12-31": 3.5714, "2014-12-31": -2.7996, "2013-12-31": 1.5481, "2012-12-31": -1.9203, "2011-12-31": 4.2896, "2010-12-31": -3.5054, "2009-12-31": 2.4314, "2008-12-31": 0.6628, "2007-12-31": 0.1473, "2006-12-31": 0.8154, "2005-12-31": 2.0699}}, "financial ratios, quarterly": {"Current Ratio": {"2020-09-30": "0.82210", "2020-06-30": "0.59430", "2020-03-31": "0.80580", "2019-12-31": "0.72710", "2019-09-30": "0.66720", "2019-06-30": "0.80560", "2019-03-31": "0.73310", "2018-12-31": "0.83390", "2018-09-30": "1.14250", "2018-06-30": "1.04220", "2018-03-31": "0.91090", "2017-12-31": "0.90970", "2017-09-30": "0.50230", "2017-06-30": "0.58260", "2017-03-31": "1.07050", "2016-12-31": "0.98880", "2016-09-30": "0.79400", "2016-06-30": "0.87770", "2016-03-31": "0.93940", "2015-12-31": "0.88020", "2015-09-30": "1.07500", "2015-06-30": "1.17380", "2015-03-31": "1.21520", "2014-12-31": "0.99440", "2014-09-30": "0.95680", "2014-06-30": "1.05630", "2014-03-31": "0.58730", "2013-12-31": "0.61720", "2013-09-30": "0.57490", "2013-06-30": "0.68980", "2013-03-31": "1.46810", "2012-12-31": "1.26050", "2012-09-30": "1.38880", "2012-06-30": "1.24880", "2012-03-31": "1.14230", "2011-12-31": "1.03680", "2011-09-30": "1.04850", "2011-06-30": "1.50480", "2011-03-31": "1.35000", "2010-12-31": "1.31780", "2010-09-30": "1.81260", "2010-06-30": "1.71940", "2010-03-31": "1.58360", "2009-12-31": "1.45690", "2009-09-30": "1.25340", "2009-06-30": "1.11430", "2009-03-31": "0.96590", "2008-12-31": "0.88230", "2008-09-30": "0.86420", "2008-06-30": "0.95180", "2008-03-31": "0.98800", "2007-12-31": "0.91100", "2007-09-30": "0.81730", "2007-06-30": "0.97950", "2007-03-31": "0.95210", "2006-12-31": "0.97620", "2006-09-30": "1.00570", "2006-06-30": "0.99800", "2006-03-31": "1.07170", "2005-12-31": "1.20890", "2005-09-30": "1.20380", "2005-06-30": "1.07030", "2005-03-31": "0.95920"}, "Long-term Debt / Capital": {"2020-09-30": "", "2020-06-30": "", "2020-03-31": "0.18970", "2019-12-31": "0.11020", "2019-09-30": "0.16200", "2019-06-30": "0.12080", "2019-03-31": "0.14530", "2018-12-31": "0.13110", "2018-09-30": "0.18620", "2018-06-30": "0.15670", "2018-03-31": "0.20720", "2017-12-31": "0.14440", "2017-09-30": "0.13180", "2017-06-30": "0.20240", "2017-03-31": "0.21550", "2016-12-31": "0.16020", "2016-09-30": "0.17380", "2016-06-30": "0.23270", "2016-03-31": "0.20740", "2015-12-31": "0.14030", "2015-09-30": "0.21100", "2015-06-30": "0.24190", "2015-03-31": "0.24470", "2014-12-31": "0.23840", "2014-09-30": "0.26150", "2014-06-30": "0.25860", "2014-03-31": "", "2013-12-31": "", "2013-09-30": "", "2013-06-30": "", "2013-03-31": "0.26820", "2012-12-31": "0.27840", "2012-09-30": "0.26690", "2012-06-30": "0.27620", "2012-03-31": "0.27980", "2011-12-31": "0.28730", "2011-09-30": "0.27880", "2011-06-30": "0.24980", "2011-03-31": "0.25770", "2010-12-31": "0.25630", "2010-09-30": "0.22780", "2010-06-30": "0.23270", "2010-03-31": "0.23600", "2009-12-31": "0.24170", "2009-09-30": "0.24770", "2009-06-30": "0.25400", "2009-03-31": "0.26330", "2008-12-31": "0.28500", "2008-09-30": "0.37100", "2008-06-30": "0.38030", "2008-03-31": "0.36670", "2007-12-31": "0.37070", "2007-09-30": "0.39540", "2007-06-30": "0.45220", "2007-03-31": "0.26540", "2006-12-31": "0.26300", "2006-09-30": "0.28520", "2006-06-30": "0.29120", "2006-03-31": "0.32790", "2005-12-31": "0.37860", "2005-09-30": "0.38420", "2005-06-30": "0.39520", "2005-03-31": "0.40450"}, "Debt/Equity Ratio": {"2020-09-30": "", "2020-06-30": "", "2020-03-31": "0.23410", "2019-12-31": "0.12390", "2019-09-30": "0.19330", "2019-06-30": "0.13740", "2019-03-31": "0.17010", "2018-12-31": "0.15080", "2018-09-30": "0.22880", "2018-06-30": "0.18580", "2018-03-31": "0.28110", "2017-12-31": "0.18730", "2017-09-30": "0.17270", "2017-06-30": "0.27590", "2017-03-31": "0.29340", "2016-12-31": "0.20750", "2016-09-30": "0.22710", "2016-06-30": "0.31960", "2016-03-31": "0.29880", "2015-12-31": "0.17780", "2015-09-30": "0.28270", "2015-06-30": "0.33490", "2015-03-31": "0.33840", "2014-12-31": "0.32680", "2014-09-30": "0.40130", "2014-06-30": "0.36000", "2014-03-31": "0.41670", "2013-12-31": "0.40890", "2013-09-30": "0.42490", "2013-06-30": "0.37220", "2013-03-31": "0.36640", "2012-12-31": "0.38580", "2012-09-30": "0.36410", "2012-06-30": "0.38170", "2012-03-31": "0.38840", "2011-12-31": "0.40320", "2011-09-30": "0.38660", "2011-06-30": "0.33300", "2011-03-31": "0.34720", "2010-12-31": "0.34460", "2010-09-30": "0.29500", "2010-06-30": "0.30330", "2010-03-31": "0.30900", "2009-12-31": "0.31880", "2009-09-30": "0.32930", "2009-06-30": "0.35210", "2009-03-31": "0.38160", "2008-12-31": "0.42430", "2008-09-30": "0.61880", "2008-06-30": "0.64240", "2008-03-31": "0.60690", "2007-12-31": "0.61710", "2007-09-30": "0.68350", "2007-06-30": "0.85690", "2007-03-31": "0.36180", "2006-12-31": "0.35730", "2006-09-30": "0.39960", "2006-06-30": "0.41130", "2006-03-31": "0.48830", "2005-12-31": "0.61200", "2005-09-30": "0.62700", "2005-06-30": "0.65660", "2005-03-31": "0.68300"}, "Gross Margin": {"2020-09-30": "35.78610", "2020-06-30": "29.87580", "2020-03-31": "31.80570", "2019-12-31": "33.49820", "2019-09-30": "31.71570", "2019-06-30": "31.66220", "2019-03-31": "30.31880", "2018-12-31": "31.79240", "2018-09-30": "31.25940", "2018-06-30": "30.79860", "2018-03-31": "30.65740", "2017-12-31": "31.95090", "2017-09-30": "30.99750", "2017-06-30": "31.12980", "2017-03-31": "29.74490", "2016-12-31": "30.83030", "2016-09-30": "28.25960", "2016-06-30": "29.23960", "2016-03-31": "28.67760", "2015-12-31": "30.76250", "2015-09-30": "29.55190", "2015-06-30": "29.13120", "2015-03-31": "28.61180", "2014-12-31": "30.57610", "2014-09-30": "28.44510", "2014-06-30": "28.64520", "2014-03-31": "28.04380", "2013-12-31": "29.44490", "2013-09-30": "28.66120", "2013-06-30": "28.51050", "2013-03-31": "27.91120", "2012-12-31": "28.94350", "2012-09-30": "27.58350", "2012-06-30": "27.33210", "2012-03-31": "27.05760", "2011-12-31": "29.08950", "2011-09-30": "28.22640", "2011-06-30": "28.12670", "2011-03-31": "28.24270", "2010-12-31": "30.04110", "2010-09-30": "28.87680", "2010-06-30": "28.98240", "2010-03-31": "29.03890", "2009-12-31": "30.30940", "2009-09-30": "29.61850", "2009-06-30": "29.77700", "2009-03-31": "29.81140", "2008-12-31": "31.16140", "2008-09-30": "29.78230", "2008-06-30": "28.96530", "2008-03-31": "27.85310", "2007-12-31": "30.97620", "2007-09-30": "29.21840", "2007-06-30": "30.46240", "2007-03-31": "30.39210", "2006-12-31": "30.27440", "2006-09-30": "26.92050", "2006-06-30": "28.09070", "2006-03-31": "27.83110", "2005-12-31": "30.51000", "2005-09-30": "29.18600", "2005-06-30": "28.80530", "2005-03-31": "30.04300"}, "Operating Margin": {"2020-09-30": "14.06560", "2020-06-30": "18.47080", "2020-03-31": "15.38650", "2019-12-31": "14.82840", "2019-09-30": "13.50940", "2019-06-30": "13.83660", "2019-03-31": "10.70740", "2018-12-31": "14.72780", "2018-09-30": "13.89460", "2018-06-30": "13.15960", "2018-03-31": "12.84150", "2017-12-31": "13.19740", "2017-09-30": "12.93520", "2017-06-30": "-9.38370", "2017-03-31": "10.21380", "2016-12-31": "13.16600", "2016-09-30": "10.91960", "2016-06-30": "9.82640", "2016-03-31": "11.37150", "2015-12-31": "12.33320", "2015-09-30": "12.97890", "2015-06-30": "11.67780", "2015-03-31": "10.77150", "2014-12-31": "13.18810", "2014-09-30": "11.21990", "2014-06-30": "11.52720", "2014-03-31": "10.22940", "2013-12-31": "11.31370", "2013-09-30": "8.56880", "2013-06-30": "7.24860", "2013-03-31": "10.59670", "2012-12-31": "12.46600", "2012-09-30": "10.15090", "2012-06-30": "11.15990", "2012-03-31": "9.91010", "2011-12-31": "13.14080", "2011-09-30": "12.09910", "2011-06-30": "10.75170", "2011-03-31": "9.23130", "2010-12-31": "11.43850", "2010-09-30": "11.46980", "2010-06-30": "10.74810", "2010-03-31": "11.15400", "2009-12-31": "10.18800", "2009-09-30": "11.04670", "2009-06-30": "9.46230", "2009-03-31": "11.77400", "2008-12-31": "13.43920", "2008-09-30": "12.10810", "2008-06-30": "10.18410", "2008-03-31": "10.46070", "2007-12-31": "11.41540", "2007-09-30": "11.22300", "2007-06-30": "11.17410", "2007-03-31": "10.80840", "2006-12-31": "11.64790", "2006-09-30": "9.20750", "2006-06-30": "10.41680", "2006-03-31": "9.84090", "2005-12-31": "3.18930", "2005-09-30": "10.48820", "2005-06-30": "9.74860", "2005-03-31": "10.36150"}, "EBIT Margin": {"2020-09-30": "14.06560", "2020-06-30": "18.47080", "2020-03-31": "15.38650", "2019-12-31": "14.82840", "2019-09-30": "13.50940", "2019-06-30": "13.83660", "2019-03-31": "10.70740", "2018-12-31": "14.72780", "2018-09-30": "13.89460", "2018-06-30": "13.15960", "2018-03-31": "12.84150", "2017-12-31": "13.19740", "2017-09-30": "12.93520", "2017-06-30": "-9.38370", "2017-03-31": "10.21380", "2016-12-31": "13.16610", "2016-09-30": "10.91960", "2016-06-30": "9.82640", "2016-03-31": "11.37150", "2015-12-31": "12.33320", "2015-09-30": "12.97890", "2015-06-30": "11.67780", "2015-03-31": "10.77150", "2014-12-31": "13.18810", "2014-09-30": "11.21990", "2014-06-30": "11.52720", "2014-03-31": "10.22940", "2013-12-31": "11.31370", "2013-09-30": "8.56880", "2013-06-30": "7.24860", "2013-03-31": "10.59670", "2012-12-31": "12.46600", "2012-09-30": "10.15090", "2012-06-30": "11.15990", "2012-03-31": "9.91010", "2011-12-31": "13.14080", "2011-09-30": "12.09910", "2011-06-30": "10.75170", "2011-03-31": "9.23130", "2010-12-31": "11.43850", "2010-09-30": "11.46980", "2010-06-30": "10.74810", "2010-03-31": "11.15400", "2009-12-31": "10.18800", "2009-09-30": "11.04670", "2009-06-30": "9.46230", "2009-03-31": "11.77400", "2008-12-31": "13.43920", "2008-09-30": "12.10810", "2008-06-30": "10.18410", "2008-03-31": "10.46070", "2007-12-31": "11.41540", "2007-09-30": "11.22300", "2007-06-30": "11.17410", "2007-03-31": "10.80840", "2006-12-31": "11.64790", "2006-09-30": "9.20750", "2006-06-30": "10.41680", "2006-03-31": "9.84090", "2005-12-31": "3.18930", "2005-09-30": "10.48820", "2005-06-30": "9.74860", "2005-03-31": "10.36150"}, "EBITDA Margin": {"2020-09-30": "", "2020-06-30": "", "2020-03-31": "", "2019-12-31": "", "2019-09-30": "", "2019-06-30": "", "2019-03-31": "", "2018-12-31": "", "2018-09-30": "", "2018-06-30": "", "2018-03-31": "", "2017-12-31": "", "2017-09-30": "", "2017-06-30": "", "2017-03-31": "", "2016-12-31": "", "2016-09-30": "", "2016-06-30": "", "2016-03-31": "", "2015-12-31": "", "2015-09-30": "", "2015-06-30": "", "2015-03-31": "", "2014-12-31": "", "2014-09-30": "", "2014-06-30": "", "2014-03-31": "", "2013-12-31": "", "2013-09-30": "", "2013-06-30": "", "2013-03-31": "", "2012-12-31": "", "2012-09-30": "", "2012-06-30": "", "2012-03-31": "", "2011-12-31": "", "2011-09-30": "", "2011-06-30": "", "2011-03-31": "", "2010-12-31": "", "2010-09-30": "", "2010-06-30": "", "2010-03-31": "", "2009-12-31": "", "2009-09-30": "", "2009-06-30": "", "2009-03-31": "", "2008-12-31": "", "2008-09-30": "", "2008-06-30": "", "2008-03-31": "", "2007-12-31": "", "2007-09-30": "", "2007-06-30": "", "2007-03-31": "", "2006-12-31": "", "2006-09-30": "", "2006-06-30": "", "2006-03-31": "", "2005-12-31": "", "2005-09-30": "", "2005-06-30": "", "2005-03-31": ""}, "Pre-Tax Profit Margin": {"2020-09-30": "15.44660", "2020-06-30": "19.83740", "2020-03-31": "13.36220", "2019-12-31": "15.23860", "2019-09-30": "13.92450", "2019-06-30": "13.57820", "2019-03-31": "10.99210", "2018-12-31": "13.72790", "2018-09-30": "14.16880", "2018-06-30": "13.04960", "2018-03-31": "12.79850", "2017-12-31": "13.57260", "2017-09-30": "13.00100", "2017-06-30": "-9.25560", "2017-03-31": "10.57550", "2016-12-31": "12.96860", "2016-09-30": "11.07800", "2016-06-30": "10.40170", "2016-03-31": "10.40680", "2015-12-31": "12.27560", "2015-09-30": "12.13410", "2015-06-30": "11.56440", "2015-03-31": "10.66370", "2014-12-31": "12.99880", "2014-09-30": "11.14320", "2014-06-30": "11.06270", "2014-03-31": "9.39240", "2013-12-31": "10.85870", "2013-09-30": "7.51570", "2013-06-30": "6.68840", "2013-03-31": "9.94540", "2012-12-31": "11.77880", "2012-09-30": "9.61390", "2012-06-30": "9.84920", "2012-03-31": "9.47890", "2011-12-31": "12.05810", "2011-09-30": "10.49120", "2011-06-30": "9.92770", "2011-03-31": "8.88620", "2010-12-31": "11.09260", "2010-09-30": "10.60440", "2010-06-30": "9.79920", "2010-03-31": "10.25830", "2009-12-31": "9.62710", "2009-09-30": "10.66940", "2009-06-30": "9.53550", "2009-03-31": "10.71620", "2008-12-31": "11.37590", "2008-09-30": "10.35720", "2008-06-30": "9.45030", "2008-03-31": "8.95400", "2007-12-31": "9.94300", "2007-09-30": "10.27370", "2007-06-30": "5.67380", "2007-03-31": "9.74600", "2006-12-31": "10.97560", "2006-09-30": "7.31110", "2006-06-30": "8.90080", "2006-03-31": "8.08620", "2005-12-31": "1.18470", "2005-09-30": "8.84680", "2005-06-30": "7.78710", "2005-03-31": "6.20890"}, "Net Profit Margin": {"2020-09-30": "12.81890", "2020-06-30": "16.34830", "2020-03-31": "10.83580", "2019-12-31": "12.55540", "2019-09-30": "12.26500", "2019-06-30": "10.71170", "2019-03-31": "9.66750", "2018-12-31": "11.87480", "2018-09-30": "11.53860", "2018-06-30": "12.44210", "2018-03-31": "10.24560", "2017-12-31": "12.73520", "2017-09-30": "8.48900", "2017-06-30": "-5.21760", "2017-03-31": "7.35320", "2016-12-31": "7.97790", "2016-09-30": "6.83360", "2016-06-30": "6.37410", "2016-03-31": "6.36290", "2015-12-31": "7.50870", "2015-09-30": "7.46530", "2015-06-30": "7.06300", "2015-03-31": "6.51450", "2014-12-31": "7.85300", "2014-09-30": "6.85990", "2014-06-30": "6.76410", "2014-03-31": "5.74210", "2013-12-31": "6.57160", "2013-09-30": "5.11370", "2013-06-30": "4.08960", "2013-03-31": "6.07620", "2012-12-31": "7.25490", "2012-09-30": "5.88260", "2012-06-30": "6.00670", "2012-03-31": "5.79270", "2011-12-31": "7.33900", "2011-09-30": "6.41020", "2011-06-30": "6.08530", "2011-03-31": "5.46990", "2010-12-31": "6.72940", "2010-09-30": "6.54950", "2010-06-30": "5.98580", "2010-03-31": "6.26850", "2009-12-31": "5.93080", "2009-09-30": "6.47250", "2009-06-30": "5.84240", "2009-03-31": "6.55700", "2008-12-31": "6.22820", "2008-09-30": "5.87940", "2008-06-30": "5.74630", "2008-03-31": "5.55970", "2007-12-31": "6.25420", "2007-09-30": "6.64840", "2007-06-30": "3.47580", "2007-03-31": "5.99800", "2006-12-31": "6.48500", "2006-09-30": "3.13800", "2006-06-30": "5.15600", "2006-03-31": "5.00780", "2005-12-31": "1.76020", "2005-09-30": "6.27100", "2005-06-30": "3.92600", "2005-03-31": "3.71210"}, "Asset Turnover": {"2020-09-30": "0.38650", "2020-06-30": "0.38890", "2020-03-31": "0.40370", "2019-12-31": "0.41180", "2019-09-30": "0.38990", "2019-06-30": "0.43290", "2019-03-31": "0.43190", "2018-12-31": "0.46900", "2018-09-30": "0.45360", "2018-06-30": "0.47600", "2018-03-31": "0.48120", "2017-12-31": "0.46560", "2017-09-30": "0.46620", "2017-06-30": "0.45600", "2017-03-31": "0.45800", "2016-12-31": "0.45850", "2016-09-30": "0.46600", "2016-06-30": "0.45770", "2016-03-31": "0.44220", "2015-12-31": "0.46760", "2015-09-30": "0.43030", "2015-06-30": "0.43140", "2015-03-31": "0.42050", "2014-12-31": "0.44120", "2014-09-30": "0.41220", "2014-06-30": "0.42800", "2014-03-31": "0.41250", "2013-12-31": "0.39010", "2013-09-30": "0.38670", "2013-06-30": "0.39740", "2013-03-31": "0.40760", "2012-12-31": "0.42880", "2012-09-30": "0.40980", "2012-06-30": "0.42610", "2012-03-31": "0.42450", "2011-12-31": "0.44010", "2011-09-30": "0.41890", "2011-06-30": "0.39190", "2011-03-31": "0.40220", "2010-12-31": "0.40510", "2010-09-30": "0.35670", "2010-06-30": "0.36380", "2010-03-31": "0.36150", "2009-12-31": "0.37010", "2009-09-30": "0.37030", "2009-06-30": "0.38040", "2009-03-31": "0.38090", "2008-12-31": "0.38470", "2008-09-30": "0.38770", "2008-06-30": "0.37350", "2008-03-31": "0.37100", "2007-12-31": "0.37090", "2007-09-30": "0.35470", "2007-06-30": "0.34810", "2007-03-31": "0.34500", "2006-12-31": "0.34280", "2006-09-30": "0.32450", "2006-06-30": "0.31790", "2006-03-31": "0.30620", "2005-12-31": "0.28330", "2005-09-30": "0.29250", "2005-06-30": "0.28930", "2005-03-31": "0.27780"}, "Inventory Turnover Ratio": {"2020-09-30": "44.95630", "2020-06-30": "47.16260", "2020-03-31": "48.09860", "2019-12-31": "46.54990", "2019-09-30": "44.62650", "2019-06-30": "51.07910", "2019-03-31": "50.98200", "2018-12-31": "54.69850", "2018-09-30": "52.97800", "2018-06-30": "53.67640", "2018-03-31": "57.74290", "2017-12-31": "54.64810", "2017-09-30": "50.90970", "2017-06-30": "50.88150", "2017-03-31": "52.48300", "2016-12-31": "48.49400", "2016-09-30": "46.16590", "2016-06-30": "45.13970", "2016-03-31": "45.63010", "2015-12-31": "43.70810", "2015-09-30": "41.57200", "2015-06-30": "43.30610", "2015-03-31": "43.60770", "2014-12-31": "42.70460", "2014-09-30": "40.16370", "2014-06-30": "37.48640", "2014-03-31": "38.61880", "2013-12-31": "36.69370", "2013-09-30": "36.13970", "2013-06-30": "41.48130", "2013-03-31": "40.29680", "2012-12-31": "37.10660", "2012-09-30": "33.59210", "2012-06-30": "31.59440", "2012-03-31": "30.40210", "2011-12-31": "28.65320", "2011-09-30": "27.57240", "2011-06-30": "27.59700", "2011-03-31": "29.80520", "2010-12-31": "30.44280", "2010-09-30": "28.66500", "2010-06-30": "28.03990", "2010-03-31": "28.79970", "2009-12-31": "28.01750", "2009-09-30": "25.88130", "2009-06-30": "25.16230", "2009-03-31": "25.61090", "2008-12-31": "26.57550", "2008-09-30": "27.01440", "2008-06-30": "26.50750", "2008-03-31": "27.66660", "2007-12-31": "29.90010", "2007-09-30": "28.26520", "2007-06-30": "27.94970", "2007-03-31": "27.88020", "2006-12-31": "28.82120", "2006-09-30": "29.05490", "2006-06-30": "28.84110", "2006-03-31": "26.18010", "2005-12-31": "25.41550", "2005-09-30": "22.78390", "2005-06-30": "22.04410", "2005-03-31": "21.81290"}, "Receiveable Turnover": {"2020-09-30": "4.76630", "2020-06-30": "3.79060", "2020-03-31": "3.82940", "2019-12-31": "3.63160", "2019-09-30": "4.19820", "2019-06-30": "3.47930", "2019-03-31": "3.86400", "2018-12-31": "3.82840", "2018-09-30": "4.07480", "2018-06-30": "3.70630", "2018-03-31": "3.94470", "2017-12-31": "3.76910", "2017-09-30": "4.56310", "2017-06-30": "3.52030", "2017-03-31": "3.69890", "2016-12-31": "3.05620", "2016-09-30": "4.56490", "2016-06-30": "3.94540", "2016-03-31": "2.72920", "2015-12-31": "3.75100", "2015-09-30": "3.12320", "2015-06-30": "3.20630", "2015-03-31": "2.58410", "2014-12-31": "3.04490", "2014-09-30": "2.70810", "2014-06-30": "3.90860", "2014-03-31": "3.08480", "2013-12-31": "3.79870", "2013-09-30": "4.25490", "2013-06-30": "4.67810", "2013-03-31": "2.88190", "2012-12-31": "3.94910", "2012-09-30": "3.50320", "2012-06-30": "4.32910", "2012-03-31": "3.18960", "2011-12-31": "4.49480", "2011-09-30": "3.02910", "2011-06-30": "2.81840", "2011-03-31": "3.56160", "2010-12-31": "2.97600", "2010-09-30": "3.03210", "2010-06-30": "3.09620", "2010-03-31": "3.53280", "2009-12-31": "5.67230", "2009-09-30": "2.78240", "2009-06-30": "2.83560", "2009-03-31": "2.74710", "2008-12-31": "2.97940", "2008-09-30": "3.26860", "2008-06-30": "2.79240", "2008-03-31": "3.27880", "2007-12-31": "2.82420", "2007-09-30": "3.33470", "2007-06-30": "2.71750", "2007-03-31": "3.17380", "2006-12-31": "2.92100", "2006-09-30": "2.43380", "2006-06-30": "2.62640", "2006-03-31": "3.39420", "2005-12-31": "2.60930", "2005-09-30": "2.76220", "2005-06-30": "2.66330", "2005-03-31": "2.67020"}, "Days Sales In Receivables": {"2020-09-30": "18.88240", "2020-06-30": "23.74320", "2020-03-31": "23.50250", "2019-12-31": "24.78240", "2019-09-30": "21.43760", "2019-06-30": "25.86690", "2019-03-31": "23.29210", "2018-12-31": "23.50860", "2018-09-30": "22.08690", "2018-06-30": "24.28300", "2018-03-31": "22.81520", "2017-12-31": "23.87870", "2017-09-30": "19.72350", "2017-06-30": "25.56630", "2017-03-31": "24.33170", "2016-12-31": "29.44880", "2016-09-30": "19.71580", "2016-06-30": "22.81120", "2016-03-31": "32.97630", "2015-12-31": "23.99360", "2015-09-30": "28.81690", "2015-06-30": "28.06980", "2015-03-31": "34.82830", "2014-12-31": "29.55800", "2014-09-30": "33.23370", "2014-06-30": "23.02640", "2014-03-31": "29.17580", "2013-12-31": "23.69250", "2013-09-30": "21.15230", "2013-06-30": "19.23870", "2013-03-31": "31.22890", "2012-12-31": "22.79030", "2012-09-30": "25.69100", "2012-06-30": "20.78940", "2012-03-31": "28.21710", "2011-12-31": "20.02310", "2011-09-30": "29.71220", "2011-06-30": "31.93330", "2011-03-31": "25.26930", "2010-12-31": "30.24180", "2010-09-30": "29.68240", "2010-06-30": "29.06790", "2010-03-31": "25.47520", "2009-12-31": "15.86650", "2009-09-30": "32.34580", "2009-06-30": "31.73890", "2009-03-31": "32.76200", "2008-12-31": "30.20770", "2008-09-30": "27.53460", "2008-06-30": "32.23050", "2008-03-31": "27.44910", "2007-12-31": "31.86690", "2007-09-30": "26.98910", "2007-06-30": "33.11890", "2007-03-31": "28.35760", "2006-12-31": "30.81150", "2006-09-30": "36.97980", "2006-06-30": "34.26760", "2006-03-31": "26.51580", "2005-12-31": "34.49140", "2005-09-30": "32.58280", "2005-06-30": "33.79260", "2005-03-31": "33.70520"}, "ROE - Return On Equity": {"2020-09-30": "8.45040", "2020-06-30": "10.93670", "2020-03-31": "8.17600", "2019-12-31": "9.02550", "2019-09-30": "8.76690", "2019-06-30": "8.20100", "2019-03-31": "7.59630", "2018-12-31": "9.18740", "2018-09-30": "9.02030", "2018-06-30": "9.87990", "2018-03-31": "8.87570", "2017-12-31": "10.09560", "2017-09-30": "7.41820", "2017-06-30": "-4.77970", "2017-03-31": "5.96110", "2016-12-31": "6.14180", "2016-09-30": "5.50680", "2016-06-30": "5.39120", "2016-03-31": "5.12350", "2015-12-31": "5.83120", "2015-09-30": "5.90140", "2015-06-30": "5.64570", "2015-03-31": "5.14900", "2014-12-31": "6.60120", "2014-09-30": "5.68530", "2014-06-30": "5.48120", "2014-03-31": "4.61370", "2013-12-31": "5.10350", "2013-09-30": "4.08410", "2013-06-30": "3.03520", "2013-03-31": "4.61160", "2012-12-31": "5.89910", "2012-09-30": "4.39190", "2012-06-30": "4.75460", "2012-03-31": "4.70590", "2011-12-31": "6.21370", "2011-09-30": "5.13380", "2011-06-30": "4.14560", "2011-03-31": "3.90220", "2010-12-31": "4.89770", "2010-09-30": "3.93360", "2010-06-30": "3.67570", "2010-03-31": "3.88730", "2009-12-31": "3.82220", "2009-09-30": "4.20370", "2009-06-30": "3.94820", "2009-03-31": "4.63610", "2008-12-31": "4.86030", "2008-09-30": "4.82870", "2008-06-30": "4.58340", "2008-03-31": "4.33110", "2007-12-31": "4.90460", "2007-09-30": "4.92230", "2007-06-30": "2.90550", "2007-03-31": "3.90180", "2006-12-31": "4.57070", "2006-09-30": "3.09910", "2006-06-30": "3.28570", "2006-03-31": "3.02080", "2005-12-31": "0.67160", "2005-09-30": "3.89620", "2005-06-30": "3.09510", "2005-03-31": "2.28750"}, "Return On Tangible Equity": {"2020-09-30": "66.07800", "2020-06-30": "166.14930", "2020-03-31": "-313.04350", "2019-12-31": "286.73830", "2019-09-30": "-175.98200", "2019-06-30": "125.47050", "2019-03-31": "468.01100", "2018-12-31": "434.24240", "2018-09-30": "181.58580", "2018-06-30": "239.64030", "2018-03-31": "-171.95050", "2017-12-31": "634.17890", "2017-09-30": "-70.71130", "2017-06-30": "29.04860", "2017-03-31": "-111.67910", "2016-12-31": "-966.06500", "2016-09-30": "-66.60140", "2016-06-30": "-37.80940", "2016-03-31": "-58.26200", "2015-12-31": "-211.06600", "2015-09-30": "-72.69120", "2015-06-30": "-53.17690", "2015-03-31": "-53.41680", "2014-12-31": "-41.73380", "2014-09-30": "-27.14450", "2014-06-30": "-30.96820", "2014-03-31": "-26.61440", "2013-12-31": "-30.73510", "2013-09-30": "-17.95410", "2013-06-30": "-34.50820", "2013-03-31": "-56.48150", "2012-12-31": "-38.35450", "2012-09-30": "-42.76510", "2012-06-30": "-29.48380", "2012-03-31": "-24.18150", "2011-12-31": "-24.43190", "2011-09-30": "-24.21260", "2011-06-30": "-72.92660", "2011-03-31": "-35.75510", "2010-12-31": "-41.78980", "2010-09-30": "76.69930", "2010-06-30": "302.06490", "2010-03-31": "-205.89290", "2009-12-31": "-59.21430", "2009-09-30": "-36.93730", "2009-06-30": "-23.63790", "2009-03-31": "-20.66020", "2008-12-31": "-17.03900", "2008-09-30": "-11.22490", "2008-06-30": "-11.04050", "2008-03-31": "-11.60770", "2007-12-31": "-12.80850", "2007-09-30": "-10.65330", "2007-06-30": "-5.30710", "2007-03-31": "-18.53600", "2006-12-31": "-23.23050", "2006-09-30": "-14.54740", "2006-06-30": "-14.31770", "2006-03-31": "-10.99050", "2005-12-31": "-2.12680", "2005-09-30": "-11.00950", "2005-06-30": "-7.23160", "2005-03-31": "-4.72910"}, "ROA - Return On Assets": {"2020-09-30": "4.95420", "2020-06-30": "6.35850", "2020-03-31": "4.37480", "2019-12-31": "5.17060", "2019-09-30": "4.78240", "2019-06-30": "4.63670", "2019-03-31": "4.17510", "2018-12-31": "5.56910", "2018-09-30": "5.23420", "2018-06-30": "5.92220", "2018-03-31": "4.93020", "2017-12-31": "5.92940", "2017-09-30": "3.95740", "2017-06-30": "-2.37910", "2017-03-31": "3.36750", "2016-12-31": "3.65760", "2016-09-30": "3.18450", "2016-06-30": "2.91750", "2016-03-31": "2.81340", "2015-12-31": "3.51150", "2015-09-30": "3.21210", "2015-06-30": "3.04700", "2015-03-31": "2.73950", "2014-12-31": "3.46480", "2014-09-30": "2.82750", "2014-06-30": "2.89490", "2014-03-31": "2.36860", "2013-12-31": "2.56340", "2013-09-30": "1.97740", "2013-06-30": "1.62510", "2013-03-31": "2.47700", "2012-12-31": "3.11070", "2012-09-30": "2.41040", "2012-06-30": "2.55970", "2012-03-31": "2.45890", "2011-12-31": "3.22970", "2011-09-30": "2.68530", "2011-06-30": "2.38490", "2011-03-31": "2.20010", "2010-12-31": "2.72600", "2010-09-30": "2.33620", "2010-06-30": "2.17730", "2010-03-31": "2.26610", "2009-12-31": "2.22560", "2009-09-30": "2.39700", "2009-06-30": "2.22240", "2009-03-31": "2.49790", "2008-12-31": "2.53900", "2008-09-30": "2.27940", "2008-06-30": "2.14600", "2008-03-31": "2.06270", "2007-12-31": "2.31970", "2007-09-30": "2.20190", "2007-06-30": "1.21010", "2007-03-31": "2.06910", "2006-12-31": "2.42770", "2006-09-30": "1.64690", "2006-06-30": "1.72930", "2006-03-31": "1.51120", "2005-12-31": "0.30750", "2005-09-30": "1.83420", "2005-06-30": "1.42040", "2005-03-31": "1.00430"}, "ROI - Return On Investment": {"2020-09-30": "8.45040", "2020-06-30": "10.93670", "2020-03-31": "6.62530", "2019-12-31": "8.03080", "2019-09-30": "7.34650", "2019-06-30": "7.21020", "2019-03-31": "6.49220", "2018-12-31": "7.98310", "2018-09-30": "7.34070", "2018-06-30": "8.33160", "2018-03-31": "7.03660", "2017-12-31": "8.63770", "2017-09-30": "6.44070", "2017-06-30": "-3.81210", "2017-03-31": "4.67670", "2016-12-31": "5.15770", "2016-09-30": "4.54960", "2016-06-30": "4.13660", "2016-03-31": "4.06080", "2015-12-31": "5.01320", "2015-09-30": "4.65650", "2015-06-30": "4.27970", "2015-03-31": "3.88910", "2014-12-31": "5.02780", "2014-09-30": "4.19860", "2014-06-30": "4.06400", "2014-03-31": "4.61370", "2013-12-31": "5.10350", "2013-09-30": "4.08410", "2013-06-30": "3.03520", "2013-03-31": "3.37500", "2012-12-31": "4.25670", "2012-09-30": "3.21960", "2012-06-30": "3.44120", "2012-03-31": "3.38930", "2011-12-31": "4.42830", "2011-09-30": "3.70230", "2011-06-30": "3.11010", "2011-03-31": "2.89650", "2010-12-31": "3.64260", "2010-09-30": "3.03760", "2010-06-30": "2.82020", "2010-03-31": "2.96980", "2009-12-31": "2.89820", "2009-09-30": "3.16260", "2009-06-30": "2.94540", "2009-03-31": "3.41520", "2008-12-31": "3.47490", "2008-09-30": "3.03720", "2008-06-30": "2.84030", "2008-03-31": "2.74270", "2007-12-31": "3.08630", "2007-09-30": "2.97610", "2007-06-30": "1.59150", "2007-03-31": "2.86610", "2006-12-31": "3.36880", "2006-09-30": "2.21510", "2006-06-30": "2.32900", "2006-03-31": "2.03030", "2005-12-31": "0.41730", "2005-09-30": "2.39920", "2005-06-30": "1.87200", "2005-03-31": "1.36220"}, "Book Value Per Share": {"2020-09-30": "50.47920", "2020-06-30": "47.38940", "2020-03-31": "43.27960", "2019-12-31": "45.57540", "2019-09-30": "42.21110", "2019-06-30": "39.04610", "2019-03-31": "37.07500", "2018-12-31": "37.25410", "2018-09-30": "35.66780", "2018-06-30": "34.76140", "2018-03-31": "31.97670", "2017-12-31": "33.69210", "2017-09-30": "30.08010", "2017-06-30": "28.48330", "2017-03-31": "31.29610", "2016-12-31": "32.37780", "2016-09-30": "30.21600", "2016-06-30": "28.68570", "2016-03-31": "29.45810", "2015-12-31": "30.55440", "2015-09-30": "29.11830", "2015-06-30": "28.40650", "2015-03-31": "28.06820", "2014-12-31": "26.72170", "2014-09-30": "25.56950", "2014-06-30": "25.85860", "2014-03-31": "25.56810", "2013-12-31": "25.52690", "2013-09-30": "24.33870", "2013-06-30": "25.93280", "2013-03-31": "25.73460", "2012-12-31": "24.45990", "2012-09-30": "24.72910", "2012-06-30": "23.54850", "2012-03-31": "22.70960", "2011-12-31": "21.70770", "2011-09-30": "21.54840", "2011-06-30": "22.96700", "2011-03-31": "21.91060", "2010-12-31": "21.71390", "2010-09-30": "23.51300", "2010-06-30": "22.61260", "2010-03-31": "21.90680", "2009-12-31": "21.09840", "2009-09-30": "20.25780", "2009-06-30": "19.42140", "2009-03-31": "18.56110", "2008-12-31": "17.70460", "2008-09-30": "15.69280", "2008-06-30": "15.49820", "2008-03-31": "15.43280", "2007-12-31": "15.20530", "2007-09-30": "14.36290", "2007-06-30": "13.57510", "2007-03-31": "16.43220", "2006-12-31": "16.31540", "2006-09-30": "15.89420", "2006-06-30": "15.70890", "2006-03-31": "15.23340", "2005-12-31": "14.78730", "2005-09-30": "14.58330", "2005-06-30": "13.99240", "2005-03-31": "13.66210"}, "Operating Cash Flow Per Share": {"2020-09-30": 7.6095, "2020-06-30": 11.5598, "2020-03-31": "5.40850", "2019-12-31": 3.8728, "2019-09-30": 7.734, "2019-06-30": 2.1679, "2019-03-31": "4.45300", "2018-12-31": 3.3389, "2018-09-30": 6.5498, "2018-06-30": 3.3393, "2018-03-31": "3.86050", "2017-12-31": -1.7471, "2017-09-30": 5.1866, "2017-06-30": 2.1721, "2017-03-31": "4.09420", "2016-12-31": 0.3131, "2016-09-30": 3.3874, "2016-06-30": 3.9432, "2016-03-31": "0.42070", "2015-12-31": 3.353, "2015-09-30": 2.4931, "2015-06-30": 3.2893, "2015-03-31": "0.70850", "2014-12-31": 3.2878, "2014-09-30": 0.3707, "2014-06-30": 3.1702, "2014-03-31": "-0.64710", "2013-12-31": 0.7816, "2013-09-30": 2.8709, "2013-06-30": 4.0356, "2013-03-31": "0.42850", "2012-12-31": 2.828, "2012-09-30": 1.1638, "2012-06-30": 2.2854, "2012-03-31": "0.53640", "2011-12-31": 3.1974, "2011-09-30": 2.7635, "2011-06-30": 0.1123, "2011-03-31": "2.25060", "2010-12-31": 1.2129, "2010-09-30": 1.6431, "2010-06-30": 0.5463, "2010-03-31": "0.33230", "2009-12-31": 3.5305, "2009-09-30": 1.6396, "2009-06-30": 0.7935, "2009-03-31": "1.10840", "2008-12-31": 0.8715, "2008-09-30": 2.1656, "2008-06-30": 0.1303, "2008-03-31": "1.62780", "2007-12-31": 0.2867, "2007-09-30": 2.4793, "2007-06-30": -0.1213, "2007-03-31": "1.32640", "2006-12-31": 2.1704, "2006-09-30": 0.6516, "2006-06-30": -0.3504, "2006-03-31": "1.22520", "2005-12-31": 1.3744, "2005-09-30": 1.0131, "2005-06-30": 0.815, "2005-03-31": "-0.16010"}, "Free Cash Flow Per Share": {"2020-09-30": 6.9732, "2020-06-30": 10.7948, "2020-03-31": "4.20370", "2019-12-31": 3.0659, "2019-09-30": 7.0539, "2019-06-30": 1.2858, "2019-03-31": "3.61390", "2018-12-31": 2.3718, "2018-09-30": 5.7903, "2018-06-30": 2.6682, "2018-03-31": "3.11160", "2017-12-31": -2.5746, "2017-09-30": 3.9307, "2017-06-30": 0.9518, "2017-03-31": "3.55730", "2016-12-31": -0.2617, "2016-09-30": 2.7806, "2016-06-30": 3.4241, "2016-03-31": "-0.24750", "2015-12-31": 2.5528, "2015-09-30": 1.8419, "2015-06-30": 2.6971, "2015-03-31": "0.21880", "2014-12-31": 2.6463, "2014-09-30": -0.3422, "2014-06-30": 2.5264, "2014-03-31": "-1.09130", "2013-12-31": 0.2236, "2013-09-30": 2.4944, "2013-06-30": 3.6769, "2013-03-31": "0.14390", "2012-12-31": 2.3702, "2012-09-30": 0.7525, "2012-06-30": 1.9526, "2012-03-31": "-0.08460", "2011-12-31": 2.8988, "2011-09-30": 2.3407, "2011-06-30": -0.2929, "2011-03-31": "1.96440", "2010-12-31": 0.9305, "2010-09-30": 1.3298, "2010-06-30": 0.2632, "2010-03-31": "0.09790", "2009-12-31": 3.1548, "2009-09-30": 1.363, "2009-06-30": 0.5897, "2009-03-31": "1.01930", "2008-12-31": 0.3372, "2008-09-30": 1.9639, "2008-06-30": -0.0741, "2008-03-31": "1.46840", "2007-12-31": 0.046, "2007-09-30": 2.2163, "2007-06-30": -0.4494, "2007-03-31": "1.21970", "2006-12-31": 1.9472, "2006-09-30": 0.4008, "2006-06-30": -0.5461, "2006-03-31": "1.08340", "2005-12-31": 1.1121, "2005-09-30": 0.7362, "2005-06-30": 0.6196, "2005-03-31": "-0.39800"}}, "revenue": {"Chemed Annual Revenue (Millions of US $)": {"2019": "$1,939", "2018": "$1,783", "2017": "$1,667", "2016": "$1,577", "2015": "$1,543", "2014": "$1,456", "2013": "$1,413", "2012": "$1,430", "2011": "$1,356", "2010": "$1,281", "2009": "$1,190", "2008": "$1,149", "2007": "$1,100", "2006": "$1,019", "2005": "$916"}, "Chemed Quarterly Revenue (Millions of US $)": {"2020-09-30": "$528", "2020-06-30": "$502", "2020-03-31": "$516", "2019-12-31": "$522", "2019-09-30": "$481", "2019-06-30": "$474", "2019-03-31": "$462", "2018-12-31": "$458", "2018-09-30": "$444", "2018-06-30": "$442", "2018-03-31": "$439", "2017-12-31": "$428", "2017-09-30": "$417", "2017-06-30": "$415", "2017-03-31": "$406", "2016-12-31": "$403", "2016-09-30": "$393", "2016-06-30": "$390", "2016-03-31": "$390", "2015-12-31": "$399", "2015-09-30": "$386", "2015-06-30": "$382", "2015-03-31": "$377", "2014-12-31": "$379", "2014-09-30": "$358", "2014-06-30": "$360", "2014-03-31": "$358", "2013-12-31": "$349", "2013-09-30": "$341", "2013-06-30": "$357", "2013-03-31": "$367", "2012-12-31": "$369", "2012-09-30": "$354", "2012-06-30": "$354", "2012-03-31": "$353", "2011-12-31": "$350", "2011-09-30": "$341", "2011-06-30": "$333", "2011-03-31": "$331", "2010-12-31": "$336", "2010-09-30": "$320", "2010-06-30": "$315", "2010-03-31": "$309", "2009-12-31": "$303", "2009-09-30": "$297", "2009-06-30": "$295", "2009-03-31": "$295", "2008-12-31": "$292", "2008-09-30": "$288", "2008-06-30": "$283", "2008-03-31": "$285", "2007-12-31": "$286", "2007-09-30": "$273", "2007-06-30": "$271", "2007-03-31": "$270", "2006-12-31": "$272", "2006-09-30": "$254", "2006-06-30": "$249", "2006-03-31": "$244", "2005-12-31": "$238", "2005-09-30": "$233", "2005-06-30": "$226", "2005-03-31": "$219"}}, "gross-profit": {"Chemed Annual Gross Profit (Millions of US $)": {"2019": "$617", "2018": "$555", "2017": "$516", "2016": "$461", "2015": "$456", "2014": "$422", "2013": "$405", "2012": "$397", "2011": "$385", "2010": "$375", "2009": "$356", "2008": "$338", "2007": "$333", "2006": "$288", "2005": "$271"}, "Chemed Quarterly Gross Profit (Millions of US $)": {"2020-09-30": "$189", "2020-06-30": "$150", "2020-03-31": "$164", "2019-12-31": "$175", "2019-09-30": "$152", "2019-06-30": "$150", "2019-03-31": "$140", "2018-12-31": "$145", "2018-09-30": "$139", "2018-06-30": "$136", "2018-03-31": "$135", "2017-12-31": "$137", "2017-09-30": "$129", "2017-06-30": "$129", "2017-03-31": "$121", "2016-12-31": "$124", "2016-09-30": "$111", "2016-06-30": "$114", "2016-03-31": "$112", "2015-12-31": "$123", "2015-09-30": "$114", "2015-06-30": "$111", "2015-03-31": "$108", "2014-12-31": "$116", "2014-09-30": "$102", "2014-06-30": "$103", "2014-03-31": "$100", "2013-12-31": "$103", "2013-09-30": "$98", "2013-06-30": "$102", "2013-03-31": "$102", "2012-12-31": "$107", "2012-09-30": "$98", "2012-06-30": "$97", "2012-03-31": "$95", "2011-12-31": "$102", "2011-09-30": "$96", "2011-06-30": "$94", "2011-03-31": "$93", "2010-12-31": "$101", "2010-09-30": "$93", "2010-06-30": "$91", "2010-03-31": "$90", "2009-12-31": "$92", "2009-09-30": "$88", "2009-06-30": "$88", "2009-03-31": "$88", "2008-12-31": "$91", "2008-09-30": "$86", "2008-06-30": "$82", "2008-03-31": "$79", "2007-12-31": "$89", "2007-09-30": "$80", "2007-06-30": "$83", "2007-03-31": "$82", "2006-12-31": "$82", "2006-09-30": "$68", "2006-06-30": "$70", "2006-03-31": "$68", "2005-12-31": "$73", "2005-09-30": "$68", "2005-06-30": "$65", "2005-03-31": "$66"}}, "operating-income": {"Chemed Annual Operating Income (Millions of US $)": {"2019": "$257", "2018": "$244", "2017": "$113", "2016": "$179", "2015": "$184", "2014": "$168", "2013": "$133", "2012": "$156", "2011": "$154", "2010": "$144", "2009": "$126", "2008": "$133", "2007": "$123", "2006": "$105", "2005": "$77"}, "Chemed Quarterly Operating Income (Millions of US $)": {"2020-09-30": "$74", "2020-06-30": "$93", "2020-03-31": "$79", "2019-12-31": "$77", "2019-09-30": "$65", "2019-06-30": "$66", "2019-03-31": "$49", "2018-12-31": "$67", "2018-09-30": "$62", "2018-06-30": "$58", "2018-03-31": "$56", "2017-12-31": "$57", "2017-09-30": "$54", "2017-06-30": "$-39", "2017-03-31": "$41", "2016-12-31": "$53", "2016-09-30": "$43", "2016-06-30": "$38", "2016-03-31": "$44", "2015-12-31": "$49", "2015-09-30": "$50", "2015-06-30": "$45", "2015-03-31": "$41", "2014-12-31": "$50", "2014-09-30": "$40", "2014-06-30": "$42", "2014-03-31": "$37", "2013-12-31": "$39", "2013-09-30": "$29", "2013-06-30": "$26", "2013-03-31": "$39", "2012-12-31": "$46", "2012-09-30": "$36", "2012-06-30": "$40", "2012-03-31": "$35", "2011-12-31": "$46", "2011-09-30": "$41", "2011-06-30": "$36", "2011-03-31": "$31", "2010-12-31": "$38", "2010-09-30": "$37", "2010-06-30": "$34", "2010-03-31": "$34", "2009-12-31": "$31", "2009-09-30": "$33", "2009-06-30": "$28", "2009-03-31": "$35", "2008-12-31": "$39", "2008-09-30": "$35", "2008-06-30": "$29", "2008-03-31": "$30", "2007-12-31": "$33", "2007-09-30": "$31", "2007-06-30": "$30", "2007-03-31": "$29", "2006-12-31": "$32", "2006-09-30": "$23", "2006-06-30": "$26", "2006-03-31": "$24", "2005-12-31": "$8", "2005-09-30": "$24", "2005-06-30": "$22", "2005-03-31": "$23"}}, "ebitda": {"Chemed Annual EBITDA (Millions of US $)": {"2019": "$303", "2018": "$283", "2017": "$150", "2016": "$216", "2015": "$221", "2014": "$206", "2013": "$176", "2012": "$196", "2011": "$192", "2010": "$180", "2009": "$161", "2008": "$168", "2007": "$153", "2006": "$129", "2005": "$100"}, "Chemed Quarterly EBITDA (Millions of US $)": {"2020-09-30": "$89", "2020-06-30": "$107", "2020-03-31": "$93", "2019-12-31": "$92", "2019-09-30": "$76", "2019-06-30": "$76", "2019-03-31": "$60", "2018-12-31": "$78", "2018-09-30": "$71", "2018-06-30": "$68", "2018-03-31": "$66", "2017-12-31": "$66", "2017-09-30": "$63", "2017-06-30": "$-30", "2017-03-31": "$51", "2016-12-31": "$62", "2016-09-30": "$52", "2016-06-30": "$48", "2016-03-31": "$54", "2015-12-31": "$59", "2015-09-30": "$59", "2015-06-30": "$53", "2015-03-31": "$49", "2014-12-31": "$59", "2014-09-30": "$49", "2014-06-30": "$51", "2014-03-31": "$47", "2013-12-31": "$50", "2013-09-30": "$40", "2013-06-30": "$36", "2013-03-31": "$50", "2012-12-31": "$56", "2012-09-30": "$47", "2012-06-30": "$49", "2012-03-31": "$44", "2011-12-31": "$56", "2011-09-30": "$51", "2011-06-30": "$45", "2011-03-31": "$40", "2010-12-31": "$48", "2010-09-30": "$46", "2010-06-30": "$43", "2010-03-31": "$43", "2009-12-31": "$40", "2009-09-30": "$41", "2009-06-30": "$37", "2009-03-31": "$43", "2008-12-31": "$48", "2008-09-30": "$44", "2008-06-30": "$37", "2008-03-31": "$38", "2007-12-31": "$43", "2007-09-30": "$37", "2007-06-30": "$37", "2007-03-31": "$36", "2006-12-31": "$38", "2006-09-30": "$29", "2006-06-30": "$32", "2006-03-31": "$30", "2005-12-31": "$13", "2005-09-30": "$30", "2005-06-30": "$28", "2005-03-31": "$28"}}, "net-income": {"Chemed Annual Net Income (Millions of US $)": {"2019": "$220", "2018": "$206", "2017": "$98", "2016": "$109", "2015": "$110", "2014": "$99", "2013": "$77", "2012": "$89", "2011": "$86", "2010": "$82", "2009": "$74", "2008": "$67", "2007": "$62", "2006": "$51", "2005": "$36"}, "Chemed Quarterly Net Income (Millions of US $)": {"2020-09-30": "$68", "2020-06-30": "$82", "2020-03-31": "$56", "2019-12-31": "$66", "2019-09-30": "$59", "2019-06-30": "$51", "2019-03-31": "$45", "2018-12-31": "$54", "2018-09-30": "$51", "2018-06-30": "$55", "2018-03-31": "$45", "2017-12-31": "$55", "2017-09-30": "$35", "2017-06-30": "$-22", "2017-03-31": "$30", "2016-12-31": "$32", "2016-09-30": "$27", "2016-06-30": "$25", "2016-03-31": "$25", "2015-12-31": "$30", "2015-09-30": "$29", "2015-06-30": "$27", "2015-03-31": "$25", "2014-12-31": "$30", "2014-09-30": "$25", "2014-06-30": "$24", "2014-03-31": "$21", "2013-12-31": "$23", "2013-09-30": "$17", "2013-06-30": "$15", "2013-03-31": "$22", "2012-12-31": "$27", "2012-09-30": "$21", "2012-06-30": "$21", "2012-03-31": "$20", "2011-12-31": "$26", "2011-09-30": "$22", "2011-06-30": "$20", "2011-03-31": "$18", "2010-12-31": "$23", "2010-09-30": "$21", "2010-06-30": "$19", "2010-03-31": "$19", "2009-12-31": "$18", "2009-09-30": "$19", "2009-06-30": "$17", "2009-03-31": "$19", "2008-12-31": "$18", "2008-09-30": "$17", "2008-06-30": "$16", "2008-03-31": "$16", "2007-12-31": "$18", "2007-09-30": "$18", "2007-06-30": "$9", "2007-03-31": "$16", "2006-12-31": "$18", "2006-09-30": "$8", "2006-06-30": "$13", "2006-03-31": "$12", "2005-12-31": "$4", "2005-09-30": "$15", "2005-06-30": "$9", "2005-03-31": "$8"}}, "eps-earnings-per-share-diluted": {"Chemed Annual EPS": {"2019": "$13.31", "2018": "$12.23", "2017": "$5.86", "2016": "$6.48", "2015": "$6.33", "2014": "$5.57", "2013": "$4.16", "2012": "$4.62", "2011": "$4.10", "2010": "$3.55", "2009": "$3.24", "2008": "$2.88", "2007": "$2.46", "2006": "$1.90", "2005": "$1.36"}, "Chemed Quarterly EPS": {"2020-09-30": "$4.14", "2020-06-30": "$5.01", "2020-03-31": "$3.38", "2019-12-31": "$3.97", "2019-09-30": "$3.56", "2019-06-30": "$3.08", "2019-03-31": "$2.70", "2018-12-31": "$3.24", "2018-09-30": "$3.06", "2018-06-30": "$3.27", "2018-03-31": "$2.66", "2017-12-31": "$3.30", "2017-09-30": "$2.13", "2017-06-30": "$-1.35", "2017-03-31": "$1.78", "2016-12-31": "$1.93", "2016-09-30": "$1.62", "2016-06-30": "$1.48", "2016-03-31": "$1.45", "2015-12-31": "$1.73", "2015-09-30": "$1.65", "2015-06-30": "$1.55", "2015-03-31": "$1.40", "2014-12-31": "$1.70", "2014-09-30": "$1.39", "2014-06-30": "$1.36", "2014-03-31": "$1.12", "2013-12-31": "$1.28", "2013-09-30": "$0.94", "2013-06-30": "$0.77", "2013-03-31": "$1.17", "2012-12-31": "$1.39", "2012-09-30": "$1.07", "2012-06-30": "$1.10", "2012-03-31": "$1.06", "2011-12-31": "$1.28", "2011-09-30": "$1.04", "2011-06-30": "$0.94", "2011-03-31": "$0.84", "2010-12-31": "$0.98", "2010-09-30": "$0.91", "2010-06-30": "$0.82", "2010-03-31": "$0.84", "2009-12-31": "$0.79", "2009-09-30": "$0.84", "2009-06-30": "$0.76", "2009-03-31": "$0.85", "2008-12-31": "$0.81", "2008-09-30": "$0.74", "2008-06-30": "$0.68", "2008-03-31": "$0.65", "2007-12-31": "$0.72", "2007-09-30": "$0.74", "2007-06-30": "$0.38", "2007-03-31": "$0.62", "2006-12-31": "$0.66", "2006-09-30": "$0.30", "2006-06-30": "$0.48", "2006-03-31": "$0.46", "2005-12-31": "$0.16", "2005-09-30": "$0.55", "2005-06-30": "$0.34", "2005-03-31": "$0.31"}}, "shares-outstanding": {"Chemed Annual Shares Outstanding (Millions of Shares)": {"2019": "17", "2018": "17", "2017": "17", "2016": "17", "2015": "17", "2014": "18", "2013": "19", "2012": "19", "2011": "21", "2010": "23", "2009": "23", "2008": "23", "2007": "25", "2006": "27", "2005": "26"}, "Chemed Quarterly Shares Outstanding (Millions of Shares)": {"2020-09-30": "16", "2020-06-30": "16", "2020-03-31": "17", "2019-12-31": "17", "2019-09-30": "17", "2019-06-30": "16", "2019-03-31": "17", "2018-12-31": "17", "2018-09-30": "17", "2018-06-30": "17", "2018-03-31": "17", "2017-12-31": "17", "2017-09-30": "17", "2017-06-30": "16", "2017-03-31": "17", "2016-12-31": "17", "2016-09-30": "17", "2016-06-30": "17", "2016-03-31": "17", "2015-12-31": "17", "2015-09-30": "17", "2015-06-30": "17", "2015-03-31": "17", "2014-12-31": "18", "2014-09-30": "18", "2014-06-30": "18", "2014-03-31": "18", "2013-12-31": "19", "2013-09-30": "19", "2013-06-30": "19", "2013-03-31": "19", "2012-12-31": "19", "2012-09-30": "19", "2012-06-30": "19", "2012-03-31": "19", "2011-12-31": "21", "2011-09-30": "21", "2011-06-30": "22", "2011-03-31": "22", "2010-12-31": "23", "2010-09-30": "23", "2010-06-30": "23", "2010-03-31": "23", "2009-12-31": "23", "2009-09-30": "23", "2009-06-30": "23", "2009-03-31": "23", "2008-12-31": "23", "2008-09-30": "23", "2008-06-30": "24", "2008-03-31": "24", "2007-12-31": "25", "2007-09-30": "24", "2007-06-30": "25", "2007-03-31": "26", "2006-12-31": "27", "2006-09-30": "27", "2006-06-30": "27", "2006-03-31": "27", "2005-12-31": "26", "2005-09-30": "26", "2005-06-30": "26", "2005-03-31": "26"}}, "total-assets": {"Chemed Annual Total Assets (Millions of US $)": {"2019": "$1,268", "2018": "$976", "2017": "$920", "2016": "$880", "2015": "$852", "2014": "$860", "2013": "$894", "2012": "$860", "2011": "$796", "2010": "$830", "2009": "$819", "2008": "$760", "2007": "$770", "2006": "$793", "2005": "$839"}, "Chemed Quarterly Total Assets (Millions of US $)": {"2020-09-30": "$1,367", "2020-06-30": "$1,291", "2020-03-31": "$1,278", "2019-12-31": "$1,268", "2019-09-30": "$1,233", "2019-06-30": "$1,094", "2019-03-31": "$1,070", "2018-12-31": "$976", "2018-09-30": "$979", "2018-06-30": "$928", "2018-03-31": "$913", "2017-12-31": "$920", "2017-09-30": "$895", "2017-06-30": "$910", "2017-03-31": "$886", "2016-12-31": "$880", "2016-09-30": "$842", "2016-06-30": "$853", "2016-03-31": "$883", "2015-12-31": "$852", "2015-09-30": "$898", "2015-06-30": "$885", "2015-03-31": "$896", "2014-12-31": "$860", "2014-09-30": "$870", "2014-06-30": "$842", "2014-03-31": "$869", "2013-12-31": "$894", "2013-09-30": "$882", "2013-06-30": "$899", "2013-03-31": "$899", "2012-12-31": "$860", "2012-09-30": "$865", "2012-06-30": "$831", "2012-03-31": "$831", "2011-12-31": "$796", "2011-09-30": "$815", "2011-06-30": "$851", "2011-03-31": "$823", "2010-12-31": "$830", "2010-09-30": "$898", "2010-06-30": "$866", "2010-03-31": "$854", "2009-12-31": "$819", "2009-09-30": "$801", "2009-06-30": "$776", "2009-03-31": "$774", "2008-12-31": "$760", "2008-09-30": "$744", "2008-06-30": "$758", "2008-03-31": "$769", "2007-12-31": "$770", "2007-09-30": "$768", "2007-06-30": "$780", "2007-03-31": "$784", "2006-12-31": "$793", "2006-09-30": "$782", "2006-06-30": "$784", "2006-03-31": "$797", "2005-12-31": "$839", "2005-09-30": "$798", "2005-06-30": "$782", "2005-03-31": "$787"}}, "cash-on-hand": {"Chemed Annual Cash on Hand (Millions of US $)": {"2019": "$6", "2018": "$5", "2017": "$11", "2016": "$15", "2015": "$15", "2014": "$14", "2013": "$84", "2012": "$70", "2011": "$38", "2010": "$50", "2009": "$112", "2008": "$4", "2007": "$5", "2006": "$29", "2005": "$57"}, "Chemed Quarterly Cash on Hand (Millions of US $)": {"2020-09-30": "$113", "2020-06-30": "$20", "2020-03-31": "$29", "2019-12-31": "$6", "2019-09-30": "$9", "2019-06-30": "$3", "2019-03-31": "$9", "2018-12-31": "$5", "2018-09-30": "$67", "2018-06-30": "$13", "2018-03-31": "$14", "2017-12-31": "$11", "2017-09-30": "$19", "2017-06-30": "$14", "2017-03-31": "$47", "2016-12-31": "$15", "2016-09-30": "$21", "2016-06-30": "$17", "2016-03-31": "$15", "2015-12-31": "$15", "2015-09-30": "$38", "2015-06-30": "$33", "2015-03-31": "$28", "2014-12-31": "$14", "2014-09-30": "$19", "2014-06-30": "$28", "2014-03-31": "$39", "2013-12-31": "$84", "2013-09-30": "$83", "2013-06-30": "$113", "2013-03-31": "$73", "2012-12-31": "$70", "2012-09-30": "$69", "2012-06-30": "$60", "2012-03-31": "$34", "2011-12-31": "$38", "2011-09-30": "$21", "2011-06-30": "$51", "2011-03-31": "$60", "2010-12-31": "$50", "2010-09-30": "$137", "2010-06-30": "$109", "2010-03-31": "$112", "2009-12-31": "$112", "2009-09-30": "$42", "2009-06-30": "$17", "2009-03-31": "$12", "2008-12-31": "$4", "2008-09-30": "$7", "2008-06-30": "$2", "2008-03-31": "$30", "2007-12-31": "$5", "2007-09-30": "$17", "2007-06-30": "$7", "2007-03-31": "$30", "2006-12-31": "$29", "2006-09-30": "$5", "2006-06-30": "$7", "2006-03-31": "$46", "2005-12-31": "$57", "2005-09-30": "$38", "2005-06-30": "$18", "2005-03-31": "$9"}}, "long-term-debt": {"Chemed Annual Long Term Debt (Millions of US $)": {"2019": "$90", "2018": "$89", "2017": "$91", "2016": "$100", "2015": "$84", "2014": "$141", "2013": "$", "2012": "$175", "2011": "$167", "2010": "$159", "2009": "$152", "2008": "$158", "2007": "$215", "2006": "$150", "2005": "$234"}, "Chemed Quarterly Long Term Debt (Millions of US $)": {"2020-09-30": "", "2020-06-30": "", "2020-03-31": "$160", "2019-12-31": "$90", "2019-09-30": "$130", "2019-06-30": "$85", "2019-03-31": "$100", "2018-12-31": "$89", "2018-09-30": "$130", "2018-06-30": "$103", "2018-03-31": "$133", "2017-12-31": "$91", "2017-09-30": "$73", "2017-06-30": "$115", "2017-03-31": "$138", "2016-12-31": "$100", "2016-09-30": "$103", "2016-06-30": "$140", "2016-03-31": "$127", "2015-12-31": "$84", "2015-09-30": "$131", "2015-06-30": "$153", "2015-03-31": "$154", "2014-12-31": "$141", "2014-09-30": "$153", "2014-06-30": "$155", "2014-03-31": "", "2013-12-31": "", "2013-09-30": "", "2013-06-30": "", "2013-03-31": "$177", "2012-12-31": "$175", "2012-09-30": "$173", "2012-06-30": "$171", "2012-03-31": "$169", "2011-12-31": "$167", "2011-09-30": "$165", "2011-06-30": "$163", "2011-03-31": "$161", "2010-12-31": "$159", "2010-09-30": "$157", "2010-06-30": "$156", "2010-03-31": "$154", "2009-12-31": "$152", "2009-09-30": "$150", "2009-06-30": "$149", "2009-03-31": "$149", "2008-12-31": "$158", "2008-09-30": "$207", "2008-06-30": "$218", "2008-03-31": "$212", "2007-12-31": "$215", "2007-09-30": "$225", "2007-06-30": "$268", "2007-03-31": "$150", "2006-12-31": "$150", "2006-09-30": "$166", "2006-06-30": "$169", "2006-03-31": "$194", "2005-12-31": "$234", "2005-09-30": "$234", "2005-06-30": "$235", "2005-03-31": "$235"}}, "total-liabilities": {"Chemed Annual Total Liabilities (Millions of US $)": {"2019": "$542", "2018": "$384", "2017": "$380", "2016": "$356", "2015": "$339", "2014": "$409", "2013": "$445", "2012": "$406", "2011": "$382", "2010": "$368", "2009": "$342", "2008": "$363", "2007": "$406", "2006": "$372", "2005": "$455"}, "Chemed Quarterly Total Liabilities (Millions of US $)": {"2020-09-30": "$566", "2020-06-30": "$540", "2020-03-31": "$594", "2019-12-31": "$542", "2019-09-30": "$560", "2019-06-30": "$476", "2019-03-31": "$482", "2018-12-31": "$384", "2018-09-30": "$411", "2018-06-30": "$372", "2018-03-31": "$406", "2017-12-31": "$380", "2017-09-30": "$418", "2017-06-30": "$457", "2017-03-31": "$386", "2016-12-31": "$356", "2016-09-30": "$355", "2016-06-30": "$391", "2016-03-31": "$398", "2015-12-31": "$339", "2015-09-30": "$409", "2015-06-30": "$407", "2015-03-31": "$419", "2014-12-31": "$409", "2014-09-30": "$437", "2014-06-30": "$397", "2014-03-31": "$423", "2013-12-31": "$445", "2013-09-30": "$455", "2013-06-30": "$418", "2013-03-31": "$416", "2012-12-31": "$406", "2012-09-30": "$390", "2012-06-30": "$384", "2012-03-31": "$397", "2011-12-31": "$382", "2011-09-30": "$389", "2011-06-30": "$361", "2011-03-31": "$359", "2010-12-31": "$368", "2010-09-30": "$365", "2010-06-30": "$353", "2010-03-31": "$356", "2009-12-31": "$342", "2009-09-30": "$344", "2009-06-30": "$339", "2009-03-31": "$357", "2008-12-31": "$363", "2008-09-30": "$393", "2008-06-30": "$403", "2008-03-31": "$403", "2007-12-31": "$406", "2007-09-30": "$425", "2007-06-30": "$455", "2007-03-31": "$368", "2006-12-31": "$372", "2006-09-30": "$366", "2006-06-30": "$371", "2006-03-31": "$398", "2005-12-31": "$455", "2005-09-30": "$422", "2005-06-30": "$423", "2005-03-31": "$442"}}, "total-share-holder-equity": {"Chemed Annual Share Holder Equity (Millions of US $)": {"2019": "$727", "2018": "$591", "2017": "$540", "2016": "$524", "2015": "$513", "2014": "$451", "2013": "$449", "2012": "$453", "2011": "$414", "2010": "$462", "2009": "$477", "2008": "$397", "2007": "$364", "2006": "$421", "2005": "$384"}, "Chemed Quarterly Share Holder Equity (Millions of US $)": {"2020-09-30": "$801", "2020-06-30": "$751", "2020-03-31": "$684", "2019-12-31": "$727", "2019-09-30": "$672", "2019-06-30": "$619", "2019-03-31": "$588", "2018-12-31": "$591", "2018-09-30": "$568", "2018-06-30": "$556", "2018-03-31": "$507", "2017-12-31": "$540", "2017-09-30": "$478", "2017-06-30": "$453", "2017-03-31": "$501", "2016-12-31": "$524", "2016-09-30": "$487", "2016-06-30": "$462", "2016-03-31": "$485", "2015-12-31": "$513", "2015-09-30": "$489", "2015-06-30": "$478", "2015-03-31": "$477", "2014-12-31": "$451", "2014-09-30": "$432", "2014-06-30": "$444", "2014-03-31": "$446", "2013-12-31": "$449", "2013-09-30": "$427", "2013-06-30": "$481", "2013-03-31": "$483", "2012-12-31": "$453", "2012-09-30": "$475", "2012-06-30": "$447", "2012-03-31": "$434", "2011-12-31": "$414", "2011-09-30": "$426", "2011-06-30": "$489", "2011-03-31": "$464", "2010-12-31": "$462", "2010-09-30": "$534", "2010-06-30": "$513", "2010-03-31": "$498", "2009-12-31": "$477", "2009-09-30": "$457", "2009-06-30": "$437", "2009-03-31": "$417", "2008-12-31": "$397", "2008-09-30": "$351", "2008-06-30": "$355", "2008-03-31": "$366", "2007-12-31": "$364", "2007-09-30": "$344", "2007-06-30": "$325", "2007-03-31": "$416", "2006-12-31": "$421", "2006-09-30": "$415", "2006-06-30": "$412", "2006-03-31": "$399", "2005-12-31": "$384", "2005-09-30": "$376", "2005-06-30": "$359", "2005-03-31": "$346"}}, "profit-margins": {"current": "13.11%"}, "gross margin": {"2020-09-30": "32.79%", "2020-06-30": "31.72%", "2020-03-31": "32.16%", "2019-12-31": "31.82%", "2019-09-30": "31.31%", "2019-06-30": "31.23%", "2019-03-31": "31.01%", "2018-12-31": "31.13%", "2018-09-30": "31.20%", "2018-06-30": "31.11%", "2018-03-31": "31.19%", "2017-12-31": "30.97%", "2017-09-30": "30.65%", "2017-06-30": "29.99%", "2017-03-31": "29.52%", "2016-12-31": "29.25%", "2016-09-30": "29.26%", "2016-06-30": "29.58%", "2016-03-31": "29.54%", "2015-12-31": "29.53%", "2015-09-30": "29.46%", "2015-06-30": "29.21%", "2015-03-31": "29.10%", "2014-12-31": "28.93%", "2014-09-30": "28.63%", "2014-06-30": "28.69%", "2014-03-31": "28.68%", "2013-12-31": "28.64%", "2013-09-30": "28.52%", "2013-06-30": "28.27%", "2013-03-31": "27.98%", "2012-12-31": "27.76%", "2012-09-30": "27.78%", "2012-06-30": "27.90%", "2012-03-31": "28.10%", "2011-12-31": "28.41%", "2011-09-30": "28.64%", "2011-06-30": "28.86%", "2011-03-31": "29.03%", "2010-12-31": "29.30%", "2010-09-30": "29.35%", "2010-06-30": "29.49%", "2010-03-31": "29.73%", "2009-12-31": "29.92%", "2009-09-30": "30.11%", "2009-06-30": "30.17%", "2009-03-31": "29.97%", "2008-12-31": "29.44%", "2008-09-30": "29.42%", "2008-06-30": "29.28%", "2008-03-31": "29.69%", "2007-12-31": "30.36%", "2007-09-30": "30.11%", "2007-06-30": "29.52%", "2007-03-31": "28.90%", "2006-12-31": "28.26%", "2006-09-30": "28.32%", "2006-06-30": "28.94%", "2006-03-31": "29.12%", "2005-12-31": "29.69%"}, "operating margin": {"2020-09-30": "15.62%", "2020-06-30": "15.54%", "2020-03-31": "14.40%", "2019-12-31": "13.25%", "2019-09-30": "13.17%", "2019-06-30": "13.28%", "2019-03-31": "13.07%", "2018-12-31": "13.63%", "2018-09-30": "13.29%", "2018-06-30": "13.04%", "2018-03-31": "7.53%", "2017-12-31": "6.78%", "2017-09-30": "6.64%", "2017-06-30": "6.06%", "2017-03-31": "10.99%", "2016-12-31": "11.29%", "2016-09-30": "11.07%", "2016-06-30": "11.57%", "2016-03-31": "12.07%", "2015-12-31": "11.98%", "2015-09-30": "12.20%", "2015-06-30": "11.76%", "2015-03-31": "11.74%", "2014-12-31": "11.62%", "2014-09-30": "11.09%", "2014-06-30": "10.44%", "2014-03-31": "9.32%", "2013-12-31": "9.41%", "2013-09-30": "9.76%", "2013-06-30": "10.16%", "2013-03-31": "11.15%", "2012-12-31": "10.98%", "2012-09-30": "11.13%", "2012-06-30": "11.59%", "2012-03-31": "11.47%", "2011-12-31": "11.37%", "2011-09-30": "10.89%", "2011-06-30": "10.76%", "2011-03-31": "10.75%", "2010-12-31": "11.17%", "2010-09-30": "10.91%", "2010-06-30": "10.78%", "2010-03-31": "10.47%", "2009-12-31": "10.67%", "2009-09-30": "11.45%", "2009-06-30": "11.71%", "2009-03-31": "11.92%", "2008-12-31": "11.59%", "2008-09-30": "11.12%", "2008-06-30": "10.91%", "2008-03-31": "11.12%", "2007-12-31": "11.18%", "2007-09-30": "11.23%", "2007-06-30": "10.68%", "2007-03-31": "10.53%", "2006-12-31": "10.30%", "2006-09-30": "8.22%", "2006-06-30": "8.51%", "2006-03-31": "8.29%", "2005-12-31": "8.41%"}, "ebitda margin": {"2020-09-30": "18.42%", "2020-06-30": "18.21%", "2020-03-31": "16.91%", "2019-12-31": "15.68%", "2019-09-30": "15.47%", "2019-06-30": "15.51%", "2019-03-31": "15.34%", "2018-12-31": "15.87%", "2018-09-30": "15.46%", "2018-06-30": "15.24%", "2018-03-31": "9.71%", "2017-12-31": "9.00%", "2017-09-30": "8.90%", "2017-06-30": "8.35%", "2017-03-31": "13.38%", "2016-12-31": "13.71%", "2016-09-30": "13.55%", "2016-06-30": "14.06%", "2016-03-31": "14.45%", "2015-12-31": "14.25%", "2015-09-30": "14.44%", "2015-06-30": "14.04%", "2015-03-31": "14.11%", "2014-12-31": "14.16%", "2014-09-30": "13.82%", "2014-06-30": "13.35%", "2014-03-31": "12.31%", "2013-12-31": "12.45%", "2013-09-30": "12.69%", "2013-06-30": "13.06%", "2013-03-31": "13.99%", "2012-12-31": "13.71%", "2012-09-30": "13.89%", "2012-06-30": "14.31%", "2012-03-31": "14.23%", "2011-12-31": "14.17%", "2011-09-30": "13.72%", "2011-06-30": "13.56%", "2011-03-31": "13.59%", "2010-12-31": "14.06%", "2010-09-30": "13.79%", "2010-06-30": "13.64%", "2010-03-31": "13.37%", "2009-12-31": "13.53%", "2009-09-30": "14.33%", "2009-06-30": "14.70%", "2009-03-31": "14.85%", "2008-12-31": "14.55%", "2008-09-30": "14.19%", "2008-06-30": "13.75%", "2008-03-31": "13.90%", "2007-12-31": "13.91%", "2007-09-30": "13.63%", "2007-06-30": "13.12%", "2007-03-31": "12.92%", "2006-12-31": "12.66%", "2006-09-30": "10.56%", "2006-06-30": "10.89%", "2006-03-31": "10.73%", "2005-12-31": "10.81%"}, "pre tax profit margin": {"2020-09-30": "16.01%", "2020-06-30": "15.64%", "2020-03-31": "14.05%", "2019-12-31": "13.51%", "2019-09-30": "13.07%", "2019-06-30": "13.11%", "2019-03-31": "13.01%", "2018-12-31": "13.46%", "2018-09-30": "13.41%", "2018-06-30": "13.09%", "2018-03-31": "7.65%", "2017-12-31": "7.02%", "2017-09-30": "6.76%", "2017-06-30": "6.18%", "2017-03-31": "11.24%", "2016-12-31": "11.23%", "2016-09-30": "11.07%", "2016-06-30": "11.37%", "2016-03-31": "11.62%", "2015-12-31": "11.66%", "2015-09-30": "11.81%", "2015-06-30": "11.56%", "2015-03-31": "11.47%", "2014-12-31": "11.20%", "2014-09-30": "10.67%", "2014-06-30": "9.80%", "2014-03-31": "8.68%", "2013-12-31": "8.77%", "2013-09-30": "9.00%", "2013-06-30": "9.47%", "2013-03-31": "10.25%", "2012-12-31": "10.14%", "2012-09-30": "10.21%", "2012-06-30": "10.44%", "2012-03-31": "10.46%", "2011-12-31": "10.33%", "2011-09-30": "10.07%", "2011-06-30": "10.08%", "2011-03-31": "10.06%", "2010-12-31": "10.47%", "2010-09-30": "10.10%", "2010-06-30": "10.13%", "2010-03-31": "10.05%", "2009-12-31": "10.17%", "2009-09-30": "10.60%", "2009-06-30": "10.51%", "2009-03-31": "10.54%", "2008-12-31": "10.10%", "2008-09-30": "9.72%", "2008-06-30": "9.67%", "2008-03-31": "8.70%", "2007-12-31": "8.82%", "2007-09-30": "9.12%", "2007-06-30": "8.43%", "2007-03-31": "9.28%", "2006-12-31": "8.93%", "2006-09-30": "6.50%", "2006-06-30": "6.85%", "2006-03-31": "6.59%", "2005-12-31": "6.11%"}, "net profit margin": {"2020-09-30": "13.15%", "2020-06-30": "13.01%", "2020-03-31": "11.64%", "2019-12-31": "11.40%", "2019-09-30": "11.15%", "2019-06-30": "10.94%", "2019-03-31": "11.35%", "2018-12-31": "11.50%", "2018-09-30": "11.75%", "2018-06-30": "11.01%", "2018-03-31": "6.65%", "2017-12-31": "5.88%", "2017-09-30": "4.57%", "2017-06-30": "4.14%", "2017-03-31": "7.16%", "2016-12-31": "6.92%", "2016-09-30": "6.81%", "2016-06-30": "6.96%", "2016-03-31": "7.13%", "2015-12-31": "7.19%", "2015-09-30": "7.28%", "2015-06-30": "7.15%", "2015-03-31": "7.06%", "2014-12-31": "6.87%", "2014-09-30": "6.53%", "2014-06-30": "6.04%", "2014-03-31": "5.41%", "2013-12-31": "5.45%", "2013-09-30": "5.65%", "2013-06-30": "5.87%", "2013-03-31": "6.30%", "2012-12-31": "6.22%", "2012-09-30": "6.24%", "2012-06-30": "6.37%", "2012-03-31": "6.39%", "2011-12-31": "6.35%", "2011-09-30": "6.19%", "2011-06-30": "6.21%", "2011-03-31": "6.22%", "2010-12-31": "6.41%", "2010-09-30": "6.17%", "2010-06-30": "6.13%", "2010-03-31": "6.06%", "2009-12-31": "6.13%", "2009-09-30": "6.19%", "2009-06-30": "6.07%", "2009-03-31": "6.04%", "2008-12-31": "5.84%", "2008-09-30": "5.87%", "2008-06-30": "6.03%", "2008-03-31": "5.47%", "2007-12-31": "5.55%", "2007-09-30": "5.62%", "2007-06-30": "4.78%", "2007-03-31": "5.26%", "2006-12-31": "5.00%", "2006-09-30": "3.76%", "2006-06-30": "4.56%", "2006-03-31": "4.25%", "2005-12-31": "3.93%"}, "pe ratio": {"current": "29.68", "2021-02-05": "30.90", "2020-09-30": "29.11", "2020-06-30": "28.31", "2020-03-31": "30.92", "2019-12-31": "32.93", "2019-09-30": "33.02", "2019-06-30": "29.69", "2019-03-31": "25.91", "2018-12-31": "22.98", "2018-09-30": "25.93", "2018-06-30": "28.23", "2018-03-31": "40.43", "2017-12-31": "41.41", "2017-09-30": "44.40", "2017-06-30": "50.62", "2017-03-31": "26.42", "2016-12-31": "24.34", "2016-09-30": "22.11", "2016-06-30": "21.23", "2016-03-31": "20.82", "2015-12-31": "23.17", "2015-09-30": "20.64", "2015-06-30": "21.11", "2015-03-31": "19.82", "2014-12-31": "18.38", "2014-09-30": "19.36", "2014-06-30": "19.28", "2014-03-31": "20.99", "2013-12-31": "17.72", "2013-09-30": "16.03", "2013-06-30": "15.72", "2013-03-31": "16.11", "2012-12-31": "14.11", "2012-09-30": "14.49", "2012-06-30": "12.69", "2012-03-31": "13.61", "2011-12-31": "11.68", "2011-09-30": "13.58", "2011-06-30": "16.72", "2011-03-31": "17.54", "2010-12-31": "16.68", "2010-09-30": "15.82", "2010-06-30": "15.46", "2010-03-31": "15.64", "2009-12-31": "13.72", "2009-09-30": "12.29", "2009-06-30": "11.20", "2009-03-31": "11.12", "2008-12-31": "11.95", "2008-09-30": "12.36", "2008-06-30": "11.19", "2008-03-31": "14.58", "2007-12-31": "19.73", "2007-09-30": "23.37", "2007-06-30": "30.43", "2007-03-31": "21.38", "2006-12-31": "17.56"}, "price sales": {"2021-02-05": "4.05", "2020-09-30": "3.82", "2020-06-30": "3.68", "2020-03-31": "3.58", "2019-12-31": "3.73", "2019-09-30": "3.68", "2019-06-30": "3.25", "2019-03-31": "2.95", "2018-12-31": "2.66", "2018-09-30": "3.04", "2018-06-30": "3.10", "2018-03-31": "2.64", "2017-12-31": "2.39", "2017-09-30": "2.02", "2017-06-30": "2.06", "2017-03-31": "1.89", "2016-12-31": "1.69", "2016-09-30": "1.50", "2016-06-30": "1.47", "2016-03-31": "1.48", "2015-12-31": "1.65", "2015-09-30": "1.50", "2015-06-30": "1.50", "2015-03-31": "1.39", "2014-12-31": "1.26", "2014-09-30": "1.26", "2014-06-30": "1.18", "2014-03-31": "1.14", "2013-12-31": "0.98", "2013-09-30": "0.91", "2013-06-30": "0.92", "2013-03-31": "1.02", "2012-12-31": "0.88", "2012-09-30": "0.92", "2012-06-30": "0.82", "2012-03-31": "0.89", "2011-12-31": "0.76", "2011-09-30": "0.84", "2011-06-30": "1.03", "2011-03-31": "1.08", "2010-12-31": "1.07", "2010-09-30": "0.98", "2010-06-30": "0.95", "2010-03-31": "0.95", "2009-12-31": "0.85", "2009-09-30": "0.78", "2009-06-30": "0.71", "2009-03-31": "0.71", "2008-12-31": "0.75", "2008-09-30": "0.79", "2008-06-30": "0.72", "2008-03-31": "0.85", "2007-12-31": "1.17", "2007-09-30": "1.33", "2007-06-30": "1.47", "2007-03-31": "1.13", "2006-12-31": "0.88"}, "price book": {"current": "10.14", "2021-02-05": "10.09", "2020-09-30": "9.51", "2020-06-30": "9.51", "2020-03-31": "9.99", "2019-12-31": "9.61", "2019-09-30": "9.86", "2019-06-30": "9.20", "2019-03-31": "8.59", "2018-12-31": "7.56", "2018-09-30": "8.90", "2018-06-30": "9.18", "2018-03-31": "8.46", "2017-12-31": "7.14", "2017-09-30": "6.64", "2017-06-30": "7.09", "2017-03-31": "5.76", "2016-12-31": "4.88", "2016-09-30": "4.59", "2016-06-30": "4.66", "2016-03-31": "4.50", "2015-12-31": "4.79", "2015-09-30": "4.47", "2015-06-30": "4.50", "2015-03-31": "4.14", "2014-12-31": "3.84", "2014-09-30": "3.90", "2014-06-30": "3.50", "2014-03-31": "3.37", "2013-12-31": "2.89", "2013-09-30": "2.82", "2013-06-30": "2.67", "2013-03-31": "2.97", "2012-12-31": "2.67", "2012-09-30": "2.66", "2012-06-30": "2.43", "2012-03-31": "2.61", "2011-12-31": "2.22", "2011-09-30": "2.40", "2011-06-30": "2.67", "2011-03-31": "2.84", "2010-12-31": "2.73", "2010-09-30": "2.25", "2010-06-30": "2.24", "2010-03-31": "2.30", "2009-12-31": "2.10", "2009-09-30": "2.00", "2009-06-30": "1.87", "2009-03-31": "1.92", "2008-12-31": "2.06", "2008-09-30": "2.39", "2008-06-30": "2.16", "2008-03-31": "2.49", "2007-12-31": "3.35", "2007-09-30": "3.94", "2007-06-30": "4.44", "2007-03-31": "2.71", "2006-12-31": "2.06", "2006-09-30": "1.84", "2006-06-30": "3.14", "2006-03-31": "3.52"}, "price fcf": {"2021-02-05": "", "2020-09-30": "$25.04", "2020-06-30": "$25.12", "2020-03-31": "$15.61", "2019-12-31": "$15.02", "2019-09-30": "$14.33", "2019-06-30": "$13.06", "2019-03-31": "$14.44", "2018-12-31": "$13.94", "2018-09-30": "$9.00", "2018-06-30": "$7.14", "2018-03-31": "$5.42", "2017-12-31": "$5.87", "2017-09-30": "$8.18", "2017-06-30": "$7.03", "2017-03-31": "$9.50", "2016-12-31": "$5.70", "2016-09-30": "$8.51", "2016-06-30": "$7.57", "2016-03-31": "$6.84", "2015-12-31": "$7.31", "2015-09-30": "$7.40", "2015-06-30": "$5.22", "2015-03-31": "$5.05", "2014-12-31": "$3.74", "2014-09-30": "$1.32", "2014-06-30": "$4.15", "2014-03-31": "$5.30", "2013-12-31": "$6.54", "2013-09-30": "$8.69", "2013-06-30": "$6.94", "2013-03-31": "$5.22", "2012-12-31": "$4.99", "2012-09-30": "$5.52", "2012-06-30": "$7.11", "2012-03-31": "$4.86", "2011-12-31": "$6.91", "2011-09-30": "$4.94", "2011-06-30": "$3.93", "2011-03-31": "$4.49", "2010-12-31": "$2.62", "2010-09-30": "$4.85", "2010-06-30": "$4.88", "2010-03-31": "$5.21", "2009-12-31": "$6.13", "2009-09-30": "$3.31", "2009-06-30": "$3.91", "2009-03-31": "$3.25", "2008-12-31": "$3.70", "2008-09-30": "$3.40", "2008-06-30": "$3.66", "2008-03-31": "$3.28", "2007-12-31": "$3.03", "2007-09-30": "$4.93", "2007-06-30": "$3.12", "2007-03-31": "$3.02", "2006-12-31": "$2.89"}, "net worth": {"value": "$8.13B"}, "current ratio": {"current": "0.82", "2020-09-30": "0.82", "2020-06-30": "0.59", "2020-03-31": "0.81", "2019-12-31": "0.73", "2019-09-30": "0.67", "2019-06-30": "0.81", "2019-03-31": "0.73", "2018-12-31": "0.83", "2018-09-30": "1.14", "2018-06-30": "1.04", "2018-03-31": "0.91", "2017-12-31": "0.91", "2017-09-30": "0.50", "2017-06-30": "0.58", "2017-03-31": "1.07", "2016-12-31": "0.99", "2016-09-30": "0.79", "2016-06-30": "0.88", "2016-03-31": "0.94", "2015-12-31": "0.88", "2015-09-30": "1.08", "2015-06-30": "1.17", "2015-03-31": "1.22", "2014-12-31": "0.99", "2014-09-30": "0.96", "2014-06-30": "1.06", "2014-03-31": "0.59", "2013-12-31": "0.62", "2013-09-30": "0.58", "2013-06-30": "0.69", "2013-03-31": "1.47", "2012-12-31": "1.26", "2012-09-30": "1.39", "2012-06-30": "1.25", "2012-03-31": "1.14", "2011-12-31": "1.04", "2011-09-30": "1.05", "2011-06-30": "1.51", "2011-03-31": "1.35", "2010-12-31": "1.32", "2010-09-30": "1.81", "2010-06-30": "1.72", "2010-03-31": "1.58", "2009-12-31": "1.46", "2009-09-30": "1.25", "2009-06-30": "1.11", "2009-03-31": "0.97", "2008-12-31": "0.88", "2008-09-30": "0.86", "2008-06-30": "0.95", "2008-03-31": "0.99", "2007-12-31": "0.91", "2007-09-30": "0.82", "2007-06-30": "0.98", "2007-03-31": "0.95", "2006-12-31": "0.98", "2006-09-30": "1.01", "2006-06-30": "1.00", "2006-03-31": "1.07", "2005-12-31": "1.21", "2005-09-30": "1.20", "2005-06-30": "1.07", "2005-03-31": "0.96"}, "quick ratio": {"2020-09-30": "0.80", "2020-06-30": "0.57", "2020-03-31": "0.78", "2019-12-31": "0.70", "2019-09-30": "0.64", "2019-06-30": "0.78", "2019-03-31": "0.70", "2018-12-31": "0.80", "2018-09-30": "1.11", "2018-06-30": "1.01", "2018-03-31": "0.88", "2017-12-31": "0.88", "2017-09-30": "0.48", "2017-06-30": "0.56", "2017-03-31": "1.04", "2016-12-31": "0.96", "2016-09-30": "0.76", "2016-06-30": "0.84", "2016-03-31": "0.91", "2015-12-31": "0.84", "2015-09-30": "1.04", "2015-06-30": "1.14", "2015-03-31": "1.18", "2014-12-31": "0.96", "2014-09-30": "0.92", "2014-06-30": "1.01", "2014-03-31": "0.57", "2013-12-31": "0.60", "2013-09-30": "0.56", "2013-06-30": "0.67", "2013-03-31": "1.43", "2012-12-31": "1.22", "2012-09-30": "1.34", "2012-06-30": "1.19", "2012-03-31": "1.09", "2011-12-31": "0.98", "2011-09-30": "0.99", "2011-06-30": "1.44", "2011-03-31": "1.29", "2010-12-31": "1.27", "2010-09-30": "1.76", "2010-06-30": "1.66", "2010-03-31": "1.53", "2009-12-31": "1.40", "2009-09-30": "1.20", "2009-06-30": "1.06", "2009-03-31": "0.92", "2008-12-31": "0.83", "2008-09-30": "0.81", "2008-06-30": "0.90", "2008-03-31": "0.94", "2007-12-31": "0.87", "2007-09-30": "0.78", "2007-06-30": "0.93", "2007-03-31": "0.91", "2006-12-31": "0.94", "2006-09-30": "0.96", "2006-06-30": "0.96", "2006-03-31": "1.03", "2005-12-31": "1.17", "2005-09-30": "1.15", "2005-06-30": "1.02", "2005-03-31": "0.92"}, "debt equity ratio": {"current": "0.00", "2020-09-30": "0.71", "2020-06-30": "0.72", "2020-03-31": "0.87", "2019-12-31": "0.75", "2019-09-30": "0.83", "2019-06-30": "0.77", "2019-03-31": "0.82", "2018-12-31": "0.65", "2018-09-30": "0.72", "2018-06-30": "0.67", "2018-03-31": "0.80", "2017-12-31": "0.70", "2017-09-30": "0.88", "2017-06-30": "1.01", "2017-03-31": "0.77", "2016-12-31": "0.68", "2016-09-30": "0.73", "2016-06-30": "0.85", "2016-03-31": "0.82", "2015-12-31": "0.66", "2015-09-30": "0.84", "2015-06-30": "0.85", "2015-03-31": "0.88", "2014-12-31": "0.91", "2014-09-30": "1.01", "2014-06-30": "0.89", "2014-03-31": "0.95", "2013-12-31": "0.99", "2013-09-30": "1.07", "2013-06-30": "0.87", "2013-03-31": "0.86", "2012-12-31": "0.90", "2012-09-30": "0.82", "2012-06-30": "0.86", "2012-03-31": "0.91", "2011-12-31": "0.92", "2011-09-30": "0.91", "2011-06-30": "0.74", "2011-03-31": "0.77", "2010-12-31": "0.80", "2010-09-30": "0.68", "2010-06-30": "0.69", "2010-03-31": "0.72", "2009-12-31": "0.72", "2009-09-30": "0.75", "2009-06-30": "0.78", "2009-03-31": "0.86", "2008-12-31": "0.91", "2008-09-30": "1.12", "2008-06-30": "1.14", "2008-03-31": "1.10", "2007-12-31": "1.11", "2007-09-30": "1.24", "2007-06-30": "1.40", "2007-03-31": "0.89", "2006-12-31": "0.88", "2006-09-30": "0.88", "2006-06-30": "0.90", "2006-03-31": "1.00", "2005-12-31": "1.18", "2005-09-30": "1.12", "2005-06-30": "1.18", "2005-03-31": "1.28"}, "return on equity": {"2020-09-30": "36.72%", "2020-06-30": "37.12%", "2020-03-31": "34.34%", "2019-12-31": "33.92%", "2019-09-30": "33.85%", "2019-06-30": "33.98%", "2019-03-31": "35.61%", "2018-12-31": "36.90%", "2018-09-30": "37.95%", "2018-06-30": "36.52%", "2018-03-31": "22.85%", "2017-12-31": "19.88%", "2017-09-30": "15.34%", "2017-06-30": "13.64%", "2017-03-31": "23.10%", "2016-12-31": "22.27%", "2016-09-30": "21.98%", "2016-06-30": "22.37%", "2016-03-31": "22.60%", "2015-12-31": "22.69%", "2015-09-30": "23.43%", "2015-06-30": "23.29%", "2015-03-31": "23.06%", "2014-12-31": "22.56%", "2014-09-30": "21.01%", "2014-06-30": "19.25%", "2014-03-31": "16.86%", "2013-12-31": "16.74%", "2013-09-30": "17.57%", "2013-06-30": "17.97%", "2013-03-31": "19.59%", "2012-12-31": "19.68%", "2012-09-30": "19.89%", "2012-06-30": "20.69%", "2012-03-31": "19.97%", "2011-12-31": "19.19%", "2011-09-30": "18.03%", "2011-06-30": "16.83%", "2011-03-31": "16.42%", "2010-12-31": "16.34%", "2010-09-30": "15.23%", "2010-06-30": "15.42%", "2010-03-31": "15.62%", "2009-12-31": "16.33%", "2009-09-30": "17.10%", "2009-06-30": "17.73%", "2009-03-31": "18.42%", "2008-12-31": "18.24%", "2008-09-30": "18.66%", "2008-06-30": "19.03%", "2008-03-31": "17.44%", "2007-12-31": "16.84%", "2007-09-30": "16.20%", "2007-06-30": "12.94%", "2007-03-31": "13.22%", "2006-12-31": "12.39%", "2006-09-30": "9.19%", "2006-06-30": "11.20%", "2006-03-31": "10.54%", "2005-12-31": "9.83%"}, "return on assets": {"2020-09-30": "20.91%", "2020-06-30": "20.75%", "2020-03-31": "19.04%", "2019-12-31": "18.95%", "2019-09-30": "19.12%", "2019-06-30": "19.52%", "2019-03-31": "20.74%", "2018-12-31": "21.60%", "2018-09-30": "22.03%", "2018-06-30": "20.79%", "2018-03-31": "12.42%", "2017-12-31": "10.86%", "2017-09-30": "8.40%", "2017-06-30": "7.62%", "2017-03-31": "13.18%", "2016-12-31": "12.61%", "2016-09-30": "12.48%", "2016-06-30": "12.51%", "2016-03-31": "12.62%", "2015-12-31": "12.57%", "2015-09-30": "12.55%", "2015-06-30": "12.19%", "2015-03-31": "12.00%", "2014-12-31": "11.62%", "2014-09-30": "10.71%", "2014-06-30": "9.75%", "2014-03-31": "8.58%", "2013-12-31": "8.62%", "2013-09-30": "9.15%", "2013-06-30": "9.65%", "2013-03-31": "10.54%", "2012-12-31": "10.51%", "2012-09-30": "10.59%", "2012-06-30": "10.88%", "2012-03-31": "10.69%", "2011-12-31": "10.47%", "2011-09-30": "10.00%", "2011-06-30": "9.64%", "2011-03-31": "9.48%", "2010-12-31": "9.51%", "2010-09-30": "8.96%", "2010-06-30": "8.98%", "2010-03-31": "8.98%", "2009-12-31": "9.21%", "2009-09-30": "9.39%", "2009-06-30": "9.30%", "2009-03-31": "9.22%", "2008-12-31": "8.84%", "2008-09-30": "8.81%", "2008-06-30": "8.87%", "2008-03-31": "7.90%", "2007-12-31": "7.87%", "2007-09-30": "7.81%", "2007-06-30": "6.50%", "2007-03-31": "7.00%", "2006-12-31": "6.46%", "2006-09-30": "4.62%", "2006-06-30": "5.47%", "2006-03-31": "4.98%", "2005-12-31": "4.49%"}, "return on investments": {"2020-09-30": "77.78%", "2020-06-30": "50.99%", "2020-03-31": "36.25%", "2019-12-31": "34.14%", "2019-09-30": "34.37%", "2019-06-30": "35.22%", "2019-03-31": "34.62%", "2018-12-31": "36.30%", "2018-09-30": "35.45%", "2018-06-30": "36.28%", "2018-03-31": "21.43%", "2017-12-31": "18.93%", "2017-09-30": "18.32%", "2017-06-30": "16.20%", "2017-03-31": "28.52%", "2016-12-31": "29.32%", "2016-09-30": "28.99%", "2016-06-30": "29.79%", "2016-03-31": "30.59%", "2015-12-31": "29.87%", "2015-09-30": "30.08%", "2015-06-30": "28.85%", "2015-03-31": "28.73%", "2014-12-31": "38.02%", "2014-09-30": "53.33%", "2014-06-30": "98.16%", "2014-03-31": "inf%", "2013-12-31": "80.61%", "2013-09-30": "43.48%", "2013-06-30": "30.39%", "2013-03-31": "25.23%", "2012-12-31": "25.16%", "2012-09-30": "25.65%", "2012-06-30": "27.09%", "2012-03-31": "26.05%", "2011-12-31": "25.16%", "2011-09-30": "23.46%", "2011-06-30": "21.94%", "2011-03-31": "21.49%", "2010-12-31": "21.72%", "2010-09-30": "20.60%", "2010-06-30": "20.65%", "2010-03-31": "20.37%", "2009-12-31": "21.27%", "2009-09-30": "23.34%", "2009-06-30": "24.19%", "2009-03-31": "24.51%", "2008-12-31": "23.50%", "2008-09-30": "22.20%", "2008-06-30": "21.41%", "2008-03-31": "21.40%", "2007-12-31": "21.34%", "2007-09-30": "21.23%", "2007-06-30": "19.72%", "2007-03-31": "19.12%", "2006-12-31": "18.04%", "2006-09-30": "13.65%", "2006-06-30": "13.65%", "2006-03-31": "12.92%", "2005-12-31": "12.82%"}, "return on tangible equity": {"2020-09-30": "697.44%", "2020-06-30": "5009.52%", "2020-03-31": "7733.33%", "2019-12-31": "2210.00%", "2019-09-30": "2786.67%", "2019-06-30": "883.52%", "2019-03-31": "1108.11%", "2018-12-31": "2157.89%", "2018-09-30": "2423.53%", "2018-06-30": "-1727.27%", "2018-03-31": "-318.31%", "2017-12-31": "-274.13%", "2017-09-30": "-193.55%", "2017-06-30": "-184.83%", "2017-03-31": "-335.29%", "2016-12-31": "-286.84%", "2016-09-30": "-262.58%", "2016-06-30": "-267.48%", "2016-03-31": "-300.00%", "2015-12-31": "-294.04%", "2015-09-30": "-213.46%", "2015-06-30": "-165.25%", "2015-03-31": "-144.95%", "2014-12-31": "-125.79%", "2014-09-30": "-115.53%", "2014-06-30": "-103.66%", "2014-03-31": "-104.47%", "2013-12-31": "-121.74%", "2013-09-30": "-130.65%", "2013-06-30": "-170.00%", "2013-03-31": "-158.26%", "2012-12-31": "-128.99%", "2012-09-30": "-113.18%", "2012-06-30": "-101.14%", "2012-03-31": "-114.29%", "2011-12-31": "-125.55%", "2011-09-30": "-148.88%", "2011-06-30": "-309.43%", "2011-03-31": "-450.00%", "2010-12-31": "-1093.33%", "2010-09-30": "-4400.00%", "2010-06-30": "-348.84%", "2010-03-31": "-176.97%", "2009-12-31": "-116.80%", "2009-09-30": "-87.95%", "2009-06-30": "-65.89%", "2009-03-31": "-55.45%", "2008-12-31": "-48.91%", "2008-09-30": "-46.61%", "2008-06-30": "-46.66%", "2008-03-31": "-39.74%", "2007-12-31": "-43.19%", "2007-09-30": "-48.03%", "2007-06-30": "-46.58%", "2007-03-31": "-61.97%", "2006-12-31": "-54.11%", "2006-09-30": "-35.66%", "2006-06-30": "-38.34%", "2006-03-31": "-30.89%", "2005-12-31": "-25.04%"}, "dividend yield history": {"last payout": "$1.36", "last yield": "0.27%"}}