{"ticker": "LNG", "price": {"title": "Cheniere Energy Historical Annual Stock Price Data", "value": 66.39, "historical": {"2021": {"Average Stock Price": "64.4754", "Year Open": "58.9100", "Year High": "67.6300", "Year Low": "58.9100", "Year Close": "66.3900", "Annual % Change": "10.59%"}, "2020": {"Average Stock Price": "49.8275", "Year Open": "62.3200", "Year High": "66.0000", "Year Low": "29.8200", "Year Close": "60.0300", "Annual % Change": "-1.70%"}, "2019": {"Average Stock Price": "64.3607", "Year Open": "60.2000", "Year High": "70.1200", "Year Low": "58.2300", "Year Close": "61.0700", "Annual % Change": "3.18%"}, "2018": {"Average Stock Price": "60.7056", "Year Open": "54.7000", "Year High": "70.2200", "Year Low": "51.8800", "Year Close": "59.1900", "Annual % Change": "9.94%"}, "2017": {"Average Stock Price": "46.5627", "Year Open": "42.3500", "Year High": "54.2600", "Year Low": "40.8000", "Year Close": "53.8400", "Annual % Change": "29.95%"}, "2016": {"Average Stock Price": "37.5779", "Year Open": "37.5100", "Year High": "45.8900", "Year Low": "23.6500", "Year Close": "41.4300", "Annual % Change": "11.22%"}, "2015": {"Average Stock Price": "64.0365", "Year Open": "71.3200", "Year High": "81.4000", "Year Low": "35.8700", "Year Close": "37.2500", "Annual % Change": "-47.09%"}, "2014": {"Average Stock Price": "64.0563", "Year Open": "43.4300", "Year High": "84.4600", "Year Low": "40.8800", "Year Close": "70.4000", "Annual % Change": "63.27%"}, "2013": {"Average Stock Price": "30.0385", "Year Open": "19.5000", "Year High": "44.9000", "Year Low": "19.5000", "Year Close": "43.1200", "Annual % Change": "129.61%"}, "2012": {"Average Stock Price": "14.9174", "Year Open": "8.7500", "Year High": "18.7800", "Year Low": "8.7000", "Year Close": "18.7800", "Annual % Change": "116.11%"}, "2011": {"Average Stock Price": "8.4254", "Year Open": "6.4200", "Year High": "11.9300", "Year Low": "4.0000", "Year Close": "8.6900", "Annual % Change": "57.43%"}, "2010": {"Average Stock Price": "3.4331", "Year Open": "2.4900", "Year High": "6.2000", "Year Low": "2.3600", "Year Close": "5.5200", "Annual % Change": "128.10%"}, "2009": {"Average Stock Price": "3.3115", "Year Open": "3.0100", "Year High": "5.1900", "Year Low": "1.8000", "Year Close": "2.4200", "Annual % Change": "-15.09%"}, "2008": {"Average Stock Price": "10.3908", "Year Open": "32.2800", "Year High": "32.6800", "Year Low": "0.9500", "Year Close": "2.8500", "Annual % Change": "-91.27%"}, "2007": {"Average Stock Price": "35.0450", "Year Open": "27.9900", "Year High": "41.7300", "Year Low": "27.0800", "Year Close": "32.6400", "Annual % Change": "13.06%"}, "2006": {"Average Stock Price": "34.9136", "Year Open": "37.7100", "Year High": "43.9300", "Year Low": "24.8500", "Year Close": "28.8700", "Annual % Change": "-22.43%"}, "2005": {"Average Stock Price": "34.7482", "Year Open": "30.9800", "Year High": "42.7300", "Year Low": "26.0000", "Year Close": "37.2200", "Annual % Change": "16.86%"}, "2004": {"Average Stock Price": "11.5460", "Year Open": "5.5550", "Year High": "32.3500", "Year Low": "5.5350", "Year Close": "31.8500", "Annual % Change": "444.44%"}, "2003": {"Average Stock Price": "2.0290", "Year Open": "0.6500", "Year High": "5.9500", "Year Low": "0.6000", "Year Close": "5.8500", "Annual % Change": "814.06%"}, "2002": {"Average Stock Price": "0.5489", "Year Open": "0.4750", "Year High": "0.7250", "Year Low": "0.4000", "Year Close": "0.6400", "Annual % Change": "28.00%"}, "2001": {"Average Stock Price": "0.9635", "Year Open": "1.1900", "Year High": "1.6900", "Year Low": "0.4000", "Year Close": "0.5000", "Annual % Change": "-58.51%"}, "2000": {"Average Stock Price": "1.5363", "Year Open": "1.3800", "Year High": "2.8800", "Year Low": "0.8150", "Year Close": "1.2050", "Annual % Change": "-16.32%"}, "1999": {"Average Stock Price": "2.5465", "Year Open": "2.0000", "Year High": "4.0000", "Year Low": "0.8800", "Year Close": "1.4400", "Annual % Change": "-28.00%"}, "1998": {"Average Stock Price": "3.8252", "Year Open": "4.5000", "Year High": "7.2600", "Year Low": "0.8800", "Year Close": "2.0000", "Annual % Change": "-51.46%"}, "1997": {"Average Stock Price": "7.3017", "Year Open": "7.7600", "Year High": "11.2600", "Year Low": "3.7600", "Year Close": "4.1200", "Annual % Change": "-48.11%"}, "1996": {"Average Stock Price": "14.3141", "Year Open": "45.0045", "Year High": "46.5047", "Year Low": "2.1200", "Year Close": "7.9400", "Annual % Change": "-82.36%"}, "1995": {"Average Stock Price": "34.8437", "Year Open": "30.0030", "Year High": "48.0048", "Year Low": "25.5026", "Year Close": "45.0045", "Annual % Change": "50.00%"}}}, "market cap": {"value": "$16.75B"}, "income statement": {"Revenue": {"2019-12-31": "9730.00000", "2018-12-31": "7987.00000", "2017-12-31": "5601.00000", "2016-12-31": "1283.00000", "2015-12-31": "271.00000", "2014-12-31": "267.95400", "2013-12-31": "267.21300", "2012-12-31": "266.22000", "2011-12-31": "290.44400", "2010-12-31": "291.51300", "2009-12-31": "181.12600", "2008-12-31": "7.14400", "2007-12-31": "0.64700", "2006-12-31": "2.37100", "2005-12-31": "3.00500"}, "Cost Of Goods Sold": {"2019-12-31": "6242.00000", "2018-12-31": "5217.00000", "2017-12-31": "3576.00000", "2016-12-31": "805.00000", "2015-12-31": "122.00000", "2014-12-31": "152.16600", "2013-12-31": "149.82000", "2012-12-31": "123.56400", "2011-12-31": "80.46600", "2010-12-31": "55.01300", "2009-12-31": "37.57100", "2008-12-31": "25.60400", "2007-12-31": "36.13000", "2006-12-31": "15.47400", "2005-12-31": "25.09600"}, "Gross Profit": {"2019-12-31": "3488.00000", "2018-12-31": "2770.00000", "2017-12-31": "2025.00000", "2016-12-31": "478.00000", "2015-12-31": "149.00000", "2014-12-31": "115.78800", "2013-12-31": "117.39300", "2012-12-31": "142.65600", "2011-12-31": "209.97800", "2010-12-31": "236.50000", "2009-12-31": "143.55500", "2008-12-31": "-18.46000", "2007-12-31": "-35.48300", "2006-12-31": "-13.10300", "2005-12-31": "-22.09100"}, "Research And Development Expenses": {"2019-12-31": "", "2018-12-31": "", "2017-12-31": "", "2016-12-31": "", "2015-12-31": "", "2014-12-31": "", "2013-12-31": "", "2012-12-31": "", "2011-12-31": "", "2010-12-31": "", "2009-12-31": "", "2008-12-31": "", "2007-12-31": "", "2006-12-31": "", "2005-12-31": ""}, "SG&A Expenses": {"2019-12-31": "310.00000", "2018-12-31": "289.00000", "2017-12-31": "256.00000", "2016-12-31": "260.00000", "2015-12-31": "363.00000", "2014-12-31": "323.70900", "2013-12-31": "384.51200", "2012-12-31": "152.08100", "2011-12-31": "88.42700", "2010-12-31": "68.62600", "2009-12-31": "65.83000", "2008-12-31": "122.67800", "2007-12-31": "122.04600", "2006-12-31": "58.01200", "2005-12-31": "29.14500"}, "Other Operating Income Or Expenses": {"2019-12-31": "-23.00000", "2018-12-31": "-8.00000", "2017-12-31": "-19.00000", "2016-12-31": "-13.00000", "2015-12-31": "-91.00000", "2014-12-31": "0.00000", "2013-12-31": "", "2012-12-31": "", "2011-12-31": "", "2010-12-31": "0.00000", "2009-12-31": "0.00000", "2008-12-31": "0.00000", "2007-12-31": "", "2006-12-31": "", "2005-12-31": ""}, "Operating Expenses": {"2019-12-31": "7369.00000", "2018-12-31": "5963.00000", "2017-12-31": "4213.00000", "2016-12-31": "1313.00000", "2015-12-31": "720.00000", "2014-12-31": "540.13310", "2013-12-31": "595.54100", "2012-12-31": "342.05200", "2011-12-31": "232.29800", "2010-12-31": "186.89000", "2009-12-31": "157.63000", "2008-12-31": "251.33200", "2007-12-31": "164.56900", "2006-12-31": "76.61700", "2005-12-31": "55.56600"}, "Operating Income": {"2019-12-31": "2361.00000", "2018-12-31": "2024.00000", "2017-12-31": "1388.00000", "2016-12-31": "-30.00000", "2015-12-31": "-449.00000", "2014-12-31": "-272.17900", "2013-12-31": "-328.32800", "2012-12-31": "-75.83200", "2011-12-31": "58.14600", "2010-12-31": "104.62300", "2009-12-31": "23.49600", "2008-12-31": "-244.18800", "2007-12-31": "-163.92200", "2006-12-31": "-74.24600", "2005-12-31": "-52.56100"}, "Total Non-Operating Income/Expense": {"2019-12-31": "-1646.00000", "2018-12-31": "-797.00000", "2017-12-31": "-822.00000", "2016-12-31": "-633.00000", "2015-12-31": "-648.00000", "2014-12-31": "-415.55500", "2013-12-31": "-226.09500", "2012-12-31": "-269.80500", "2011-12-31": "-261.32400", "2010-12-31": "-183.01700", "2009-12-31": "-191.15100", "2008-12-31": "-137.54800", "2007-12-31": "-36.08300", "2006-12-31": "-69.56200", "2005-12-31": "20.88100"}, "Pre-Tax Income": {"2019-12-31": "715.00000", "2018-12-31": "1227.00000", "2017-12-31": "566.00000", "2016-12-31": "-663.00000", "2015-12-31": "-1097.00000", "2014-12-31": "-687.73400", "2013-12-31": "-554.42300", "2012-12-31": "-345.63700", "2011-12-31": "-203.17800", "2010-12-31": "-78.39400", "2009-12-31": "-167.65500", "2008-12-31": "-381.73600", "2007-12-31": "-200.00500", "2006-12-31": "-143.80800", "2005-12-31": "-31.68000"}, "Income Taxes": {"2019-12-31": "-517.00000", "2018-12-31": "27.00000", "2017-12-31": "3.00000", "2016-12-31": "2.00000", "2015-12-31": "", "2014-12-31": "4.14300", "2013-12-31": "4.34000", "2012-12-31": "0.00400", "2011-12-31": "0.16000", "2010-12-31": "0.00000", "2009-12-31": "", "2008-12-31": "", "2007-12-31": "", "2006-12-31": "2.04500", "2005-12-31": "-2.04500"}, "Income After Taxes": {"2019-12-31": "1232.00000", "2018-12-31": "1200.00000", "2017-12-31": "563.00000", "2016-12-31": "-665.00000", "2015-12-31": "-1097.00000", "2014-12-31": "-691.87700", "2013-12-31": "-558.76300", "2012-12-31": "-345.64100", "2011-12-31": "-203.33800", "2010-12-31": "-78.39400", "2009-12-31": "-167.65500", "2008-12-31": "-381.73600", "2007-12-31": "-200.00500", "2006-12-31": "-145.85300", "2005-12-31": "-29.63500"}, "Other Income": {"2019-12-31": "", "2018-12-31": "", "2017-12-31": "", "2016-12-31": "", "2015-12-31": "", "2014-12-31": "", "2013-12-31": "", "2012-12-31": "", "2011-12-31": "", "2010-12-31": "", "2009-12-31": "", "2008-12-31": "", "2007-12-31": "", "2006-12-31": "", "2005-12-31": ""}, "Income From Continuous Operations": {"2019-12-31": "1232.00000", "2018-12-31": "1200.00000", "2017-12-31": "563.00000", "2016-12-31": "-665.00000", "2015-12-31": "-1097.00000", "2014-12-31": "-691.87700", "2013-12-31": "-558.76300", "2012-12-31": "-345.64100", "2011-12-31": "-203.33800", "2010-12-31": "-78.39400", "2009-12-31": "-167.65500", "2008-12-31": "-381.73600", "2007-12-31": "-200.00500", "2006-12-31": "-145.85300", "2005-12-31": "-29.53800"}, "Income From Discontinued Operations": {"2019-12-31": "", "2018-12-31": "", "2017-12-31": "", "2016-12-31": "", "2015-12-31": "", "2014-12-31": "", "2013-12-31": "", "2012-12-31": "", "2011-12-31": "", "2010-12-31": "", "2009-12-31": "", "2008-12-31": "", "2007-12-31": "", "2006-12-31": "", "2005-12-31": ""}, "Net Income": {"2019-12-31": "648.00000", "2018-12-31": "471.00000", "2017-12-31": "-393.00000", "2016-12-31": "-610.00000", "2015-12-31": "-975.00000", "2014-12-31": "-547.93200", "2013-12-31": "-507.92200", "2012-12-31": "-332.78000", "2011-12-31": "-198.75600", "2010-12-31": "-76.20300", "2009-12-31": "-161.49000", "2008-12-31": "-372.95900", "2007-12-31": "-196.58000", "2006-12-31": "-145.85300", "2005-12-31": "-29.53800"}, "EBITDA": {"2019-12-31": "3258.00000", "2018-12-31": "2542.00000", "2017-12-31": "1813.00000", "2016-12-31": "206.00000", "2015-12-31": "-318.00000", "2014-12-31": "-191.32800", "2013-12-31": "-252.17100", "2012-12-31": "10.88200", "2011-12-31": "150.22800", "2010-12-31": "195.05900", "2009-12-31": "105.27400", "2008-12-31": "-193.40700", "2007-12-31": "-136.40600", "2006-12-31": "-67.15700", "2005-12-31": "-51.23600"}, "EBIT": {"2019-12-31": "2361.00000", "2018-12-31": "2024.00000", "2017-12-31": "1388.00000", "2016-12-31": "-30.00000", "2015-12-31": "-449.00000", "2014-12-31": "-272.17900", "2013-12-31": "-328.32800", "2012-12-31": "-75.83200", "2011-12-31": "58.14600", "2010-12-31": "104.62300", "2009-12-31": "23.49600", "2008-12-31": "-244.18800", "2007-12-31": "-163.92200", "2006-12-31": "-74.24600", "2005-12-31": "-52.56100"}, "Basic Shares Outstanding": {"2019-12-31": "256.20000", "2018-12-31": "245.60000", "2017-12-31": "233.10000", "2016-12-31": "228.80000", "2015-12-31": "226.90000", "2014-12-31": "224.33800", "2013-12-31": "218.86900", "2012-12-31": "181.76800", "2011-12-31": "76.48300", "2010-12-31": "55.76500", "2009-12-31": "51.59800", "2008-12-31": "47.36500", "2007-12-31": "50.53700", "2006-12-31": "54.42300", "2005-12-31": "53.09700"}, "Shares Outstanding": {"2019-12-31": "258.10000", "2018-12-31": "248.00000", "2017-12-31": "233.10000", "2016-12-31": "228.80000", "2015-12-31": "226.90000", "2014-12-31": "224.33800", "2013-12-31": "218.86900", "2012-12-31": "181.76800", "2011-12-31": "76.48300", "2010-12-31": "55.76500", "2009-12-31": "51.59800", "2008-12-31": "47.36500", "2007-12-31": "50.53700", "2006-12-31": "54.42300", "2005-12-31": "53.09700"}, "Basic EPS": {"2019-12-31": "2.53000", "2018-12-31": "1.92000", "2017-12-31": "-1.68000", "2016-12-31": "-2.67000", "2015-12-31": "-4.30000", "2014-12-31": "-2.44000", "2013-12-31": "-2.32000", "2012-12-31": "-1.83000", "2011-12-31": "-2.60000", "2010-12-31": "-1.37000", "2009-12-31": "-3.13000", "2008-12-31": "-7.87000", "2007-12-31": "-3.89000", "2006-12-31": "-2.68000", "2005-12-31": "-0.56000"}, "EPS - Earnings Per Share": {"2019-12-31": "2.51000", "2018-12-31": "1.90000", "2017-12-31": "-1.68000", "2016-12-31": "-2.67000", "2015-12-31": "-4.30000", "2014-12-31": "-2.44000", "2013-12-31": "-2.32000", "2012-12-31": "-1.83000", "2011-12-31": "-2.60000", "2010-12-31": "-1.37000", "2009-12-31": "-3.13000", "2008-12-31": "-7.87000", "2007-12-31": "-3.89000", "2006-12-31": "-2.68000", "2005-12-31": "-0.56000"}}, "income statement, quarterly": {"Revenue": {"2020-09-30": "1460.00000", "2020-06-30": "2402.00000", "2020-03-31": "2709.00000", "2019-12-31": "3007.00000", "2019-09-30": "2170.00000", "2019-06-30": "2292.00000", "2019-03-31": "2261.00000", "2018-12-31": "2383.00000", "2018-09-30": "1819.00000", "2018-06-30": "1543.00000", "2018-03-31": "2242.00000", "2017-12-31": "1746.00000", "2017-09-30": "1403.00000", "2017-06-30": "1241.00000", "2017-03-31": "1211.00000", "2016-12-31": "572.00000", "2016-09-30": "465.00000", "2016-06-30": "177.00000", "2016-03-31": "69.00000", "2015-12-31": "68.54700", "2015-09-30": "66.05900", "2015-06-30": "68.02500", "2015-03-31": "68.36900", "2014-12-31": "65.95200", "2014-09-30": "66.80700", "2014-06-30": "67.64500", "2014-03-31": "67.55000", "2013-12-31": "66.42000", "2013-09-30": "67.71000", "2013-06-30": "67.17700", "2013-03-31": "65.90600", "2012-12-31": "67.42000", "2012-09-30": "65.99800", "2012-06-30": "62.32800", "2012-03-31": "70.47400", "2011-12-31": "72.59000", "2011-09-30": "65.81300", "2011-06-30": "72.81000", "2011-03-31": "79.23100", "2010-12-31": "75.47300", "2010-09-30": "68.24800", "2010-06-30": "68.27500", "2010-03-31": "79.51700", "2009-12-31": "85.60000", "2009-09-30": "56.33200", "2009-06-30": "37.95900", "2009-03-31": "1.23500", "2008-12-31": "0.65300", "2008-09-30": "4.10000", "2008-06-30": "0.91400", "2008-03-31": "1.47700", "2007-12-31": "0.63700", "2007-09-30": "0.39400", "2007-06-30": "0.87200", "2007-03-31": "-1.25600", "2006-12-31": "0.79900", "2006-09-30": "0.73700", "2006-06-30": "0.41300", "2006-03-31": "0.42200", "2005-12-31": "0.85000", "2005-09-30": "0.72900", "2005-06-30": "0.68900", "2005-03-31": "0.73700"}, "Cost Of Goods Sold": {"2020-09-30": "1085.00000", "2020-06-30": "1159.00000", "2020-03-31": "1044.00000", "2019-12-31": "1654.00000", "2019-09-30": "1577.00000", "2019-06-30": "1575.00000", "2019-03-31": "1436.00000", "2018-12-31": "1676.00000", "2018-09-30": "1199.00000", "2018-06-30": "1023.00000", "2018-03-31": "1319.00000", "2017-12-31": "1120.00000", "2017-09-30": "941.00000", "2017-06-30": "810.00000", "2017-03-31": "705.00000", "2016-12-31": "304.00000", "2016-09-30": "316.00000", "2016-06-30": "132.00000", "2016-03-31": "53.00000", "2015-12-31": "34.69300", "2015-09-30": "-1.23300", "2015-06-30": "35.88900", "2015-03-31": "52.65100", "2014-12-31": "44.07800", "2014-09-30": "37.52700", "2014-06-30": "44.76200", "2014-03-31": "25.79900", "2013-12-31": "22.92100", "2013-09-30": "41.24400", "2013-06-30": "53.20600", "2013-03-31": "32.44900", "2012-12-31": "32.16200", "2012-09-30": "25.77700", "2012-06-30": "32.15500", "2012-03-31": "33.47000", "2011-12-31": "16.39100", "2011-09-30": "23.96000", "2011-06-30": "21.34600", "2011-03-31": "18.76900", "2010-12-31": "16.24900", "2010-09-30": "14.07100", "2010-06-30": "11.06300", "2010-03-31": "13.63000", "2009-12-31": "11.12600", "2009-09-30": "8.25200", "2009-06-30": "9.41900", "2009-03-31": "8.77400", "2008-12-31": "9.80000", "2008-09-30": "5.80500", "2008-06-30": "3.12000", "2008-03-31": "6.87900", "2007-12-31": "8.49100", "2007-09-30": "10.81200", "2007-06-30": "10.64700", "2007-03-31": "6.18000", "2006-12-31": "6.48800", "2006-09-30": "3.64500", "2006-06-30": "-3.86100", "2006-03-31": "9.20200", "2005-12-31": "8.67900", "2005-09-30": "4.45100", "2005-06-30": "5.94400", "2005-03-31": "6.02200"}, "Gross Profit": {"2020-09-30": "375.00000", "2020-06-30": "1243.00000", "2020-03-31": "1665.00000", "2019-12-31": "1353.00000", "2019-09-30": "593.00000", "2019-06-30": "717.00000", "2019-03-31": "825.00000", "2018-12-31": "707.00000", "2018-09-30": "620.00000", "2018-06-30": "520.00000", "2018-03-31": "923.00000", "2017-12-31": "626.00000", "2017-09-30": "462.00000", "2017-06-30": "431.00000", "2017-03-31": "506.00000", "2016-12-31": "268.00000", "2016-09-30": "149.00000", "2016-06-30": "45.00000", "2016-03-31": "16.00000", "2015-12-31": "33.85400", "2015-09-30": "67.29200", "2015-06-30": "32.13600", "2015-03-31": "15.71800", "2014-12-31": "21.87400", "2014-09-30": "29.28000", "2014-06-30": "22.88300", "2014-03-31": "41.75100", "2013-12-31": "43.49900", "2013-09-30": "26.46600", "2013-06-30": "13.97100", "2013-03-31": "33.45700", "2012-12-31": "35.25800", "2012-09-30": "40.22100", "2012-06-30": "30.17300", "2012-03-31": "37.00400", "2011-12-31": "56.19900", "2011-09-30": "41.85300", "2011-06-30": "51.46400", "2011-03-31": "60.46200", "2010-12-31": "59.22400", "2010-09-30": "54.17700", "2010-06-30": "57.21200", "2010-03-31": "65.88700", "2009-12-31": "74.47400", "2009-09-30": "48.08000", "2009-06-30": "28.54000", "2009-03-31": "-7.53900", "2008-12-31": "-9.14700", "2008-09-30": "-1.70500", "2008-06-30": "-2.20600", "2008-03-31": "-5.40200", "2007-12-31": "-7.85400", "2007-09-30": "-10.41800", "2007-06-30": "-9.77500", "2007-03-31": "-7.43600", "2006-12-31": "-5.68900", "2006-09-30": "-2.90800", "2006-06-30": "4.27400", "2006-03-31": "-8.78000", "2005-12-31": "-7.82900", "2005-09-30": "-3.72200", "2005-06-30": "-5.25500", "2005-03-31": "-5.28500"}, "Research And Development Expenses": {"2020-09-30": "", "2020-06-30": "", "2020-03-31": "", "2019-12-31": "", "2019-09-30": "", "2019-06-30": "", "2019-03-31": "", "2018-12-31": "", "2018-09-30": "", "2018-06-30": "", "2018-03-31": "", "2017-12-31": "", "2017-09-30": "", "2017-06-30": "", "2017-03-31": "", "2016-12-31": "", "2016-09-30": "", "2016-06-30": "", "2016-03-31": "", "2015-12-31": "", "2015-09-30": "", "2015-06-30": "", "2015-03-31": "", "2014-12-31": "", "2014-09-30": "", "2014-06-30": "", "2014-03-31": "", "2013-12-31": "", "2013-09-30": "", "2013-06-30": "", "2013-03-31": "", "2012-12-31": "", "2012-09-30": "", "2012-06-30": "", "2012-03-31": "", "2011-12-31": "", "2011-09-30": "", "2011-06-30": "", "2011-03-31": "", "2010-12-31": "", "2010-09-30": "", "2010-06-30": "", "2010-03-31": "", "2009-12-31": "", "2009-09-30": "", "2009-06-30": "", "2009-03-31": "", "2008-12-31": "", "2008-09-30": "", "2008-06-30": "", "2008-03-31": "", "2007-12-31": "", "2007-09-30": "", "2007-06-30": "", "2007-03-31": "", "2006-12-31": "", "2006-09-30": "", "2006-06-30": "", "2006-03-31": "", "2005-12-31": "", "2005-09-30": "", "2005-06-30": "", "2005-03-31": ""}, "SG&A Expenses": {"2020-09-30": "70.00000", "2020-06-30": "73.00000", "2020-03-31": "81.00000", "2019-12-31": "88.00000", "2019-09-30": "72.00000", "2019-06-30": "77.00000", "2019-03-31": "73.00000", "2018-12-31": "75.00000", "2018-09-30": "74.00000", "2018-06-30": "73.00000", "2018-03-31": "67.00000", "2017-12-31": "77.00000", "2017-09-30": "64.00000", "2017-06-30": "61.00000", "2017-03-31": "54.00000", "2016-12-31": "63.00000", "2016-09-30": "59.00000", "2016-06-30": "72.00000", "2016-03-31": "66.00000", "2015-12-31": "99.79500", "2015-09-30": "97.33200", "2015-06-30": "107.85600", "2015-03-31": "58.01700", "2014-12-31": "107.92600", "2014-09-30": "74.25500", "2014-06-30": "67.72000", "2014-03-31": "73.80800", "2013-12-31": "106.54200", "2013-09-30": "57.09600", "2013-06-30": "135.07600", "2013-03-31": "85.79800", "2012-12-31": "31.76700", "2012-09-30": "79.50500", "2012-06-30": "20.81600", "2012-03-31": "19.99300", "2011-12-31": "31.31200", "2011-09-30": "16.22700", "2011-06-30": "19.37800", "2011-03-31": "21.51000", "2010-12-31": "17.35400", "2010-09-30": "15.14500", "2010-06-30": "16.91000", "2010-03-31": "19.21700", "2009-12-31": "17.05400", "2009-09-30": "15.55700", "2009-06-30": "15.42200", "2009-03-31": "17.79700", "2008-12-31": "42.70200", "2008-09-30": "29.93300", "2008-06-30": "19.36400", "2008-03-31": "30.67900", "2007-12-31": "36.94500", "2007-09-30": "34.90400", "2007-06-30": "28.93600", "2007-03-31": "21.26100", "2006-12-31": "20.34300", "2006-09-30": "12.04400", "2006-06-30": "12.44400", "2006-03-31": "13.18100", "2005-12-31": "12.03200", "2005-09-30": "6.52300", "2005-06-30": "5.60000", "2005-03-31": "4.99000"}, "Other Operating Income Or Expenses": {"2020-09-30": "", "2020-06-30": "", "2020-03-31": "-5.00000", "2019-12-31": "-16.00000", "2019-09-30": "-1.00000", "2019-06-30": "-4.00000", "2019-03-31": "-2.00000", "2018-12-31": "", "2018-09-30": "-8.00000", "2018-06-30": "", "2018-03-31": "", "2017-12-31": "-4.00000", "2017-09-30": "-9.00000", "2017-06-30": "-6.00000", "2017-03-31": "", "2016-12-31": "-3.00000", "2016-09-30": "", "2016-06-30": "0.00000", "2016-03-31": "-10.00000", "2015-12-31": "-90.42800", "2015-09-30": "-0.39600", "2015-06-30": "0.00000", "2015-03-31": "-0.17600", "2014-12-31": "0.08000", "2014-09-30": "", "2014-06-30": "", "2014-03-31": "-0.08000", "2013-12-31": "", "2013-09-30": "", "2013-06-30": "", "2013-03-31": "", "2012-12-31": "", "2012-09-30": "", "2012-06-30": "", "2012-03-31": "0.00000", "2011-12-31": "", "2011-09-30": "0.00000", "2011-06-30": "0.00000", "2011-03-31": "0.00000", "2010-12-31": "", "2010-09-30": "0.00000", "2010-06-30": "0.00000", "2010-03-31": "0.00000", "2009-12-31": "", "2009-09-30": "0.00000", "2009-06-30": "0.00000", "2009-03-31": "0.00000", "2008-12-31": "", "2008-09-30": "0.00000", "2008-06-30": "0.00000", "2008-03-31": "", "2007-12-31": "", "2007-09-30": "", "2007-06-30": "", "2007-03-31": "", "2006-12-31": "", "2006-09-30": "", "2006-06-30": "", "2006-03-31": "", "2005-12-31": "", "2005-09-30": "", "2005-06-30": "", "2005-03-31": ""}, "Operating Expenses": {"2020-09-30": "1388.00000", "2020-06-30": "1465.00000", "2020-03-31": "1363.00000", "2019-12-31": "1991.00000", "2019-09-30": "1863.00000", "2019-06-30": "1860.00000", "2019-03-31": "1655.00000", "2018-12-31": "1867.00000", "2018-09-30": "1394.00000", "2018-06-30": "1207.00000", "2018-03-31": "1495.00000", "2017-12-31": "1305.00000", "2017-09-30": "1106.00000", "2017-06-30": "967.00000", "2017-03-31": "835.00000", "2016-12-31": "450.00000", "2016-09-30": "450.00000", "2016-06-30": "253.00000", "2016-03-31": "160.00000", "2015-12-31": "309.35500", "2015-09-30": "118.13300", "2015-06-30": "163.89900", "2015-03-31": "128.61300", "2014-12-31": "167.22000", "2014-09-30": "127.97100", "2014-06-30": "129.78000", "2014-03-31": "115.16200", "2013-12-31": "145.14000", "2013-09-30": "113.58600", "2013-06-30": "203.45500", "2013-03-31": "133.36000", "2012-12-31": "83.33500", "2012-09-30": "120.51500", "2012-06-30": "68.44900", "2012-03-31": "69.75300", "2011-12-31": "64.82600", "2011-09-30": "55.45800", "2011-06-30": "56.34900", "2011-03-31": "55.66500", "2010-12-31": "48.96900", "2010-09-30": "45.86500", "2010-06-30": "43.58500", "2010-03-31": "48.47100", "2009-12-31": "43.28300", "2009-09-30": "38.07800", "2009-06-30": "37.63600", "2009-03-31": "38.63300", "2008-12-31": "63.86400", "2008-09-30": "43.24500", "2008-06-30": "104.38100", "2008-03-31": "39.84200", "2007-12-31": "47.28900", "2007-09-30": "47.66800", "2007-06-30": "41.09600", "2007-03-31": "28.51600", "2006-12-31": "27.88100", "2006-09-30": "16.58500", "2006-06-30": "9.16200", "2006-03-31": "22.98900", "2005-12-31": "21.22000", "2005-09-30": "11.33600", "2005-06-30": "11.79300", "2005-03-31": "11.21700"}, "Operating Income": {"2020-09-30": "72.00000", "2020-06-30": "937.00000", "2020-03-31": "1346.00000", "2019-12-31": "1016.00000", "2019-09-30": "307.00000", "2019-06-30": "432.00000", "2019-03-31": "606.00000", "2018-12-31": "516.00000", "2018-09-30": "425.00000", "2018-06-30": "336.00000", "2018-03-31": "747.00000", "2017-12-31": "441.00000", "2017-09-30": "297.00000", "2017-06-30": "274.00000", "2017-03-31": "376.00000", "2016-12-31": "122.00000", "2016-09-30": "15.00000", "2016-06-30": "-76.00000", "2016-03-31": "-91.00000", "2015-12-31": "-240.80800", "2015-09-30": "-52.07400", "2015-06-30": "-95.87400", "2015-03-31": "-60.24400", "2014-12-31": "-101.26800", "2014-09-30": "-61.16400", "2014-06-30": "-62.13500", "2014-03-31": "-47.61200", "2013-12-31": "-78.72000", "2013-09-30": "-45.87600", "2013-06-30": "-136.27800", "2013-03-31": "-67.45400", "2012-12-31": "-15.91500", "2012-09-30": "-54.51700", "2012-06-30": "-6.12100", "2012-03-31": "0.72100", "2011-12-31": "7.76400", "2011-09-30": "10.35500", "2011-06-30": "16.46100", "2011-03-31": "23.56600", "2010-12-31": "26.50400", "2010-09-30": "22.38300", "2010-06-30": "24.69000", "2010-03-31": "31.04600", "2009-12-31": "42.31700", "2009-09-30": "18.25400", "2009-06-30": "0.32300", "2009-03-31": "-37.39800", "2008-12-31": "-63.21100", "2008-09-30": "-39.14500", "2008-06-30": "-103.46700", "2008-03-31": "-38.36500", "2007-12-31": "-46.65200", "2007-09-30": "-47.27400", "2007-06-30": "-40.22400", "2007-03-31": "-29.77200", "2006-12-31": "-27.08200", "2006-09-30": "-15.84800", "2006-06-30": "-8.74900", "2006-03-31": "-22.56700", "2005-12-31": "-20.37000", "2005-09-30": "-10.60700", "2005-06-30": "-11.10400", "2005-03-31": "-10.48000"}, "Total Non-Operating Income/Expense": {"2020-09-30": "-655.00000", "2020-06-30": "-470.00000", "2020-03-31": "-612.00000", "2019-12-31": "-380.00000", "2019-09-30": "-570.00000", "2019-06-30": "-430.00000", "2019-03-31": "-266.00000", "2018-12-31": "-281.00000", "2018-09-30": "-195.00000", "2018-06-30": "-189.00000", "2018-03-31": "-132.00000", "2017-12-31": "-157.00000", "2017-09-30": "-209.00000", "2017-06-30": "-252.00000", "2017-03-31": "-204.00000", "2016-12-31": "28.00000", "2016-09-30": "-144.00000", "2016-06-30": "-260.00000", "2016-03-31": "-257.00000", "2015-12-31": "-71.55600", "2015-09-30": "-255.08700", "2015-06-30": "-46.43500", "2015-03-31": "-274.92200", "2014-12-31": "-80.75800", "2014-09-30": "-41.66500", "2014-06-30": "-218.49100", "2014-03-31": "-74.64100", "2013-12-31": "-67.43800", "2013-09-30": "-74.79800", "2013-06-30": "-26.60400", "2013-03-31": "-57.25500", "2012-12-31": "-83.20100", "2012-09-30": "-57.29800", "2012-06-30": "-69.73800", "2012-03-31": "-59.56800", "2011-12-31": "-66.53800", "2011-09-30": "-65.82400", "2011-06-30": "-64.91700", "2011-03-31": "-64.04500", "2010-12-31": "-113.12000", "2010-09-30": "-63.68400", "2010-06-30": "60.48200", "2010-03-31": "-66.69500", "2009-12-31": "-65.64900", "2009-09-30": "-60.16100", "2009-06-30": "-15.40000", "2009-03-31": "-49.94100", "2008-12-31": "-55.75700", "2008-09-30": "-33.49900", "2008-06-30": "-35.38100", "2008-03-31": "-12.91100", "2007-12-31": "-22.02000", "2007-09-30": "-7.22500", "2007-06-30": "-1.99400", "2007-03-31": "-4.84400", "2006-12-31": "-66.23500", "2006-09-30": "-2.17900", "2006-06-30": "-0.49100", "2006-03-31": "-0.65700", "2005-12-31": "-0.13400", "2005-09-30": "18.65400", "2005-06-30": "1.41200", "2005-03-31": "0.94900"}, "Pre-Tax Income": {"2020-09-30": "-583.00000", "2020-06-30": "467.00000", "2020-03-31": "734.00000", "2019-12-31": "636.00000", "2019-09-30": "-263.00000", "2019-06-30": "2.00000", "2019-03-31": "340.00000", "2018-12-31": "235.00000", "2018-09-30": "230.00000", "2018-06-30": "147.00000", "2018-03-31": "615.00000", "2017-12-31": "284.00000", "2017-09-30": "88.00000", "2017-06-30": "22.00000", "2017-03-31": "172.00000", "2016-12-31": "150.00000", "2016-09-30": "-129.00000", "2016-06-30": "-336.00000", "2016-03-31": "-348.00000", "2015-12-31": "-312.36400", "2015-09-30": "-307.16100", "2015-06-30": "-142.30900", "2015-03-31": "-335.16600", "2014-12-31": "-182.02600", "2014-09-30": "-102.82900", "2014-06-30": "-280.62600", "2014-03-31": "-122.25300", "2013-12-31": "-146.15790", "2013-09-30": "-120.67400", "2013-06-30": "-162.88200", "2013-03-31": "-124.70900", "2012-12-31": "-99.11600", "2012-09-30": "-111.81500", "2012-06-30": "-75.85900", "2012-03-31": "-58.84700", "2011-12-31": "-58.77400", "2011-09-30": "-55.46900", "2011-06-30": "-48.45600", "2011-03-31": "-40.47900", "2010-12-31": "-86.61600", "2010-09-30": "-41.30100", "2010-06-30": "85.17200", "2010-03-31": "-35.64900", "2009-12-31": "-23.33200", "2009-09-30": "-41.90700", "2009-06-30": "-15.07700", "2009-03-31": "-87.33900", "2008-12-31": "-118.96800", "2008-09-30": "-72.64400", "2008-06-30": "-138.84800", "2008-03-31": "-51.27600", "2007-12-31": "-68.67200", "2007-09-30": "-54.49900", "2007-06-30": "-42.21800", "2007-03-31": "-34.61600", "2006-12-31": "-93.31700", "2006-09-30": "-18.02700", "2006-06-30": "-9.24000", "2006-03-31": "-23.22400", "2005-12-31": "-20.50400", "2005-09-30": "8.04700", "2005-06-30": "-9.69200", "2005-03-31": "-9.53100"}, "Income Taxes": {"2020-09-30": "-75.00000", "2020-06-30": "63.00000", "2020-03-31": "131.00000", "2019-12-31": "-517.00000", "2019-09-30": "-3.00000", "2019-06-30": "", "2019-03-31": "3.00000", "2018-12-31": "12.00000", "2018-09-30": "3.00000", "2018-06-30": "-3.00000", "2018-03-31": "15.00000", "2017-12-31": "4.00000", "2017-09-30": "-2.00000", "2017-06-30": "1.00000", "2017-03-31": "", "2016-12-31": "", "2016-09-30": "2.00000", "2016-06-30": "-1.00000", "2016-03-31": "1.00000", "2015-12-31": "", "2015-09-30": "-0.06900", "2015-06-30": "-0.50700", "2015-03-31": "0.67800", "2014-12-31": "1.99600", "2014-09-30": "1.97100", "2014-06-30": "0.08400", "2014-03-31": "0.09200", "2013-12-31": "1.58900", "2013-09-30": "1.80900", "2013-06-30": "1.02200", "2013-03-31": "-0.08000", "2012-12-31": "-0.20700", "2012-09-30": "0.06100", "2012-06-30": "0.14400", "2012-03-31": "0.00600", "2011-12-31": "", "2011-09-30": "", "2011-06-30": "0.00000", "2011-03-31": "0.00000", "2010-12-31": "", "2010-09-30": "0.00000", "2010-06-30": "", "2010-03-31": "", "2009-12-31": "", "2009-09-30": "", "2009-06-30": "", "2009-03-31": "", "2008-12-31": "", "2008-09-30": "", "2008-06-30": "", "2008-03-31": "", "2007-12-31": "", "2007-09-30": "", "2007-06-30": "", "2007-03-31": "", "2006-12-31": "0.00000", "2006-09-30": "15.07900", "2006-06-30": "-5.62100", "2006-03-31": "-7.41300", "2005-12-31": "", "2005-09-30": "", "2005-06-30": "", "2005-03-31": ""}, "Income After Taxes": {"2020-09-30": "-508.00000", "2020-06-30": "404.00000", "2020-03-31": "603.00000", "2019-12-31": "1153.00000", "2019-09-30": "-260.00000", "2019-06-30": "2.00000", "2019-03-31": "337.00000", "2018-12-31": "223.00000", "2018-09-30": "227.00000", "2018-06-30": "150.00000", "2018-03-31": "600.00000", "2017-12-31": "280.00000", "2017-09-30": "90.00000", "2017-06-30": "21.00000", "2017-03-31": "172.00000", "2016-12-31": "150.00000", "2016-09-30": "-131.00000", "2016-06-30": "-335.00000", "2016-03-31": "-349.00000", "2015-12-31": "-312.26200", "2015-09-30": "-307.09200", "2015-06-30": "-141.80200", "2015-03-31": "-335.84400", "2014-12-31": "-184.02200", "2014-09-30": "-104.80000", "2014-06-30": "-280.71000", "2014-03-31": "-122.34500", "2013-12-31": "-147.74700", "2013-09-30": "-122.48300", "2013-06-30": "-163.90400", "2013-03-31": "-124.62900", "2012-12-31": "-98.90900", "2012-09-30": "-111.87600", "2012-06-30": "-76.00300", "2012-03-31": "-58.85300", "2011-12-31": "-58.93400", "2011-09-30": "-55.46900", "2011-06-30": "-48.45600", "2011-03-31": "-40.47900", "2010-12-31": "-86.61600", "2010-09-30": "-41.30100", "2010-06-30": "85.17200", "2010-03-31": "-35.64900", "2009-12-31": "-23.33200", "2009-09-30": "-41.90700", "2009-06-30": "-15.07700", "2009-03-31": "-87.33900", "2008-12-31": "-118.96800", "2008-09-30": "-72.64400", "2008-06-30": "-138.84800", "2008-03-31": "-51.27600", "2007-12-31": "-68.67200", "2007-09-30": "-54.49900", "2007-06-30": "-42.21800", "2007-03-31": "-34.61600", "2006-12-31": "-93.31700", "2006-09-30": "-33.10600", "2006-06-30": "-3.61900", "2006-03-31": "-15.81100", "2005-12-31": "-18.45900", "2005-09-30": "8.04700", "2005-06-30": "-9.69200", "2005-03-31": "-9.53100"}, "Other Income": {"2020-09-30": "", "2020-06-30": "", "2020-03-31": "", "2019-12-31": "", "2019-09-30": "", "2019-06-30": "", "2019-03-31": "", "2018-12-31": "", "2018-09-30": "", "2018-06-30": "", "2018-03-31": "", "2017-12-31": "", "2017-09-30": "", "2017-06-30": "", "2017-03-31": "", "2016-12-31": "", "2016-09-30": "", "2016-06-30": "", "2016-03-31": "", "2015-12-31": "", "2015-09-30": "", "2015-06-30": "", "2015-03-31": "", "2014-12-31": "", "2014-09-30": "", "2014-06-30": "", "2014-03-31": "", "2013-12-31": "", "2013-09-30": "", "2013-06-30": "", "2013-03-31": "", "2012-12-31": "", "2012-09-30": "", "2012-06-30": "", "2012-03-31": "", "2011-12-31": "", "2011-09-30": "", "2011-06-30": "", "2011-03-31": "", "2010-12-31": "", "2010-09-30": "", "2010-06-30": "", "2010-03-31": "", "2009-12-31": "", "2009-09-30": "", "2009-06-30": "", "2009-03-31": "", "2008-12-31": "", "2008-09-30": "", "2008-06-30": "", "2008-03-31": "", "2007-12-31": "", "2007-09-30": "", "2007-06-30": "", "2007-03-31": "", "2006-12-31": "", "2006-09-30": "", "2006-06-30": "", "2006-03-31": "", "2005-12-31": "", "2005-09-30": "", "2005-06-30": "", "2005-03-31": ""}, "Income From Continuous Operations": {"2020-09-30": "-508.00000", "2020-06-30": "404.00000", "2020-03-31": "603.00000", "2019-12-31": "1153.00000", "2019-09-30": "-260.00000", "2019-06-30": "2.00000", "2019-03-31": "337.00000", "2018-12-31": "223.00000", "2018-09-30": "227.00000", "2018-06-30": "150.00000", "2018-03-31": "600.00000", "2017-12-31": "280.00000", "2017-09-30": "90.00000", "2017-06-30": "21.00000", "2017-03-31": "172.00000", "2016-12-31": "150.00000", "2016-09-30": "-131.00000", "2016-06-30": "-335.00000", "2016-03-31": "-349.00000", "2015-12-31": "-312.26200", "2015-09-30": "-307.09200", "2015-06-30": "-141.80200", "2015-03-31": "-335.84400", "2014-12-31": "-184.02200", "2014-09-30": "-104.80000", "2014-06-30": "-280.71000", "2014-03-31": "-122.34500", "2013-12-31": "-147.74700", "2013-09-30": "-122.48300", "2013-06-30": "-163.90400", "2013-03-31": "-124.62900", "2012-12-31": "-98.90900", "2012-09-30": "-111.87600", "2012-06-30": "-76.00300", "2012-03-31": "-58.85300", "2011-12-31": "-58.93400", "2011-09-30": "-55.46900", "2011-06-30": "-48.45600", "2011-03-31": "-40.47900", "2010-12-31": "-86.61600", "2010-09-30": "-41.30100", "2010-06-30": "85.17200", "2010-03-31": "-35.64900", "2009-12-31": "-23.33200", "2009-09-30": "-41.90700", "2009-06-30": "-15.07700", "2009-03-31": "-87.33900", "2008-12-31": "-118.96800", "2008-09-30": "-72.64400", "2008-06-30": "-138.84800", "2008-03-31": "-51.27600", "2007-12-31": "-70.87600", "2007-09-30": "-53.45400", "2007-06-30": "-41.11900", "2007-03-31": "-34.55600", "2006-12-31": "-93.31700", "2006-09-30": "-33.10600", "2006-06-30": "-3.61900", "2006-03-31": "-15.81100", "2005-12-31": "-18.45900", "2005-09-30": "8.04700", "2005-06-30": "-9.69200", "2005-03-31": "-9.43400"}, "Income From Discontinued Operations": {"2020-09-30": "", "2020-06-30": "", "2020-03-31": "", "2019-12-31": "", "2019-09-30": "", "2019-06-30": "", "2019-03-31": "", "2018-12-31": "", "2018-09-30": "", "2018-06-30": "", "2018-03-31": "", "2017-12-31": "", "2017-09-30": "", "2017-06-30": "", "2017-03-31": "", "2016-12-31": "", "2016-09-30": "", "2016-06-30": "", "2016-03-31": "", "2015-12-31": "", "2015-09-30": "", "2015-06-30": "", "2015-03-31": "", "2014-12-31": "", "2014-09-30": "", "2014-06-30": "", "2014-03-31": "", "2013-12-31": "", "2013-09-30": "", "2013-06-30": "", "2013-03-31": "", "2012-12-31": "", "2012-09-30": "", "2012-06-30": "", "2012-03-31": "", "2011-12-31": "", "2011-09-30": "", "2011-06-30": "", "2011-03-31": "", "2010-12-31": "", "2010-09-30": "", "2010-06-30": "", "2010-03-31": "", "2009-12-31": "", "2009-09-30": "", "2009-06-30": "", "2009-03-31": "", "2008-12-31": "", "2008-09-30": "", "2008-06-30": "", "2008-03-31": "", "2007-12-31": "", "2007-09-30": "", "2007-06-30": "", "2007-03-31": "", "2006-12-31": "", "2006-09-30": "", "2006-06-30": "", "2006-03-31": "", "2005-12-31": "", "2005-09-30": "", "2005-06-30": "", "2005-03-31": ""}, "Net Income": {"2020-09-30": "-463.00000", "2020-06-30": "197.00000", "2020-03-31": "375.00000", "2019-12-31": "939.00000", "2019-09-30": "-318.00000", "2019-06-30": "-114.00000", "2019-03-31": "141.00000", "2018-12-31": "67.00000", "2018-09-30": "65.00000", "2018-06-30": "-18.00000", "2018-03-31": "357.00000", "2017-12-31": "127.00000", "2017-09-30": "-289.00000", "2017-06-30": "-285.00000", "2017-03-31": "54.00000", "2016-12-31": "110.00000", "2016-09-30": "-101.00000", "2016-06-30": "-298.00000", "2016-03-31": "-321.00000", "2015-12-31": "-290.98800", "2015-09-30": "-297.80800", "2015-06-30": "-118.49500", "2015-03-31": "-267.70900", "2014-12-31": "-158.61300", "2014-09-30": "-89.58100", "2014-06-30": "-201.92800", "2014-03-31": "-97.81000", "2013-12-31": "-135.22900", "2013-09-30": "-100.82400", "2013-06-30": "-154.76400", "2013-03-31": "-117.10500", "2012-12-31": "-94.32400", "2012-09-30": "-109.00100", "2012-06-30": "-73.04000", "2012-03-31": "-56.41500", "2011-12-31": "-57.81100", "2011-09-30": "-53.93600", "2011-06-30": "-47.17100", "2011-03-31": "-39.83800", "2010-12-31": "-86.13300", "2010-09-30": "-40.58000", "2010-06-30": "85.67700", "2010-03-31": "-35.16700", "2009-12-31": "-23.20000", "2009-09-30": "-42.49700", "2009-06-30": "-13.05100", "2009-03-31": "-82.74200", "2008-12-31": "-114.88600", "2008-09-30": "-71.61900", "2008-06-30": "-136.54300", "2008-03-31": "-49.91100", "2007-12-31": "-67.45100", "2007-09-30": "-53.45400", "2007-06-30": "-41.11900", "2007-03-31": "-34.55600", "2006-12-31": "-93.31700", "2006-09-30": "-33.10600", "2006-06-30": "-3.61900", "2006-03-31": "-15.81100", "2005-12-31": "-18.45900", "2005-09-30": "8.04700", "2005-06-30": "-9.69200", "2005-03-31": "-9.43400"}, "EBITDA": {"2020-09-30": "329.00000", "2020-06-30": "1208.00000", "2020-03-31": "1611.00000", "2019-12-31": "1281.00000", "2019-09-30": "547.00000", "2019-06-30": "662.00000", "2019-03-31": "768.00000", "2018-12-31": "648.00000", "2018-09-30": "556.00000", "2018-06-30": "465.00000", "2018-03-31": "873.00000", "2017-12-31": "561.00000", "2017-09-30": "407.00000", "2017-06-30": "382.00000", "2017-03-31": "463.00000", "2016-12-31": "207.00000", "2016-09-30": "79.00000", "2016-06-30": "-26.00000", "2016-03-31": "-54.00000", "2015-12-31": "-197.92100", "2015-09-30": "-26.78400", "2015-06-30": "-59.93600", "2015-03-31": "-33.35900", "2014-12-31": "-80.35000", "2014-09-30": "-39.64300", "2014-06-30": "-41.41500", "2014-03-31": "-29.92000", "2013-12-31": "-56.68600", "2013-09-30": "-26.98200", "2013-06-30": "-118.37100", "2013-03-31": "-50.13200", "2012-12-31": "5.72500", "2012-09-30": "-35.49800", "2012-06-30": "16.47900", "2012-03-31": "24.17600", "2011-12-31": "32.23300", "2011-09-30": "32.86400", "2011-06-30": "39.19500", "2011-03-31": "45.93600", "2010-12-31": "48.65800", "2010-09-30": "45.72400", "2010-06-30": "47.40800", "2010-03-31": "53.26900", "2009-12-31": "63.79000", "2009-09-30": "38.80600", "2009-06-30": "25.87700", "2009-03-31": "-23.19900", "2008-12-31": "-45.32600", "2008-09-30": "-25.83900", "2008-06-30": "-88.03500", "2008-03-31": "-34.20700", "2007-12-31": "-28.11900", "2007-09-30": "-43.58400", "2007-06-30": "-37.30100", "2007-03-31": "-27.40200", "2006-12-31": "-24.82500", "2006-09-30": "-14.03600", "2006-06-30": "-7.25300", "2006-03-31": "-21.04300", "2005-12-31": "-19.86100", "2005-09-30": "-10.24400", "2005-06-30": "-10.85600", "2005-03-31": "-10.27500"}, "EBIT": {"2020-09-30": "72.00000", "2020-06-30": "937.00000", "2020-03-31": "1346.00000", "2019-12-31": "1016.00000", "2019-09-30": "307.00000", "2019-06-30": "432.00000", "2019-03-31": "606.00000", "2018-12-31": "516.00000", "2018-09-30": "425.00000", "2018-06-30": "336.00000", "2018-03-31": "747.00000", "2017-12-31": "441.00000", "2017-09-30": "297.00000", "2017-06-30": "274.00000", "2017-03-31": "376.00000", "2016-12-31": "122.00000", "2016-09-30": "15.00000", "2016-06-30": "-76.00000", "2016-03-31": "-91.00000", "2015-12-31": "-240.80800", "2015-09-30": "-52.07400", "2015-06-30": "-95.87400", "2015-03-31": "-60.24400", "2014-12-31": "-101.26800", "2014-09-30": "-61.16400", "2014-06-30": "-62.13500", "2014-03-31": "-47.61200", "2013-12-31": "-78.72000", "2013-09-30": "-45.87600", "2013-06-30": "-136.27800", "2013-03-31": "-67.45400", "2012-12-31": "-15.91500", "2012-09-30": "-54.51700", "2012-06-30": "-6.12100", "2012-03-31": "0.72100", "2011-12-31": "7.76400", "2011-09-30": "10.35500", "2011-06-30": "16.46100", "2011-03-31": "23.56600", "2010-12-31": "26.50400", "2010-09-30": "22.38300", "2010-06-30": "24.69000", "2010-03-31": "31.04600", "2009-12-31": "42.31700", "2009-09-30": "18.25400", "2009-06-30": "0.32300", "2009-03-31": "-37.39800", "2008-12-31": "-63.21100", "2008-09-30": "-39.14500", "2008-06-30": "-103.46700", "2008-03-31": "-38.36500", "2007-12-31": "-46.65200", "2007-09-30": "-47.27400", "2007-06-30": "-40.22400", "2007-03-31": "-29.77200", "2006-12-31": "-27.08200", "2006-09-30": "-15.84800", "2006-06-30": "-8.74900", "2006-03-31": "-22.56700", "2005-12-31": "-20.37000", "2005-09-30": "-10.60700", "2005-06-30": "-11.10400", "2005-03-31": "-10.48000"}, "Basic Shares Outstanding": {"2020-09-30": "252.20000", "2020-06-30": "252.10000", "2020-03-31": "253.00000", "2019-12-31": "256.20000", "2019-09-30": "256.00000", "2019-06-30": "257.40000", "2019-03-31": "257.10000", "2018-12-31": "245.60000", "2018-09-30": "247.20000", "2018-06-30": "242.80000", "2018-03-31": "235.50000", "2017-12-31": "233.10000", "2017-09-30": "232.60000", "2017-06-30": "232.50000", "2017-03-31": "232.40000", "2016-12-31": "228.80000", "2016-09-30": "228.90000", "2016-06-30": "228.30000", "2016-03-31": "228.10000", "2015-12-31": "226.90000", "2015-09-30": "227.12600", "2015-06-30": "226.48100", "2015-03-31": "226.32800", "2014-12-31": "224.33800", "2014-09-30": "224.30900", "2014-06-30": "223.60200", "2014-03-31": "223.20700", "2013-12-31": "218.86900", "2013-09-30": "220.73400", "2013-06-30": "217.39700", "2013-03-31": "215.63400", "2012-12-31": "181.76800", "2012-09-30": "208.71200", "2012-06-30": "171.00100", "2012-03-31": "131.10700", "2011-12-31": "76.48300", "2011-09-30": "80.47300", "2011-06-30": "70.63000", "2011-03-31": "66.95000", "2010-12-31": "55.76500", "2010-09-30": "55.60900", "2010-06-30": "55.31700", "2010-03-31": "54.87000", "2009-12-31": "51.59800", "2009-09-30": "52.94500", "2009-06-30": "51.57600", "2009-03-31": "48.65000", "2008-12-31": "47.36500", "2008-09-30": "47.49200", "2008-06-30": "47.12900", "2008-03-31": "46.97700", "2007-12-31": "50.53700", "2007-09-30": "46.72800", "2007-06-30": "54.39100", "2007-03-31": "54.89100", "2006-12-31": "54.42300", "2006-09-30": "54.49600", "2006-06-30": "54.36900", "2006-03-31": "54.21700", "2005-12-31": "53.09700", "2005-09-30": "53.93800", "2005-06-30": "53.75700", "2005-03-31": "52.36400"}, "Shares Outstanding": {"2020-09-30": "252.20000", "2020-06-30": "252.40000", "2020-03-31": "299.60000", "2019-12-31": "258.10000", "2019-09-30": "256.00000", "2019-06-30": "257.40000", "2019-03-31": "258.50000", "2018-12-31": "248.00000", "2018-09-30": "250.20000", "2018-06-30": "242.80000", "2018-03-31": "238.00000", "2017-12-31": "233.10000", "2017-09-30": "232.60000", "2017-06-30": "232.50000", "2017-03-31": "232.70000", "2016-12-31": "228.80000", "2016-09-30": "228.90000", "2016-06-30": "228.30000", "2016-03-31": "228.10000", "2015-12-31": "226.90000", "2015-09-30": "227.12600", "2015-06-30": "226.48100", "2015-03-31": "226.32800", "2014-12-31": "224.33800", "2014-09-30": "224.30900", "2014-06-30": "223.60200", "2014-03-31": "223.20700", "2013-12-31": "218.86900", "2013-09-30": "220.73400", "2013-06-30": "217.39700", "2013-03-31": "215.63400", "2012-12-31": "181.76800", "2012-09-30": "208.71200", "2012-06-30": "171.00100", "2012-03-31": "131.10700", "2011-12-31": "76.48300", "2011-09-30": "80.47300", "2011-06-30": "70.63000", "2011-03-31": "66.95000", "2010-12-31": "55.76500", "2010-09-30": "55.60900", "2010-06-30": "116.59600", "2010-03-31": "54.87000", "2009-12-31": "51.59800", "2009-09-30": "52.94500", "2009-06-30": "51.57600", "2009-03-31": "48.65000", "2008-12-31": "47.36500", "2008-09-30": "47.49200", "2008-06-30": "47.12900", "2008-03-31": "46.97700", "2007-12-31": "50.53700", "2007-09-30": "46.72800", "2007-06-30": "54.39100", "2007-03-31": "54.89100", "2006-12-31": "54.42300", "2006-09-30": "54.49600", "2006-06-30": "54.36900", "2006-03-31": "54.21700", "2005-12-31": "53.09700", "2005-09-30": "55.74900", "2005-06-30": "53.75700", "2005-03-31": "52.36400"}, "Basic EPS": {"2020-09-30": "-1.84000", "2020-06-30": "0.78000", "2020-03-31": "1.48000", "2019-12-31": "3.67000", "2019-09-30": "-1.25000", "2019-06-30": "-0.44000", "2019-03-31": "0.55000", "2018-12-31": "0.21000", "2018-09-30": "0.26000", "2018-06-30": "-0.07000", "2018-03-31": "1.52000", "2017-12-31": "0.56000", "2017-09-30": "-1.24000", "2017-06-30": "-1.23000", "2017-03-31": "0.23000", "2016-12-31": "0.49000", "2016-09-30": "-0.44000", "2016-06-30": "-1.31000", "2016-03-31": "-1.41000", "2015-12-31": "-1.29000", "2015-09-30": "-1.31000", "2015-06-30": "-0.52000", "2015-03-31": "-1.18000", "2014-12-31": "-0.70000", "2014-09-30": "-0.40000", "2014-06-30": "-0.90000", "2014-03-31": "-0.44000", "2013-12-31": "-0.61000", "2013-09-30": "-0.46000", "2013-06-30": "-0.71000", "2013-03-31": "-0.54000", "2012-12-31": "-0.45000", "2012-09-30": "-0.52000", "2012-06-30": "-0.43000", "2012-03-31": "-0.43000", "2011-12-31": "-0.66000", "2011-09-30": "-0.67000", "2011-06-30": "-0.67000", "2011-03-31": "-0.60000", "2010-12-31": "-1.55000", "2010-09-30": "-0.73000", "2010-06-30": "1.55000", "2010-03-31": "-0.64000", "2009-12-31": "-0.38000", "2009-09-30": "-0.80000", "2009-06-30": "-0.25000", "2009-03-31": "-1.70000", "2008-12-31": "-2.40000", "2008-09-30": "-1.51000", "2008-06-30": "-2.90000", "2008-03-31": "-1.06000", "2007-12-31": "-1.36000", "2007-09-30": "-1.14000", "2007-06-30": "-0.76000", "2007-03-31": "-0.63000", "2006-12-31": "-1.71000", "2006-09-30": "-0.61000", "2006-06-30": "-0.07000", "2006-03-31": "-0.29000", "2005-12-31": "-0.35000", "2005-09-30": "0.15000", "2005-06-30": "-0.18000", "2005-03-31": "-0.18000"}, "EPS - Earnings Per Share": {"2020-09-30": "-1.84000", "2020-06-30": "0.78000", "2020-03-31": "1.43000", "2019-12-31": "3.66000", "2019-09-30": "-1.25000", "2019-06-30": "-0.44000", "2019-03-31": "0.54000", "2018-12-31": "0.21000", "2018-09-30": "0.26000", "2018-06-30": "-0.07000", "2018-03-31": "1.50000", "2017-12-31": "0.56000", "2017-09-30": "-1.24000", "2017-06-30": "-1.23000", "2017-03-31": "0.23000", "2016-12-31": "0.49000", "2016-09-30": "-0.44000", "2016-06-30": "-1.31000", "2016-03-31": "-1.41000", "2015-12-31": "-1.29000", "2015-09-30": "-1.31000", "2015-06-30": "-0.52000", "2015-03-31": "-1.18000", "2014-12-31": "-0.70000", "2014-09-30": "-0.40000", "2014-06-30": "-0.90000", "2014-03-31": "-0.44000", "2013-12-31": "-0.61000", "2013-09-30": "-0.46000", "2013-06-30": "-0.71000", "2013-03-31": "-0.54000", "2012-12-31": "-0.45000", "2012-09-30": "-0.52000", "2012-06-30": "-0.43000", "2012-03-31": "-0.43000", "2011-12-31": "-0.66000", "2011-09-30": "-0.67000", "2011-06-30": "-0.67000", "2011-03-31": "-0.60000", "2010-12-31": "-0.86000", "2010-09-30": "-0.73000", "2010-06-30": "0.86000", "2010-03-31": "-0.64000", "2009-12-31": "-0.38000", "2009-09-30": "-0.80000", "2009-06-30": "-0.25000", "2009-03-31": "-1.70000", "2008-12-31": "-2.40000", "2008-09-30": "-1.51000", "2008-06-30": "-2.90000", "2008-03-31": "-1.06000", "2007-12-31": "-1.36000", "2007-09-30": "-1.14000", "2007-06-30": "-0.76000", "2007-03-31": "-0.63000", "2006-12-31": "-1.71000", "2006-09-30": "-0.61000", "2006-06-30": "-0.07000", "2006-03-31": "-0.29000", "2005-12-31": "-0.34000", "2005-09-30": "0.14000", "2005-06-30": "-0.18000", "2005-03-31": "-0.18000"}}, "balance sheet": {"Cash On Hand": {"2019-12-31": "2994.00000", "2018-12-31": "3156.00000", "2017-12-31": "2602.00000", "2016-12-31": "1736.00000", "2015-12-31": "1704.50900", "2014-12-31": "2229.32000", "2013-12-31": "1558.90600", "2012-12-31": "721.97400", "2011-12-31": "561.32500", "2010-12-31": "147.22300", "2009-12-31": "226.68100", "2008-12-31": "403.74200", "2007-12-31": "524.61500", "2006-12-31": "639.79000", "2005-12-31": "854.15300"}, "Receivables": {"2019-12-31": "491.00000", "2018-12-31": "585.00000", "2017-12-31": "371.00000", "2016-12-31": "218.00000", "2015-12-31": "5.74900", "2014-12-31": "4.41900", "2013-12-31": "4.48600", "2012-12-31": "3.48600", "2011-12-31": "3.04300", "2010-12-31": "4.69900", "2009-12-31": "9.89900", "2008-12-31": "3.63000", "2007-12-31": "48.78600", "2006-12-31": "7.94100", "2005-12-31": "2.91200"}, "Inventory": {"2019-12-31": "312.00000", "2018-12-31": "316.00000", "2017-12-31": "243.00000", "2016-12-31": "160.00000", "2015-12-31": "18.12500", "2014-12-31": "7.78600", "2013-12-31": "10.56300", "2012-12-31": "7.04500", "2011-12-31": "6.56200", "2010-12-31": "1.21200", "2009-12-31": "32.60200", "2008-12-31": "", "2007-12-31": "", "2006-12-31": "", "2005-12-31": ""}, "Pre-Paid Expenses": {"2019-12-31": "92.00000", "2018-12-31": "114.00000", "2017-12-31": "", "2016-12-31": "", "2015-12-31": "50.78700", "2014-12-31": "17.35200", "2013-12-31": "17.22500", "2012-12-31": "16.05800", "2011-12-31": "20.52200", "2010-12-31": "12.47600", "2009-12-31": "17.09300", "2008-12-31": "9.22000", "2007-12-31": "27.21100", "2006-12-31": "2.24200", "2005-12-31": "8.93000"}, "Other Current Assets": {"2019-12-31": "323.00000", "2018-12-31": "63.00000", "2017-12-31": "153.00000", "2016-12-31": "124.00000", "2015-12-31": "3.41600", "2014-12-31": "", "2013-12-31": "", "2012-12-31": "", "2011-12-31": "", "2010-12-31": "", "2009-12-31": "", "2008-12-31": "", "2007-12-31": "", "2006-12-31": "", "2005-12-31": "5.46800"}, "Total Current Assets": {"2019-12-31": "4212.00000", "2018-12-31": "4234.00000", "2017-12-31": "3369.00000", "2016-12-31": "2238.00000", "2015-12-31": "1782.58600", "2014-12-31": "2258.87700", "2013-12-31": "1591.18000", "2012-12-31": "748.56300", "2011-12-31": "591.45200", "2010-12-31": "165.61000", "2009-12-31": "286.27500", "2008-12-31": "416.59200", "2007-12-31": "600.61200", "2006-12-31": "649.97300", "2005-12-31": "871.46300"}, "Property, Plant, And Equipment": {"2019-12-31": "29673.00000", "2018-12-31": "27245.00000", "2017-12-31": "23978.00000", "2016-12-31": "20635.00000", "2015-12-31": "16193.91000", "2014-12-31": "9246.75300", "2013-12-31": "6454.39900", "2012-12-31": "3282.30500", "2011-12-31": "2107.12900", "2010-12-31": "2157.59700", "2009-12-31": "2216.85500", "2008-12-31": "2170.15800", "2007-12-31": "1645.11200", "2006-12-31": "748.81800", "2005-12-31": "280.10600"}, "Long-Term Investments": {"2019-12-31": "", "2018-12-31": "", "2017-12-31": "", "2016-12-31": "", "2015-12-31": "", "2014-12-31": "", "2013-12-31": "", "2012-12-31": "", "2011-12-31": "", "2010-12-31": "", "2009-12-31": "", "2008-12-31": "", "2007-12-31": "", "2006-12-31": "", "2005-12-31": ""}, "Goodwill And Intangible Assets": {"2019-12-31": "77.00000", "2018-12-31": "77.00000", "2017-12-31": "77.00000", "2016-12-31": "77.00000", "2015-12-31": "76.81900", "2014-12-31": "76.81900", "2013-12-31": "76.81900", "2012-12-31": "81.17500", "2011-12-31": "81.60100", "2010-12-31": "82.88600", "2009-12-31": "82.90700", "2008-12-31": "82.95000", "2007-12-31": "97.24600", "2006-12-31": "81.17500", "2005-12-31": "76.93700"}, "Other Long-Term Assets": {"2019-12-31": "562.00000", "2018-12-31": "423.00000", "2017-12-31": "333.00000", "2016-12-31": "476.00000", "2015-12-31": "377.06400", "2014-12-31": "748.91100", "2013-12-31": "1236.89500", "2012-12-31": "306.09300", "2011-12-31": "101.78700", "2010-12-31": "105.75800", "2009-12-31": "99.54200", "2008-12-31": "183.98900", "2007-12-31": "546.82700", "2006-12-31": "1075.87600", "2005-12-31": "18.63300"}, "Total Long-Term Assets": {"2019-12-31": "31280.00000", "2018-12-31": "27753.00000", "2017-12-31": "24537.00000", "2016-12-31": "21465.00000", "2015-12-31": "17026.47000", "2014-12-31": "10314.81000", "2013-12-31": "8082.05700", "2012-12-31": "3890.52200", "2011-12-31": "2323.87300", "2010-12-31": "2387.89700", "2009-12-31": "2446.34700", "2008-12-31": "2503.49000", "2007-12-31": "2361.68700", "2006-12-31": "1954.51500", "2005-12-31": "418.68400"}, "Total Assets": {"2019-12-31": "35492.00000", "2018-12-31": "31987.00000", "2017-12-31": "27906.00000", "2016-12-31": "23703.00000", "2015-12-31": "18809.05000", "2014-12-31": "12573.68000", "2013-12-31": "9673.23700", "2012-12-31": "4639.08500", "2011-12-31": "2915.32500", "2010-12-31": "2553.50700", "2009-12-31": "2732.62200", "2008-12-31": "2920.08200", "2007-12-31": "2962.29900", "2006-12-31": "2604.48800", "2005-12-31": "1290.14700"}, "Total Current Liabilities": {"2019-12-31": "1874.00000", "2018-12-31": "1742.00000", "2017-12-31": "1251.00000", "2016-12-31": "1077.00000", "2015-12-31": "2185.26800", "2014-12-31": "232.47500", "2013-12-31": "237.01100", "2012-12-31": "159.76300", "2011-12-31": "584.96000", "2010-12-31": "66.33400", "2009-12-31": "66.21200", "2008-12-31": "66.13300", "2007-12-31": "173.10100", "2006-12-31": "61.93900", "2005-12-31": "61.32200"}, "Long Term Debt": {"2019-12-31": "30774.00000", "2018-12-31": "28179.00000", "2017-12-31": "25336.00000", "2016-12-31": "21688.00000", "2015-12-31": "14920.43000", "2014-12-31": "9806.08400", "2013-12-31": "6576.27300", "2012-12-31": "2167.11300", "2011-12-31": "2474.71100", "2010-12-31": "2927.50900", "2009-12-31": "3041.87500", "2008-12-31": "3082.36200", "2007-12-31": "2757.00000", "2006-12-31": "2357.00000", "2005-12-31": "917.50000"}, "Other Non-Current Liabilities": {"2019-12-31": "162.00000", "2018-12-31": "80.00000", "2017-12-31": "79.00000", "2016-12-31": "94.00000", "2015-12-31": "132.45500", "2014-12-31": "20.10700", "2013-12-31": "2.39600", "2012-12-31": "29.10400", "2011-12-31": "3.14600", "2010-12-31": "2.28000", "2009-12-31": "23.16200", "2008-12-31": "8.14100", "2007-12-31": "8.63700", "2006-12-31": "1.30200", "2005-12-31": "1.78400"}, "Total Long Term Liabilities": {"2019-12-31": "31183.00000", "2018-12-31": "28316.00000", "2017-12-31": "25415.00000", "2016-12-31": "21787.00000", "2015-12-31": "15062.38000", "2014-12-31": "9839.69100", "2013-12-31": "6596.16900", "2012-12-31": "2217.71700", "2011-12-31": "2503.35700", "2010-12-31": "2959.78300", "2009-12-31": "3098.53700", "2008-12-31": "3128.00300", "2007-12-31": "3091.31200", "2006-12-31": "2399.30200", "2005-12-31": "960.28400"}, "Total Liabilities": {"2019-12-31": "33057.00000", "2018-12-31": "30058.00000", "2017-12-31": "26666.00000", "2016-12-31": "22864.00000", "2015-12-31": "17247.65000", "2014-12-31": "10072.17000", "2013-12-31": "6833.18000", "2012-12-31": "2377.48000", "2011-12-31": "3088.31700", "2010-12-31": "3026.11700", "2009-12-31": "3164.74900", "2008-12-31": "3194.13600", "2007-12-31": "3264.41300", "2006-12-31": "2461.24100", "2005-12-31": "1021.60600"}, "Common Stock Net": {"2019-12-31": "1.00000", "2018-12-31": "1.00000", "2017-12-31": "1.00000", "2016-12-31": "1.00000", "2015-12-31": "0.70800", "2014-12-31": "0.71200", "2013-12-31": "0.71600", "2012-12-31": "0.67100", "2011-12-31": "0.38900", "2010-12-31": "0.20400", "2009-12-31": "0.17000", "2008-12-31": "0.15700", "2007-12-31": "0.14300", "2006-12-31": "0.16600", "2005-12-31": "0.16400"}, "Retained Earnings (Accumulated Deficit)": {"2019-12-31": "-3508.00000", "2018-12-31": "-4156.00000", "2017-12-31": "-4627.00000", "2016-12-31": "-4234.00000", "2015-12-31": "-3623.94800", "2014-12-31": "-2648.83900", "2013-12-31": "-2100.90700", "2012-12-31": "-1592.98500", "2011-12-31": "-1260.20500", "2010-12-31": "-1061.44900", "2009-12-31": "-985.24600", "2008-12-31": "-823.75600", "2007-12-31": "-428.91800", "2006-12-31": "-247.14100", "2005-12-31": "-101.28800"}, "Comprehensive Income": {"2019-12-31": "", "2018-12-31": "", "2017-12-31": "", "2016-12-31": "", "2015-12-31": "", "2014-12-31": "", "2013-12-31": "", "2012-12-31": "-27.35100", "2011-12-31": "-0.25800", "2010-12-31": "-0.17300", "2009-12-31": "-0.13300", "2008-12-31": "-0.15400", "2007-12-31": "-0.00500", "2006-12-31": "-0.03400", "2005-12-31": "3.79800"}, "Other Share Holders Equity": {"2019-12-31": "", "2018-12-31": "", "2017-12-31": "", "2016-12-31": "", "2015-12-31": "", "2014-12-31": "", "2013-12-31": "", "2012-12-31": "", "2011-12-31": "", "2010-12-31": "", "2009-12-31": "", "2008-12-31": "", "2007-12-31": "", "2006-12-31": "", "2005-12-31": ""}, "Share Holder Equity": {"2019-12-31": "2435.00000", "2018-12-31": "1929.00000", "2017-12-31": "1240.00000", "2016-12-31": "839.00000", "2015-12-31": "1561.40300", "2014-12-31": "2501.51700", "2013-12-31": "2840.05700", "2012-12-31": "2261.60500", "2011-12-31": "-172.99200", "2010-12-31": "-472.61000", "2009-12-31": "-432.12700", "2008-12-31": "-274.05400", "2007-12-31": "-302.11400", "2006-12-31": "143.24700", "2005-12-31": "268.54100"}, "Total Liabilities And Share Holders Equity": {"2019-12-31": "35492.00000", "2018-12-31": "31987.00000", "2017-12-31": "27906.00000", "2016-12-31": "23703.00000", "2015-12-31": "18809.05000", "2014-12-31": "12573.68000", "2013-12-31": "9673.23700", "2012-12-31": "4639.08500", "2011-12-31": "2915.32500", "2010-12-31": "2553.50700", "2009-12-31": "2732.62200", "2008-12-31": "2920.08200", "2007-12-31": "2962.29900", "2006-12-31": "2604.48800", "2005-12-31": "1290.14700"}}, "balance sheet, quarterly": {"Cash On Hand": {"2020-09-30": "2613.00000", "2020-06-30": "2544.00000", "2020-03-31": "2829.00000", "2019-12-31": "2994.00000", "2019-09-30": "3117.00000", "2019-06-30": "3440.00000", "2019-03-31": "3011.00000", "2018-12-31": "3156.00000", "2018-09-30": "2932.00000", "2018-06-30": "3260.00000", "2018-03-31": "2411.00000", "2017-12-31": "2602.00000", "2017-09-30": "2509.00000", "2017-06-30": "1828.00000", "2017-03-31": "1923.00000", "2016-12-31": "1736.00000", "2016-09-30": "1817.67700", "2016-06-30": "1773.93600", "2016-03-31": "1827.38400", "2015-12-31": "1704.50900", "2015-09-30": "1992.48700", "2015-06-30": "2154.28000", "2015-03-31": "2615.79400", "2014-12-31": "2229.32000", "2014-09-30": "1453.46000", "2014-06-30": "1560.54600", "2014-03-31": "1434.72200", "2013-12-31": "1558.90600", "2013-09-30": "952.10900", "2013-06-30": "1296.38900", "2013-03-31": "900.12400", "2012-12-31": "721.97400", "2012-09-30": "715.70600", "2012-06-30": "629.18400", "2012-03-31": "562.85000", "2011-12-31": "561.32500", "2011-09-30": "283.84600", "2011-06-30": "235.08600", "2011-03-31": "129.91200", "2010-12-31": "147.22300", "2010-09-30": "197.74600", "2010-06-30": "150.10400", "2010-03-31": "271.20400", "2009-12-31": "226.68100", "2009-09-30": "270.62700", "2009-06-30": "236.17500", "2009-03-31": "374.94600", "2008-12-31": "403.74200", "2008-09-30": "522.77000", "2008-06-30": "354.91700", "2008-03-31": "374.44700", "2007-12-31": "524.61500", "2007-09-30": "681.12500", "2007-06-30": "906.13900", "2007-03-31": "801.76500", "2006-12-31": "639.79000", "2006-09-30": "727.10390", "2006-06-30": "795.15590", "2006-03-31": "823.72800", "2005-12-31": "854.15300", "2005-09-30": "911.96800", "2005-06-30": "172.86100", "2005-03-31": "249.51200"}, "Receivables": {"2020-09-30": "390.00000", "2020-06-30": "646.00000", "2020-03-31": "468.00000", "2019-12-31": "491.00000", "2019-09-30": "507.00000", "2019-06-30": "433.00000", "2019-03-31": "393.00000", "2018-12-31": "585.00000", "2018-09-30": "246.00000", "2018-06-30": "280.00000", "2018-03-31": "608.00000", "2017-12-31": "371.00000", "2017-09-30": "265.00000", "2017-06-30": "284.00000", "2017-03-31": "290.00000", "2016-12-31": "218.00000", "2016-09-30": "154.16700", "2016-06-30": "74.28300", "2016-03-31": "23.97900", "2015-12-31": "5.74900", "2015-09-30": "6.64500", "2015-06-30": "6.74600", "2015-03-31": "32.50300", "2014-12-31": "4.41900", "2014-09-30": "23.38500", "2014-06-30": "4.17500", "2014-03-31": "3.88600", "2013-12-31": "4.48600", "2013-09-30": "26.07900", "2013-06-30": "26.93500", "2013-03-31": "2.70700", "2012-12-31": "3.48600", "2012-09-30": "29.20000", "2012-06-30": "4.72400", "2012-03-31": "1.87300", "2011-12-31": "3.04300", "2011-09-30": "4.17700", "2011-06-30": "2.74000", "2011-03-31": "33.18600", "2010-12-31": "4.69900", "2010-09-30": "3.25900", "2010-06-30": "21.56500", "2010-03-31": "3.53300", "2009-12-31": "9.89900", "2009-09-30": "8.89500", "2009-06-30": "9.42400", "2009-03-31": "7.26300", "2008-12-31": "3.63000", "2008-09-30": "7.57200", "2008-06-30": "33.12600", "2008-03-31": "68.73800", "2007-12-31": "48.78600", "2007-09-30": "32.33100", "2007-06-30": "19.95900", "2007-03-31": "14.54200", "2006-12-31": "7.94100", "2006-09-30": "4.65400", "2006-06-30": "5.38600", "2006-03-31": "3.79900", "2005-12-31": "2.91200", "2005-09-30": "2.42600", "2005-06-30": "1.07100", "2005-03-31": "1.43400"}, "Inventory": {"2020-09-30": "280.00000", "2020-06-30": "207.00000", "2020-03-31": "239.00000", "2019-12-31": "312.00000", "2019-09-30": "288.00000", "2019-06-30": "290.00000", "2019-03-31": "279.00000", "2018-12-31": "316.00000", "2018-09-30": "298.00000", "2018-06-30": "233.00000", "2018-03-31": "123.00000", "2017-12-31": "243.00000", "2017-09-30": "133.00000", "2017-06-30": "150.00000", "2017-03-31": "113.00000", "2016-12-31": "160.00000", "2016-09-30": "63.85300", "2016-06-30": "66.32200", "2016-03-31": "31.24300", "2015-12-31": "18.12500", "2015-09-30": "9.03200", "2015-06-30": "13.95400", "2015-03-31": "16.28200", "2014-12-31": "7.78600", "2014-09-30": "13.96600", "2014-06-30": "5.80000", "2014-03-31": "4.10600", "2013-12-31": "10.56300", "2013-09-30": "14.40100", "2013-06-30": "11.73000", "2013-03-31": "4.60500", "2012-12-31": "7.04500", "2012-09-30": "6.59700", "2012-06-30": "2.31900", "2012-03-31": "3.29300", "2011-12-31": "6.56200", "2011-09-30": "6.87900", "2011-06-30": "4.58800", "2011-03-31": "9.60100", "2010-12-31": "1.21200", "2010-09-30": "0.90100", "2010-06-30": "0.50100", "2010-03-31": "11.14000", "2009-12-31": "32.60200", "2009-09-30": "20.76000", "2009-06-30": "10.69900", "2009-03-31": "", "2008-12-31": "", "2008-09-30": "", "2008-06-30": "", "2008-03-31": "", "2007-12-31": "", "2007-09-30": "", "2007-06-30": "", "2007-03-31": "", "2006-12-31": "", "2006-09-30": "", "2006-06-30": "", "2006-03-31": "", "2005-12-31": "", "2005-09-30": "", "2005-06-30": "", "2005-03-31": ""}, "Pre-Paid Expenses": {"2020-09-30": "154.00000", "2020-06-30": "146.00000", "2020-03-31": "79.00000", "2019-12-31": "92.00000", "2019-09-30": "", "2019-06-30": "135.00000", "2019-03-31": "", "2018-12-31": "114.00000", "2018-09-30": "", "2018-06-30": "156.00000", "2018-03-31": "", "2017-12-31": "", "2017-09-30": "", "2017-06-30": "", "2017-03-31": "", "2016-12-31": "", "2016-09-30": "69.03000", "2016-06-30": "75.94100", "2016-03-31": "63.50900", "2015-12-31": "50.78700", "2015-09-30": "78.10800", "2015-06-30": "88.38200", "2015-03-31": "38.48000", "2014-12-31": "17.35200", "2014-09-30": "19.05100", "2014-06-30": "20.96300", "2014-03-31": "25.91500", "2013-12-31": "17.22500", "2013-09-30": "16.47100", "2013-06-30": "18.84700", "2013-03-31": "18.14600", "2012-12-31": "16.05800", "2012-09-30": "15.91100", "2012-06-30": "19.10300", "2012-03-31": "23.01000", "2011-12-31": "20.52200", "2011-09-30": "17.43600", "2011-06-30": "18.63200", "2011-03-31": "18.09400", "2010-12-31": "12.47600", "2010-09-30": "15.36700", "2010-06-30": "18.52600", "2010-03-31": "18.89400", "2009-12-31": "17.09300", "2009-09-30": "19.98500", "2009-06-30": "12.12400", "2009-03-31": "10.76800", "2008-12-31": "9.22000", "2008-09-30": "10.52400", "2008-06-30": "41.62800", "2008-03-31": "25.80200", "2007-12-31": "27.21100", "2007-09-30": "17.34700", "2007-06-30": "8.92700", "2007-03-31": "14.99000", "2006-12-31": "2.24200", "2006-09-30": "2.00500", "2006-06-30": "3.61300", "2006-03-31": "2.85700", "2005-12-31": "8.93000", "2005-09-30": "1.03700", "2005-06-30": "1.43900", "2005-03-31": "1.85300"}, "Other Current Assets": {"2020-09-30": "195.00000", "2020-06-30": "284.00000", "2020-03-31": "322.00000", "2019-12-31": "323.00000", "2019-09-30": "273.00000", "2019-06-30": "127.00000", "2019-03-31": "213.00000", "2018-12-31": "63.00000", "2018-09-30": "194.00000", "2018-06-30": "37.00000", "2018-03-31": "126.00000", "2017-12-31": "153.00000", "2017-09-30": "124.00000", "2017-06-30": "106.00000", "2017-03-31": "93.00000", "2016-12-31": "124.00000", "2016-09-30": "", "2016-06-30": "", "2016-03-31": "", "2015-12-31": "3.41600", "2015-09-30": "", "2015-06-30": "", "2015-03-31": "", "2014-12-31": "", "2014-09-30": "", "2014-06-30": "", "2014-03-31": "", "2013-12-31": "", "2013-09-30": "", "2013-06-30": "", "2013-03-31": "", "2012-12-31": "", "2012-09-30": "", "2012-06-30": "", "2012-03-31": "", "2011-12-31": "", "2011-09-30": "", "2011-06-30": "", "2011-03-31": "", "2010-12-31": "", "2010-09-30": "", "2010-06-30": "", "2010-03-31": "", "2009-12-31": "", "2009-09-30": "", "2009-06-30": "", "2009-03-31": "", "2008-12-31": "", "2008-09-30": "", "2008-06-30": "", "2008-03-31": "", "2007-12-31": "", "2007-09-30": "3.04800", "2007-06-30": "0.39500", "2007-03-31": "0.04600", "2006-12-31": "", "2006-09-30": "11.92400", "2006-06-30": "11.61800", "2006-03-31": "9.41300", "2005-12-31": "5.46800", "2005-09-30": "21.11900", "2005-06-30": "24.26000", "2005-03-31": "32.34700"}, "Total Current Assets": {"2020-09-30": "3632.00000", "2020-06-30": "3827.00000", "2020-03-31": "3937.00000", "2019-12-31": "4212.00000", "2019-09-30": "4185.00000", "2019-06-30": "4425.00000", "2019-03-31": "3896.00000", "2018-12-31": "4234.00000", "2018-09-30": "3670.00000", "2018-06-30": "3966.00000", "2018-03-31": "3268.00000", "2017-12-31": "3369.00000", "2017-09-30": "3031.00000", "2017-06-30": "2368.00000", "2017-03-31": "2419.00000", "2016-12-31": "2238.00000", "2016-09-30": "2104.72700", "2016-06-30": "1990.48200", "2016-03-31": "1946.11500", "2015-12-31": "1782.58600", "2015-09-30": "2086.27200", "2015-06-30": "2263.36200", "2015-03-31": "2703.05900", "2014-12-31": "2258.87700", "2014-09-30": "1509.86200", "2014-06-30": "1591.48400", "2014-03-31": "1468.62900", "2013-12-31": "1591.18000", "2013-09-30": "1009.06000", "2013-06-30": "1353.90100", "2013-03-31": "925.58200", "2012-12-31": "748.56300", "2012-09-30": "767.41400", "2012-06-30": "655.33000", "2012-03-31": "591.02600", "2011-12-31": "591.45200", "2011-09-30": "312.33800", "2011-06-30": "261.04600", "2011-03-31": "190.79300", "2010-12-31": "165.61000", "2010-09-30": "217.27300", "2010-06-30": "190.69600", "2010-03-31": "304.77100", "2009-12-31": "286.27500", "2009-09-30": "320.26700", "2009-06-30": "268.42200", "2009-03-31": "392.97700", "2008-12-31": "416.59200", "2008-09-30": "540.86600", "2008-06-30": "429.67100", "2008-03-31": "468.98700", "2007-12-31": "600.61200", "2007-09-30": "733.85100", "2007-06-30": "935.42000", "2007-03-31": "831.34300", "2006-12-31": "649.97300", "2006-09-30": "745.68700", "2006-06-30": "815.77300", "2006-03-31": "839.79700", "2005-12-31": "871.46300", "2005-09-30": "936.55000", "2005-06-30": "199.63100", "2005-03-31": "285.14600"}, "Property, Plant, And Equipment": {"2020-09-30": "30201.00000", "2020-06-30": "29950.00000", "2020-03-31": "29802.00000", "2019-12-31": "29673.00000", "2019-09-30": "29490.00000", "2019-06-30": "29073.00000", "2019-03-31": "27953.00000", "2018-12-31": "27245.00000", "2018-09-30": "26499.00000", "2018-06-30": "25760.00000", "2018-03-31": "24474.00000", "2017-12-31": "23978.00000", "2017-09-30": "23466.00000", "2017-06-30": "22904.00000", "2017-03-31": "22016.00000", "2016-12-31": "20635.00000", "2016-09-30": "19891.67000", "2016-06-30": "18729.18000", "2016-03-31": "17674.55000", "2015-12-31": "16193.91000", "2015-09-30": "15225.25000", "2015-06-30": "13799.11000", "2015-03-31": "9852.97000", "2014-12-31": "9246.75300", "2014-09-30": "8634.50400", "2014-06-30": "7933.86800", "2014-03-31": "7132.04100", "2013-12-31": "6454.39900", "2013-09-30": "5705.56700", "2013-06-30": "4893.60500", "2013-03-31": "3824.29900", "2012-12-31": "3282.30500", "2012-09-30": "2995.05200", "2012-06-30": "2125.69300", "2012-03-31": "2092.79600", "2011-12-31": "2107.12900", "2011-09-30": "2119.71700", "2011-06-30": "2133.33300", "2011-03-31": "2144.81000", "2010-12-31": "2157.59700", "2010-09-30": "2170.82000", "2010-06-30": "2187.04400", "2010-03-31": "2202.21600", "2009-12-31": "2216.85500", "2009-09-30": "2237.65000", "2009-06-30": "2236.26900", "2009-03-31": "2212.23700", "2008-12-31": "2170.15800", "2008-09-30": "2137.93800", "2008-06-30": "2074.38000", "2008-03-31": "1873.15500", "2007-12-31": "1645.11200", "2007-09-30": "1399.34500", "2007-06-30": "1150.95300", "2007-03-31": "957.17700", "2006-12-31": "748.81800", "2006-09-30": "624.02600", "2006-06-30": "469.68600", "2006-03-31": "341.69500", "2005-12-31": "280.10600", "2005-09-30": "198.41400", "2005-06-30": "155.88600", "2005-03-31": "28.85900"}, "Long-Term Investments": {"2020-09-30": "", "2020-06-30": "", "2020-03-31": "", "2019-12-31": "", "2019-09-30": "", "2019-06-30": "", "2019-03-31": "", "2018-12-31": "", "2018-09-30": "", "2018-06-30": "", "2018-03-31": "", "2017-12-31": "", "2017-09-30": "", "2017-06-30": "", "2017-03-31": "", "2016-12-31": "", "2016-09-30": "", "2016-06-30": "", "2016-03-31": "", "2015-12-31": "", "2015-09-30": "", "2015-06-30": "", "2015-03-31": "", "2014-12-31": "", "2014-09-30": "", "2014-06-30": "", "2014-03-31": "", "2013-12-31": "", "2013-09-30": "", "2013-06-30": "", "2013-03-31": "", "2012-12-31": "", "2012-09-30": "", "2012-06-30": "", "2012-03-31": "", "2011-12-31": "", "2011-09-30": "", "2011-06-30": "", "2011-03-31": "", "2010-12-31": "", "2010-09-30": "", "2010-06-30": "", "2010-03-31": "", "2009-12-31": "", "2009-09-30": "", "2009-06-30": "", "2009-03-31": "", "2008-12-31": "", "2008-09-30": "", "2008-06-30": "", "2008-03-31": "", "2007-12-31": "", "2007-09-30": "25.48100", "2007-06-30": "25.26600", "2007-03-31": "", "2006-12-31": "", "2006-09-30": "", "2006-06-30": "", "2006-03-31": "", "2005-12-31": "", "2005-09-30": "", "2005-06-30": "", "2005-03-31": ""}, "Goodwill And Intangible Assets": {"2020-09-30": "77.00000", "2020-06-30": "77.00000", "2020-03-31": "77.00000", "2019-12-31": "77.00000", "2019-09-30": "77.00000", "2019-06-30": "77.00000", "2019-03-31": "77.00000", "2018-12-31": "77.00000", "2018-09-30": "77.00000", "2018-06-30": "77.00000", "2018-03-31": "77.00000", "2017-12-31": "77.00000", "2017-09-30": "77.00000", "2017-06-30": "77.00000", "2017-03-31": "77.00000", "2016-12-31": "77.00000", "2016-09-30": "76.81900", "2016-06-30": "76.81900", "2016-03-31": "76.81900", "2015-12-31": "76.81900", "2015-09-30": "76.81900", "2015-06-30": "76.81900", "2015-03-31": "76.81900", "2014-12-31": "76.81900", "2014-09-30": "76.81900", "2014-06-30": "76.81900", "2014-03-31": "80.18500", "2013-12-31": "76.81900", "2013-09-30": "81.18500", "2013-06-30": "81.18500", "2013-03-31": "81.17500", "2012-12-31": "81.17500", "2012-09-30": "81.17500", "2012-06-30": "81.17500", "2012-03-31": "81.60100", "2011-12-31": "81.60100", "2011-09-30": "81.67500", "2011-06-30": "82.88600", "2011-03-31": "82.88600", "2010-12-31": "82.88600", "2010-09-30": "82.88600", "2010-06-30": "82.88600", "2010-03-31": "82.88600", "2009-12-31": "82.90700", "2009-09-30": "82.92500", "2009-06-30": "82.95000", "2009-03-31": "82.95000", "2008-12-31": "82.95000", "2008-09-30": "83.02600", "2008-06-30": "83.02600", "2008-03-31": "97.05100", "2007-12-31": "97.24600", "2007-09-30": "82.91700", "2007-06-30": "81.29200", "2007-03-31": "81.17500", "2006-12-31": "81.17500", "2006-09-30": "78.12700", "2006-06-30": "78.52400", "2006-03-31": "77.08400", "2005-12-31": "76.93700", "2005-09-30": "76.93700", "2005-06-30": "76.93800", "2005-03-31": "77.01700"}, "Other Long-Term Assets": {"2020-09-30": "977.00000", "2020-06-30": "1135.00000", "2020-03-31": "1181.00000", "2019-12-31": "562.00000", "2019-09-30": "410.00000", "2019-06-30": "440.00000", "2019-03-31": "359.00000", "2018-12-31": "423.00000", "2018-09-30": "416.00000", "2018-06-30": "427.00000", "2018-03-31": "384.00000", "2017-12-31": "333.00000", "2017-09-30": "401.00000", "2017-06-30": "1054.00000", "2017-03-31": "1300.00000", "2016-12-31": "476.00000", "2016-09-30": "321.80900", "2016-06-30": "303.89900", "2016-03-31": "323.57100", "2015-12-31": "377.06400", "2015-09-30": "423.51900", "2015-06-30": "982.90700", "2015-03-31": "2072.83600", "2014-12-31": "748.91100", "2014-09-30": "1313.03000", "2014-06-30": "1997.40800", "2014-03-31": "541.32200", "2013-12-31": "1236.89500", "2013-09-30": "976.65700", "2013-06-30": "1901.70900", "2013-03-31": "1504.95900", "2012-12-31": "306.09300", "2012-09-30": "302.85200", "2012-06-30": "150.65200", "2012-03-31": "137.37100", "2011-12-31": "101.78700", "2011-09-30": "102.24300", "2011-06-30": "104.95700", "2011-03-31": "106.26800", "2010-12-31": "105.75800", "2010-09-30": "106.12400", "2010-06-30": "105.50800", "2010-03-31": "101.79200", "2009-12-31": "99.54200", "2009-09-30": "98.50400", "2009-06-30": "144.60700", "2009-03-31": "144.02500", "2008-12-31": "183.98900", "2008-09-30": "215.22100", "2008-06-30": "183.39000", "2008-03-31": "442.29300", "2007-12-31": "546.82700", "2007-09-30": "698.09400", "2007-06-30": "825.70100", "2007-03-31": "988.76700", "2006-12-31": "1075.87600", "2006-09-30": "105.09900", "2006-06-30": "45.52500", "2006-03-31": "32.47800", "2005-12-31": "18.63300", "2005-09-30": "31.79700", "2005-06-30": "0.21700", "2005-03-31": "5.55900"}, "Total Long-Term Assets": {"2020-09-30": "32299.00000", "2020-06-30": "32019.00000", "2020-03-31": "31810.00000", "2019-12-31": "31280.00000", "2019-09-30": "30520.00000", "2019-06-30": "30147.00000", "2019-03-31": "28989.00000", "2018-12-31": "27753.00000", "2018-09-30": "27070.00000", "2018-06-30": "26361.00000", "2018-03-31": "25073.00000", "2017-12-31": "24537.00000", "2017-09-30": "24103.00000", "2017-06-30": "24232.00000", "2017-03-31": "23637.00000", "2016-12-31": "21465.00000", "2016-09-30": "20584.35000", "2016-06-30": "19446.37000", "2016-03-31": "18484.83000", "2015-12-31": "17026.47000", "2015-09-30": "16365.99000", "2015-06-30": "15496.14000", "2015-03-31": "12219.99000", "2014-12-31": "10314.81000", "2014-09-30": "10275.45000", "2014-06-30": "10267.81000", "2014-03-31": "8055.98700", "2013-12-31": "8082.05700", "2013-09-30": "7116.79300", "2013-06-30": "7228.32900", "2013-03-31": "5656.23700", "2012-12-31": "3890.52200", "2012-09-30": "3616.31100", "2012-06-30": "2373.00000", "2012-03-31": "2343.49600", "2011-12-31": "2323.87300", "2011-09-30": "2339.10500", "2011-06-30": "2358.76100", "2011-03-31": "2373.64000", "2010-12-31": "2387.89700", "2010-09-30": "2399.20500", "2010-06-30": "2416.78500", "2010-03-31": "2431.87200", "2009-12-31": "2446.34700", "2009-09-30": "2468.77800", "2009-06-30": "2517.36300", "2009-03-31": "2499.33100", "2008-12-31": "2503.49000", "2008-09-30": "2508.45000", "2008-06-30": "2402.67000", "2008-03-31": "2486.43900", "2007-12-31": "2361.68700", "2007-09-30": "2283.08300", "2007-06-30": "2149.00400", "2007-03-31": "2081.01800", "2006-12-31": "1954.51500", "2006-09-30": "866.41500", "2006-06-30": "634.02310", "2006-03-31": "492.55400", "2005-12-31": "418.68400", "2005-09-30": "351.54700", "2005-06-30": "253.68900", "2005-03-31": "129.37400"}, "Total Assets": {"2020-09-30": "35931.00000", "2020-06-30": "35846.00000", "2020-03-31": "35747.00000", "2019-12-31": "35492.00000", "2019-09-30": "34705.00000", "2019-06-30": "34572.00000", "2019-03-31": "32885.00000", "2018-12-31": "31987.00000", "2018-09-30": "30740.00000", "2018-06-30": "30327.00000", "2018-03-31": "28341.00000", "2017-12-31": "27906.00000", "2017-09-30": "27134.00000", "2017-06-30": "26600.00000", "2017-03-31": "26056.00000", "2016-12-31": "23703.00000", "2016-09-30": "22689.08000", "2016-06-30": "21436.85000", "2016-03-31": "20430.95000", "2015-12-31": "18809.05000", "2015-09-30": "18452.26000", "2015-06-30": "17759.50000", "2015-03-31": "14923.05000", "2014-12-31": "12573.68000", "2014-09-30": "11785.32000", "2014-06-30": "11859.29000", "2014-03-31": "9524.61600", "2013-12-31": "9673.23700", "2013-09-30": "8125.85300", "2013-06-30": "8582.23000", "2013-03-31": "6581.81900", "2012-12-31": "4639.08500", "2012-09-30": "4383.72500", "2012-06-30": "3028.33000", "2012-03-31": "2934.52200", "2011-12-31": "2915.32500", "2011-09-30": "2651.44300", "2011-06-30": "2619.80700", "2011-03-31": "2564.43300", "2010-12-31": "2553.50700", "2010-09-30": "2616.47800", "2010-06-30": "2607.48100", "2010-03-31": "2736.64300", "2009-12-31": "2732.62200", "2009-09-30": "2789.04500", "2009-06-30": "2785.78500", "2009-03-31": "2892.30800", "2008-12-31": "2920.08200", "2008-09-30": "3049.31600", "2008-06-30": "2832.34100", "2008-03-31": "2955.42600", "2007-12-31": "2962.29900", "2007-09-30": "3016.93400", "2007-06-30": "3084.42400", "2007-03-31": "2912.36100", "2006-12-31": "2604.48800", "2006-09-30": "1612.10200", "2006-06-30": "1449.79600", "2006-03-31": "1332.35100", "2005-12-31": "1290.14700", "2005-09-30": "1288.09700", "2005-06-30": "453.32000", "2005-03-31": "414.52000"}, "Total Current Liabilities": {"2020-09-30": "1917.00000", "2020-06-30": "1464.00000", "2020-03-31": "3657.00000", "2019-12-31": "1874.00000", "2019-09-30": "1892.00000", "2019-06-30": "2207.00000", "2019-03-31": "1659.00000", "2018-12-31": "1742.00000", "2018-09-30": "1350.00000", "2018-06-30": "1728.00000", "2018-03-31": "895.00000", "2017-12-31": "1251.00000", "2017-09-30": "1011.00000", "2017-06-30": "840.00000", "2017-03-31": "871.00000", "2016-12-31": "1077.00000", "2016-09-30": "2608.87800", "2016-06-30": "2414.52100", "2016-03-31": "2568.62300", "2015-12-31": "2185.26800", "2015-09-30": "530.21900", "2015-06-30": "640.83900", "2015-03-31": "321.46700", "2014-12-31": "232.47500", "2014-09-30": "438.78800", "2014-06-30": "390.88300", "2014-03-31": "194.86900", "2013-12-31": "237.01100", "2013-09-30": "213.23700", "2013-06-30": "548.29500", "2013-03-31": "291.36600", "2012-12-31": "159.76300", "2012-09-30": "168.12200", "2012-06-30": "298.14100", "2012-03-31": "314.17300", "2011-12-31": "584.96000", "2011-09-30": "595.01600", "2011-06-30": "364.19700", "2011-03-31": "103.35000", "2010-12-31": "66.33400", "2010-09-30": "354.40700", "2010-06-30": "56.51700", "2010-03-31": "92.01800", "2009-12-31": "66.21200", "2009-09-30": "116.24400", "2009-06-30": "83.60100", "2009-03-31": "114.80300", "2008-12-31": "66.13300", "2008-09-30": "117.39100", "2008-06-30": "136.37000", "2008-03-31": "211.23000", "2007-12-31": "173.10100", "2007-09-30": "184.53200", "2007-06-30": "101.99700", "2007-03-31": "133.58200", "2006-12-31": "61.93900", "2006-09-30": "64.09600", "2006-06-30": "59.69000", "2006-03-31": "32.73100", "2005-12-31": "61.32200", "2005-09-30": "26.81000", "2005-06-30": "48.83100", "2005-03-31": "11.39800"}, "Long Term Debt": {"2020-09-30": "31007.00000", "2020-06-30": "30865.00000", "2020-03-31": "28998.00000", "2019-12-31": "30832.00000", "2019-09-30": "30853.00000", "2019-06-30": "30002.00000", "2019-03-31": "28784.00000", "2018-12-31": "28179.00000", "2018-09-30": "27467.00000", "2018-06-30": "26782.00000", "2018-03-31": "25656.00000", "2017-12-31": "25336.00000", "2017-09-30": "24923.00000", "2017-06-30": "24654.00000", "2017-03-31": "24088.00000", "2016-12-31": "21688.00000", "2016-09-30": "19033.51000", "2016-06-30": "17789.07000", "2016-03-31": "16348.10000", "2015-12-31": "14920.43000", "2015-09-30": "15835.91000", "2015-06-30": "14854.79000", "2015-03-31": "12117.88000", "2014-12-31": "9806.08400", "2014-09-30": "8989.76000", "2014-06-30": "8987.85000", "2014-03-31": "6578.35000", "2013-12-31": "6576.27300", "2013-09-30": "5574.19500", "2013-06-30": "5572.00800", "2013-03-31": "3668.28600", "2012-12-31": "2167.11300", "2012-09-30": "2295.93900", "2012-06-30": "2194.76500", "2012-03-31": "2475.88500", "2011-12-31": "2474.71100", "2011-09-30": "2473.53700", "2011-06-30": "2655.07100", "2011-03-31": "2940.12100", "2010-12-31": "2927.50900", "2010-09-30": "2660.03700", "2010-06-30": "2902.88100", "2010-03-31": "3055.02100", "2009-12-31": "3041.87500", "2009-09-30": "3028.97600", "2009-06-30": "3016.32000", "2009-03-31": "3173.57500", "2008-12-31": "3082.36200", "2008-09-30": "3152.16100", "2008-06-30": "2852.00000", "2008-03-31": "2757.00000", "2007-12-31": "2757.00000", "2007-09-30": "2757.00000", "2007-06-30": "2757.00000", "2007-03-31": "2357.00000", "2006-12-31": "2357.00000", "2006-09-30": "1264.50000", "2006-06-30": "1063.50000", "2006-03-31": "986.00000", "2005-12-31": "917.50000", "2005-09-30": "919.00000", "2005-06-30": "", "2005-03-31": ""}, "Other Non-Current Liabilities": {"2020-09-30": "187.00000", "2020-06-30": "174.00000", "2020-03-31": "209.00000", "2019-12-31": "162.00000", "2019-09-30": "271.00000", "2019-06-30": "138.00000", "2019-03-31": "97.00000", "2018-12-31": "80.00000", "2018-09-30": "92.00000", "2018-06-30": "83.00000", "2018-03-31": "83.00000", "2017-12-31": "79.00000", "2017-09-30": "115.00000", "2017-06-30": "99.00000", "2017-03-31": "97.00000", "2016-12-31": "94.00000", "2016-09-30": "334.45000", "2016-06-30": "361.58900", "2016-03-31": "301.04000", "2015-12-31": "132.45500", "2015-09-30": "210.69900", "2015-06-30": "37.01300", "2015-03-31": "116.82900", "2014-12-31": "20.10700", "2014-09-30": "11.71500", "2014-06-30": "4.10500", "2014-03-31": "3.28100", "2013-12-31": "2.39600", "2013-09-30": "3.57200", "2013-06-30": "3.67700", "2013-03-31": "24.77000", "2012-12-31": "29.10400", "2012-09-30": "32.26600", "2012-06-30": "3.01500", "2012-03-31": "3.14900", "2011-12-31": "3.14600", "2011-09-30": "3.28800", "2011-06-30": "3.36400", "2011-03-31": "2.14000", "2010-12-31": "2.28000", "2010-09-30": "2.31200", "2010-06-30": "2.87500", "2010-03-31": "25.79300", "2009-12-31": "23.16200", "2009-09-30": "16.93000", "2009-06-30": "14.59900", "2009-03-31": "12.39800", "2008-12-31": "8.14100", "2008-09-30": "7.26300", "2008-06-30": "6.01500", "2008-03-31": "12.44100", "2007-12-31": "8.63700", "2007-09-30": "7.35900", "2007-06-30": "6.87400", "2007-03-31": "1.51800", "2006-12-31": "1.30200", "2006-09-30": "24.68100", "2006-06-30": "0.05900", "2006-03-31": "", "2005-12-31": "1.78400", "2005-09-30": "7.24600", "2005-06-30": "15.60600", "2005-03-31": "0.10000"}, "Total Long Term Liabilities": {"2020-09-30": "31667.00000", "2020-06-30": "31386.00000", "2020-03-31": "29371.00000", "2019-12-31": "31183.00000", "2019-09-30": "31327.00000", "2019-06-30": "30342.00000", "2019-03-31": "29088.00000", "2018-12-31": "28316.00000", "2018-09-30": "27559.00000", "2018-06-30": "26865.00000", "2018-03-31": "25739.00000", "2017-12-31": "25415.00000", "2017-09-30": "25040.00000", "2017-06-30": "24756.00000", "2017-03-31": "24190.00000", "2016-12-31": "21787.00000", "2016-09-30": "19374.46000", "2016-06-30": "18158.16000", "2016-03-31": "16657.64000", "2015-12-31": "15062.38000", "2015-09-30": "16057.11000", "2015-06-30": "14903.31000", "2015-03-31": "12247.21000", "2014-12-31": "9839.69100", "2014-09-30": "9015.97500", "2014-06-30": "9007.45500", "2014-03-31": "6598.13100", "2013-12-31": "6596.16900", "2013-09-30": "5596.26700", "2013-06-30": "5595.18500", "2013-03-31": "3713.55600", "2012-12-31": "2217.71700", "2012-09-30": "2350.70500", "2012-06-30": "2221.28000", "2012-03-31": "2503.53400", "2011-12-31": "2503.35700", "2011-09-30": "2503.32500", "2011-06-30": "2685.93500", "2011-03-31": "2970.76100", "2010-12-31": "2959.78300", "2010-09-30": "2693.08300", "2010-06-30": "2937.52900", "2010-03-31": "3113.31400", "2009-12-31": "3098.53700", "2009-09-30": "3080.40600", "2009-06-30": "3066.41900", "2009-03-31": "3222.47300", "2008-12-31": "3128.00300", "2008-09-30": "3459.11000", "2008-06-30": "3166.82400", "2008-03-31": "3087.15300", "2007-12-31": "3091.31200", "2007-09-30": "3098.83600", "2007-06-30": "3105.66900", "2007-03-31": "2662.40500", "2006-12-31": "2399.30200", "2006-09-30": "1330.18100", "2006-06-30": "1104.55900", "2006-03-31": "1027.00000", "2005-12-31": "960.28400", "2005-09-30": "964.24600", "2005-06-30": "53.60600", "2005-03-31": "23.10000"}, "Total Liabilities": {"2020-09-30": "33584.00000", "2020-06-30": "32850.00000", "2020-03-31": "33028.00000", "2019-12-31": "33057.00000", "2019-09-30": "33219.00000", "2019-06-30": "32549.00000", "2019-03-31": "30747.00000", "2018-12-31": "30058.00000", "2018-09-30": "28909.00000", "2018-06-30": "28593.00000", "2018-03-31": "26634.00000", "2017-12-31": "26666.00000", "2017-09-30": "26051.00000", "2017-06-30": "25596.00000", "2017-03-31": "25061.00000", "2016-12-31": "22864.00000", "2016-09-30": "21983.34000", "2016-06-30": "20572.68000", "2016-03-31": "19226.26000", "2015-12-31": "17247.65000", "2015-09-30": "16587.33000", "2015-06-30": "15544.15000", "2015-03-31": "12568.68000", "2014-12-31": "10072.17000", "2014-09-30": "9454.76700", "2014-06-30": "9398.33800", "2014-03-31": "6793.00000", "2013-12-31": "6833.18000", "2013-09-30": "5809.50400", "2013-06-30": "6143.48000", "2013-03-31": "4004.92200", "2012-12-31": "2377.48000", "2012-09-30": "2518.82700", "2012-06-30": "2519.42100", "2012-03-31": "2817.70700", "2011-12-31": "3088.31700", "2011-09-30": "3098.34100", "2011-06-30": "3050.13200", "2011-03-31": "3074.11100", "2010-12-31": "3026.11700", "2010-09-30": "3047.49000", "2010-06-30": "2994.04600", "2010-03-31": "3205.33200", "2009-12-31": "3164.74900", "2009-09-30": "3196.65000", "2009-06-30": "3150.02000", "2009-03-31": "3337.27600", "2008-12-31": "3194.13600", "2008-09-30": "3576.50100", "2008-06-30": "3303.19400", "2008-03-31": "3298.38300", "2007-12-31": "3264.41300", "2007-09-30": "3283.36800", "2007-06-30": "3207.66600", "2007-03-31": "2795.98700", "2006-12-31": "2461.24100", "2006-09-30": "1394.27700", "2006-06-30": "1164.24900", "2006-03-31": "1059.73100", "2005-12-31": "1021.60600", "2005-09-30": "991.05600", "2005-06-30": "102.43700", "2005-03-31": "34.49800"}, "Common Stock Net": {"2020-09-30": "1.00000", "2020-06-30": "1.00000", "2020-03-31": "1.00000", "2019-12-31": "1.00000", "2019-09-30": "1.00000", "2019-06-30": "1.00000", "2019-03-31": "1.00000", "2018-12-31": "1.00000", "2018-09-30": "1.00000", "2018-06-30": "1.00000", "2018-03-31": "1.00000", "2017-12-31": "1.00000", "2017-09-30": "1.00000", "2017-06-30": "1.00000", "2017-03-31": "1.00000", "2016-12-31": "1.00000", "2016-09-30": "0.70500", "2016-06-30": "0.70700", "2016-03-31": "0.70700", "2015-12-31": "0.70800", "2015-09-30": "0.70800", "2015-06-30": "0.71100", "2015-03-31": "0.71200", "2014-12-31": "0.71200", "2014-09-30": "0.71500", "2014-06-30": "0.71500", "2014-03-31": "0.71400", "2013-12-31": "0.71600", "2013-09-30": "0.71800", "2013-06-30": "0.71800", "2013-03-31": "0.72500", "2012-12-31": "0.67100", "2012-09-30": "0.67100", "2012-06-30": "0.55900", "2012-03-31": "0.46100", "2011-12-31": "0.38900", "2011-09-30": "0.24800", "2011-06-30": "0.24800", "2011-03-31": "0.21000", "2010-12-31": "0.20400", "2010-09-30": "0.17300", "2010-06-30": "0.17300", "2010-03-31": "0.17200", "2009-12-31": "0.17000", "2009-09-30": "0.17000", "2009-06-30": "0.17000", "2009-03-31": "0.15700", "2008-12-31": "0.15700", "2008-09-30": "0.15200", "2008-06-30": "0.15200", "2008-03-31": "0.14600", "2007-12-31": "0.14300", "2007-09-30": "0.14200", "2007-06-30": "0.16900", "2007-03-31": "0.16800", "2006-12-31": "0.16600", "2006-09-30": "0.16600", "2006-06-30": "0.16600", "2006-03-31": "0.16500", "2005-12-31": "0.16400", "2005-09-30": "0.16200", "2005-06-30": "0.16200", "2005-03-31": "0.16100"}, "Retained Earnings (Accumulated Deficit)": {"2020-09-30": "-3399.00000", "2020-06-30": "-2936.00000", "2020-03-31": "-3133.00000", "2019-12-31": "-3508.00000", "2019-09-30": "-4447.00000", "2019-06-30": "-4129.00000", "2019-03-31": "-4015.00000", "2018-12-31": "-4156.00000", "2018-09-30": "-4223.00000", "2018-06-30": "-4288.00000", "2018-03-31": "-4270.00000", "2017-12-31": "-4627.00000", "2017-09-30": "-4754.00000", "2017-06-30": "-4465.00000", "2017-03-31": "-4180.00000", "2016-12-31": "-4234.00000", "2016-09-30": "-4343.64600", "2016-06-30": "-4243.20400", "2016-03-31": "-3944.78600", "2015-12-31": "-3623.94800", "2015-09-30": "-3332.85100", "2015-06-30": "-3035.04300", "2015-03-31": "-2916.54800", "2014-12-31": "-2648.83900", "2014-09-30": "-2490.22600", "2014-06-30": "-2400.64500", "2014-03-31": "-2198.71700", "2013-12-31": "-2100.90700", "2013-09-30": "-1965.67700", "2013-06-30": "-1864.85300", "2013-03-31": "-1710.09000", "2012-12-31": "-1592.98500", "2012-09-30": "-1498.66100", "2012-06-30": "-1389.66000", "2012-03-31": "-1316.62000", "2011-12-31": "-1260.20500", "2011-09-30": "-1202.39600", "2011-06-30": "-1148.45900", "2011-03-31": "-1101.28700", "2010-12-31": "-1061.44900", "2010-09-30": "-975.31600", "2010-06-30": "-934.73600", "2010-03-31": "-1020.41300", "2009-12-31": "-985.24600", "2009-09-30": "-962.04500", "2009-06-30": "-919.54800", "2009-03-31": "-868.13100", "2008-12-31": "-823.75600", "2008-09-30": "-678.60500", "2008-06-30": "-611.16200", "2008-03-31": "-478.82900", "2007-12-31": "-428.91800", "2007-09-30": "-376.27000", "2007-06-30": "-322.81600", "2007-03-31": "-281.69700", "2006-12-31": "-247.14100", "2006-09-30": "-153.82400", "2006-06-30": "-120.71800", "2006-03-31": "-117.09900", "2005-12-31": "-101.28800", "2005-09-30": "-64.88700", "2005-06-30": "-72.56600", "2005-03-31": "-62.72800"}, "Comprehensive Income": {"2020-09-30": "", "2020-06-30": "", "2020-03-31": "", "2019-12-31": "", "2019-09-30": "", "2019-06-30": "", "2019-03-31": "", "2018-12-31": "", "2018-09-30": "", "2018-06-30": "", "2018-03-31": "", "2017-12-31": "", "2017-09-30": "", "2017-06-30": "", "2017-03-31": "", "2016-12-31": "", "2016-09-30": "", "2016-06-30": "", "2016-03-31": "", "2015-12-31": "", "2015-09-30": "", "2015-06-30": "", "2015-03-31": "", "2014-12-31": "", "2014-09-30": "", "2014-06-30": "", "2014-03-31": "", "2013-12-31": "", "2013-09-30": "", "2013-06-30": "-0.13500", "2013-03-31": "-4.77100", "2012-12-31": "-27.35100", "2012-09-30": "-29.79700", "2012-06-30": "-0.27400", "2012-03-31": "-0.24100", "2011-12-31": "-0.25800", "2011-09-30": "-0.22900", "2011-06-30": "-0.25900", "2011-03-31": "-0.23300", "2010-12-31": "-0.17300", "2010-09-30": "-0.18500", "2010-06-30": "-0.20300", "2010-03-31": "-0.12100", "2009-12-31": "-0.13300", "2009-09-30": "-0.04100", "2009-06-30": "-0.11200", "2009-03-31": "-0.21600", "2008-12-31": "-0.15400", "2008-09-30": "-0.08500", "2008-06-30": "-0.06800", "2008-03-31": "-0.01500", "2007-12-31": "-0.00500", "2007-09-30": "-0.06100", "2007-06-30": "-0.06700", "2007-03-31": "-0.03900", "2006-12-31": "-0.03400", "2006-09-30": "-12.25300", "2006-06-30": "27.96900", "2006-03-31": "17.56600", "2005-12-31": "3.79800", "2005-09-30": "-2.23800", "2005-06-30": "-15.49300", "2005-03-31": "5.00600"}, "Other Share Holders Equity": {"2020-09-30": "", "2020-06-30": "", "2020-03-31": "", "2019-12-31": "", "2019-09-30": "", "2019-06-30": "", "2019-03-31": "", "2018-12-31": "", "2018-09-30": "", "2018-06-30": "", "2018-03-31": "", "2017-12-31": "", "2017-09-30": "", "2017-06-30": "", "2017-03-31": "", "2016-12-31": "", "2016-09-30": "", "2016-06-30": "", "2016-03-31": "", "2015-12-31": "", "2015-09-30": "", "2015-06-30": "", "2015-03-31": "", "2014-12-31": "", "2014-09-30": "", "2014-06-30": "", "2014-03-31": "", "2013-12-31": "", "2013-09-30": "", "2013-06-30": "", "2013-03-31": "", "2012-12-31": "", "2012-09-30": "", "2012-06-30": "", "2012-03-31": "", "2011-12-31": "", "2011-09-30": "", "2011-06-30": "", "2011-03-31": "", "2010-12-31": "", "2010-09-30": "", "2010-06-30": "", "2010-03-31": "", "2009-12-31": "", "2009-09-30": "", "2009-06-30": "", "2009-03-31": "", "2008-12-31": "", "2008-09-30": "", "2008-06-30": "", "2008-03-31": "", "2007-12-31": "", "2007-09-30": "", "2007-06-30": "", "2007-03-31": "", "2006-12-31": "", "2006-09-30": "", "2006-06-30": "", "2006-03-31": "", "2005-12-31": "", "2005-09-30": "", "2005-06-30": "", "2005-03-31": ""}, "Share Holder Equity": {"2020-09-30": "2347.00000", "2020-06-30": "2996.00000", "2020-03-31": "2719.00000", "2019-12-31": "2435.00000", "2019-09-30": "1486.00000", "2019-06-30": "2023.00000", "2019-03-31": "2138.00000", "2018-12-31": "1929.00000", "2018-09-30": "1831.00000", "2018-06-30": "1734.00000", "2018-03-31": "1707.00000", "2017-12-31": "1240.00000", "2017-09-30": "1083.00000", "2017-06-30": "1004.00000", "2017-03-31": "995.00000", "2016-12-31": "839.00000", "2016-09-30": "705.73900", "2016-06-30": "864.16700", "2016-03-31": "1204.68500", "2015-12-31": "1561.40300", "2015-09-30": "1864.93100", "2015-06-30": "2215.35600", "2015-03-31": "2354.37100", "2014-12-31": "2501.51700", "2014-09-30": "2330.55300", "2014-06-30": "2460.95700", "2014-03-31": "2731.61600", "2013-12-31": "2840.05700", "2013-09-30": "2316.34900", "2013-06-30": "2438.75000", "2013-03-31": "2576.89700", "2012-12-31": "2261.60500", "2012-09-30": "1864.89800", "2012-06-30": "508.90900", "2012-03-31": "116.81500", "2011-12-31": "-172.99200", "2011-09-30": "-446.89800", "2011-06-30": "-430.32500", "2011-03-31": "-509.67800", "2010-12-31": "-472.61000", "2010-09-30": "-431.01200", "2010-06-30": "-386.56500", "2010-03-31": "-468.68900", "2009-12-31": "-432.12700", "2009-09-30": "-407.60500", "2009-06-30": "-364.23500", "2009-03-31": "-444.96800", "2008-12-31": "-274.05400", "2008-09-30": "-527.18500", "2008-06-30": "-470.85300", "2008-03-31": "-342.95700", "2007-12-31": "-302.11400", "2007-09-30": "-266.43400", "2007-06-30": "-123.24200", "2007-03-31": "116.37400", "2006-12-31": "143.24700", "2006-09-30": "217.82500", "2006-06-30": "285.54700", "2006-03-31": "272.62000", "2005-12-31": "268.54100", "2005-09-30": "297.04100", "2005-06-30": "350.88300", "2005-03-31": "380.02200"}, "Total Liabilities And Share Holders Equity": {"2020-09-30": "35931.00000", "2020-06-30": "35846.00000", "2020-03-31": "35747.00000", "2019-12-31": "35492.00000", "2019-09-30": "34705.00000", "2019-06-30": "34572.00000", "2019-03-31": "32885.00000", "2018-12-31": "31987.00000", "2018-09-30": "30740.00000", "2018-06-30": "30327.00000", "2018-03-31": "28341.00000", "2017-12-31": "27906.00000", "2017-09-30": "27134.00000", "2017-06-30": "26600.00000", "2017-03-31": "26056.00000", "2016-12-31": "23703.00000", "2016-09-30": "22689.08000", "2016-06-30": "21436.85000", "2016-03-31": "20430.95000", "2015-12-31": "18809.05000", "2015-09-30": "18452.26000", "2015-06-30": "17759.50000", "2015-03-31": "14923.05000", "2014-12-31": "12573.68000", "2014-09-30": "11785.32000", "2014-06-30": "11859.29000", "2014-03-31": "9524.61600", "2013-12-31": "9673.23700", "2013-09-30": "8125.85300", "2013-06-30": "8582.23000", "2013-03-31": "6581.81900", "2012-12-31": "4639.08500", "2012-09-30": "4383.72500", "2012-06-30": "3028.33000", "2012-03-31": "2934.52200", "2011-12-31": "2915.32500", "2011-09-30": "2651.44300", "2011-06-30": "2619.80700", "2011-03-31": "2564.43300", "2010-12-31": "2553.50700", "2010-09-30": "2616.47800", "2010-06-30": "2607.48100", "2010-03-31": "2736.64300", "2009-12-31": "2732.62200", "2009-09-30": "2789.04500", "2009-06-30": "2785.78500", "2009-03-31": "2892.30800", "2008-12-31": "2920.08200", "2008-09-30": "3049.31600", "2008-06-30": "2832.34100", "2008-03-31": "2955.42600", "2007-12-31": "2962.29900", "2007-09-30": "3016.93400", "2007-06-30": "3084.42400", "2007-03-31": "2912.36100", "2006-12-31": "2604.48800", "2006-09-30": "1612.10200", "2006-06-30": "1449.79600", "2006-03-31": "1332.35100", "2005-12-31": "1290.14700", "2005-09-30": "1288.09700", "2005-06-30": "453.32000", "2005-03-31": "414.52000"}}, "cash flow statement": {"Net Income/Loss": {"2019-12-31": "1232.00000", "2018-12-31": "1200.00000", "2017-12-31": "563.00000", "2016-12-31": "-665.00000", "2015-12-31": "-1097.00000", "2014-12-31": "-691.87700", "2013-12-31": "-558.76300", "2012-12-31": "-332.78000", "2011-12-31": "-198.75600", "2010-12-31": "-76.20300", "2009-12-31": "-161.49000", "2008-12-31": "-372.95900", "2007-12-31": "-196.58000", "2006-12-31": "-145.85300", "2005-12-31": "-29.53800"}, "Total Depreciation And Amortization - Cash Flow": {"2019-12-31": "897.00000", "2018-12-31": "518.00000", "2017-12-31": "425.00000", "2016-12-31": "236.00000", "2015-12-31": "131.00000", "2014-12-31": "80.85100", "2013-12-31": "76.15700", "2012-12-31": "86.71400", "2011-12-31": "92.08200", "2010-12-31": "90.43600", "2009-12-31": "81.77800", "2008-12-31": "50.78100", "2007-12-31": "27.51600", "2006-12-31": "7.08900", "2005-12-31": "1.32500"}, "Other Non-Cash Items": {"2019-12-31": "7.00000", "2018-12-31": "280.00000", "2017-12-31": "237.00000", "2016-12-31": "257.00000", "2015-12-31": "533.00000", "2014-12-31": "352.92300", "2013-12-31": "343.54000", "2012-12-31": "67.73800", "2011-12-31": "53.82300", "2010-12-31": "-36.67000", "2009-12-31": "3.36600", "2008-12-31": "82.72000", "2007-12-31": "54.22800", "2006-12-31": "62.79000", "2005-12-31": "-15.33800"}, "Total Non-Cash Items": {"2019-12-31": "904.00000", "2018-12-31": "798.00000", "2017-12-31": "662.00000", "2016-12-31": "493.00000", "2015-12-31": "664.00000", "2014-12-31": "433.77400", "2013-12-31": "419.69700", "2012-12-31": "154.45200", "2011-12-31": "145.90500", "2010-12-31": "53.76600", "2009-12-31": "85.14400", "2008-12-31": "133.50100", "2007-12-31": "81.74400", "2006-12-31": "69.87900", "2005-12-31": "-14.01300"}, "Change In Accounts Receivable": {"2019-12-31": "1.00000", "2018-12-31": "-133.00000", "2017-12-31": "-141.00000", "2016-12-31": "-207.00000", "2015-12-31": "-1.00000", "2014-12-31": "0.06700", "2013-12-31": "-0.03100", "2012-12-31": "0.70400", "2011-12-31": "1.46300", "2010-12-31": "0.46600", "2009-12-31": "-1.34300", "2008-12-31": "45.15700", "2007-12-31": "-41.65400", "2006-12-31": "-5.84200", "2005-12-31": "-0.32000"}, "Change In Inventories": {"2019-12-31": "11.00000", "2018-12-31": "-73.00000", "2017-12-31": "-73.00000", "2016-12-31": "-119.00000", "2015-12-31": "-28.00000", "2014-12-31": "-18.87400", "2013-12-31": "-26.46000", "2012-12-31": "-20.90100", "2011-12-31": "-16.34200", "2010-12-31": "31.12600", "2009-12-31": "-32.62800", "2008-12-31": "", "2007-12-31": "", "2006-12-31": "", "2005-12-31": ""}, "Change In Accounts Payable": {"2019-12-31": "", "2018-12-31": "", "2017-12-31": "", "2016-12-31": "", "2015-12-31": "", "2014-12-31": "", "2013-12-31": "", "2012-12-31": "", "2011-12-31": "", "2010-12-31": "", "2009-12-31": "", "2008-12-31": "", "2007-12-31": "", "2006-12-31": "", "2005-12-31": ""}, "Change In Assets/Liabilities": {"2019-12-31": "-367.00000", "2018-12-31": "10.00000", "2017-12-31": "-5.00000", "2016-12-31": "30.00000", "2015-12-31": "-23.00000", "2014-12-31": "-1.96100", "2013-12-31": "-14.15900", "2012-12-31": "-1.20600", "2011-12-31": "-8.50700", "2010-12-31": "0.96600", "2009-12-31": "10.85400", "2008-12-31": "18.10700", "2007-12-31": "-19.52400", "2006-12-31": "-11.82000", "2005-12-31": "17.72000"}, "Total Change In Assets/Liabilities": {"2019-12-31": "-303.00000", "2018-12-31": "-8.00000", "2017-12-31": "6.00000", "2016-12-31": "-232.00000", "2015-12-31": "-50.00000", "2014-12-31": "-4.69500", "2013-12-31": "-33.96300", "2012-12-31": "-50.69800", "2011-12-31": "5.47100", "2010-12-31": "35.59300", "2009-12-31": "-22.86400", "2008-12-31": "21.19800", "2007-12-31": "-19.17100", "2006-12-31": "-4.45200", "2005-12-31": "24.59500"}, "Cash Flow From Operating Activities": {"2019-12-31": "1833.00000", "2018-12-31": "1990.00000", "2017-12-31": "1231.00000", "2016-12-31": "-404.00000", "2015-12-31": "-483.00000", "2014-12-31": "-262.79800", "2013-12-31": "-52.43600", "2012-12-31": "-107.84000", "2011-12-31": "-42.76400", "2010-12-31": "-16.92000", "2009-12-31": "-97.85700", "2008-12-31": "-142.14500", "2007-12-31": "-84.29100", "2006-12-31": "-80.42600", "2005-12-31": "-18.95600"}, "Net Change In Property, Plant, And Equipment": {"2019-12-31": "-3056.00000", "2018-12-31": "-3643.00000", "2017-12-31": "-3357.00000", "2016-12-31": "-4356.00000", "2015-12-31": "-6853.00000", "2014-12-31": "-2829.55800", "2013-12-31": "-3114.34300", "2012-12-31": "", "2011-12-31": "", "2010-12-31": "", "2009-12-31": "", "2008-12-31": "-0.56400", "2007-12-31": "0.01700", "2006-12-31": "-14.21400", "2005-12-31": "-7.87500"}, "Net Change In Intangible Assets": {"2019-12-31": "", "2018-12-31": "", "2017-12-31": "", "2016-12-31": "", "2015-12-31": "", "2014-12-31": "", "2013-12-31": "", "2012-12-31": "", "2011-12-31": "", "2010-12-31": "", "2009-12-31": "", "2008-12-31": "-2.88900", "2007-12-31": "-41.68400", "2006-12-31": "", "2005-12-31": ""}, "Net Acquisitions/Divestitures": {"2019-12-31": "", "2018-12-31": "", "2017-12-31": "", "2016-12-31": "", "2015-12-31": "", "2014-12-31": "", "2013-12-31": "-11.12200", "2012-12-31": "-545.14400", "2011-12-31": "-17.80600", "2010-12-31": "", "2009-12-31": "", "2008-12-31": "", "2007-12-31": "", "2006-12-31": "", "2005-12-31": ""}, "Net Change In Short-term Investments": {"2019-12-31": "", "2018-12-31": "", "2017-12-31": "", "2016-12-31": "", "2015-12-31": "", "2014-12-31": "", "2013-12-31": "", "2012-12-31": "", "2011-12-31": "", "2010-12-31": "", "2009-12-31": "", "2008-12-31": "", "2007-12-31": "-98.44200", "2006-12-31": "", "2005-12-31": ""}, "Net Change In Long-Term Investments": {"2019-12-31": "-105.00000", "2018-12-31": "-25.00000", "2017-12-31": "-41.00000", "2016-12-31": "", "2015-12-31": "", "2014-12-31": "", "2013-12-31": "", "2012-12-31": "", "2011-12-31": "", "2010-12-31": "104.33000", "2009-12-31": "", "2008-12-31": "", "2007-12-31": "", "2006-12-31": "", "2005-12-31": "18.10400"}, "Net Change In Investments - Total": {"2019-12-31": "-105.00000", "2018-12-31": "-25.00000", "2017-12-31": "-41.00000", "2016-12-31": "", "2015-12-31": "", "2014-12-31": "", "2013-12-31": "", "2012-12-31": "", "2011-12-31": "", "2010-12-31": "104.33000", "2009-12-31": "", "2008-12-31": "", "2007-12-31": "-98.44200", "2006-12-31": "", "2005-12-31": "18.10400"}, "Investing Activities - Other": {"2019-12-31": "-2.00000", "2018-12-31": "14.00000", "2017-12-31": "17.00000", "2016-12-31": "-57.00000", "2015-12-31": "-131.00000", "2014-12-31": "-66.86200", "2013-12-31": "3096.04200", "2012-12-31": "460.61000", "2011-12-31": "-4.32500", "2010-12-31": "4.65600", "2009-12-31": "11.98400", "2008-12-31": "-129.60900", "2007-12-31": "-299.78500", "2006-12-31": "-1525.71400", "2005-12-31": "-415.81600"}, "Cash Flow From Investing Activities": {"2019-12-31": "-3163.00000", "2018-12-31": "-3654.00000", "2017-12-31": "-3381.00000", "2016-12-31": "-4413.00000", "2015-12-31": "-6984.00000", "2014-12-31": "-2896.42000", "2013-12-31": "-29.42300", "2012-12-31": "-84.53400", "2011-12-31": "-22.13100", "2010-12-31": "108.98600", "2009-12-31": "11.98400", "2008-12-31": "-133.06200", "2007-12-31": "-439.89400", "2006-12-31": "-1539.92800", "2005-12-31": "-405.58700"}, "Net Long-Term Debt": {"2019-12-31": "2088.00000", "2018-12-31": "2894.00000", "2017-12-31": "3222.00000", "2016-12-31": "5194.00000", "2015-12-31": "7073.00000", "2014-12-31": "3407.50000", "2013-12-31": "4404.47800", "2012-12-31": "-806.51400", "2011-12-31": "", "2010-12-31": "-104.68100", "2009-12-31": "-30.03000", "2008-12-31": "394.96500", "2007-12-31": "400.00000", "2006-12-31": "1433.50000", "2005-12-31": "923.50000"}, "Net Current Debt": {"2019-12-31": "", "2018-12-31": "", "2017-12-31": "", "2016-12-31": "", "2015-12-31": "", "2014-12-31": "", "2013-12-31": "", "2012-12-31": "", "2011-12-31": "", "2010-12-31": "", "2009-12-31": "", "2008-12-31": "", "2007-12-31": "", "2006-12-31": "", "2005-12-31": ""}, "Debt Issuance/Retirement Net - Total": {"2019-12-31": "2088.00000", "2018-12-31": "2894.00000", "2017-12-31": "3222.00000", "2016-12-31": "5194.00000", "2015-12-31": "7073.00000", "2014-12-31": "3407.50000", "2013-12-31": "4404.47800", "2012-12-31": "-806.51400", "2011-12-31": "", "2010-12-31": "-104.68100", "2009-12-31": "-30.03000", "2008-12-31": "394.96500", "2007-12-31": "400.00000", "2006-12-31": "1433.50000", "2005-12-31": "923.50000"}, "Net Common Equity Issued/Repurchased": {"2019-12-31": "-249.00000", "2018-12-31": "", "2017-12-31": "", "2016-12-31": "", "2015-12-31": "2.00000", "2014-12-31": "239.58600", "2013-12-31": "1033.47400", "2012-12-31": "2772.51100", "2011-12-31": "506.58600", "2010-12-31": "-2.84400", "2009-12-31": "-0.99900", "2008-12-31": "-4.90200", "2007-12-31": "-22.71300", "2006-12-31": "", "2005-12-31": "2.97200"}, "Net Total Equity Issued/Repurchased": {"2019-12-31": "-249.00000", "2018-12-31": "", "2017-12-31": "", "2016-12-31": "", "2015-12-31": "2.00000", "2014-12-31": "239.58600", "2013-12-31": "1033.47400", "2012-12-31": "2772.51100", "2011-12-31": "506.58600", "2010-12-31": "-2.84400", "2009-12-31": "-0.99900", "2008-12-31": "-4.90200", "2007-12-31": "-22.71300", "2006-12-31": "", "2005-12-31": "2.97200"}, "Total Common And Preferred Stock Dividends Paid": {"2019-12-31": "", "2018-12-31": "", "2017-12-31": "", "2016-12-31": "", "2015-12-31": "", "2014-12-31": "", "2013-12-31": "", "2012-12-31": "", "2011-12-31": "", "2010-12-31": "", "2009-12-31": "", "2008-12-31": "", "2007-12-31": "", "2006-12-31": "", "2005-12-31": ""}, "Financial Activities - Other": {"2019-12-31": "-671.00000", "2018-12-31": "-687.00000", "2017-12-31": "-286.00000", "2016-12-31": "-286.00000", "2015-12-31": "-652.00000", "2014-12-31": "-298.04200", "2013-12-31": "-4596.96200", "2012-12-31": "-2031.07200", "2011-12-31": "-56.69200", "2010-12-31": "1.24800", "2009-12-31": "103.08200", "2008-12-31": "-309.19400", "2007-12-31": "-19.53500", "2006-12-31": "-42.77500", "2005-12-31": "-117.78000"}, "Cash Flow From Financial Activities": {"2019-12-31": "1168.00000", "2018-12-31": "2207.00000", "2017-12-31": "2936.00000", "2016-12-31": "4908.00000", "2015-12-31": "6423.00000", "2014-12-31": "3349.04400", "2013-12-31": "840.99000", "2012-12-31": "-65.07500", "2011-12-31": "449.89400", "2010-12-31": "-106.27700", "2009-12-31": "72.05300", "2008-12-31": "80.86900", "2007-12-31": "357.75200", "2006-12-31": "1390.72500", "2005-12-31": "808.69200"}, "Net Cash Flow": {"2019-12-31": "-162.00000", "2018-12-31": "543.00000", "2017-12-31": "786.00000", "2016-12-31": "91.00000", "2015-12-31": "-1044.00000", "2014-12-31": "189.82600", "2013-12-31": "759.13100", "2012-12-31": "-257.44900", "2011-12-31": "384.99900", "2010-12-31": "-14.21100", "2009-12-31": "-13.82000", "2008-12-31": "-194.33800", "2007-12-31": "-166.43300", "2006-12-31": "-229.62900", "2005-12-31": "384.14900"}, "Stock-Based Compensation": {"2019-12-31": "131.00000", "2018-12-31": "113.00000", "2017-12-31": "91.00000", "2016-12-31": "101.00000", "2015-12-31": "172.00000", "2014-12-31": "102.00300", "2013-12-31": "271.36700", "2012-12-31": "58.69600", "2011-12-31": "", "2010-12-31": "", "2009-12-31": "19.20400", "2008-12-31": "55.03000", "2007-12-31": "56.63800", "2006-12-31": "21.76800", "2005-12-31": "3.58300"}, "Common Stock Dividends Paid": {"2019-12-31": "", "2018-12-31": "", "2017-12-31": "", "2016-12-31": "", "2015-12-31": "", "2014-12-31": "", "2013-12-31": "", "2012-12-31": "", "2011-12-31": "", "2010-12-31": "", "2009-12-31": "", "2008-12-31": "", "2007-12-31": "", "2006-12-31": "", "2005-12-31": ""}}, "cash flow statement, quarterly": {"Net Income/Loss": {"2020-09-30": -508, "2020-06-30": 404, "2020-03-31": "603.00000", "2019-12-31": 1153, "2019-09-30": -260, "2019-06-30": 2, "2019-03-31": "337.00000", "2018-12-31": 223, "2018-09-30": 227, "2018-06-30": 150, "2018-03-31": "600.00000", "2017-12-31": 280, "2017-09-30": 90, "2017-06-30": 21, "2017-03-31": "172.00000", "2016-12-31": 150, "2016-09-30": -131, "2016-06-30": -335, "2016-03-31": "-349.00000", "2015-12-31": -312.262, "2015-09-30": -307.092, "2015-06-30": -141.802, "2015-03-31": "-335.84400", "2014-12-31": -184.022, "2014-09-30": -104.8, "2014-06-30": -280.71, "2014-03-31": "-122.34500", "2013-12-31": -186.071, "2013-09-30": -100.824, "2013-06-30": -154.763, "2013-03-31": "-117.10500", "2012-12-31": -94.324, "2012-09-30": -109.001, "2012-06-30": -73.04, "2012-03-31": "-56.41500", "2011-12-31": -57.809, "2011-09-30": -53.937, "2011-06-30": -47.172, "2011-03-31": "-39.83800", "2010-12-31": -86.133, "2010-09-30": -40.58, "2010-06-30": 85.677, "2010-03-31": "-35.16700", "2009-12-31": -23.201, "2009-09-30": -42.497, "2009-06-30": -13.05, "2009-03-31": "-82.74200", "2008-12-31": -111.074, "2008-09-30": -70.68, "2008-06-30": -141.294, "2008-03-31": "-49.91100", "2007-12-31": -67.451, "2007-09-30": -53.454, "2007-06-30": -41.119, "2007-03-31": "-34.55600", "2006-12-31": -93.317, "2006-09-30": -33.106, "2006-06-30": -3.619, "2006-03-31": "-15.81100", "2005-12-31": -18.46, "2005-09-30": 8.048, "2005-06-30": -9.692, "2005-03-31": "-9.43400"}, "Total Depreciation And Amortization - Cash Flow": {"2020-09-30": 257, "2020-06-30": 271, "2020-03-31": "265.00000", "2019-12-31": 265, "2019-09-30": 240, "2019-06-30": 230, "2019-03-31": "162.00000", "2018-12-31": 132, "2018-09-30": 131, "2018-06-30": 129, "2018-03-31": "126.00000", "2017-12-31": 120, "2017-09-30": 110, "2017-06-30": 108, "2017-03-31": "87.00000", "2016-12-31": 85, "2016-09-30": 64, "2016-06-30": 50, "2016-03-31": "37.00000", "2015-12-31": 42.887, "2015-09-30": 25.29, "2015-06-30": 35.938, "2015-03-31": "26.88500", "2014-12-31": 20.918, "2014-09-30": 21.521, "2014-06-30": 20.72, "2014-03-31": "17.69200", "2013-12-31": 22.034, "2013-09-30": 18.894, "2013-06-30": 17.907, "2013-03-31": "17.32200", "2012-12-31": 21.64, "2012-09-30": 19.019, "2012-06-30": 22.6, "2012-03-31": "23.45500", "2011-12-31": 24.469, "2011-09-30": 22.509, "2011-06-30": 22.734, "2011-03-31": "22.37000", "2010-12-31": 22.154, "2010-09-30": 23.341, "2010-06-30": 22.718, "2010-03-31": "22.22300", "2009-12-31": 21.473, "2009-09-30": 20.552, "2009-06-30": 25.554, "2009-03-31": "14.19900", "2008-12-31": 17.885, "2008-09-30": 13.306, "2008-06-30": 15.432, "2008-03-31": "4.15800", "2007-12-31": 18.533, "2007-09-30": 3.69, "2007-06-30": 2.923, "2007-03-31": "2.37000", "2006-12-31": 2.257, "2006-09-30": 1.812, "2006-06-30": 1.496, "2006-03-31": "1.52400", "2005-12-31": 0.509, "2005-09-30": 0.363, "2005-06-30": 0.248, "2005-03-31": "0.20500"}, "Other Non-Cash Items": {"2020-09-30": -571, "2020-06-30": 345, "2020-03-31": "-90.00000", "2019-12-31": -710, "2019-09-30": 482, "2019-06-30": 199, "2019-03-31": "36.00000", "2018-12-31": 146, "2018-09-30": 40, "2018-06-30": 96, "2018-03-31": "-2.00000", "2017-12-31": -43, "2017-09-30": 94, "2017-06-30": 85, "2017-03-31": "101.00000", "2016-12-31": -226, "2016-09-30": 37, "2016-06-30": 228, "2016-03-31": "218.00000", "2015-12-31": 210.269, "2015-09-30": 122.317, "2015-06-30": -19.944, "2015-03-31": "220.35800", "2014-12-31": 63.068, "2014-09-30": 22.933, "2014-06-30": 197.12, "2014-03-31": "69.80200", "2013-12-31": 128.392, "2013-09-30": 41.536, "2013-06-30": 102.152, "2013-03-31": "71.46000", "2012-12-31": 12.597, "2012-09-30": 68.495, "2012-06-30": 14.586, "2012-03-31": "-27.94000", "2011-12-31": 17.445, "2011-09-30": 8.532, "2011-06-30": 12.933, "2011-03-31": "14.91300", "2010-12-31": 60.706, "2010-09-30": 8.06, "2010-06-30": -113.555, "2010-03-31": "8.11900", "2009-12-31": -0.153, "2009-09-30": 31.191, "2009-06-30": -34.767, "2009-03-31": "7.09500", "2008-12-31": 33.326, "2008-09-30": 13.819, "2008-06-30": 22.485, "2008-03-31": "13.09000", "2007-12-31": 15.181, "2007-09-30": 20.68, "2007-06-30": 11.485, "2007-03-31": "6.88200", "2006-12-31": 42.302, "2006-09-30": 22.352, "2006-06-30": -0.076, "2006-03-31": "-1.78800", "2005-12-31": -1.947, "2005-09-30": -17.173, "2005-06-30": 1.898, "2005-03-31": "1.88400"}, "Total Non-Cash Items": {"2020-09-30": -314, "2020-06-30": 616, "2020-03-31": "175.00000", "2019-12-31": -445, "2019-09-30": 722, "2019-06-30": 429, "2019-03-31": "198.00000", "2018-12-31": 278, "2018-09-30": 171, "2018-06-30": 225, "2018-03-31": "124.00000", "2017-12-31": 77, "2017-09-30": 204, "2017-06-30": 193, "2017-03-31": "188.00000", "2016-12-31": -141, "2016-09-30": 101, "2016-06-30": 278, "2016-03-31": "255.00000", "2015-12-31": 253.156, "2015-09-30": 147.607, "2015-06-30": 15.994, "2015-03-31": "247.24300", "2014-12-31": 83.986, "2014-09-30": 44.454, "2014-06-30": 217.84, "2014-03-31": "87.49400", "2013-12-31": 150.426, "2013-09-30": 60.43, "2013-06-30": 120.059, "2013-03-31": "88.78200", "2012-12-31": 34.237, "2012-09-30": 87.514, "2012-06-30": 37.186, "2012-03-31": "-4.48500", "2011-12-31": 41.914, "2011-09-30": 31.041, "2011-06-30": 35.667, "2011-03-31": "37.28300", "2010-12-31": 82.86, "2010-09-30": 31.401, "2010-06-30": -90.837, "2010-03-31": "30.34200", "2009-12-31": 21.32, "2009-09-30": 51.743, "2009-06-30": -9.213, "2009-03-31": "21.29400", "2008-12-31": 51.211, "2008-09-30": 27.125, "2008-06-30": 37.917, "2008-03-31": "17.24800", "2007-12-31": 33.714, "2007-09-30": 24.37, "2007-06-30": 14.408, "2007-03-31": "9.25200", "2006-12-31": 44.559, "2006-09-30": 24.164, "2006-06-30": 1.42, "2006-03-31": "-0.26400", "2005-12-31": -1.438, "2005-09-30": -16.81, "2005-06-30": 2.146, "2005-03-31": "2.08900"}, "Change In Accounts Receivable": {"2020-09-30": 256, "2020-06-30": -178, "2020-03-31": "23.00000", "2019-12-31": 6, "2019-09-30": -64, "2019-06-30": -40, "2019-03-31": "99.00000", "2018-12-31": -247, "2018-09-30": 34, "2018-06-30": 317, "2018-03-31": "-237.00000", "2017-12-31": -107, "2017-09-30": 30, "2017-06-30": -58, "2017-03-31": "-6.00000", "2016-12-31": -79, "2016-09-30": -60, "2016-06-30": -69, "2016-03-31": "1.00000", "2015-12-31": 1.226, "2015-09-30": 0.17, "2015-06-30": 25.687, "2015-03-31": "-28.08300", "2014-12-31": 18.966, "2014-09-30": -19.36, "2014-06-30": -0.139, "2014-03-31": "0.60000", "2013-12-31": 21.483, "2013-09-30": 1.736, "2013-06-30": -24.203, "2013-03-31": "0.95300", "2012-12-31": 24.575, "2012-09-30": -22.19, "2012-06-30": -2.85, "2012-03-31": "1.16900", "2011-12-31": 1.056, "2011-09-30": -1.359, "2011-06-30": 30.055, "2011-03-31": "-28.28900", "2010-12-31": -1.78, "2010-09-30": 18.436, "2010-06-30": -18.073, "2010-03-31": "1.88300", "2009-12-31": -0.91, "2009-09-30": -2.09, "2009-06-30": 2.878, "2009-03-31": "-1.22100", "2008-12-31": 3.943, "2008-09-30": 24.498, "2008-06-30": 34.973, "2008-03-31": "-18.25700", "2007-12-31": -15.291, "2007-09-30": -13.587, "2007-06-30": -5.517, "2007-03-31": "-7.25900", "2006-12-31": -6.673, "2006-09-30": 1.475, "2006-06-30": -0.925, "2006-03-31": "0.28100", "2005-12-31": 0.284, "2005-09-30": -0.994, "2005-06-30": 0.45, "2005-03-31": "-0.06000"}, "Change In Inventories": {"2020-09-30": -73, "2020-06-30": 30, "2020-03-31": "74.00000", "2019-12-31": -24, "2019-09-30": 2, "2019-06-30": -11, "2019-03-31": "44.00000", "2018-12-31": -17, "2018-09-30": -66, "2018-06-30": -110, "2018-03-31": "120.00000", "2017-12-31": -108, "2017-09-30": 18, "2017-06-30": -37, "2017-03-31": "54.00000", "2016-12-31": -91, "2016-09-30": 6, "2016-06-30": -32, "2016-03-31": "-2.00000", "2015-12-31": -2.034, "2015-09-30": 2.953, "2015-06-30": 0.757, "2015-03-31": "-29.67600", "2014-12-31": 8.034, "2014-09-30": -12.532, "2014-06-30": -17.377, "2014-03-31": "3.00100", "2013-12-31": 2.611, "2013-09-30": -16.761, "2013-06-30": -14.75, "2013-03-31": "2.44000", "2012-12-31": -14.593, "2012-09-30": -10.551, "2012-06-30": 0.974, "2012-03-31": "3.26900", "2011-12-31": -10.675, "2011-09-30": -2.291, "2011-06-30": 5.013, "2011-03-31": "-8.38900", "2010-12-31": -0.576, "2010-09-30": -0.398, "2010-06-30": 10.638, "2010-03-31": "21.46200", "2009-12-31": 1.707, "2009-09-30": -23.636, "2009-06-30": -10.699, "2009-03-31": "", "2008-12-31": 0, "2008-09-30": 0, "2008-06-30": 0, "2008-03-31": "", "2007-12-31": 0, "2007-09-30": 0, "2007-06-30": 0, "2007-03-31": "", "2006-12-31": 0, "2006-09-30": 0, "2006-06-30": 0, "2006-03-31": "", "2005-12-31": 0, "2005-09-30": 0, "2005-06-30": 0, "2005-03-31": ""}, "Change In Accounts Payable": {"2020-09-30": 0, "2020-06-30": 0, "2020-03-31": "", "2019-12-31": 0, "2019-09-30": 0, "2019-06-30": 0, "2019-03-31": "", "2018-12-31": 0, "2018-09-30": 0, "2018-06-30": 0, "2018-03-31": "", "2017-12-31": 0, "2017-09-30": 0, "2017-06-30": 0, "2017-03-31": "", "2016-12-31": 0, "2016-09-30": 0, "2016-06-30": 0, "2016-03-31": "", "2015-12-31": 0, "2015-09-30": 0, "2015-06-30": 0, "2015-03-31": "", "2014-12-31": 0, "2014-09-30": 0, "2014-06-30": 0, "2014-03-31": "", "2013-12-31": 0, "2013-09-30": 0, "2013-06-30": 0, "2013-03-31": "", "2012-12-31": 0, "2012-09-30": 0, "2012-06-30": 0, "2012-03-31": "", "2011-12-31": 0, "2011-09-30": 0, "2011-06-30": 0, "2011-03-31": "", "2010-12-31": 0, "2010-09-30": 0, "2010-06-30": 0, "2010-03-31": "", "2009-12-31": 0, "2009-09-30": 0, "2009-06-30": 0, "2009-03-31": "", "2008-12-31": 0, "2008-09-30": 0, "2008-06-30": 0, "2008-03-31": "", "2007-12-31": 0, "2007-09-30": 0, "2007-06-30": 0, "2007-03-31": "", "2006-12-31": 0, "2006-09-30": 0, "2006-06-30": 0, "2006-03-31": "", "2005-12-31": 0, "2005-09-30": 0, "2005-06-30": 0, "2005-03-31": ""}, "Change In Assets/Liabilities": {"2020-09-30": 100, "2020-06-30": -225, "2020-03-31": "-125.00000", "2019-12-31": -83, "2019-09-30": -66, "2019-06-30": -98, "2019-03-31": "-120.00000", "2018-12-31": 38, "2018-09-30": 47, "2018-06-30": -93, "2018-03-31": "18.00000", "2017-12-31": -11, "2017-09-30": 42, "2017-06-30": -13, "2017-03-31": "-23.00000", "2016-12-31": 46, "2016-09-30": 9, "2016-06-30": -17, "2016-03-31": "-8.00000", "2015-12-31": -41.249, "2015-09-30": 54.171, "2015-06-30": -19.867, "2015-03-31": "-16.05500", "2014-12-31": 0.863, "2014-09-30": 2.664, "2014-06-30": 8.531, "2014-03-31": "-14.01900", "2013-12-31": -10.575, "2013-09-30": 0.687, "2013-06-30": -0.201, "2013-03-31": "-4.07000", "2012-12-31": -1.095, "2012-09-30": 2.964, "2012-06-30": -0.155, "2012-03-31": "-2.92000", "2011-12-31": -2.465, "2011-09-30": 0.766, "2011-06-30": 0.197, "2011-03-31": "-7.00500", "2010-12-31": 2.164, "2010-09-30": 2.143, "2010-06-30": -3.541, "2010-03-31": "0.20000", "2009-12-31": 1.18, "2009-09-30": -8.936, "2009-06-30": 9.63, "2009-03-31": "8.98000", "2008-12-31": -0.943, "2008-09-30": 34.678, "2008-06-30": -16.331, "2008-03-31": "0.70300", "2007-12-31": -8.921, "2007-09-30": -8.351, "2007-06-30": 10.511, "2007-03-31": "-12.76300", "2006-12-31": 0.903, "2006-09-30": 2.39, "2006-06-30": -13.099, "2006-03-31": "-2.01400", "2005-12-31": 3.193, "2005-09-30": 0.387, "2005-06-30": 15.43, "2005-03-31": "-1.29000"}, "Total Change In Assets/Liabilities": {"2020-09-30": 559, "2020-06-30": -566, "2020-03-31": "-204.00000", "2019-12-31": 33, "2019-09-30": -130, "2019-06-30": -83, "2019-03-31": "-123.00000", "2018-12-31": -15, "2018-09-30": 124, "2018-06-30": 138, "2018-03-31": "-255.00000", "2017-12-31": -21, "2017-09-30": 65, "2017-06-30": 13, "2017-03-31": "-51.00000", "2016-12-31": -94, "2016-09-30": 6, "2016-06-30": -107, "2016-03-31": "-37.00000", "2015-12-31": -56.728, "2015-09-30": 31.864, "2015-06-30": -24.324, "2015-03-31": "-0.81200", "2014-12-31": -18.861, "2014-09-30": 10.713, "2014-06-30": -29.508, "2014-03-31": "32.96100", "2013-12-31": -42.296, "2013-09-30": 22.991, "2013-06-30": -63.612, "2013-03-31": "48.95400", "2012-12-31": -39.821, "2012-09-30": 9.284, "2012-06-30": -39.195, "2012-03-31": "19.03400", "2011-12-31": -27.243, "2011-09-30": 39.086, "2011-06-30": 0.592, "2011-03-31": "-6.96400", "2010-12-31": -37.176, "2010-09-30": 63.739, "2010-06-30": -48.306, "2010-03-31": "57.33600", "2009-12-31": -28.134, "2009-09-30": -4.414, "2009-06-30": -22.446, "2009-03-31": "32.13000", "2008-12-31": -13.231, "2008-09-30": 47.372, "2008-06-30": -28.519, "2008-03-31": "15.57600", "2007-12-31": -31.93, "2007-09-30": 11.479, "2007-06-30": -10.413, "2007-03-31": "11.69300", "2006-12-31": 9.113, "2006-09-30": 3.306, "2006-06-30": -12.468, "2006-03-31": "-4.40300", "2005-12-31": 10.083, "2005-09-30": 0.172, "2005-06-30": 9.925, "2005-03-31": "4.41500"}, "Cash Flow From Operating Activities": {"2020-09-30": -263, "2020-06-30": 454, "2020-03-31": "574.00000", "2019-12-31": 741, "2019-09-30": 332, "2019-06-30": 348, "2019-03-31": "412.00000", "2018-12-31": 486, "2018-09-30": 522, "2018-06-30": 513, "2018-03-31": "469.00000", "2017-12-31": 336, "2017-09-30": 359, "2017-06-30": 227, "2017-03-31": "309.00000", "2016-12-31": -85, "2016-09-30": -24, "2016-06-30": -164, "2016-03-31": "-131.00000", "2015-12-31": -208.423, "2015-09-30": 20.378, "2015-06-30": -280.775, "2015-03-31": "-14.18000", "2014-12-31": -221.748, "2014-09-30": -29.709, "2014-06-30": 6.878, "2014-03-31": "-18.21900", "2013-12-31": -30.133, "2013-09-30": -0.46, "2013-06-30": -8.624, "2013-03-31": "-13.21900", "2012-12-31": -2.861, "2012-09-30": -10.042, "2012-06-30": -26.241, "2012-03-31": "-68.69600", "2011-12-31": -2.849, "2011-09-30": -10.393, "2011-06-30": 19.722, "2011-03-31": "-49.24400", "2010-12-31": -5.289, "2010-09-30": 8.973, "2010-06-30": -24.494, "2010-03-31": "3.89000", "2009-12-31": -3.631, "2009-09-30": -66.583, "2009-06-30": -4.908, "2009-03-31": "-22.73500", "2008-12-31": -40.733, "2008-09-30": 5.75, "2008-06-30": -82.299, "2008-03-31": "-24.86300", "2007-12-31": -32.354, "2007-09-30": -28.093, "2007-06-30": 4.612, "2007-03-31": "-28.45600", "2006-12-31": -39.645, "2006-09-30": -5.636, "2006-06-30": -14.667, "2006-03-31": "-20.47800", "2005-12-31": -9.815, "2005-09-30": -8.59, "2005-06-30": 2.379, "2005-03-31": "-2.93000"}, "Net Change In Property, Plant, And Equipment": {"2020-09-30": -454, "2020-06-30": -427, "2020-03-31": "-556.00000", "2019-12-31": -469, "2019-09-30": -1079, "2019-06-30": -883, "2019-03-31": "-625.00000", "2018-12-31": -931, "2018-09-30": -1204, "2018-06-30": -732, "2018-03-31": "-776.00000", "2017-12-31": -454, "2017-09-30": -565, "2017-06-30": -1019, "2017-03-31": "-1319.00000", "2016-12-31": -907, "2016-09-30": -1172, "2016-06-30": -1127, "2016-03-31": "-1150.00000", "2015-12-31": -1105.404, "2015-09-30": -1452.782, "2015-06-30": -3703.816, "2015-03-31": "-590.99800", "2014-12-31": -781.601, "2014-09-30": -695.557, "2014-06-30": -579.024, "2014-03-31": "-773.37600", "2013-12-31": -665.594, "2013-09-30": -2448.749, "2013-06-30": 464.608, "2013-03-31": "-464.60800", "2012-12-31": 0, "2012-09-30": 0, "2012-06-30": 0, "2012-03-31": "", "2011-12-31": 0, "2011-09-30": 0, "2011-06-30": 0, "2011-03-31": "", "2010-12-31": 0, "2010-09-30": 0, "2010-06-30": 0, "2010-03-31": "", "2009-12-31": 0.293, "2009-09-30": -0.153, "2009-06-30": -0.14, "2009-03-31": "", "2008-12-31": 2.201, "2008-09-30": 0.777, "2008-06-30": -0.802, "2008-03-31": "-2.74000", "2007-12-31": 21.292, "2007-09-30": -5.349, "2007-06-30": -9.692, "2007-03-31": "-6.23400", "2006-12-31": -3.847, "2006-09-30": -3.741, "2006-06-30": -3.017, "2006-03-31": "-3.60900", "2005-12-31": -4.364, "2005-09-30": -0.813, "2005-06-30": -0.981, "2005-03-31": "-1.71700"}, "Net Change In Intangible Assets": {"2020-09-30": 0, "2020-06-30": 0, "2020-03-31": "", "2019-12-31": 0, "2019-09-30": 0, "2019-06-30": 0, "2019-03-31": "", "2018-12-31": 0, "2018-09-30": 0, "2018-06-30": 0, "2018-03-31": "", "2017-12-31": 0, "2017-09-30": 0, "2017-06-30": 0, "2017-03-31": "", "2016-12-31": 0, "2016-09-30": 0, "2016-06-30": 0, "2016-03-31": "", "2015-12-31": 0, "2015-09-30": 0, "2015-06-30": 0, "2015-03-31": "", "2014-12-31": 0, "2014-09-30": 0, "2014-06-30": 0, "2014-03-31": "", "2013-12-31": 0, "2013-09-30": 0, "2013-06-30": 0, "2013-03-31": "", "2012-12-31": 0, "2012-09-30": 0, "2012-06-30": 0, "2012-03-31": "", "2011-12-31": 0, "2011-09-30": 0.283, "2011-06-30": -0.283, "2011-03-31": "", "2010-12-31": 0, "2010-09-30": 0, "2010-06-30": 0, "2010-03-31": "", "2009-12-31": 0, "2009-09-30": 14.184, "2009-06-30": -1.384, "2009-03-31": "-12.80000", "2008-12-31": 13.706, "2008-09-30": 48.821, "2008-06-30": -39.826, "2008-03-31": "-25.59000", "2007-12-31": -41.684, "2007-09-30": 0, "2007-06-30": 0, "2007-03-31": "", "2006-12-31": 0, "2006-09-30": 0, "2006-06-30": 0, "2006-03-31": "", "2005-12-31": 0, "2005-09-30": 0, "2005-06-30": 0, "2005-03-31": ""}, "Net Acquisitions/Divestitures": {"2020-09-30": 0, "2020-06-30": 0, "2020-03-31": "", "2019-12-31": 0, "2019-09-30": 0, "2019-06-30": 0, "2019-03-31": "", "2018-12-31": 0, "2018-09-30": 0, "2018-06-30": 0, "2018-03-31": "", "2017-12-31": 0, "2017-09-30": 0, "2017-06-30": 0, "2017-03-31": "", "2016-12-31": 0, "2016-09-30": 0, "2016-06-30": 0, "2016-03-31": "", "2015-12-31": 0, "2015-09-30": 0, "2015-06-30": 0, "2015-03-31": "", "2014-12-31": 0, "2014-09-30": 0, "2014-06-30": 0, "2014-03-31": "", "2013-12-31": 0, "2013-09-30": 0, "2013-06-30": -3.673, "2013-03-31": "-7.44900", "2012-12-31": -545.144, "2012-09-30": 170.253, "2012-06-30": -170.193, "2012-03-31": "-0.06000", "2011-12-31": 0, "2011-09-30": -17.806, "2011-06-30": 0, "2011-03-31": "", "2010-12-31": 0, "2010-09-30": 0, "2010-06-30": 0, "2010-03-31": "", "2009-12-31": 0, "2009-09-30": 0, "2009-06-30": 0, "2009-03-31": "", "2008-12-31": 0, "2008-09-30": 0, "2008-06-30": 0, "2008-03-31": "", "2007-12-31": 0, "2007-09-30": 0, "2007-06-30": 0, "2007-03-31": "", "2006-12-31": 0, "2006-09-30": 0, "2006-06-30": 0, "2006-03-31": "", "2005-12-31": 0, "2005-09-30": 0, "2005-06-30": 0, "2005-03-31": ""}, "Net Change In Short-term Investments": {"2020-09-30": 0, "2020-06-30": 0, "2020-03-31": "", "2019-12-31": 0, "2019-09-30": 0, "2019-06-30": 0, "2019-03-31": "", "2018-12-31": 0, "2018-09-30": 0, "2018-06-30": 0, "2018-03-31": "", "2017-12-31": 0, "2017-09-30": 0, "2017-06-30": 0, "2017-03-31": "", "2016-12-31": 0, "2016-09-30": 0, "2016-06-30": 0, "2016-03-31": "", "2015-12-31": 0, "2015-09-30": 0, "2015-06-30": 0, "2015-03-31": "", "2014-12-31": 0, "2014-09-30": 0, "2014-06-30": 0, "2014-03-31": "", "2013-12-31": -2470.725, "2013-09-30": 2470.725, "2013-06-30": 0, "2013-03-31": "", "2012-12-31": 0, "2012-09-30": 0, "2012-06-30": 0, "2012-03-31": "", "2011-12-31": 0, "2011-09-30": 0, "2011-06-30": 0, "2011-03-31": "", "2010-12-31": 0, "2010-09-30": 0, "2010-06-30": 0, "2010-03-31": "", "2009-12-31": 0, "2009-09-30": 0, "2009-06-30": 0, "2009-03-31": "", "2008-12-31": -12.673, "2008-09-30": -9.044, "2008-06-30": 21.717, "2008-03-31": "", "2007-12-31": 0, "2007-09-30": 0, "2007-06-30": 0, "2007-03-31": "-98.44200", "2006-12-31": 0, "2006-09-30": 0, "2006-06-30": 0, "2006-03-31": "", "2005-12-31": 203.452, "2005-09-30": -203.452, "2005-06-30": 0, "2005-03-31": ""}, "Net Change In Long-Term Investments": {"2020-09-30": 0, "2020-06-30": -10, "2020-03-31": "-90.00000", "2019-12-31": -35, "2019-09-30": -36, "2019-06-30": -10, "2019-03-31": "-24.00000", "2018-12-31": 0, "2018-09-30": -25, "2018-06-30": 0, "2018-03-31": "", "2017-12-31": 0, "2017-09-30": 0, "2017-06-30": -41, "2017-03-31": "", "2016-12-31": 0, "2016-09-30": 0, "2016-06-30": 0, "2016-03-31": "", "2015-12-31": 0, "2015-09-30": 0, "2015-06-30": 0, "2015-03-31": "", "2014-12-31": 0, "2014-09-30": 0, "2014-06-30": 0, "2014-03-31": "", "2013-12-31": 0, "2013-09-30": 0, "2013-06-30": 0, "2013-03-31": "", "2012-12-31": 534.94, "2012-09-30": -534.94, "2012-06-30": 0, "2012-03-31": "", "2011-12-31": 0, "2011-09-30": 0, "2011-06-30": 0, "2011-03-31": "", "2010-12-31": 104.33, "2010-09-30": -104.33, "2010-06-30": 101.63, "2010-03-31": "2.70000", "2009-12-31": 0, "2009-09-30": 0, "2009-06-30": -3.9, "2009-03-31": "3.90000", "2008-12-31": 0, "2008-09-30": 0, "2008-06-30": 0, "2008-03-31": "", "2007-12-31": 25.025, "2007-09-30": 0, "2007-06-30": -25.025, "2007-03-31": "", "2006-12-31": 0, "2006-09-30": 0, "2006-06-30": 0, "2006-03-31": "", "2005-12-31": -0.51, "2005-09-30": 20.206, "2005-06-30": -0.458, "2005-03-31": "-1.13400"}, "Net Change In Investments - Total": {"2020-09-30": 0, "2020-06-30": -10, "2020-03-31": "-90.00000", "2019-12-31": -35, "2019-09-30": -36, "2019-06-30": -10, "2019-03-31": "-24.00000", "2018-12-31": 0, "2018-09-30": -25, "2018-06-30": 0, "2018-03-31": "", "2017-12-31": 0, "2017-09-30": 0, "2017-06-30": -41, "2017-03-31": "", "2016-12-31": 0, "2016-09-30": 0, "2016-06-30": 0, "2016-03-31": "", "2015-12-31": 0, "2015-09-30": 0, "2015-06-30": 0, "2015-03-31": "", "2014-12-31": 0, "2014-09-30": 0, "2014-06-30": 0, "2014-03-31": "", "2013-12-31": -2470.725, "2013-09-30": 2470.725, "2013-06-30": 0, "2013-03-31": "", "2012-12-31": 534.94, "2012-09-30": -534.94, "2012-06-30": 0, "2012-03-31": "", "2011-12-31": 0, "2011-09-30": 0, "2011-06-30": 0, "2011-03-31": "", "2010-12-31": 104.33, "2010-09-30": -104.33, "2010-06-30": 101.63, "2010-03-31": "2.70000", "2009-12-31": 0, "2009-09-30": 0, "2009-06-30": -3.9, "2009-03-31": "3.90000", "2008-12-31": -12.673, "2008-09-30": -9.044, "2008-06-30": 21.717, "2008-03-31": "", "2007-12-31": 25.025, "2007-09-30": 0, "2007-06-30": -25.025, "2007-03-31": "-98.44200", "2006-12-31": 0, "2006-09-30": 0, "2006-06-30": 0, "2006-03-31": "", "2005-12-31": 202.942, "2005-09-30": -183.246, "2005-06-30": -0.458, "2005-03-31": "-1.13400"}, "Investing Activities - Other": {"2020-09-30": -1, "2020-06-30": 1, "2020-03-31": "-8.00000", "2019-12-31": -1, "2019-09-30": -1, "2019-06-30": 2, "2019-03-31": "-2.00000", "2018-12-31": -1, "2018-09-30": -1, "2018-06-30": 16, "2018-03-31": "", "2017-12-31": -1, "2017-09-30": -4, "2017-06-30": -7, "2017-03-31": "29.00000", "2016-12-31": -7, "2016-09-30": -28, "2016-06-30": -4, "2016-03-31": "-18.00000", "2015-12-31": -5350.008, "2015-09-30": 1137.224, "2015-06-30": 3555.325, "2015-03-31": "526.45900", "2014-12-31": -2023.185, "2014-09-30": 659.206, "2014-06-30": 547.754, "2014-03-31": "749.36300", "2013-12-31": 3126.566, "2013-09-30": -330.612, "2013-06-30": -161.978, "2013-03-31": "462.06600", "2012-12-31": 0.717, "2012-09-30": 293.085, "2012-06-30": 168.793, "2012-03-31": "-1.98500", "2011-12-31": -2.154, "2011-09-30": -1.589, "2011-06-30": -0.45, "2011-03-31": "-0.13200", "2010-12-31": -104.908, "2010-09-30": 104.295, "2010-06-30": 4.436, "2010-03-31": "0.83300", "2009-12-31": 5.044, "2009-09-30": 13.271, "2009-06-30": -17.341, "2009-03-31": "11.01000", "2008-12-31": 17.988, "2008-09-30": -102.936, "2008-06-30": 46.36, "2008-03-31": "-91.02100", "2007-12-31": -116.26, "2007-09-30": -111.724, "2007-06-30": -62.579, "2007-03-31": "-9.22200", "2006-12-31": -1134.676, "2006-09-30": -254.293, "2006-06-30": -80.584, "2006-03-31": "-56.16100", "2005-12-31": -234.389, "2005-09-30": -64.426, "2005-06-30": -76.143, "2005-03-31": "-40.85800"}, "Cash Flow From Investing Activities": {"2020-09-30": -455, "2020-06-30": -436, "2020-03-31": "-654.00000", "2019-12-31": -505, "2019-09-30": -1116, "2019-06-30": -891, "2019-03-31": "-651.00000", "2018-12-31": -932, "2018-09-30": -1230, "2018-06-30": -716, "2018-03-31": "-776.00000", "2017-12-31": -455, "2017-09-30": -569, "2017-06-30": -1067, "2017-03-31": "-1290.00000", "2016-12-31": -914, "2016-09-30": -1200, "2016-06-30": -1131, "2016-03-31": "-1168.00000", "2015-12-31": -6455.412, "2015-09-30": -315.558, "2015-06-30": -148.491, "2015-03-31": "-64.53900", "2014-12-31": -2804.786, "2014-09-30": -36.351, "2014-06-30": -31.27, "2014-03-31": "-24.01300", "2013-12-31": -9.753, "2013-09-30": -308.636, "2013-06-30": 298.957, "2013-03-31": "-9.99100", "2012-12-31": -9.487, "2012-09-30": -71.602, "2012-06-30": -1.4, "2012-03-31": "-2.04500", "2011-12-31": -2.154, "2011-09-30": -19.112, "2011-06-30": -0.733, "2011-03-31": "-0.13200", "2010-12-31": -0.578, "2010-09-30": -0.035, "2010-06-30": 106.066, "2010-03-31": "3.53300", "2009-12-31": 5.337, "2009-09-30": 27.302, "2009-06-30": -22.765, "2009-03-31": "2.11000", "2008-12-31": 21.222, "2008-09-30": -62.382, "2008-06-30": 27.449, "2008-03-31": "-119.35100", "2007-12-31": -111.627, "2007-09-30": -117.073, "2007-06-30": -97.296, "2007-03-31": "-113.89800", "2006-12-31": -1138.523, "2006-09-30": -258.034, "2006-06-30": -83.601, "2006-03-31": "-59.77000", "2005-12-31": -35.811, "2005-09-30": -248.485, "2005-06-30": -77.582, "2005-03-31": "-43.70900"}, "Net Long-Term Debt": {"2020-09-30": 1142, "2020-06-30": -79, "2020-03-31": "296.00000", "2019-12-31": -95, "2019-09-30": 792, "2019-06-30": 1140, "2019-03-31": "251.00000", "2018-12-31": 836, "2018-09-30": 540, "2018-06-30": 1252, "2018-03-31": "266.00000", "2017-12-31": 294, "2017-09-30": 280, "2017-06-30": 489, "2017-03-31": "2159.00000", "2016-12-31": 1067, "2016-09-30": 1322, "2016-06-30": 1312, "2016-03-31": "1493.00000", "2015-12-31": 895, "2015-09-30": 973, "2015-06-30": 2705, "2015-03-31": "2500.00000", "2014-12-31": 823, "2014-09-30": 177, "2014-06-30": 2407.5, "2014-03-31": "", "2013-12-31": 4404.478, "2013-09-30": -3404.478, "2013-06-30": 3404.478, "2013-03-31": "", "2012-12-31": -130, "2012-09-30": -104.63, "2012-06-30": -273.884, "2012-03-31": "-298.00000", "2011-12-31": 0, "2011-09-30": 0, "2011-06-30": 0, "2011-03-31": "", "2010-12-31": 0, "2010-09-30": 0, "2010-06-30": -104.681, "2010-03-31": "", "2009-12-31": 0, "2009-09-30": 0, "2009-06-30": -30.03, "2009-03-31": "", "2008-12-31": 0, "2008-09-30": 299.965, "2008-06-30": 95, "2008-03-31": "", "2007-12-31": 0, "2007-09-30": 0, "2007-06-30": 400, "2007-03-31": "", "2006-12-31": 1438, "2006-09-30": -1.5, "2006-06-30": -1.5, "2006-03-31": "-1.50000", "2005-12-31": -1.5, "2005-09-30": 925, "2005-06-30": 0, "2005-03-31": ""}, "Net Current Debt": {"2020-09-30": 0, "2020-06-30": 0, "2020-03-31": "", "2019-12-31": 0, "2019-09-30": 0, "2019-06-30": 0, "2019-03-31": "", "2018-12-31": 0, "2018-09-30": 0, "2018-06-30": 0, "2018-03-31": "", "2017-12-31": 0, "2017-09-30": 0, "2017-06-30": 0, "2017-03-31": "", "2016-12-31": 0, "2016-09-30": 0, "2016-06-30": 0, "2016-03-31": "", "2015-12-31": 0, "2015-09-30": 0, "2015-06-30": 0, "2015-03-31": "", "2014-12-31": 177, "2014-09-30": -177, "2014-06-30": 0, "2014-03-31": "", "2013-12-31": -3404.478, "2013-09-30": 3404.478, "2013-06-30": -1500, "2013-03-31": "1500.00000", "2012-12-31": 0, "2012-09-30": 0, "2012-06-30": 0, "2012-03-31": "", "2011-12-31": 0, "2011-09-30": 0, "2011-06-30": 0, "2011-03-31": "", "2010-12-31": 0, "2010-09-30": 0, "2010-06-30": 0, "2010-03-31": "", "2009-12-31": 0, "2009-09-30": 0, "2009-06-30": 0, "2009-03-31": "", "2008-12-31": 0, "2008-09-30": 0, "2008-06-30": 0, "2008-03-31": "", "2007-12-31": 0, "2007-09-30": 0, "2007-06-30": 0, "2007-03-31": "", "2006-12-31": -351.5, "2006-09-30": 202.5, "2006-06-30": 79, "2006-03-31": "70.00000", "2005-12-31": 0, "2005-09-30": 0, "2005-06-30": 0, "2005-03-31": ""}, "Debt Issuance/Retirement Net - Total": {"2020-09-30": 1142, "2020-06-30": -79, "2020-03-31": "296.00000", "2019-12-31": -95, "2019-09-30": 792, "2019-06-30": 1140, "2019-03-31": "251.00000", "2018-12-31": 836, "2018-09-30": 540, "2018-06-30": 1252, "2018-03-31": "266.00000", "2017-12-31": 294, "2017-09-30": 280, "2017-06-30": 489, "2017-03-31": "2159.00000", "2016-12-31": 1067, "2016-09-30": 1322, "2016-06-30": 1312, "2016-03-31": "1493.00000", "2015-12-31": 895, "2015-09-30": 973, "2015-06-30": 2705, "2015-03-31": "2500.00000", "2014-12-31": 1000, "2014-09-30": 0, "2014-06-30": 2407.5, "2014-03-31": "", "2013-12-31": 1000, "2013-09-30": 0, "2013-06-30": 1904.478, "2013-03-31": "1500.00000", "2012-12-31": -130, "2012-09-30": -104.63, "2012-06-30": -273.884, "2012-03-31": "-298.00000", "2011-12-31": 0, "2011-09-30": 0, "2011-06-30": 0, "2011-03-31": "", "2010-12-31": 0, "2010-09-30": 0, "2010-06-30": -104.681, "2010-03-31": "", "2009-12-31": 0, "2009-09-30": 0, "2009-06-30": -30.03, "2009-03-31": "", "2008-12-31": 0, "2008-09-30": 299.965, "2008-06-30": 95, "2008-03-31": "", "2007-12-31": 0, "2007-09-30": 0, "2007-06-30": 400, "2007-03-31": "", "2006-12-31": 1086.5, "2006-09-30": 201, "2006-06-30": 77.5, "2006-03-31": "68.50000", "2005-12-31": -1.5, "2005-09-30": 925, "2005-06-30": 0, "2005-03-31": ""}, "Net Common Equity Issued/Repurchased": {"2020-09-30": 0, "2020-06-30": 0, "2020-03-31": "-155.00000", "2019-12-31": -90, "2019-09-30": -156, "2019-06-30": -3, "2019-03-31": "", "2018-12-31": 0, "2018-09-30": 0, "2018-06-30": 0, "2018-03-31": "", "2017-12-31": 0, "2017-09-30": 0, "2017-06-30": 0, "2017-03-31": "", "2016-12-31": 0, "2016-09-30": 0, "2016-06-30": 0, "2016-03-31": "", "2015-12-31": -0.279, "2015-09-30": 0.365, "2015-06-30": 0.956, "2015-03-31": "0.95800", "2014-12-31": 230.084, "2014-09-30": 3.237, "2014-06-30": 2.574, "2014-03-31": "3.69100", "2013-12-31": 668.425, "2013-09-30": 0.254, "2013-06-30": -0.205, "2013-03-31": "365.00000", "2012-12-31": 499.471, "2012-09-30": 1446.454, "2012-06-30": 473.634, "2012-03-31": "352.95200", "2011-12-31": 332.575, "2011-09-30": 41.73, "2011-06-30": 130.766, "2011-03-31": "1.51500", "2010-12-31": -2.163, "2010-09-30": 0, "2010-06-30": -0.681, "2010-03-31": "", "2009-12-31": -0.919, "2009-09-30": 0, "2009-06-30": -0.004, "2009-03-31": "-0.07600", "2008-12-31": -0.968, "2008-09-30": 0.231, "2008-06-30": -0.008, "2008-03-31": "-4.15700", "2007-12-31": -2.537, "2007-09-30": -111.73, "2007-06-30": -172.091, "2007-03-31": "263.64500", "2006-12-31": -0.797, "2006-09-30": 0.013, "2006-06-30": 0.552, "2006-03-31": "0.23200", "2005-12-31": 0.877, "2005-09-30": 0.086, "2005-06-30": 0.384, "2005-03-31": "1.62500"}, "Net Total Equity Issued/Repurchased": {"2020-09-30": 0, "2020-06-30": 0, "2020-03-31": "-155.00000", "2019-12-31": -90, "2019-09-30": -156, "2019-06-30": -3, "2019-03-31": "", "2018-12-31": 0, "2018-09-30": 0, "2018-06-30": 0, "2018-03-31": "", "2017-12-31": 0, "2017-09-30": 0, "2017-06-30": 0, "2017-03-31": "", "2016-12-31": 0, "2016-09-30": 0, "2016-06-30": 0, "2016-03-31": "", "2015-12-31": -0.279, "2015-09-30": 0.365, "2015-06-30": 0.956, "2015-03-31": "0.95800", "2014-12-31": 230.084, "2014-09-30": 3.237, "2014-06-30": 2.574, "2014-03-31": "3.69100", "2013-12-31": 668.425, "2013-09-30": 0.254, "2013-06-30": -0.205, "2013-03-31": "365.00000", "2012-12-31": 499.471, "2012-09-30": 1446.454, "2012-06-30": 473.634, "2012-03-31": "352.95200", "2011-12-31": 332.575, "2011-09-30": 41.73, "2011-06-30": 130.766, "2011-03-31": "1.51500", "2010-12-31": -2.163, "2010-09-30": 0, "2010-06-30": -0.681, "2010-03-31": "", "2009-12-31": -0.919, "2009-09-30": 0, "2009-06-30": -0.004, "2009-03-31": "-0.07600", "2008-12-31": -0.968, "2008-09-30": 0.231, "2008-06-30": -0.008, "2008-03-31": "-4.15700", "2007-12-31": -2.537, "2007-09-30": -111.73, "2007-06-30": -172.091, "2007-03-31": "263.64500", "2006-12-31": -0.797, "2006-09-30": 0.013, "2006-06-30": 0.552, "2006-03-31": "0.23200", "2005-12-31": 0.877, "2005-09-30": 0.086, "2005-06-30": 0.384, "2005-03-31": "1.62500"}, "Total Common And Preferred Stock Dividends Paid": {"2020-09-30": 0, "2020-06-30": 154, "2020-03-31": "-154.00000", "2019-12-31": 0, "2019-09-30": 0, "2019-06-30": 144, "2019-03-31": "-144.00000", "2018-12-31": 0, "2018-09-30": 0, "2018-06-30": 0, "2018-03-31": "", "2017-12-31": 0, "2017-09-30": 0, "2017-06-30": 0, "2017-03-31": "", "2016-12-31": 0, "2016-09-30": 0, "2016-06-30": 0, "2016-03-31": "", "2015-12-31": 0, "2015-09-30": 0, "2015-06-30": 0, "2015-03-31": "", "2014-12-31": 0, "2014-09-30": 0, "2014-06-30": 0, "2014-03-31": "", "2013-12-31": 0, "2013-09-30": 0, "2013-06-30": 0, "2013-03-31": "", "2012-12-31": 0, "2012-09-30": 0, "2012-06-30": 0, "2012-03-31": "", "2011-12-31": 0, "2011-09-30": 0, "2011-06-30": 0, "2011-03-31": "", "2010-12-31": 0, "2010-09-30": 0, "2010-06-30": 0, "2010-03-31": "", "2009-12-31": 0, "2009-09-30": 0, "2009-06-30": 0, "2009-03-31": "", "2008-12-31": 0, "2008-09-30": 0, "2008-06-30": 0, "2008-03-31": "", "2007-12-31": 0, "2007-09-30": 0, "2007-06-30": 0, "2007-03-31": "", "2006-12-31": 0, "2006-09-30": 0, "2006-06-30": 0, "2006-03-31": "", "2005-12-31": 0, "2005-09-30": 0, "2005-06-30": 0, "2005-03-31": ""}, "Financial Activities - Other": {"2020-09-30": -355, "2020-06-30": -378, "2020-03-31": "-72.00000", "2019-12-31": -174, "2019-09-30": -175, "2019-06-30": -309, "2019-03-31": "-13.00000", "2018-12-31": -166, "2018-09-30": -171, "2018-06-30": -200, "2018-03-31": "-150.00000", "2017-12-31": -137, "2017-09-30": -39, "2017-06-30": -46, "2017-03-31": "-64.00000", "2016-12-31": -90, "2016-09-30": -55, "2016-06-30": -71, "2016-03-31": "-70.00000", "2015-12-31": 5132.436, "2015-09-30": -808.131, "2015-06-30": -2964.821, "2015-03-31": "-2011.48400", "2014-12-31": 2155.462, "2014-09-30": -35.408, "2014-06-30": -2410.398, "2014-03-31": "-7.69800", "2013-12-31": -1041.861, "2013-09-30": 286.085, "2013-06-30": -1975.726, "2013-03-31": "-1865.46000", "2012-12-31": -370.407, "2012-09-30": -1183.07, "2012-06-30": -474.051, "2012-03-31": "-3.54400", "2011-12-31": 0.276, "2011-09-30": -43.474, "2011-06-30": -11.667, "2011-03-31": "-1.82700", "2010-12-31": 0.676, "2010-09-30": -1.363, "2010-06-30": 2.624, "2010-03-31": "-0.68900", "2009-12-31": 0.231, "2009-09-30": 37.689, "2009-06-30": 65.171, "2009-03-31": "-0.00900", "2008-12-31": -5.666, "2008-09-30": -277.842, "2008-06-30": -19.072, "2008-03-31": "-6.61400", "2007-12-31": -3.531, "2007-09-30": -7.327, "2007-06-30": -8.043, "2007-03-31": "-0.63400", "2006-12-31": -31.359, "2006-09-30": -8.164, "2006-06-30": -0.274, "2006-03-31": "-2.97800", "2005-12-31": -0.105, "2005-09-30": -100.882, "2005-06-30": -0.212, "2005-03-31": "-16.58100"}, "Cash Flow From Financial Activities": {"2020-09-30": 787, "2020-06-30": -303, "2020-03-31": "-85.00000", "2019-12-31": -359, "2019-09-30": 461, "2019-06-30": 972, "2019-03-31": "94.00000", "2018-12-31": 670, "2018-09-30": 369, "2018-06-30": 1052, "2018-03-31": "116.00000", "2017-12-31": 157, "2017-09-30": 241, "2017-06-30": 443, "2017-03-31": "2095.00000", "2016-12-31": 977, "2016-09-30": 1267, "2016-06-30": 1241, "2016-03-31": "1423.00000", "2015-12-31": 6027.156, "2015-09-30": 165.235, "2015-06-30": -258.865, "2015-03-31": "489.47400", "2014-12-31": 3385.546, "2014-09-30": -32.171, "2014-06-30": -0.324, "2014-03-31": "-4.00700", "2013-12-31": 626.564, "2013-09-30": 286.339, "2013-06-30": -71.453, "2013-03-31": "-0.46000", "2012-12-31": -0.936, "2012-09-30": 158.754, "2012-06-30": -274.301, "2012-03-31": "51.40800", "2011-12-31": 332.851, "2011-09-30": -1.744, "2011-06-30": 119.099, "2011-03-31": "-0.31200", "2010-12-31": -1.487, "2010-09-30": -1.363, "2010-06-30": -102.738, "2010-03-31": "-0.68900", "2009-12-31": -0.688, "2009-09-30": 37.689, "2009-06-30": 35.137, "2009-03-31": "-0.08500", "2008-12-31": -6.634, "2008-09-30": 22.354, "2008-06-30": 75.92, "2008-03-31": "-10.77100", "2007-12-31": -6.068, "2007-09-30": -119.057, "2007-06-30": 219.866, "2007-03-31": "263.01100", "2006-12-31": 1054.344, "2006-09-30": 192.849, "2006-06-30": 77.778, "2006-03-31": "65.75400", "2005-12-31": -0.728, "2005-09-30": 824.204, "2005-06-30": 0.172, "2005-03-31": "-14.95600"}, "Net Cash Flow": {"2020-09-30": 69, "2020-06-30": -285, "2020-03-31": "-165.00000", "2019-12-31": -123, "2019-09-30": -323, "2019-06-30": 429, "2019-03-31": "-145.00000", "2018-12-31": 224, "2018-09-30": -339, "2018-06-30": 849, "2018-03-31": "-191.00000", "2017-12-31": 38, "2017-09-30": 31, "2017-06-30": -397, "2017-03-31": "1114.00000", "2016-12-31": -22, "2016-09-30": 43, "2016-06-30": -54, "2016-03-31": "124.00000", "2015-12-31": -636.679, "2015-09-30": -129.945, "2015-06-30": -688.131, "2015-03-31": "410.75500", "2014-12-31": 359.012, "2014-09-30": -98.231, "2014-06-30": -24.716, "2014-03-31": "-46.23900", "2013-12-31": 586.678, "2013-09-30": -22.757, "2013-06-30": 218.88, "2013-03-31": "-23.67000", "2012-12-31": -13.284, "2012-09-30": 77.11, "2012-06-30": -301.942, "2012-03-31": "-19.33300", "2011-12-31": 327.848, "2011-09-30": -31.249, "2011-06-30": 138.088, "2011-03-31": "-49.68800", "2010-12-31": -7.354, "2010-09-30": 7.575, "2010-06-30": -21.166, "2010-03-31": "6.73400", "2009-12-31": 1.018, "2009-09-30": -1.592, "2009-06-30": 7.464, "2009-03-31": "-20.71000", "2008-12-31": -26.145, "2008-09-30": -34.278, "2008-06-30": 21.07, "2008-03-31": "-154.98500", "2007-12-31": -150.049, "2007-09-30": -264.223, "2007-06-30": 127.182, "2007-03-31": "120.65700", "2006-12-31": -123.824, "2006-09-30": -70.821, "2006-06-30": -20.49, "2006-03-31": "-14.49400", "2005-12-31": -46.354, "2005-09-30": 567.129, "2005-06-30": -75.031, "2005-03-31": "-61.59500"}, "Stock-Based Compensation": {"2020-09-30": 27, "2020-06-30": 28, "2020-03-31": "29.00000", "2019-12-31": 37, "2019-09-30": 33, "2019-06-30": 33, "2019-03-31": "28.00000", "2018-12-31": 24, "2018-09-30": 31, "2018-06-30": 30, "2018-03-31": "28.00000", "2017-12-31": 27, "2017-09-30": 18, "2017-06-30": 22, "2017-03-31": "24.00000", "2016-12-31": 16, "2016-09-30": 33, "2016-06-30": 36, "2016-03-31": "16.00000", "2015-12-31": 79.373, "2015-09-30": 26.249, "2015-06-30": 50.238, "2015-03-31": "16.14000", "2014-12-31": 17.554, "2014-09-30": 22.436, "2014-06-30": 26.071, "2014-03-31": "35.94200", "2013-12-31": 68.582, "2013-09-30": 26.662, "2013-06-30": 112.434, "2013-03-31": "63.68900", "2012-12-31": 4.735, "2012-09-30": 49.713, "2012-06-30": 1.959, "2012-03-31": "2.28900", "2011-12-31": -16.629, "2011-09-30": 2.277, "2011-06-30": 6.341, "2011-03-31": "8.01100", "2010-12-31": -13.38, "2010-09-30": 3.435, "2010-06-30": 3.634, "2010-03-31": "6.31100", "2009-12-31": 5.788, "2009-09-30": 4.771, "2009-06-30": 4.698, "2009-03-31": "3.94700", "2008-12-31": 28.826, "2008-09-30": 10.299, "2008-06-30": 3.153, "2008-03-31": "12.75200", "2007-12-31": 15.872, "2007-09-30": 21.445, "2007-06-30": 12.711, "2007-03-31": "6.61000", "2006-12-31": 5.793, "2006-09-30": 5.079, "2006-06-30": 5.296, "2006-03-31": "5.60000", "2005-12-31": 1.096, "2005-09-30": 0.816, "2005-06-30": 0.797, "2005-03-31": "0.87400"}, "Common Stock Dividends Paid": {"2020-09-30": 0, "2020-06-30": 154, "2020-03-31": "-154.00000", "2019-12-31": 0, "2019-09-30": 0, "2019-06-30": 144, "2019-03-31": "-144.00000", "2018-12-31": 0, "2018-09-30": 0, "2018-06-30": 0, "2018-03-31": "", "2017-12-31": 0, "2017-09-30": 0, "2017-06-30": 0, "2017-03-31": "", "2016-12-31": 0, "2016-09-30": 0, "2016-06-30": 0, "2016-03-31": "", "2015-12-31": 0, "2015-09-30": 0, "2015-06-30": 0, "2015-03-31": "", "2014-12-31": 0, "2014-09-30": 0, "2014-06-30": 0, "2014-03-31": "", "2013-12-31": 0, "2013-09-30": 0, "2013-06-30": 0, "2013-03-31": "", "2012-12-31": 0, "2012-09-30": 0, "2012-06-30": 0, "2012-03-31": "", "2011-12-31": 0, "2011-09-30": 0, "2011-06-30": 0, "2011-03-31": "", "2010-12-31": 0, "2010-09-30": 0, "2010-06-30": 0, "2010-03-31": "", "2009-12-31": 0, "2009-09-30": 0, "2009-06-30": 0, "2009-03-31": "", "2008-12-31": 0, "2008-09-30": 0, "2008-06-30": 0, "2008-03-31": "", "2007-12-31": 0, "2007-09-30": 0, "2007-06-30": 0, "2007-03-31": "", "2006-12-31": 0, "2006-09-30": 0, "2006-06-30": 0, "2006-03-31": "", "2005-12-31": 0, "2005-09-30": 0, "2005-06-30": 0, "2005-03-31": ""}}, "financial ratios": {"Current Ratio": {"2019-12-31": "2.24760", "2018-12-31": "2.43050", "2017-12-31": "2.69300", "2016-12-31": "2.07800", "2015-12-31": "0.81570", "2014-12-31": "9.71660", "2013-12-31": "6.71350", "2012-12-31": "4.68550", "2011-12-31": "1.01110", "2010-12-31": "2.49660", "2009-12-31": "4.32360", "2008-12-31": "6.29930", "2007-12-31": "3.46970", "2006-12-31": "10.49380", "2005-12-31": "14.21130"}, "Long-term Debt / Capital": {"2019-12-31": "0.92670", "2018-12-31": "0.93590", "2017-12-31": "0.95330", "2016-12-31": "0.96280", "2015-12-31": "0.90530", "2014-12-31": "0.79680", "2013-12-31": "0.69840", "2012-12-31": "0.48930", "2011-12-31": "1.07520", "2010-12-31": "1.19250", "2009-12-31": "1.16560", "2008-12-31": "1.09760", "2007-12-31": "1.12310", "2006-12-31": "0.94270", "2005-12-31": "0.77360"}, "Debt/Equity Ratio": {"2019-12-31": "12.63820", "2018-12-31": "14.73200", "2017-12-31": "20.43230", "2016-12-31": "26.14420", "2015-12-31": "10.62750", "2014-12-31": "3.92010", "2013-12-31": "2.31550", "2012-12-31": "0.95820", "2011-12-31": "-17.15360", "2010-12-31": "-6.19430", "2009-12-31": "-7.03930", "2008-12-31": "-11.24730", "2007-12-31": "-9.12570", "2006-12-31": "16.45410", "2005-12-31": "3.43900"}, "Gross Margin": {"2019-12-31": "35.84790", "2018-12-31": "34.68140", "2017-12-31": "36.15430", "2016-12-31": "37.25640", "2015-12-31": "54.98160", "2014-12-31": "43.21190", "2013-12-31": "43.93240", "2012-12-31": "53.58580", "2011-12-31": "72.29550", "2010-12-31": "81.12850", "2009-12-31": "79.25700", "2008-12-31": "-258.39870", "2007-12-31": "-5484.23400", "2006-12-31": "-552.63600", "2005-12-31": "-735.14140"}, "Operating Margin": {"2019-12-31": "24.26520", "2018-12-31": "25.34120", "2017-12-31": "24.78130", "2016-12-31": "-2.33830", "2015-12-31": "-165.68270", "2014-12-31": "-101.57680", "2013-12-31": "-122.87130", "2012-12-31": "-28.48470", "2011-12-31": "20.01970", "2010-12-31": "35.88970", "2009-12-31": "12.97220", "2008-12-31": "-3418.08500", "2007-12-31": "-25335.70000", "2006-12-31": "-3131.42100", "2005-12-31": "-1749.11800"}, "EBIT Margin": {"2019-12-31": "24.26520", "2018-12-31": "25.34120", "2017-12-31": "24.78130", "2016-12-31": "-2.33830", "2015-12-31": "-165.68270", "2014-12-31": "-101.57680", "2013-12-31": "-122.87130", "2012-12-31": "-28.48470", "2011-12-31": "20.01970", "2010-12-31": "35.88970", "2009-12-31": "12.97220", "2008-12-31": "-3418.08500", "2007-12-31": "-25335.70000", "2006-12-31": "-3131.42100", "2005-12-31": "-1749.11800"}, "EBITDA Margin": {"2019-12-31": "33.48410", "2018-12-31": "31.82670", "2017-12-31": "32.36920", "2016-12-31": "16.05610", "2015-12-31": "-117.34320", "2014-12-31": "-71.40330", "2013-12-31": "-94.37080", "2012-12-31": "4.08760", "2011-12-31": "51.72360", "2010-12-31": "66.91260", "2009-12-31": "58.12200", "2008-12-31": "-2707.26500", "2007-12-31": "-21082.84000", "2006-12-31": "-2832.43400", "2005-12-31": "-1705.02500"}, "Pre-Tax Profit Margin": {"2019-12-31": "7.34840", "2018-12-31": "15.36250", "2017-12-31": "10.10530", "2016-12-31": "-51.67580", "2015-12-31": "-404.79700", "2014-12-31": "-256.66120", "2013-12-31": "-207.48350", "2012-12-31": "-129.83130", "2011-12-31": "-69.95430", "2010-12-31": "-26.89210", "2009-12-31": "-92.56260", "2008-12-31": "-5343.44900", "2007-12-31": "-30912.67000", "2006-12-31": "-6065.28900", "2005-12-31": "-1054.24300"}, "Net Profit Margin": {"2019-12-31": "6.65980", "2018-12-31": "5.89710", "2017-12-31": "-7.01660", "2016-12-31": "-47.54480", "2015-12-31": "-359.77860", "2014-12-31": "-204.48730", "2013-12-31": "-190.08130", "2012-12-31": "-125.00190", "2011-12-31": "-68.43180", "2010-12-31": "-26.14050", "2009-12-31": "-89.15890", "2008-12-31": "-5220.59100", "2007-12-31": "-30383.31000", "2006-12-31": "-6151.53900", "2005-12-31": "-982.96170"}, "Asset Turnover": {"2019-12-31": "0.27410", "2018-12-31": "0.24970", "2017-12-31": "0.20070", "2016-12-31": "0.05410", "2015-12-31": "0.01440", "2014-12-31": "0.02130", "2013-12-31": "0.02760", "2012-12-31": "0.05740", "2011-12-31": "0.09960", "2010-12-31": "0.11420", "2009-12-31": "0.06630", "2008-12-31": "0.00240", "2007-12-31": "0.00020", "2006-12-31": "0.00090", "2005-12-31": "0.00230"}, "Inventory Turnover Ratio": {"2019-12-31": "20.00640", "2018-12-31": "16.50950", "2017-12-31": "14.71610", "2016-12-31": "5.03130", "2015-12-31": "6.73100", "2014-12-31": "19.54350", "2013-12-31": "14.18350", "2012-12-31": "17.53930", "2011-12-31": "12.26240", "2010-12-31": "45.39030", "2009-12-31": "1.15240", "2008-12-31": "", "2007-12-31": "", "2006-12-31": "", "2005-12-31": ""}, "Receiveable Turnover": {"2019-12-31": "19.81670", "2018-12-31": "13.65300", "2017-12-31": "15.09700", "2016-12-31": "5.88530", "2015-12-31": "47.13860", "2014-12-31": "60.63680", "2013-12-31": "59.56600", "2012-12-31": "76.36830", "2011-12-31": "95.44660", "2010-12-31": "62.03720", "2009-12-31": "18.29740", "2008-12-31": "1.96800", "2007-12-31": "0.01330", "2006-12-31": "0.29860", "2005-12-31": "1.03190"}, "Days Sales In Receivables": {"2019-12-31": "18.41880", "2018-12-31": "26.73410", "2017-12-31": "24.17690", "2016-12-31": "62.01870", "2015-12-31": "7.74310", "2014-12-31": "6.01940", "2013-12-31": "6.12770", "2012-12-31": "4.77950", "2011-12-31": "3.82410", "2010-12-31": "5.88360", "2009-12-31": "19.94820", "2008-12-31": "185.46330", "2007-12-31": "27522.24000", "2006-12-31": "1222.46500", "2005-12-31": "353.70380"}, "ROE - Return On Equity": {"2019-12-31": "50.59550", "2018-12-31": "62.20840", "2017-12-31": "45.40320", "2016-12-31": "-79.26100", "2015-12-31": "-70.25730", "2014-12-31": "-27.65830", "2013-12-31": "-19.67440", "2012-12-31": "-15.28300", "2011-12-31": "117.54190", "2010-12-31": "16.58750", "2009-12-31": "38.79760", "2008-12-31": "139.29230", "2007-12-31": "66.20180", "2006-12-31": "-101.81920", "2005-12-31": "-10.99940"}, "Return On Tangible Equity": {"2019-12-31": "52.24770", "2018-12-31": "64.79480", "2017-12-31": "48.40930", "2016-12-31": "-87.27030", "2015-12-31": "-73.89280", "2014-12-31": "-28.53460", "2013-12-31": "-20.22130", "2012-12-31": "-15.85200", "2011-12-31": "79.86790", "2010-12-31": "14.11240", "2009-12-31": "32.55220", "2008-12-31": "106.92770", "2007-12-31": "50.08140", "2006-12-31": "-234.97360", "2005-12-31": "-15.41620"}, "ROA - Return On Assets": {"2019-12-31": "3.47120", "2018-12-31": "3.75150", "2017-12-31": "2.01750", "2016-12-31": "-2.80560", "2015-12-31": "-5.83230", "2014-12-31": "-5.50260", "2013-12-31": "-5.77640", "2012-12-31": "-7.45060", "2011-12-31": "-6.97480", "2010-12-31": "-3.07010", "2009-12-31": "-6.13530", "2008-12-31": "-13.07280", "2007-12-31": "-6.75170", "2006-12-31": "-5.60010", "2005-12-31": "-2.28950"}, "ROI - Return On Investment": {"2019-12-31": "3.70980", "2018-12-31": "3.98570", "2017-12-31": "2.11850", "2016-12-31": "-2.95200", "2015-12-31": "-6.65580", "2014-12-31": "-5.62150", "2013-12-31": "-5.93400", "2012-12-31": "-7.80450", "2011-12-31": "-8.83420", "2010-12-31": "-3.19340", "2009-12-31": "-6.42420", "2008-12-31": "-13.59310", "2007-12-31": "-8.14720", "2006-12-31": "-5.83350", "2005-12-31": "-2.49050"}, "Book Value Per Share": {"2019-12-31": "9.60170", "2018-12-31": "7.50580", "2017-12-31": "5.21890", "2016-12-31": "3.52520", "2015-12-31": "6.62730", "2014-12-31": "11.06380", "2013-12-31": "12.39660", "2012-12-31": "10.34110", "2011-12-31": "-1.37190", "2010-12-31": "-7.12840", "2009-12-31": "-7.71660", "2008-12-31": "-5.25830", "2007-12-31": "-7.83920", "2006-12-31": "2.59440", "2005-12-31": "4.92550"}, "Operating Cash Flow Per Share": {"2019-12-31": -0.9223, "2018-12-31": 2.7432, "2017-12-31": 7.0467, "2016-12-31": 0.363, "2015-12-31": -0.9573, "2014-12-31": -0.9318, "2013-12-31": 0.3537, "2012-12-31": -0.0342, "2011-12-31": -0.2557, "2010-12-31": 1.5931, "2009-12-31": 1.1046, "2008-12-31": -1.3332, "2007-12-31": -0.1901, "2006-12-31": -1.1208, "2005-12-31": -0.357}, "Free Cash Flow Per Share": {"2019-12-31": 1.9268, "2018-12-31": 2.4552, "2017-12-31": 11.6837, "2016-12-31": 11.5272, "2015-12-31": -18.547, "2014-12-31": 0.6844, "2013-12-31": -13.8755, "2012-12-31": -0.0342, "2011-12-31": -0.2557, "2010-12-31": 1.5931, "2009-12-31": 1.1165, "2008-12-31": -1.3454, "2007-12-31": 0.0714, "2006-12-31": -1.2337, "2005-12-31": -0.5053}}, "financial ratios, quarterly": {"Current Ratio": {"2020-09-30": "1.89460", "2020-06-30": "2.61410", "2020-03-31": "1.07660", "2019-12-31": "2.24760", "2019-09-30": "2.21190", "2019-06-30": "2.00500", "2019-03-31": "2.34840", "2018-12-31": "2.43050", "2018-09-30": "2.71850", "2018-06-30": "2.29510", "2018-03-31": "3.65140", "2017-12-31": "2.69300", "2017-09-30": "2.99800", "2017-06-30": "2.81900", "2017-03-31": "2.77730", "2016-12-31": "2.07800", "2016-09-30": "0.80680", "2016-06-30": "0.82440", "2016-03-31": "0.75760", "2015-12-31": "0.81570", "2015-09-30": "3.93470", "2015-06-30": "3.53190", "2015-03-31": "8.40850", "2014-12-31": "9.71660", "2014-09-30": "3.44100", "2014-06-30": "4.07150", "2014-03-31": "7.53650", "2013-12-31": "6.71350", "2013-09-30": "4.73210", "2013-06-30": "2.46930", "2013-03-31": "3.17670", "2012-12-31": "4.68550", "2012-09-30": "4.56460", "2012-06-30": "2.19810", "2012-03-31": "1.88120", "2011-12-31": "1.01110", "2011-09-30": "0.52490", "2011-06-30": "0.71680", "2011-03-31": "1.84610", "2010-12-31": "2.49660", "2010-09-30": "0.61310", "2010-06-30": "3.37410", "2010-03-31": "3.31210", "2009-12-31": "4.32360", "2009-09-30": "2.75510", "2009-06-30": "3.21080", "2009-03-31": "3.42310", "2008-12-31": "6.29930", "2008-09-30": "4.60740", "2008-06-30": "3.15080", "2008-03-31": "2.22030", "2007-12-31": "3.46970", "2007-09-30": "3.97680", "2007-06-30": "9.17110", "2007-03-31": "6.22350", "2006-12-31": "10.49380", "2006-09-30": "11.63390", "2006-06-30": "13.66680", "2006-03-31": "25.65750", "2005-12-31": "14.21130", "2005-09-30": "34.93290", "2005-06-30": "4.08820", "2005-03-31": "25.01720"}, "Long-term Debt / Capital": {"2020-09-30": "0.92960", "2020-06-30": "0.91150", "2020-03-31": "0.91430", "2019-12-31": "0.92680", "2019-09-30": "0.95400", "2019-06-30": "0.93680", "2019-03-31": "0.93090", "2018-12-31": "0.93590", "2018-09-30": "0.93750", "2018-06-30": "0.93920", "2018-03-31": "0.93760", "2017-12-31": "0.95330", "2017-09-30": "0.95840", "2017-06-30": "0.96090", "2017-03-31": "0.96030", "2016-12-31": "0.96280", "2016-09-30": "0.96420", "2016-06-30": "0.95370", "2016-03-31": "0.93140", "2015-12-31": "0.90530", "2015-09-30": "0.89460", "2015-06-30": "0.87020", "2015-03-31": "0.83730", "2014-12-31": "0.79680", "2014-09-30": "0.79410", "2014-06-30": "0.78500", "2014-03-31": "0.70660", "2013-12-31": "0.69840", "2013-09-30": "0.70640", "2013-06-30": "0.69560", "2013-03-31": "0.58740", "2012-12-31": "0.48930", "2012-09-30": "0.55180", "2012-06-30": "0.81180", "2012-03-31": "0.95490", "2011-12-31": "1.07520", "2011-09-30": "1.22050", "2011-06-30": "1.19340", "2011-03-31": "1.20970", "2010-12-31": "1.19250", "2010-09-30": "1.19340", "2010-06-30": "1.15360", "2010-03-31": "1.18120", "2009-12-31": "1.16560", "2009-09-30": "1.15550", "2009-06-30": "1.13730", "2009-03-31": "1.16310", "2008-12-31": "1.09760", "2008-09-30": "1.20080", "2008-06-30": "1.19770", "2008-03-31": "1.14210", "2007-12-31": "1.12310", "2007-09-30": "1.10700", "2007-06-30": "1.04680", "2007-03-31": "0.95290", "2006-12-31": "0.94270", "2006-09-30": "0.85310", "2006-06-30": "0.78830", "2006-03-31": "0.78340", "2005-12-31": "0.77360", "2005-09-30": "0.75570", "2005-06-30": "", "2005-03-31": ""}, "Debt/Equity Ratio": {"2020-09-30": "13.35540", "2020-06-30": "10.38120", "2020-03-31": "11.45090", "2019-12-31": "12.66200", "2019-09-30": "20.76990", "2019-06-30": "14.83050", "2019-03-31": "13.46310", "2018-12-31": "14.73200", "2018-09-30": "15.03710", "2018-06-30": "15.52420", "2018-03-31": "15.02990", "2017-12-31": "20.43230", "2017-09-30": "23.05080", "2017-06-30": "24.55580", "2017-03-31": "24.23320", "2016-12-31": "26.14420", "2016-09-30": "29.49390", "2016-06-30": "22.52640", "2016-03-31": "15.05240", "2015-12-31": "10.62750", "2015-09-30": "8.49140", "2015-06-30": "6.70540", "2015-03-31": "5.14700", "2014-12-31": "3.92010", "2014-09-30": "3.85740", "2014-06-30": "3.65220", "2014-03-31": "2.40820", "2013-12-31": "2.31550", "2013-09-30": "2.40650", "2013-06-30": "2.28480", "2013-03-31": "1.42350", "2012-12-31": "0.95820", "2012-09-30": "1.23110", "2012-06-30": "4.71190", "2012-03-31": "22.89760", "2011-12-31": "-17.15360", "2011-09-30": "-6.62840", "2011-06-30": "-6.86240", "2011-03-31": "-5.76860", "2010-12-31": "-6.19430", "2010-09-30": "-6.76350", "2010-06-30": "-7.50940", "2010-03-31": "-6.51820", "2009-12-31": "-7.03930", "2009-09-30": "-7.43120", "2009-06-30": "-8.28120", "2009-03-31": "-7.13210", "2008-12-31": "-11.24730", "2008-09-30": "-5.97920", "2008-06-30": "-6.05710", "2008-03-31": "-8.03890", "2007-12-31": "-9.12570", "2007-09-30": "-10.34780", "2007-06-30": "-22.37060", "2007-03-31": "20.25370", "2006-12-31": "16.45410", "2006-09-30": "5.83270", "2006-06-30": "3.74540", "2006-03-31": "3.63880", "2005-12-31": "3.43900", "2005-09-30": "3.11400", "2005-06-30": "", "2005-03-31": ""}, "Gross Margin": {"2020-09-30": "25.68490", "2020-06-30": "51.74850", "2020-03-31": "61.46180", "2019-12-31": "44.99500", "2019-09-30": "27.32720", "2019-06-30": "31.28270", "2019-03-31": "36.48830", "2018-12-31": "29.66850", "2018-09-30": "34.08470", "2018-06-30": "33.70060", "2018-03-31": "41.16860", "2017-12-31": "35.85340", "2017-09-30": "32.92940", "2017-06-30": "34.73010", "2017-03-31": "41.78370", "2016-12-31": "46.85320", "2016-09-30": "32.04300", "2016-06-30": "25.42370", "2016-03-31": "23.18840", "2015-12-31": "49.38800", "2015-09-30": "101.86650", "2015-06-30": "47.24150", "2015-03-31": "22.99000", "2014-12-31": "33.16660", "2014-09-30": "43.82770", "2014-06-30": "33.82810", "2014-03-31": "61.80760", "2013-12-31": "65.49080", "2013-09-30": "39.08730", "2013-06-30": "20.79730", "2013-03-31": "50.76470", "2012-12-31": "52.29610", "2012-09-30": "60.94280", "2012-06-30": "48.41000", "2012-03-31": "52.50730", "2011-12-31": "77.41980", "2011-09-30": "63.59380", "2011-06-30": "70.68260", "2011-03-31": "76.31100", "2010-12-31": "78.47040", "2010-09-30": "79.38260", "2010-06-30": "83.79640", "2010-03-31": "82.85900", "2009-12-31": "87.00230", "2009-09-30": "85.35110", "2009-06-30": "75.18640", "2009-03-31": "-610.44540", "2008-12-31": "-1400.76500", "2008-09-30": "-41.58540", "2008-06-30": "-241.35670", "2008-03-31": "-365.74140", "2007-12-31": "-1232.96700", "2007-09-30": "-2644.16300", "2007-06-30": "-1120.98600", "2007-03-31": "592.03820", "2006-12-31": "-712.01500", "2006-09-30": "-394.57260", "2006-06-30": "1034.86700", "2006-03-31": "-2080.56900", "2005-12-31": "-921.05880", "2005-09-30": "-510.56240", "2005-06-30": "-762.69950", "2005-03-31": "-717.09630"}, "Operating Margin": {"2020-09-30": "4.93150", "2020-06-30": "39.00920", "2020-03-31": "49.68620", "2019-12-31": "33.78780", "2019-09-30": "14.14750", "2019-06-30": "18.84820", "2019-03-31": "26.80230", "2018-12-31": "21.65340", "2018-09-30": "23.36450", "2018-06-30": "21.77580", "2018-03-31": "33.31850", "2017-12-31": "25.25770", "2017-09-30": "21.16890", "2017-06-30": "22.07900", "2017-03-31": "31.04870", "2016-12-31": "21.32870", "2016-09-30": "3.22580", "2016-06-30": "-42.93790", "2016-03-31": "-131.88410", "2015-12-31": "-351.30350", "2015-09-30": "-78.82950", "2015-06-30": "-140.93930", "2015-03-31": "-88.11590", "2014-12-31": "-153.54810", "2014-09-30": "-91.55330", "2014-06-30": "-91.85460", "2014-03-31": "-70.48410", "2013-12-31": "-118.51840", "2013-09-30": "-67.75370", "2013-06-30": "-202.86410", "2013-03-31": "-102.34880", "2012-12-31": "-23.60570", "2012-09-30": "-82.60400", "2012-06-30": "-9.82060", "2012-03-31": "1.02310", "2011-12-31": "10.69570", "2011-09-30": "15.73400", "2011-06-30": "22.60820", "2011-03-31": "29.74340", "2010-12-31": "35.11720", "2010-09-30": "32.79660", "2010-06-30": "36.16260", "2010-03-31": "39.04320", "2009-12-31": "49.43580", "2009-09-30": "32.40430", "2009-06-30": "0.85090", "2009-03-31": "-3028.17800", "2008-12-31": "-9680.09000", "2008-09-30": "-954.75620", "2008-06-30": "-11320.24000", "2008-03-31": "-2597.49500", "2007-12-31": "-7323.70400", "2007-09-30": "-11998.48000", "2007-06-30": "-4612.84400", "2007-03-31": "2370.38200", "2006-12-31": "-3389.48700", "2006-09-30": "-2150.33900", "2006-06-30": "-2118.40200", "2006-03-31": "-5347.63000", "2005-12-31": "-2396.47100", "2005-09-30": "-1455.00700", "2005-06-30": "-1611.61100", "2005-03-31": "-1421.98100"}, "EBIT Margin": {"2020-09-30": "4.93150", "2020-06-30": "39.00920", "2020-03-31": "49.68620", "2019-12-31": "33.78780", "2019-09-30": "14.14750", "2019-06-30": "18.84820", "2019-03-31": "26.80230", "2018-12-31": "21.65340", "2018-09-30": "23.36450", "2018-06-30": "21.77580", "2018-03-31": "33.31850", "2017-12-31": "25.25770", "2017-09-30": "21.16890", "2017-06-30": "22.07900", "2017-03-31": "31.04870", "2016-12-31": "21.32870", "2016-09-30": "3.22580", "2016-06-30": "-42.93790", "2016-03-31": "-131.88410", "2015-12-31": "-351.30340", "2015-09-30": "-78.82950", "2015-06-30": "-140.93930", "2015-03-31": "-88.11590", "2014-12-31": "-153.54810", "2014-09-30": "-91.55330", "2014-06-30": "-91.85460", "2014-03-31": "-70.48410", "2013-12-31": "-118.51850", "2013-09-30": "-67.75370", "2013-06-30": "-202.86410", "2013-03-31": "-102.34880", "2012-12-31": "-23.60570", "2012-09-30": "-82.60400", "2012-06-30": "-9.82060", "2012-03-31": "1.02310", "2011-12-31": "10.69570", "2011-09-30": "15.73400", "2011-06-30": "22.60820", "2011-03-31": "29.74340", "2010-12-31": "35.11720", "2010-09-30": "32.79660", "2010-06-30": "36.16260", "2010-03-31": "39.04320", "2009-12-31": "49.43580", "2009-09-30": "32.40430", "2009-06-30": "0.85090", "2009-03-31": "-3028.17800", "2008-12-31": "-9680.09000", "2008-09-30": "-954.75620", "2008-06-30": "-11320.24000", "2008-03-31": "-2597.49500", "2007-12-31": "-7323.70300", "2007-09-30": "-11998.48000", "2007-06-30": "-4612.84400", "2007-03-31": "2370.38200", "2006-12-31": "-3389.48700", "2006-09-30": "-2150.33900", "2006-06-30": "-2118.40200", "2006-03-31": "-5347.63000", "2005-12-31": "-2396.47100", "2005-09-30": "-1455.00700", "2005-06-30": "-1611.61100", "2005-03-31": "-1421.98100"}, "EBITDA Margin": {"2020-09-30": "", "2020-06-30": "", "2020-03-31": "", "2019-12-31": "", "2019-09-30": "", "2019-06-30": "", "2019-03-31": "", "2018-12-31": "", "2018-09-30": "", "2018-06-30": "", "2018-03-31": "", "2017-12-31": "", "2017-09-30": "", "2017-06-30": "", "2017-03-31": "", "2016-12-31": "", "2016-09-30": "", "2016-06-30": "", "2016-03-31": "", "2015-12-31": "", "2015-09-30": "", "2015-06-30": "", "2015-03-31": "", "2014-12-31": "", "2014-09-30": "", "2014-06-30": "", "2014-03-31": "", "2013-12-31": "", "2013-09-30": "", "2013-06-30": "", "2013-03-31": "", "2012-12-31": "", "2012-09-30": "", "2012-06-30": "", "2012-03-31": "", "2011-12-31": "", "2011-09-30": "", "2011-06-30": "", "2011-03-31": "", "2010-12-31": "", "2010-09-30": "", "2010-06-30": "", "2010-03-31": "", "2009-12-31": "", "2009-09-30": "", "2009-06-30": "", "2009-03-31": "", "2008-12-31": "", "2008-09-30": "", "2008-06-30": "", "2008-03-31": "", "2007-12-31": "", "2007-09-30": "", "2007-06-30": "", "2007-03-31": "", "2006-12-31": "", "2006-09-30": "", "2006-06-30": "", "2006-03-31": "", "2005-12-31": "", "2005-09-30": "", "2005-06-30": "", "2005-03-31": ""}, "Pre-Tax Profit Margin": {"2020-09-30": "-39.93150", "2020-06-30": "19.44210", "2020-03-31": "27.09490", "2019-12-31": "21.15070", "2019-09-30": "-12.11980", "2019-06-30": "0.08730", "2019-03-31": "15.03760", "2018-12-31": "9.86150", "2018-09-30": "12.64430", "2018-06-30": "9.52690", "2018-03-31": "27.43090", "2017-12-31": "16.26580", "2017-09-30": "6.27230", "2017-06-30": "1.77280", "2017-03-31": "14.20310", "2016-12-31": "26.22380", "2016-09-30": "-27.74190", "2016-06-30": "-189.83050", "2016-03-31": "-504.34780", "2015-12-31": "-455.69310", "2015-09-30": "-464.97980", "2015-06-30": "-209.20100", "2015-03-31": "-490.23090", "2014-12-31": "-275.99770", "2014-09-30": "-153.91950", "2014-06-30": "-414.85110", "2014-03-31": "-180.98150", "2013-12-31": "-220.05100", "2013-09-30": "-178.22180", "2013-06-30": "-242.46690", "2013-03-31": "-189.22250", "2012-12-31": "-147.01270", "2012-09-30": "-169.42180", "2012-06-30": "-121.70940", "2012-03-31": "-83.50170", "2011-12-31": "-80.96710", "2011-09-30": "-84.28270", "2011-06-30": "-66.55130", "2011-03-31": "-51.08990", "2010-12-31": "-114.76420", "2010-09-30": "-60.51610", "2010-06-30": "124.74840", "2010-03-31": "-44.83190", "2009-12-31": "-27.25700", "2009-09-30": "-74.39290", "2009-06-30": "-39.71920", "2009-03-31": "-7071.98300", "2008-12-31": "-18218.68000", "2008-09-30": "-1771.80500", "2008-06-30": "-15191.25000", "2008-03-31": "-3471.63200", "2007-12-31": "-10780.53000", "2007-09-30": "-13832.23000", "2007-06-30": "-4841.51400", "2007-03-31": "2756.05100", "2006-12-31": "-11679.22000", "2006-09-30": "-2445.99700", "2006-06-30": "-2237.28800", "2006-03-31": "-5503.31800", "2005-12-31": "-2412.23500", "2005-09-30": "1103.84100", "2005-06-30": "-1406.67600", "2005-03-31": "-1293.21600"}, "Net Profit Margin": {"2020-09-30": "-31.71230", "2020-06-30": "8.20150", "2020-03-31": "13.84280", "2019-12-31": "31.22710", "2019-09-30": "-14.65440", "2019-06-30": "-4.97380", "2019-03-31": "6.23620", "2018-12-31": "2.81160", "2018-09-30": "3.57340", "2018-06-30": "-1.16660", "2018-03-31": "15.92330", "2017-12-31": "7.27380", "2017-09-30": "-20.59870", "2017-06-30": "-22.96540", "2017-03-31": "4.45910", "2016-12-31": "19.23080", "2016-09-30": "-21.72040", "2016-06-30": "-168.36160", "2016-03-31": "-465.21740", "2015-12-31": "-424.50870", "2015-09-30": "-450.82130", "2015-06-30": "-174.19330", "2015-03-31": "-391.56490", "2014-12-31": "-240.49770", "2014-09-30": "-134.08920", "2014-06-30": "-298.51140", "2014-03-31": "-144.79640", "2013-12-31": "-203.59670", "2013-09-30": "-148.90560", "2013-06-30": "-230.38240", "2013-03-31": "-177.68490", "2012-12-31": "-139.90500", "2012-09-30": "-165.15800", "2012-06-30": "-117.18650", "2012-03-31": "-80.05080", "2011-12-31": "-79.64040", "2011-09-30": "-81.95340", "2011-06-30": "-64.78640", "2011-03-31": "-50.28080", "2010-12-31": "-114.12430", "2010-09-30": "-59.45960", "2010-06-30": "125.48810", "2010-03-31": "-44.22580", "2009-12-31": "-27.10280", "2009-09-30": "-75.44030", "2009-06-30": "-34.38180", "2009-03-31": "-6699.75700", "2008-12-31": "-17593.57000", "2008-09-30": "-1746.80500", "2008-06-30": "-14939.06000", "2008-03-31": "-3379.21400", "2007-12-31": "-10588.85000", "2007-09-30": "-13567.00000", "2007-06-30": "-4715.48100", "2007-03-31": "2751.27400", "2006-12-31": "-11679.22000", "2006-09-30": "-4491.99500", "2006-06-30": "-876.27120", "2006-03-31": "-3746.68200", "2005-12-31": "-2171.64700", "2005-09-30": "1103.84100", "2005-06-30": "-1406.67600", "2005-03-31": "-1280.05400"}, "Asset Turnover": {"2020-09-30": "0.04060", "2020-06-30": "0.06700", "2020-03-31": "0.07580", "2019-12-31": "0.08470", "2019-09-30": "0.06250", "2019-06-30": "0.06630", "2019-03-31": "0.06880", "2018-12-31": "0.07450", "2018-09-30": "0.05920", "2018-06-30": "0.05090", "2018-03-31": "0.07910", "2017-12-31": "0.06260", "2017-09-30": "0.05170", "2017-06-30": "0.04670", "2017-03-31": "0.04650", "2016-12-31": "0.02410", "2016-09-30": "0.02050", "2016-06-30": "0.00830", "2016-03-31": "0.00340", "2015-12-31": "0.00360", "2015-09-30": "0.00360", "2015-06-30": "0.00380", "2015-03-31": "0.00460", "2014-12-31": "0.00520", "2014-09-30": "0.00570", "2014-06-30": "0.00570", "2014-03-31": "0.00710", "2013-12-31": "0.00690", "2013-09-30": "0.00830", "2013-06-30": "0.00780", "2013-03-31": "0.01000", "2012-12-31": "0.01450", "2012-09-30": "0.01510", "2012-06-30": "0.02060", "2012-03-31": "0.02400", "2011-12-31": "0.02490", "2011-09-30": "0.02480", "2011-06-30": "0.02780", "2011-03-31": "0.03090", "2010-12-31": "0.02960", "2010-09-30": "0.02610", "2010-06-30": "0.02620", "2010-03-31": "0.02910", "2009-12-31": "0.03130", "2009-09-30": "0.02020", "2009-06-30": "0.01360", "2009-03-31": "0.00040", "2008-12-31": "0.00020", "2008-09-30": "0.00130", "2008-06-30": "0.00030", "2008-03-31": "0.00050", "2007-12-31": "0.00020", "2007-09-30": "0.00010", "2007-06-30": "0.00030", "2007-03-31": "-0.00040", "2006-12-31": "0.00030", "2006-09-30": "0.00050", "2006-06-30": "0.00030", "2006-03-31": "0.00030", "2005-12-31": "0.00070", "2005-09-30": "0.00060", "2005-06-30": "0.00150", "2005-03-31": "0.00180"}, "Inventory Turnover Ratio": {"2020-09-30": "3.87500", "2020-06-30": "5.59900", "2020-03-31": "4.36820", "2019-12-31": "5.30130", "2019-09-30": "5.47570", "2019-06-30": "5.43100", "2019-03-31": "5.14700", "2018-12-31": "5.30380", "2018-09-30": "4.02350", "2018-06-30": "4.39060", "2018-03-31": "10.72360", "2017-12-31": "4.60910", "2017-09-30": "7.07520", "2017-06-30": "5.40000", "2017-03-31": "6.23890", "2016-12-31": "1.90000", "2016-09-30": "4.94890", "2016-06-30": "1.99030", "2016-03-31": "1.69640", "2015-12-31": "1.91410", "2015-09-30": "-0.13650", "2015-06-30": "2.57200", "2015-03-31": "3.23370", "2014-12-31": "5.66120", "2014-09-30": "2.68700", "2014-06-30": "7.71760", "2014-03-31": "6.28320", "2013-12-31": "2.16990", "2013-09-30": "2.86400", "2013-06-30": "4.53590", "2013-03-31": "7.04650", "2012-12-31": "4.56520", "2012-09-30": "3.90740", "2012-06-30": "13.86590", "2012-03-31": "10.16400", "2011-12-31": "2.49790", "2011-09-30": "3.48310", "2011-06-30": "4.65260", "2011-03-31": "1.95490", "2010-12-31": "13.40680", "2010-09-30": "15.61710", "2010-06-30": "22.08180", "2010-03-31": "1.22350", "2009-12-31": "0.34130", "2009-09-30": "0.39750", "2009-06-30": "0.88040", "2009-03-31": "", "2008-12-31": "", "2008-09-30": "", "2008-06-30": "", "2008-03-31": "", "2007-12-31": "", "2007-09-30": "", "2007-06-30": "", "2007-03-31": "", "2006-12-31": "", "2006-09-30": "", "2006-06-30": "", "2006-03-31": "", "2005-12-31": "", "2005-09-30": "", "2005-06-30": "", "2005-03-31": ""}, "Receiveable Turnover": {"2020-09-30": "3.74360", "2020-06-30": "3.71830", "2020-03-31": "5.78850", "2019-12-31": "6.12420", "2019-09-30": "4.28010", "2019-06-30": "5.29330", "2019-03-31": "5.75320", "2018-12-31": "4.07350", "2018-09-30": "7.39430", "2018-06-30": "5.51070", "2018-03-31": "3.68750", "2017-12-31": "4.70620", "2017-09-30": "5.29430", "2017-06-30": "4.36970", "2017-03-31": "4.17590", "2016-12-31": "2.62390", "2016-09-30": "3.01620", "2016-06-30": "2.38280", "2016-03-31": "2.87750", "2015-12-31": "11.92330", "2015-09-30": "9.94120", "2015-06-30": "10.08380", "2015-03-31": "2.10350", "2014-12-31": "14.92470", "2014-09-30": "2.85680", "2014-06-30": "16.20240", "2014-03-31": "17.38290", "2013-12-31": "14.80610", "2013-09-30": "2.59630", "2013-06-30": "2.49400", "2013-03-31": "24.34650", "2012-12-31": "19.34020", "2012-09-30": "2.26020", "2012-06-30": "13.19390", "2012-03-31": "37.62630", "2011-12-31": "23.85480", "2011-09-30": "15.75610", "2011-06-30": "26.57300", "2011-03-31": "2.38750", "2010-12-31": "16.06150", "2010-09-30": "20.94140", "2010-06-30": "3.16600", "2010-03-31": "22.50690", "2009-12-31": "8.64730", "2009-09-30": "6.33300", "2009-06-30": "4.02790", "2009-03-31": "0.17000", "2008-12-31": "0.17990", "2008-09-30": "0.54150", "2008-06-30": "0.02760", "2008-03-31": "0.02150", "2007-12-31": "0.01310", "2007-09-30": "0.01220", "2007-06-30": "0.04370", "2007-03-31": "-0.08640", "2006-12-31": "0.10060", "2006-09-30": "0.15840", "2006-06-30": "0.07670", "2006-03-31": "0.11110", "2005-12-31": "0.29190", "2005-09-30": "0.30050", "2005-06-30": "0.64330", "2005-03-31": "0.51390"}, "Days Sales In Receivables": {"2020-09-30": "24.04110", "2020-06-30": "24.20480", "2020-03-31": "15.54820", "2019-12-31": "14.69570", "2019-09-30": "21.02770", "2019-06-30": "17.00260", "2019-03-31": "15.64350", "2018-12-31": "22.09400", "2018-09-30": "12.17150", "2018-06-30": "16.33180", "2018-03-31": "24.40680", "2017-12-31": "19.12370", "2017-09-30": "16.99930", "2017-06-30": "20.59630", "2017-03-31": "21.55240", "2016-12-31": "34.30070", "2016-09-30": "29.83880", "2016-06-30": "37.77100", "2016-03-31": "31.27700", "2015-12-31": "7.54830", "2015-09-30": "9.05330", "2015-06-30": "8.92520", "2015-03-31": "42.78650", "2014-12-31": "6.03030", "2014-09-30": "31.50340", "2014-06-30": "5.55470", "2014-03-31": "5.17750", "2013-12-31": "6.07860", "2013-09-30": "34.66420", "2013-06-30": "36.08600", "2013-03-31": "3.69660", "2012-12-31": "4.65350", "2012-09-30": "39.81940", "2012-06-30": "6.82130", "2012-03-31": "2.39190", "2011-12-31": "3.77280", "2011-09-30": "5.71210", "2011-06-30": "3.38690", "2011-03-31": "37.69660", "2010-12-31": "5.60350", "2010-09-30": "4.29770", "2010-06-30": "28.42700", "2010-03-31": "3.99880", "2009-12-31": "10.40780", "2009-09-30": "14.21130", "2009-06-30": "22.34410", "2009-03-31": "529.28740", "2008-12-31": "500.30620", "2008-09-30": "166.21460", "2008-06-30": "3261.86000", "2008-03-31": "4188.50400", "2007-12-31": "6892.84100", "2007-09-30": "7385.25400", "2007-06-30": "2059.98900", "2007-03-31": "-1042.02200", "2006-12-31": "894.48050", "2006-09-30": "568.33110", "2006-06-30": "1173.70500", "2006-03-31": "810.21330", "2005-12-31": "308.32940", "2005-09-30": "299.50620", "2005-06-30": "139.89840", "2005-03-31": "175.11530"}, "ROE - Return On Equity": {"2020-09-30": "-21.64470", "2020-06-30": "13.48470", "2020-03-31": "22.17730", "2019-12-31": "47.35110", "2019-09-30": "-17.49660", "2019-06-30": "0.09890", "2019-03-31": "15.76240", "2018-12-31": "11.56040", "2018-09-30": "12.39760", "2018-06-30": "8.65050", "2018-03-31": "35.14940", "2017-12-31": "22.58060", "2017-09-30": "8.31020", "2017-06-30": "2.09160", "2017-03-31": "17.28640", "2016-12-31": "17.87840", "2016-09-30": "-18.56210", "2016-06-30": "-38.76570", "2016-03-31": "-28.97020", "2015-12-31": "-19.99880", "2015-09-30": "-16.46670", "2015-06-30": "-6.40090", "2015-03-31": "-14.26470", "2014-12-31": "-7.35640", "2014-09-30": "-4.49680", "2014-06-30": "-11.40650", "2014-03-31": "-4.47890", "2013-12-31": "-5.20230", "2013-09-30": "-5.28780", "2013-06-30": "-6.72080", "2013-03-31": "-4.83640", "2012-12-31": "-4.37340", "2012-09-30": "-5.99900", "2012-06-30": "-14.93450", "2012-03-31": "-50.38130", "2011-12-31": "34.06750", "2011-09-30": "12.41200", "2011-06-30": "11.26030", "2011-03-31": "7.94210", "2010-12-31": "18.32720", "2010-09-30": "9.58230", "2010-06-30": "-22.03300", "2010-03-31": "7.60610", "2009-12-31": "5.39930", "2009-09-30": "10.28130", "2009-06-30": "4.13940", "2009-03-31": "19.62820", "2008-12-31": "43.41040", "2008-09-30": "13.77960", "2008-06-30": "29.48860", "2008-03-31": "14.95110", "2007-12-31": "23.46000", "2007-09-30": "20.06280", "2007-06-30": "33.36440", "2007-03-31": "-29.69390", "2006-12-31": "-65.14410", "2006-09-30": "-15.19840", "2006-06-30": "-1.26740", "2006-03-31": "-5.79960", "2005-12-31": "-6.87380", "2005-09-30": "2.70910", "2005-06-30": "-2.76220", "2005-03-31": "-2.48250"}, "Return On Tangible Equity": {"2020-09-30": "-22.37890", "2020-06-30": "13.84040", "2020-03-31": "22.82360", "2019-12-31": "48.89740", "2019-09-30": "-18.45280", "2019-06-30": "0.10280", "2019-03-31": "16.35130", "2018-12-31": "12.04100", "2018-09-30": "12.94190", "2018-06-30": "9.05250", "2018-03-31": "36.80980", "2017-12-31": "24.07570", "2017-09-30": "8.94630", "2017-06-30": "2.26540", "2017-03-31": "18.73640", "2016-12-31": "19.68500", "2016-09-30": "-20.82940", "2016-06-30": "-42.54780", "2016-03-31": "-30.94340", "2015-12-31": "-21.03360", "2015-09-30": "-17.17410", "2015-06-30": "-6.63080", "2015-03-31": "-14.74580", "2014-12-31": "-7.58950", "2014-09-30": "-4.65010", "2014-06-30": "-11.77410", "2014-03-31": "-4.61430", "2013-12-31": "-5.34690", "2013-09-30": "-5.47980", "2013-06-30": "-6.95230", "2013-03-31": "-4.99370", "2012-12-31": "-4.53620", "2012-09-30": "-6.27200", "2012-06-30": "-17.76880", "2012-03-31": "-167.12980", "2011-12-31": "23.14830", "2011-09-30": "10.49410", "2011-06-30": "9.44170", "2011-03-31": "6.83120", "2010-12-31": "15.59260", "2010-09-30": "8.03680", "2010-06-30": "-18.14290", "2010-03-31": "6.46310", "2009-12-31": "4.53020", "2009-09-30": "8.54320", "2009-06-30": "3.37150", "2009-03-31": "16.54410", "2008-12-31": "33.32400", "2008-09-30": "11.90470", "2008-06-30": "25.06830", "2008-03-31": "11.65340", "2007-12-31": "17.74740", "2007-09-30": "15.30100", "2007-06-30": "20.10380", "2007-03-31": "-98.17320", "2006-12-31": "-150.33650", "2006-09-30": "-23.69830", "2006-06-30": "-1.74810", "2006-03-31": "-8.08600", "2005-12-31": "-9.63390", "2005-09-30": "3.65600", "2005-06-30": "-3.53790", "2005-03-31": "-3.11350"}, "ROA - Return On Assets": {"2020-09-30": "-1.41380", "2020-06-30": "1.12700", "2020-03-31": "1.68690", "2019-12-31": "3.24860", "2019-09-30": "-0.74920", "2019-06-30": "0.00580", "2019-03-31": "1.02480", "2018-12-31": "0.69720", "2018-09-30": "0.73850", "2018-06-30": "0.49460", "2018-03-31": "2.11710", "2017-12-31": "1.00340", "2017-09-30": "0.33170", "2017-06-30": "0.07890", "2017-03-31": "0.66010", "2016-12-31": "0.63280", "2016-09-30": "-0.57740", "2016-06-30": "-1.56270", "2016-03-31": "-1.70820", "2015-12-31": "-1.66020", "2015-09-30": "-1.66430", "2015-06-30": "-0.79850", "2015-03-31": "-2.25050", "2014-12-31": "-1.46350", "2014-09-30": "-0.88920", "2014-06-30": "-2.36700", "2014-03-31": "-1.28450", "2013-12-31": "-1.52740", "2013-09-30": "-1.50730", "2013-06-30": "-1.90980", "2013-03-31": "-1.89350", "2012-12-31": "-2.13210", "2012-09-30": "-2.55210", "2012-06-30": "-2.50970", "2012-03-31": "-2.00550", "2011-12-31": "-2.02150", "2011-09-30": "-2.09200", "2011-06-30": "-1.84960", "2011-03-31": "-1.57850", "2010-12-31": "-3.39200", "2010-09-30": "-1.57850", "2010-06-30": "3.26640", "2010-03-31": "-1.30270", "2009-12-31": "-0.85380", "2009-09-30": "-1.50260", "2009-06-30": "-0.54120", "2009-03-31": "-3.01970", "2008-12-31": "-4.07410", "2008-09-30": "-2.38230", "2008-06-30": "-4.90220", "2008-03-31": "-1.73500", "2007-12-31": "-2.39260", "2007-09-30": "-1.77180", "2007-06-30": "-1.33310", "2007-03-31": "-1.18650", "2006-12-31": "-3.58290", "2006-09-30": "-2.05360", "2006-06-30": "-0.24960", "2006-03-31": "-1.18670", "2005-12-31": "-1.43080", "2005-09-30": "0.62470", "2005-06-30": "-2.13800", "2005-03-31": "-2.27590"}, "ROI - Return On Investment": {"2020-09-30": "-1.52310", "2020-06-30": "1.19310", "2020-03-31": "1.90120", "2019-12-31": "3.46590", "2019-09-30": "-0.80400", "2019-06-30": "0.00620", "2019-03-31": "1.08980", "2018-12-31": "0.74070", "2018-09-30": "0.77480", "2018-06-30": "0.52600", "2018-03-31": "2.19270", "2017-12-31": "1.05360", "2017-09-30": "0.34610", "2017-06-30": "0.08180", "2017-03-31": "0.68570", "2016-12-31": "0.66590", "2016-09-30": "-0.66370", "2016-06-30": "-1.79590", "2016-03-31": "-1.98830", "2015-12-31": "-1.89460", "2015-09-30": "-1.73490", "2015-06-30": "-0.83070", "2015-03-31": "-2.32060", "2014-12-31": "-1.49520", "2014-09-30": "-0.92580", "2014-06-30": "-2.45190", "2014-03-31": "-1.31410", "2013-12-31": "-1.56910", "2013-09-30": "-1.55230", "2013-06-30": "-2.04600", "2013-03-31": "-1.99560", "2012-12-31": "-2.23340", "2012-09-30": "-2.68880", "2012-06-30": "-2.81110", "2012-03-31": "-2.27000", "2011-12-31": "-2.56040", "2011-09-30": "-2.73700", "2011-06-30": "-2.17800", "2011-03-31": "-1.66550", "2010-12-31": "-3.52830", "2010-09-30": "-1.85290", "2010-06-30": "3.38480", "2010-03-31": "-1.37840", "2009-12-31": "-0.89400", "2009-09-30": "-1.59870", "2009-06-30": "-0.56850", "2009-03-31": "-3.20090", "2008-12-31": "-4.23630", "2008-09-30": "-2.76740", "2008-06-30": "-5.83110", "2008-03-31": "-2.12410", "2007-12-31": "-2.88710", "2007-09-30": "-2.14630", "2007-06-30": "-1.56120", "2007-03-31": "-1.39710", "2006-12-31": "-3.73230", "2006-09-30": "-2.23340", "2006-06-30": "-0.26830", "2006-03-31": "-1.25620", "2005-12-31": "-1.55640", "2005-09-30": "0.66170", "2005-06-30": "-2.76220", "2005-03-31": "-2.48250"}, "Book Value Per Share": {"2020-09-30": "9.30610", "2020-06-30": "11.87950", "2020-03-31": "10.78540", "2019-12-31": "9.60170", "2019-09-30": "5.82750", "2019-06-30": "7.85630", "2019-03-31": "8.30610", "2018-12-31": "7.50580", "2018-09-30": "7.12170", "2018-06-30": "6.98910", "2018-03-31": "7.17530", "2017-12-31": "5.21890", "2017-09-30": "4.55420", "2017-06-30": "4.22200", "2017-03-31": "4.18240", "2016-12-31": "3.52520", "2016-09-30": "3.16470", "2016-06-30": "3.85960", "2016-03-31": "5.38290", "2015-12-31": "6.62730", "2015-09-30": "8.29600", "2015-06-30": "9.80680", "2015-03-31": "10.41760", "2014-12-31": "11.06380", "2014-09-30": "10.22170", "2014-06-30": "10.75120", "2014-03-31": "11.95460", "2013-12-31": "12.39660", "2013-09-30": "10.02750", "2013-06-30": "10.53460", "2013-03-31": "10.89600", "2012-12-31": "10.34110", "2012-09-30": "8.53110", "2012-06-30": "2.78400", "2012-03-31": "0.77670", "2011-12-31": "-1.37190", "2011-09-30": "-5.51050", "2011-06-30": "-5.31270", "2011-03-31": "-7.42970", "2010-12-31": "-7.12840", "2010-09-30": "-7.61510", "2010-06-30": "-6.81740", "2010-03-31": "-8.31750", "2009-12-31": "-7.71660", "2009-09-30": "-7.24750", "2009-06-30": "-6.47280", "2009-03-31": "-8.55870", "2008-12-31": "-5.25830", "2008-09-30": "-10.40740", "2008-06-30": "-11.43460", "2008-03-31": "-8.75520", "2007-12-31": "-7.83920", "2007-09-30": "-4.82560", "2007-06-30": "-2.77410", "2007-03-31": "2.07390", "2006-12-31": "2.59440", "2006-09-30": "3.95260", "2006-06-30": "5.19790", "2006-03-31": "4.97760", "2005-12-31": "4.92550", "2005-09-30": "5.49630", "2005-06-30": "6.50980", "2005-03-31": "7.09290"}, "Operating Cash Flow Per Share": {"2020-09-30": -1.0396, "2020-06-30": 2.157, "2020-03-31": "1.91590", "2019-12-31": 2.8363, "2019-09-30": 1.313, "2019-06-30": 1.3588, "2019-03-31": "1.59380", "2018-12-31": 2.013, "2018-09-30": 1.9667, "2018-06-30": 2.0739, "2018-03-31": "1.97060", "2017-12-31": 1.4332, "2017-09-30": 1.5424, "2017-06-30": 0.9775, "2017-03-31": "1.32790", "2016-12-31": -0.3721, "2016-09-30": -0.1014, "2016-06-30": -0.7179, "2016-03-31": "-0.57430", "2015-12-31": -0.9198, "2015-09-30": 0.0934, "2015-06-30": -1.2396, "2015-03-31": "-0.06270", "2014-12-31": -0.9884, "2014-09-30": -0.1323, "2014-06-30": 0.0309, "2014-03-31": "-0.08160", "2013-12-31": -0.1386, "2013-09-30": -0.0005, "2013-06-30": -0.0392, "2013-03-31": "-0.06130", "2012-12-31": -0.0903, "2012-09-30": 0.0522, "2012-06-30": -0.0312, "2012-03-31": "-0.52400", "2011-12-31": -0.0631, "2011-09-30": -0.078, "2011-06-30": 0.3175, "2011-03-31": "-0.73550", "2010-12-31": -0.0942, "2010-09-30": -0.0325, "2010-06-30": -0.2476, "2010-03-31": "0.07090", "2009-12-31": -0.1168, "2009-09-30": -1.2437, "2009-06-30": -0.0687, "2009-03-31": "-0.46730", "2008-12-31": -0.8658, "2008-09-30": 0.1385, "2008-06-30": -1.7445, "2008-03-31": "-0.52930", "2007-12-31": -0.5564, "2007-09-30": -0.6731, "2007-06-30": 0.08, "2007-03-31": "-0.51840", "2006-12-31": -0.7295, "2006-09-30": -0.1019, "2006-06-30": -0.2687, "2006-03-31": "-0.37770", "2005-12-31": -0.193, "2005-09-30": -0.1538, "2005-06-30": 0.0458, "2005-03-31": "-0.05600"}, "Free Cash Flow Per Share": {"2020-09-30": -2.8429, "2020-06-30": 0.1182, "2020-03-31": "0.06010", "2019-12-31": 1.1013, "2019-09-30": -2.9338, "2019-06-30": -2.082, "2019-03-31": "-0.82400", "2018-12-31": -1.8372, "2018-09-30": -2.6617, "2018-06-30": -0.8765, "2018-03-31": "-1.28990", "2017-12-31": -0.4877, "2017-09-30": -0.8823, "2017-06-30": -3.4101, "2017-03-31": "-4.34040", "2016-12-31": -4.3429, "2016-09-30": -5.1954, "2016-06-30": -5.6499, "2016-03-31": "-5.61600", "2015-12-31": -5.8167, "2015-09-30": -6.2491, "2015-06-30": -17.5917, "2015-03-31": "-2.67390", "2014-12-31": -4.4713, "2014-09-30": -3.2141, "2014-06-30": -2.5525, "2014-03-31": "-3.54650", "2013-12-31": -3.2741, "2013-09-30": -11.0942, "2013-06-30": 2.1154, "2013-03-31": "-2.21590", "2012-12-31": -0.0903, "2012-09-30": 0.0522, "2012-06-30": -0.0312, "2012-03-31": "-0.52400", "2011-12-31": -0.0631, "2011-09-30": -0.078, "2011-06-30": 0.3175, "2011-03-31": "-0.73550", "2010-12-31": -0.0942, "2010-09-30": -0.0325, "2010-06-30": -0.2476, "2010-03-31": "0.07090", "2009-12-31": -0.1113, "2009-09-30": -1.2465, "2009-06-30": -0.0714, "2009-03-31": "-0.46730", "2008-12-31": -0.8194, "2008-09-30": 0.1554, "2008-06-30": -1.7614, "2008-03-31": "-0.58760", "2007-12-31": -0.1008, "2007-09-30": -0.8356, "2007-06-30": -0.0992, "2007-03-31": "-0.63200", "2006-12-31": -0.8004, "2006-09-30": -0.1703, "2006-06-30": -0.324, "2006-03-31": "-0.44430", "2005-12-31": -0.2784, "2005-09-30": -0.1665, "2005-06-30": 0.0283, "2005-03-31": "-0.08870"}}, "revenue": {"Cheniere Energy Annual Revenue (Millions of US $)": {"2019": "$9,730", "2018": "$7,987", "2017": "$5,601", "2016": "$1,283", "2015": "$271", "2014": "$268", "2013": "$267", "2012": "$266", "2011": "$290", "2010": "$292", "2009": "$181", "2008": "$7", "2007": "$1", "2006": "$2", "2005": "$3"}, "Cheniere Energy Quarterly Revenue (Millions of US $)": {"2020-09-30": "$1,460", "2020-06-30": "$2,402", "2020-03-31": "$2,709", "2019-12-31": "$3,007", "2019-09-30": "$2,170", "2019-06-30": "$2,292", "2019-03-31": "$2,261", "2018-12-31": "$2,383", "2018-09-30": "$1,819", "2018-06-30": "$1,543", "2018-03-31": "$2,242", "2017-12-31": "$1,746", "2017-09-30": "$1,403", "2017-06-30": "$1,241", "2017-03-31": "$1,211", "2016-12-31": "$572", "2016-09-30": "$465", "2016-06-30": "$177", "2016-03-31": "$69", "2015-12-31": "$69", "2015-09-30": "$66", "2015-06-30": "$68", "2015-03-31": "$68", "2014-12-31": "$66", "2014-09-30": "$67", "2014-06-30": "$68", "2014-03-31": "$68", "2013-12-31": "$66", "2013-09-30": "$68", "2013-06-30": "$67", "2013-03-31": "$66", "2012-12-31": "$67", "2012-09-30": "$66", "2012-06-30": "$62", "2012-03-31": "$70", "2011-12-31": "$73", "2011-09-30": "$66", "2011-06-30": "$73", "2011-03-31": "$79", "2010-12-31": "$75", "2010-09-30": "$68", "2010-06-30": "$68", "2010-03-31": "$80", "2009-12-31": "$86", "2009-09-30": "$56", "2009-06-30": "$38", "2009-03-31": "$1", "2008-12-31": "$1", "2008-09-30": "$4", "2008-06-30": "$1", "2008-03-31": "$1", "2007-12-31": "$1", "2007-09-30": "$0", "2007-06-30": "$1", "2007-03-31": "$-1", "2006-12-31": "$1", "2006-09-30": "$1", "2006-06-30": "$0", "2006-03-31": "$0", "2005-12-31": "$1", "2005-09-30": "$1", "2005-06-30": "$1", "2005-03-31": "$1"}}, "gross-profit": {"Cheniere Energy Annual Gross Profit (Millions of US $)": {"2019": "$3,488", "2018": "$2,770", "2017": "$2,025", "2016": "$478", "2015": "$149", "2014": "$116", "2013": "$117", "2012": "$143", "2011": "$210", "2010": "$237", "2009": "$144", "2008": "$-18", "2007": "$-35", "2006": "$-13", "2005": "$-22"}, "Cheniere Energy Quarterly Gross Profit (Millions of US $)": {"2020-09-30": "$375", "2020-06-30": "$1,243", "2020-03-31": "$1,665", "2019-12-31": "$1,353", "2019-09-30": "$593", "2019-06-30": "$717", "2019-03-31": "$825", "2018-12-31": "$707", "2018-09-30": "$620", "2018-06-30": "$520", "2018-03-31": "$923", "2017-12-31": "$626", "2017-09-30": "$462", "2017-06-30": "$431", "2017-03-31": "$506", "2016-12-31": "$268", "2016-09-30": "$149", "2016-06-30": "$45", "2016-03-31": "$16", "2015-12-31": "$34", "2015-09-30": "$67", "2015-06-30": "$32", "2015-03-31": "$16", "2014-12-31": "$22", "2014-09-30": "$29", "2014-06-30": "$23", "2014-03-31": "$42", "2013-12-31": "$43", "2013-09-30": "$26", "2013-06-30": "$14", "2013-03-31": "$33", "2012-12-31": "$35", "2012-09-30": "$40", "2012-06-30": "$30", "2012-03-31": "$37", "2011-12-31": "$56", "2011-09-30": "$42", "2011-06-30": "$51", "2011-03-31": "$60", "2010-12-31": "$59", "2010-09-30": "$54", "2010-06-30": "$57", "2010-03-31": "$66", "2009-12-31": "$74", "2009-09-30": "$48", "2009-06-30": "$29", "2009-03-31": "$-8", "2008-12-31": "$-9", "2008-09-30": "$-2", "2008-06-30": "$-2", "2008-03-31": "$-5", "2007-12-31": "$-8", "2007-09-30": "$-10", "2007-06-30": "$-10", "2007-03-31": "$-7", "2006-12-31": "$-6", "2006-09-30": "$-3", "2006-06-30": "$4", "2006-03-31": "$-9", "2005-12-31": "$-8", "2005-09-30": "$-4", "2005-06-30": "$-5", "2005-03-31": "$-5"}}, "operating-income": {"Cheniere Energy Annual Operating Income (Millions of US $)": {"2019": "$2,361", "2018": "$2,024", "2017": "$1,388", "2016": "$-30", "2015": "$-449", "2014": "$-272", "2013": "$-328", "2012": "$-76", "2011": "$58", "2010": "$105", "2009": "$23", "2008": "$-244", "2007": "$-164", "2006": "$-74", "2005": "$-53"}, "Cheniere Energy Quarterly Operating Income (Millions of US $)": {"2020-09-30": "$72", "2020-06-30": "$937", "2020-03-31": "$1,346", "2019-12-31": "$1,016", "2019-09-30": "$307", "2019-06-30": "$432", "2019-03-31": "$606", "2018-12-31": "$516", "2018-09-30": "$425", "2018-06-30": "$336", "2018-03-31": "$747", "2017-12-31": "$441", "2017-09-30": "$297", "2017-06-30": "$274", "2017-03-31": "$376", "2016-12-31": "$122", "2016-09-30": "$15", "2016-06-30": "$-76", "2016-03-31": "$-91", "2015-12-31": "$-241", "2015-09-30": "$-52", "2015-06-30": "$-96", "2015-03-31": "$-60", "2014-12-31": "$-101", "2014-09-30": "$-61", "2014-06-30": "$-62", "2014-03-31": "$-48", "2013-12-31": "$-79", "2013-09-30": "$-46", "2013-06-30": "$-136", "2013-03-31": "$-67", "2012-12-31": "$-16", "2012-09-30": "$-55", "2012-06-30": "$-6", "2012-03-31": "$1", "2011-12-31": "$8", "2011-09-30": "$10", "2011-06-30": "$16", "2011-03-31": "$24", "2010-12-31": "$27", "2010-09-30": "$22", "2010-06-30": "$25", "2010-03-31": "$31", "2009-12-31": "$42", "2009-09-30": "$18", "2009-06-30": "$0", "2009-03-31": "$-37", "2008-12-31": "$-63", "2008-09-30": "$-39", "2008-06-30": "$-103", "2008-03-31": "$-38", "2007-12-31": "$-47", "2007-09-30": "$-47", "2007-06-30": "$-40", "2007-03-31": "$-30", "2006-12-31": "$-27", "2006-09-30": "$-16", "2006-06-30": "$-9", "2006-03-31": "$-23", "2005-12-31": "$-20", "2005-09-30": "$-11", "2005-06-30": "$-11", "2005-03-31": "$-10"}}, "ebitda": {"Cheniere Energy Annual EBITDA (Millions of US $)": {"2019": "$3,258", "2018": "$2,542", "2017": "$1,813", "2016": "$206", "2015": "$-318", "2014": "$-191", "2013": "$-252", "2012": "$11", "2011": "$150", "2010": "$195", "2009": "$105", "2008": "$-193", "2007": "$-136", "2006": "$-67", "2005": "$-51"}, "Cheniere Energy Quarterly EBITDA (Millions of US $)": {"2020-09-30": "$329", "2020-06-30": "$1,208", "2020-03-31": "$1,611", "2019-12-31": "$1,281", "2019-09-30": "$547", "2019-06-30": "$662", "2019-03-31": "$768", "2018-12-31": "$648", "2018-09-30": "$556", "2018-06-30": "$465", "2018-03-31": "$873", "2017-12-31": "$561", "2017-09-30": "$407", "2017-06-30": "$382", "2017-03-31": "$463", "2016-12-31": "$207", "2016-09-30": "$79", "2016-06-30": "$-26", "2016-03-31": "$-54", "2015-12-31": "$-198", "2015-09-30": "$-27", "2015-06-30": "$-60", "2015-03-31": "$-33", "2014-12-31": "$-80", "2014-09-30": "$-40", "2014-06-30": "$-41", "2014-03-31": "$-30", "2013-12-31": "$-57", "2013-09-30": "$-27", "2013-06-30": "$-118", "2013-03-31": "$-50", "2012-12-31": "$6", "2012-09-30": "$-35", "2012-06-30": "$16", "2012-03-31": "$24", "2011-12-31": "$32", "2011-09-30": "$33", "2011-06-30": "$39", "2011-03-31": "$46", "2010-12-31": "$49", "2010-09-30": "$46", "2010-06-30": "$47", "2010-03-31": "$53", "2009-12-31": "$64", "2009-09-30": "$39", "2009-06-30": "$26", "2009-03-31": "$-23", "2008-12-31": "$-45", "2008-09-30": "$-26", "2008-06-30": "$-88", "2008-03-31": "$-34", "2007-12-31": "$-28", "2007-09-30": "$-44", "2007-06-30": "$-37", "2007-03-31": "$-27", "2006-12-31": "$-25", "2006-09-30": "$-14", "2006-06-30": "$-7", "2006-03-31": "$-21", "2005-12-31": "$-20", "2005-09-30": "$-10", "2005-06-30": "$-11", "2005-03-31": "$-10"}}, "net-income": {"Cheniere Energy Annual Net Income (Millions of US $)": {"2019": "$648", "2018": "$471", "2017": "$-393", "2016": "$-610", "2015": "$-975", "2014": "$-548", "2013": "$-508", "2012": "$-333", "2011": "$-199", "2010": "$-76", "2009": "$-161", "2008": "$-373", "2007": "$-197", "2006": "$-146", "2005": "$-30"}, "Cheniere Energy Quarterly Net Income (Millions of US $)": {"2020-09-30": "$-463", "2020-06-30": "$197", "2020-03-31": "$375", "2019-12-31": "$939", "2019-09-30": "$-318", "2019-06-30": "$-114", "2019-03-31": "$141", "2018-12-31": "$67", "2018-09-30": "$65", "2018-06-30": "$-18", "2018-03-31": "$357", "2017-12-31": "$127", "2017-09-30": "$-289", "2017-06-30": "$-285", "2017-03-31": "$54", "2016-12-31": "$110", "2016-09-30": "$-101", "2016-06-30": "$-298", "2016-03-31": "$-321", "2015-12-31": "$-291", "2015-09-30": "$-298", "2015-06-30": "$-118", "2015-03-31": "$-268", "2014-12-31": "$-159", "2014-09-30": "$-90", "2014-06-30": "$-202", "2014-03-31": "$-98", "2013-12-31": "$-135", "2013-09-30": "$-101", "2013-06-30": "$-155", "2013-03-31": "$-117", "2012-12-31": "$-94", "2012-09-30": "$-109", "2012-06-30": "$-73", "2012-03-31": "$-56", "2011-12-31": "$-58", "2011-09-30": "$-54", "2011-06-30": "$-47", "2011-03-31": "$-40", "2010-12-31": "$-86", "2010-09-30": "$-41", "2010-06-30": "$86", "2010-03-31": "$-35", "2009-12-31": "$-23", "2009-09-30": "$-42", "2009-06-30": "$-13", "2009-03-31": "$-83", "2008-12-31": "$-115", "2008-09-30": "$-72", "2008-06-30": "$-137", "2008-03-31": "$-50", "2007-12-31": "$-67", "2007-09-30": "$-53", "2007-06-30": "$-41", "2007-03-31": "$-35", "2006-12-31": "$-93", "2006-09-30": "$-33", "2006-06-30": "$-4", "2006-03-31": "$-16", "2005-12-31": "$-18", "2005-09-30": "$8", "2005-06-30": "$-10", "2005-03-31": "$-9"}}, "eps-earnings-per-share-diluted": {"Cheniere Energy Annual EPS": {"2019": "$2.51", "2018": "$1.90", "2017": "$-1.68", "2016": "$-2.67", "2015": "$-4.30", "2014": "$-2.44", "2013": "$-2.32", "2012": "$-1.83", "2011": "$-2.60", "2010": "$-1.37", "2009": "$-3.13", "2008": "$-7.87", "2007": "$-3.89", "2006": "$-2.68", "2005": "$-0.56"}, "Cheniere Energy Quarterly EPS": {"2020-09-30": "$-1.84", "2020-06-30": "$0.78", "2020-03-31": "$1.43", "2019-12-31": "$3.66", "2019-09-30": "$-1.25", "2019-06-30": "$-0.44", "2019-03-31": "$0.54", "2018-12-31": "$0.21", "2018-09-30": "$0.26", "2018-06-30": "$-0.07", "2018-03-31": "$1.50", "2017-12-31": "$0.56", "2017-09-30": "$-1.24", "2017-06-30": "$-1.23", "2017-03-31": "$0.23", "2016-12-31": "$0.49", "2016-09-30": "$-0.44", "2016-06-30": "$-1.31", "2016-03-31": "$-1.41", "2015-12-31": "$-1.29", "2015-09-30": "$-1.31", "2015-06-30": "$-0.52", "2015-03-31": "$-1.18", "2014-12-31": "$-0.70", "2014-09-30": "$-0.40", "2014-06-30": "$-0.90", "2014-03-31": "$-0.44", "2013-12-31": "$-0.61", "2013-09-30": "$-0.46", "2013-06-30": "$-0.71", "2013-03-31": "$-0.54", "2012-12-31": "$-0.45", "2012-09-30": "$-0.52", "2012-06-30": "$-0.43", "2012-03-31": "$-0.43", "2011-12-31": "$-0.66", "2011-09-30": "$-0.67", "2011-06-30": "$-0.67", "2011-03-31": "$-0.60", "2010-12-31": "$-0.86", "2010-09-30": "$-0.73", "2010-06-30": "$0.86", "2010-03-31": "$-0.64", "2009-12-31": "$-0.38", "2009-09-30": "$-0.80", "2009-06-30": "$-0.25", "2009-03-31": "$-1.70", "2008-12-31": "$-2.40", "2008-09-30": "$-1.51", "2008-06-30": "$-2.90", "2008-03-31": "$-1.06", "2007-12-31": "$-1.36", "2007-09-30": "$-1.14", "2007-06-30": "$-0.76", "2007-03-31": "$-0.63", "2006-12-31": "$-1.71", "2006-09-30": "$-0.61", "2006-06-30": "$-0.07", "2006-03-31": "$-0.29", "2005-12-31": "$-0.34", "2005-09-30": "$0.14", "2005-06-30": "$-0.18", "2005-03-31": "$-0.18"}}, "shares-outstanding": {"Cheniere Energy Annual Shares Outstanding (Millions of Shares)": {"2019": "258", "2018": "248", "2017": "233", "2016": "229", "2015": "227", "2014": "224", "2013": "219", "2012": "182", "2011": "76", "2010": "56", "2009": "52", "2008": "47", "2007": "51", "2006": "54", "2005": "53"}, "Cheniere Energy Quarterly Shares Outstanding (Millions of Shares)": {"2020-09-30": "252", "2020-06-30": "252", "2020-03-31": "300", "2019-12-31": "258", "2019-09-30": "256", "2019-06-30": "257", "2019-03-31": "259", "2018-12-31": "248", "2018-09-30": "250", "2018-06-30": "243", "2018-03-31": "238", "2017-12-31": "233", "2017-09-30": "233", "2017-06-30": "233", "2017-03-31": "233", "2016-12-31": "229", "2016-09-30": "229", "2016-06-30": "228", "2016-03-31": "228", "2015-12-31": "227", "2015-09-30": "227", "2015-06-30": "226", "2015-03-31": "226", "2014-12-31": "224", "2014-09-30": "224", "2014-06-30": "224", "2014-03-31": "223", "2013-12-31": "219", "2013-09-30": "221", "2013-06-30": "217", "2013-03-31": "216", "2012-12-31": "182", "2012-09-30": "209", "2012-06-30": "171", "2012-03-31": "131", "2011-12-31": "76", "2011-09-30": "80", "2011-06-30": "71", "2011-03-31": "67", "2010-12-31": "56", "2010-09-30": "56", "2010-06-30": "117", "2010-03-31": "55", "2009-12-31": "52", "2009-09-30": "53", "2009-06-30": "52", "2009-03-31": "49", "2008-12-31": "47", "2008-09-30": "47", "2008-06-30": "47", "2008-03-31": "47", "2007-12-31": "51", "2007-09-30": "47", "2007-06-30": "54", "2007-03-31": "55", "2006-12-31": "54", "2006-09-30": "54", "2006-06-30": "54", "2006-03-31": "54", "2005-12-31": "53", "2005-09-30": "56", "2005-06-30": "54", "2005-03-31": "52"}}, "total-assets": {"Cheniere Energy Annual Total Assets (Millions of US $)": {"2019": "$35,492", "2018": "$31,987", "2017": "$27,906", "2016": "$23,703", "2015": "$18,809", "2014": "$12,574", "2013": "$9,673", "2012": "$4,639", "2011": "$2,915", "2010": "$2,554", "2009": "$2,733", "2008": "$2,920", "2007": "$2,962", "2006": "$2,604", "2005": "$1,290"}, "Cheniere Energy Quarterly Total Assets (Millions of US $)": {"2020-09-30": "$35,931", "2020-06-30": "$35,846", "2020-03-31": "$35,747", "2019-12-31": "$35,492", "2019-09-30": "$34,705", "2019-06-30": "$34,572", "2019-03-31": "$32,885", "2018-12-31": "$31,987", "2018-09-30": "$30,740", "2018-06-30": "$30,327", "2018-03-31": "$28,341", "2017-12-31": "$27,906", "2017-09-30": "$27,134", "2017-06-30": "$26,600", "2017-03-31": "$26,056", "2016-12-31": "$23,703", "2016-09-30": "$22,689", "2016-06-30": "$21,437", "2016-03-31": "$20,431", "2015-12-31": "$18,809", "2015-09-30": "$18,452", "2015-06-30": "$17,760", "2015-03-31": "$14,923", "2014-12-31": "$12,574", "2014-09-30": "$11,785", "2014-06-30": "$11,859", "2014-03-31": "$9,525", "2013-12-31": "$9,673", "2013-09-30": "$8,126", "2013-06-30": "$8,582", "2013-03-31": "$6,582", "2012-12-31": "$4,639", "2012-09-30": "$4,384", "2012-06-30": "$3,028", "2012-03-31": "$2,935", "2011-12-31": "$2,915", "2011-09-30": "$2,651", "2011-06-30": "$2,620", "2011-03-31": "$2,564", "2010-12-31": "$2,554", "2010-09-30": "$2,616", "2010-06-30": "$2,607", "2010-03-31": "$2,737", "2009-12-31": "$2,733", "2009-09-30": "$2,789", "2009-06-30": "$2,786", "2009-03-31": "$2,892", "2008-12-31": "$2,920", "2008-09-30": "$3,049", "2008-06-30": "$2,832", "2008-03-31": "$2,955", "2007-12-31": "$2,962", "2007-09-30": "$3,017", "2007-06-30": "$3,084", "2007-03-31": "$2,912", "2006-12-31": "$2,604", "2006-09-30": "$1,612", "2006-06-30": "$1,450", "2006-03-31": "$1,332", "2005-12-31": "$1,290", "2005-09-30": "$1,288", "2005-06-30": "$453", "2005-03-31": "$415"}}, "cash-on-hand": {"Cheniere Energy Annual Cash on Hand (Millions of US $)": {"2019": "$2,994", "2018": "$3,156", "2017": "$2,602", "2016": "$1,736", "2015": "$1,705", "2014": "$2,229", "2013": "$1,559", "2012": "$722", "2011": "$561", "2010": "$147", "2009": "$227", "2008": "$404", "2007": "$525", "2006": "$640", "2005": "$854"}, "Cheniere Energy Quarterly Cash on Hand (Millions of US $)": {"2020-09-30": "$2,613", "2020-06-30": "$2,544", "2020-03-31": "$2,829", "2019-12-31": "$2,994", "2019-09-30": "$3,117", "2019-06-30": "$3,440", "2019-03-31": "$3,011", "2018-12-31": "$3,156", "2018-09-30": "$2,932", "2018-06-30": "$3,260", "2018-03-31": "$2,411", "2017-12-31": "$2,602", "2017-09-30": "$2,509", "2017-06-30": "$1,828", "2017-03-31": "$1,923", "2016-12-31": "$1,736", "2016-09-30": "$1,818", "2016-06-30": "$1,774", "2016-03-31": "$1,827", "2015-12-31": "$1,705", "2015-09-30": "$1,992", "2015-06-30": "$2,154", "2015-03-31": "$2,616", "2014-12-31": "$2,229", "2014-09-30": "$1,453", "2014-06-30": "$1,561", "2014-03-31": "$1,435", "2013-12-31": "$1,559", "2013-09-30": "$952", "2013-06-30": "$1,296", "2013-03-31": "$900", "2012-12-31": "$722", "2012-09-30": "$716", "2012-06-30": "$629", "2012-03-31": "$563", "2011-12-31": "$561", "2011-09-30": "$284", "2011-06-30": "$235", "2011-03-31": "$130", "2010-12-31": "$147", "2010-09-30": "$198", "2010-06-30": "$150", "2010-03-31": "$271", "2009-12-31": "$227", "2009-09-30": "$271", "2009-06-30": "$236", "2009-03-31": "$375", "2008-12-31": "$404", "2008-09-30": "$523", "2008-06-30": "$355", "2008-03-31": "$374", "2007-12-31": "$525", "2007-09-30": "$681", "2007-06-30": "$906", "2007-03-31": "$802", "2006-12-31": "$640", "2006-09-30": "$727", "2006-06-30": "$795", "2006-03-31": "$824", "2005-12-31": "$854", "2005-09-30": "$912", "2005-06-30": "$173", "2005-03-31": "$250"}}, "long-term-debt": {"Cheniere Energy Annual Long Term Debt (Millions of US $)": {"2019": "$30,774", "2018": "$28,179", "2017": "$25,336", "2016": "$21,688", "2015": "$14,920", "2014": "$9,806", "2013": "$6,576", "2012": "$2,167", "2011": "$2,475", "2010": "$2,928", "2009": "$3,042", "2008": "$3,082", "2007": "$2,757", "2006": "$2,357", "2005": "$918"}, "Cheniere Energy Quarterly Long Term Debt (Millions of US $)": {"2020-09-30": "$31,007", "2020-06-30": "$30,865", "2020-03-31": "$28,998", "2019-12-31": "$30,832", "2019-09-30": "$30,853", "2019-06-30": "$30,002", "2019-03-31": "$28,784", "2018-12-31": "$28,179", "2018-09-30": "$27,467", "2018-06-30": "$26,782", "2018-03-31": "$25,656", "2017-12-31": "$25,336", "2017-09-30": "$24,923", "2017-06-30": "$24,654", "2017-03-31": "$24,088", "2016-12-31": "$21,688", "2016-09-30": "$19,034", "2016-06-30": "$17,789", "2016-03-31": "$16,348", "2015-12-31": "$14,920", "2015-09-30": "$15,836", "2015-06-30": "$14,855", "2015-03-31": "$12,118", "2014-12-31": "$9,806", "2014-09-30": "$8,990", "2014-06-30": "$8,988", "2014-03-31": "$6,578", "2013-12-31": "$6,576", "2013-09-30": "$5,574", "2013-06-30": "$5,572", "2013-03-31": "$3,668", "2012-12-31": "$2,167", "2012-09-30": "$2,296", "2012-06-30": "$2,195", "2012-03-31": "$2,476", "2011-12-31": "$2,475", "2011-09-30": "$2,474", "2011-06-30": "$2,655", "2011-03-31": "$2,940", "2010-12-31": "$2,928", "2010-09-30": "$2,660", "2010-06-30": "$2,903", "2010-03-31": "$3,055", "2009-12-31": "$3,042", "2009-09-30": "$3,029", "2009-06-30": "$3,016", "2009-03-31": "$3,174", "2008-12-31": "$3,082", "2008-09-30": "$3,152", "2008-06-30": "$2,852", "2008-03-31": "$2,757", "2007-12-31": "$2,757", "2007-09-30": "$2,757", "2007-06-30": "$2,757", "2007-03-31": "$2,357", "2006-12-31": "$2,357", "2006-09-30": "$1,265", "2006-06-30": "$1,064", "2006-03-31": "$986", "2005-12-31": "$918", "2005-09-30": "$919", "2005-06-30": "", "2005-03-31": ""}}, "total-liabilities": {"Cheniere Energy Annual Total Liabilities (Millions of US $)": {"2019": "$33,057", "2018": "$30,058", "2017": "$26,666", "2016": "$22,864", "2015": "$17,248", "2014": "$10,072", "2013": "$6,833", "2012": "$2,377", "2011": "$3,088", "2010": "$3,026", "2009": "$3,165", "2008": "$3,194", "2007": "$3,264", "2006": "$2,461", "2005": "$1,022"}, "Cheniere Energy Quarterly Total Liabilities (Millions of US $)": {"2020-09-30": "$33,584", "2020-06-30": "$32,850", "2020-03-31": "$33,028", "2019-12-31": "$33,057", "2019-09-30": "$33,219", "2019-06-30": "$32,549", "2019-03-31": "$30,747", "2018-12-31": "$30,058", "2018-09-30": "$28,909", "2018-06-30": "$28,593", "2018-03-31": "$26,634", "2017-12-31": "$26,666", "2017-09-30": "$26,051", "2017-06-30": "$25,596", "2017-03-31": "$25,061", "2016-12-31": "$22,864", "2016-09-30": "$21,983", "2016-06-30": "$20,573", "2016-03-31": "$19,226", "2015-12-31": "$17,248", "2015-09-30": "$16,587", "2015-06-30": "$15,544", "2015-03-31": "$12,569", "2014-12-31": "$10,072", "2014-09-30": "$9,455", "2014-06-30": "$9,398", "2014-03-31": "$6,793", "2013-12-31": "$6,833", "2013-09-30": "$5,810", "2013-06-30": "$6,143", "2013-03-31": "$4,005", "2012-12-31": "$2,377", "2012-09-30": "$2,519", "2012-06-30": "$2,519", "2012-03-31": "$2,818", "2011-12-31": "$3,088", "2011-09-30": "$3,098", "2011-06-30": "$3,050", "2011-03-31": "$3,074", "2010-12-31": "$3,026", "2010-09-30": "$3,047", "2010-06-30": "$2,994", "2010-03-31": "$3,205", "2009-12-31": "$3,165", "2009-09-30": "$3,197", "2009-06-30": "$3,150", "2009-03-31": "$3,337", "2008-12-31": "$3,194", "2008-09-30": "$3,577", "2008-06-30": "$3,303", "2008-03-31": "$3,298", "2007-12-31": "$3,264", "2007-09-30": "$3,283", "2007-06-30": "$3,208", "2007-03-31": "$2,796", "2006-12-31": "$2,461", "2006-09-30": "$1,394", "2006-06-30": "$1,164", "2006-03-31": "$1,060", "2005-12-31": "$1,022", "2005-09-30": "$991", "2005-06-30": "$102", "2005-03-31": "$34"}}, "total-share-holder-equity": {"Cheniere Energy Annual Share Holder Equity (Millions of US $)": {"2019": "$2,435", "2018": "$1,929", "2017": "$1,240", "2016": "$839", "2015": "$1,561", "2014": "$2,502", "2013": "$2,840", "2012": "$2,262", "2011": "$-173", "2010": "$-473", "2009": "$-432", "2008": "$-274", "2007": "$-302", "2006": "$143", "2005": "$269"}, "Cheniere Energy Quarterly Share Holder Equity (Millions of US $)": {"2020-09-30": "$2,347", "2020-06-30": "$2,996", "2020-03-31": "$2,719", "2019-12-31": "$2,435", "2019-09-30": "$1,486", "2019-06-30": "$2,023", "2019-03-31": "$2,138", "2018-12-31": "$1,929", "2018-09-30": "$1,831", "2018-06-30": "$1,734", "2018-03-31": "$1,707", "2017-12-31": "$1,240", "2017-09-30": "$1,083", "2017-06-30": "$1,004", "2017-03-31": "$995", "2016-12-31": "$839", "2016-09-30": "$706", "2016-06-30": "$864", "2016-03-31": "$1,205", "2015-12-31": "$1,561", "2015-09-30": "$1,865", "2015-06-30": "$2,215", "2015-03-31": "$2,354", "2014-12-31": "$2,502", "2014-09-30": "$2,331", "2014-06-30": "$2,461", "2014-03-31": "$2,732", "2013-12-31": "$2,840", "2013-09-30": "$2,316", "2013-06-30": "$2,439", "2013-03-31": "$2,577", "2012-12-31": "$2,262", "2012-09-30": "$1,865", "2012-06-30": "$509", "2012-03-31": "$117", "2011-12-31": "$-173", "2011-09-30": "$-447", "2011-06-30": "$-430", "2011-03-31": "$-510", "2010-12-31": "$-473", "2010-09-30": "$-431", "2010-06-30": "$-387", "2010-03-31": "$-469", "2009-12-31": "$-432", "2009-09-30": "$-408", "2009-06-30": "$-364", "2009-03-31": "$-445", "2008-12-31": "$-274", "2008-09-30": "$-527", "2008-06-30": "$-471", "2008-03-31": "$-343", "2007-12-31": "$-302", "2007-09-30": "$-266", "2007-06-30": "$-123", "2007-03-31": "$116", "2006-12-31": "$143", "2006-09-30": "$218", "2006-06-30": "$286", "2006-03-31": "$273", "2005-12-31": "$269", "2005-09-30": "$297", "2005-06-30": "$351", "2005-03-31": "$380"}}, "profit-margins": {"current": "10.94%"}, "gross margin": {"2020-09-30": "48.40%", "2020-06-30": "47.18%", "2020-03-31": "42.52%", "2019-12-31": "35.85%", "2019-09-30": "31.21%", "2019-06-30": "32.77%", "2019-03-31": "33.37%", "2018-12-31": "34.68%", "2018-09-30": "36.59%", "2018-06-30": "36.50%", "2018-03-31": "36.82%", "2017-12-31": "36.15%", "2017-09-30": "37.66%", "2017-06-30": "38.81%", "2017-03-31": "39.92%", "2016-12-31": "37.26%", "2016-09-30": "31.28%", "2016-06-30": "42.52%", "2016-03-31": "54.78%", "2015-12-31": "54.98%", "2015-09-30": "51.12%", "2015-06-30": "36.80%", "2015-03-31": "33.46%", "2014-12-31": "43.12%", "2014-09-30": "50.93%", "2014-06-30": "49.63%", "2014-03-31": "46.47%", "2013-12-31": "43.45%", "2013-09-30": "40.30%", "2013-06-30": "45.86%", "2013-03-31": "52.87%", "2012-12-31": "53.58%", "2012-09-30": "60.15%", "2012-06-30": "60.89%", "2012-03-31": "65.96%", "2011-12-31": "71.82%", "2011-09-30": "72.35%", "2011-06-30": "75.93%", "2011-03-31": "79.31%", "2010-12-31": "81.10%", "2010-09-30": "83.11%", "2010-06-30": "84.48%", "2010-03-31": "83.46%", "2009-12-31": "79.01%", "2009-09-30": "62.50%", "2009-06-30": "22.73%", "2009-03-31": "-300.00%", "2008-12-31": "-257.14%", "2008-09-30": "-242.86%", "2008-06-30": "-833.33%", "2008-03-31": "-1100.00%", "2007-12-31": "-3500.00%", "2007-09-30": "-3300.00%", "2007-06-30": "-1300.00%", "2007-03-31": "-1200.00%", "2006-12-31": "-700.00%", "2006-09-30": "-800.00%", "2006-06-30": "-850.00%", "2006-03-31": "-866.67%", "2005-12-31": "-550.00%"}, "operating margin": {"2020-09-30": "35.20%", "2020-06-30": "35.05%", "2020-03-31": "30.47%", "2019-12-31": "24.27%", "2019-09-30": "20.44%", "2019-06-30": "22.60%", "2019-03-31": "23.52%", "2018-12-31": "25.34%", "2018-09-30": "26.52%", "2018-06-30": "26.26%", "2018-03-31": "26.52%", "2017-12-31": "24.78%", "2017-09-30": "24.15%", "2017-06-30": "22.56%", "2017-03-31": "18.02%", "2016-12-31": "-2.34%", "2016-09-30": "-50.38%", "2016-06-30": "-120.73%", "2016-03-31": "-176.47%", "2015-12-31": "-165.68%", "2015-09-30": "-115.30%", "2015-06-30": "-118.22%", "2015-03-31": "-105.58%", "2014-12-31": "-101.12%", "2014-09-30": "-92.94%", "2014-06-30": "-87.04%", "2014-03-31": "-114.87%", "2013-12-31": "-122.85%", "2013-09-30": "-98.88%", "2013-06-30": "-103.01%", "2013-03-31": "-55.17%", "2012-12-31": "-28.68%", "2012-09-30": "-19.19%", "2012-06-30": "4.80%", "2012-03-31": "12.41%", "2011-12-31": "19.93%", "2011-09-30": "26.28%", "2011-06-30": "30.17%", "2011-03-31": "33.79%", "2010-12-31": "36.08%", "2010-09-30": "39.74%", "2010-06-30": "40.00%", "2010-03-31": "35.00%", "2009-12-31": "12.71%", "2009-09-30": "-85.42%", "2009-06-30": "-315.91%", "2009-03-31": "-3457.14%", "2008-12-31": "-3471.43%", "2008-09-30": "-3242.86%", "2008-06-30": "-7833.33%", "2008-03-31": "-5733.33%", "2007-12-31": "-16400.00%", "2007-09-30": "-14400.00%", "2007-06-30": "-5650.00%", "2007-03-31": "-8200.00%", "2006-12-31": "-3750.00%", "2006-09-30": "-3400.00%", "2006-06-30": "-3150.00%", "2006-03-31": "-2166.67%", "2005-12-31": "-1300.00%"}, "ebitda margin": {"2020-09-30": "46.24%", "2020-06-30": "45.17%", "2020-03-31": "40.29%", "2019-12-31": "33.48%", "2019-09-30": "28.83%", "2019-06-30": "30.09%", "2019-03-31": "30.44%", "2018-12-31": "31.83%", "2018-09-30": "33.40%", "2018-06-30": "33.26%", "2018-03-31": "33.52%", "2017-12-31": "32.37%", "2017-09-30": "32.96%", "2017-06-30": "32.42%", "2017-03-31": "29.81%", "2016-12-31": "16.06%", "2016-09-30": "-25.51%", "2016-06-30": "-80.05%", "2016-03-31": "-124.63%", "2015-12-31": "-117.34%", "2015-09-30": "-74.63%", "2015-06-30": "-79.18%", "2015-03-31": "-72.12%", "2014-12-31": "-71.00%", "2014-09-30": "-62.45%", "2014-06-30": "-57.41%", "2014-03-31": "-86.25%", "2013-12-31": "-94.38%", "2013-09-30": "-70.52%", "2013-06-30": "-74.06%", "2013-03-31": "-24.14%", "2012-12-31": "4.15%", "2012-09-30": "13.65%", "2012-06-30": "38.75%", "2012-03-31": "45.39%", "2011-12-31": "51.55%", "2011-09-30": "57.00%", "2011-06-30": "61.02%", "2011-03-31": "64.83%", "2010-12-31": "67.01%", "2010-09-30": "69.54%", "2010-06-30": "70.00%", "2010-03-31": "70.00%", "2009-12-31": "58.56%", "2009-09-30": "-3.13%", "2009-06-30": "-154.55%", "2009-03-31": "-2600.00%", "2008-12-31": "-2757.14%", "2008-09-30": "-2514.29%", "2008-06-30": "-6466.67%", "2008-03-31": "-4766.67%", "2007-12-31": "-13600.00%", "2007-09-30": "-13300.00%", "2007-06-30": "-5150.00%", "2007-03-31": "-7300.00%", "2006-12-31": "-3350.00%", "2006-09-30": "-3100.00%", "2006-06-30": "-2900.00%", "2006-03-31": "-2066.67%", "2005-12-31": "-1275.00%"}, "pre tax profit margin": {"2020-09-30": "13.09%", "2020-06-30": "15.30%", "2020-03-31": "10.90%", "2019-12-31": "7.35%", "2019-09-30": "3.45%", "2019-06-30": "9.22%", "2019-03-31": "11.89%", "2018-12-31": "15.36%", "2018-09-30": "17.36%", "2018-06-30": "16.35%", "2018-03-31": "15.21%", "2017-12-31": "10.11%", "2017-09-30": "9.76%", "2017-06-30": "6.16%", "2017-03-31": "-5.90%", "2016-12-31": "-51.68%", "2016-09-30": "-144.23%", "2016-06-30": "-341.99%", "2016-03-31": "-407.72%", "2015-12-31": "-404.43%", "2015-09-30": "-360.45%", "2015-06-30": "-283.27%", "2015-03-31": "-334.94%", "2014-12-31": "-255.76%", "2014-09-30": "-242.38%", "2014-06-30": "-248.15%", "2014-03-31": "-205.20%", "2013-12-31": "-207.87%", "2013-09-30": "-189.55%", "2013-06-30": "-187.59%", "2013-03-31": "-157.85%", "2012-12-31": "-130.57%", "2012-09-30": "-112.92%", "2012-06-30": "-91.88%", "2012-03-31": "-78.37%", "2011-12-31": "-69.42%", "2011-09-30": "-78.50%", "2011-06-30": "-73.22%", "2011-03-31": "-28.62%", "2010-12-31": "-27.15%", "2010-09-30": "-4.97%", "2010-06-30": "-5.52%", "2010-03-31": "-44.62%", "2009-12-31": "-92.27%", "2009-09-30": "-273.96%", "2009-06-30": "-668.18%", "2009-03-31": "-5971.43%", "2008-12-31": "-5457.14%", "2008-09-30": "-4742.86%", "2008-06-30": "-10433.33%", "2008-03-31": "-7200.00%", "2007-12-31": "-20000.00%", "2007-09-30": "-22400.00%", "2007-06-30": "-9400.00%", "2007-03-31": "-15500.00%", "2006-12-31": "-7150.00%", "2006-09-30": "-3550.00%", "2006-06-30": "-2250.00%", "2006-03-31": "-1533.33%", "2005-12-31": "-825.00%"}, "net profit margin": {"2020-09-30": "10.94%", "2020-06-30": "11.60%", "2020-03-31": "8.67%", "2019-12-31": "6.66%", "2019-09-30": "-2.46%", "2019-06-30": "1.82%", "2019-03-31": "3.19%", "2018-12-31": "5.90%", "2018-09-30": "7.22%", "2018-06-30": "2.55%", "2018-03-31": "-1.36%", "2017-12-31": "-7.02%", "2017-09-30": "-9.26%", "2017-06-30": "-6.36%", "2017-03-31": "-9.69%", "2016-12-31": "-47.54%", "2016-09-30": "-129.62%", "2016-06-30": "-317.06%", "2016-03-31": "-377.94%", "2015-12-31": "-359.78%", "2015-09-30": "-314.55%", "2015-06-30": "-236.06%", "2015-03-31": "-267.29%", "2014-12-31": "-204.09%", "2014-09-30": "-195.17%", "2014-06-30": "-198.52%", "2014-03-31": "-181.78%", "2013-12-31": "-190.26%", "2013-09-30": "-174.25%", "2013-06-30": "-178.57%", "2013-03-31": "-150.57%", "2012-12-31": "-125.28%", "2012-09-30": "-109.23%", "2012-06-30": "-88.93%", "2012-03-31": "-76.24%", "2011-12-31": "-68.38%", "2011-09-30": "-77.47%", "2011-06-30": "-72.54%", "2011-03-31": "-27.93%", "2010-12-31": "-26.12%", "2010-09-30": "-4.30%", "2010-06-30": "-4.83%", "2010-03-31": "-43.46%", "2009-12-31": "-88.95%", "2009-09-30": "-263.54%", "2009-06-30": "-643.18%", "2009-03-31": "-5814.29%", "2008-12-31": "-5342.86%", "2008-09-30": "-4657.14%", "2008-06-30": "-10233.33%", "2008-03-31": "-7033.33%", "2007-12-31": "-19600.00%", "2007-09-30": "-22200.00%", "2007-06-30": "-10100.00%", "2007-03-31": "-16500.00%", "2006-12-31": "-7300.00%", "2006-09-30": "-3550.00%", "2006-06-30": "-1500.00%", "2006-03-31": "-1200.00%", "2005-12-31": "-725.00%"}, "pe ratio": {"current": "32.39", "2021-02-05": "17.89", "2020-09-30": "12.47", "2020-06-30": "11.24", "2020-03-31": "10.88", "2019-12-31": "27.89", "2019-09-30": "0.00", "2019-06-30": "110.40", "2019-03-31": "69.05", "2018-12-31": "30.35", "2018-09-30": "31.16", "2018-06-30": "89.30", "2018-03-31": "0.00", "2017-12-31": "0.00", "2017-09-30": "0.00", "2017-06-30": "0.00", "2017-03-31": "0.00", "2016-12-31": "0.00", "2016-09-30": "0.00", "2016-06-30": "0.00", "2016-03-31": "0.00", "2015-12-31": "0.00", "2015-09-30": "0.00", "2015-06-30": "0.00", "2015-03-31": "0.00", "2014-12-31": "0.00", "2014-09-30": "0.00", "2014-06-30": "0.00", "2014-03-31": "0.00", "2013-12-31": "0.00", "2013-09-30": "0.00", "2013-06-30": "0.00", "2013-03-31": "0.00", "2012-12-31": "0.00", "2012-09-30": "0.00", "2012-06-30": "0.00", "2012-03-31": "0.00", "2011-12-31": "0.00", "2011-09-30": "0.00", "2011-06-30": "0.00", "2011-03-31": "0.00", "2010-12-31": "0.00", "2010-09-30": "0.00", "2010-06-30": "0.00", "2010-03-31": "0.00", "2009-12-31": "0.00", "2009-09-30": "0.00", "2009-06-30": "0.00", "2009-03-31": "0.00", "2008-12-31": "0.00", "2008-09-30": "0.00", "2008-06-30": "0.00", "2008-03-31": "0.00", "2007-12-31": "0.00", "2007-09-30": "0.00", "2007-06-30": "0.00", "2007-03-31": "0.00", "2006-12-31": "0.00"}, "price sales": {"2021-02-05": "1.84", "2020-09-30": "1.29", "2020-06-30": "1.25", "2020-03-31": "0.88", "2019-12-31": "1.62", "2019-09-30": "1.76", "2019-06-30": "1.98", "2019-03-31": "2.14", "2018-12-31": "1.81", "2018-09-30": "2.28", "2018-06-30": "2.23", "2018-03-31": "1.89", "2017-12-31": "2.24", "2017-09-30": "2.36", "2017-06-30": "3.23", "2017-03-31": "4.50", "2016-12-31": "7.39", "2016-09-30": "12.78", "2016-06-30": "22.48", "2016-03-31": "28.29", "2015-12-31": "31.16", "2015-09-30": "40.68", "2015-06-30": "57.99", "2015-03-31": "64.69", "2014-12-31": "58.81", "2014-09-30": "66.33", "2014-06-30": "58.99", "2014-03-31": "45.30", "2013-12-31": "35.20", "2013-09-30": "26.42", "2013-06-30": "21.32", "2013-03-31": "20.63", "2012-12-31": "11.82", "2012-09-30": "7.17", "2012-06-30": "5.52", "2012-03-31": "4.49", "2011-12-31": "2.18", "2011-09-30": "1.17", "2011-06-30": "1.91", "2011-03-31": "2.14", "2010-12-31": "1.20", "2010-09-30": "0.51", "2010-06-30": "0.59", "2010-03-31": "0.63", "2009-12-31": "0.69", "2009-09-30": "1.59", "2009-06-30": "3.41", "2009-03-31": "29.40", "2008-12-31": "18.88", "2008-09-30": "15.02", "2008-06-30": "60.80", "2008-03-31": "289.01", "2007-12-31": "2300.74", "2007-09-30": "2408.47", "2007-06-30": "1816.39", "2007-03-31": "2411.04", "2006-12-31": "662.38"}, "price book": {"current": "7.14", "2021-02-05": "7.13", "2020-09-30": "4.97", "2020-06-30": "4.07", "2020-03-31": "3.11", "2019-12-31": "6.36", "2019-09-30": "10.82", "2019-06-30": "8.71", "2019-03-31": "8.23", "2018-12-31": "7.89", "2018-09-30": "9.76", "2018-06-30": "9.33", "2018-03-31": "7.45", "2017-12-31": "10.32", "2017-09-30": "9.89", "2017-06-30": "11.54", "2017-03-31": "11.30", "2016-12-31": "11.75", "2016-09-30": "13.78", "2016-06-30": "9.73", "2016-03-31": "6.28", "2015-12-31": "5.62", "2015-09-30": "5.82", "2015-06-30": "7.06", "2015-03-31": "7.43", "2014-12-31": "6.36", "2014-09-30": "7.83", "2014-06-30": "6.67", "2014-03-31": "4.63", "2013-12-31": "3.48", "2013-09-30": "3.40", "2013-06-30": "2.64", "2013-03-31": "2.57", "2012-12-31": "1.82", "2012-09-30": "1.82", "2012-06-30": "5.29", "2012-03-31": "19.29", "2011-12-31": "-6.33", "2011-09-30": "-0.93", "2011-06-30": "-1.72", "2011-03-31": "-1.25", "2010-12-31": "-0.77", "2010-09-30": "-0.33", "2010-06-30": "-0.41", "2010-03-31": "-0.37", "2009-12-31": "-0.31", "2009-09-30": "-0.40", "2009-06-30": "-0.45", "2009-03-31": "-0.50", "2008-12-31": "-0.54", "2008-09-30": "-0.22", "2008-06-30": "-0.38", "2008-03-31": "-2.26", "2007-12-31": "-4.16", "2007-09-30": "-8.12", "2007-06-30": "-13.98", "2007-03-31": "15.02", "2006-12-31": "11.13", "2006-09-30": "7.52", "2006-06-30": "7.50", "2006-03-31": "8.15"}, "price fcf": {"2021-02-05": "", "2020-09-30": "$-1.56", "2020-06-30": "$-1.65", "2020-03-31": "$-3.85", "2019-12-31": "$-4.74", "2019-09-30": "$-7.68", "2019-06-30": "$-7.40", "2019-03-31": "$-6.20", "2018-12-31": "$-6.67", "2018-09-30": "$-5.32", "2018-06-30": "$-3.54", "2018-03-31": "$-6.07", "2017-12-31": "$-9.12", "2017-09-30": "$-12.98", "2017-06-30": "$-17.29", "2017-03-31": "$-19.53", "2016-12-31": "$-20.80", "2016-09-30": "$-22.28", "2016-06-30": "$-23.33", "2016-03-31": "$-35.27", "2015-12-31": "$-32.33", "2015-09-30": "$-30.99", "2015-06-30": "$-27.95", "2015-03-31": "$-12.91", "2014-12-31": "$-13.78", "2014-09-30": "$-12.59", "2014-06-30": "$-20.47", "2014-03-31": "$-15.80", "2013-12-31": "$-14.47", "2013-09-30": "$-11.29", "2013-06-30": "$-0.14", "2013-03-31": "$-2.29", "2012-12-31": "$-0.59", "2012-09-30": "$-0.57", "2012-06-30": "$-0.70", "2012-03-31": "$-0.35", "2011-12-31": "$-0.56", "2011-09-30": "$-0.59", "2011-06-30": "$-0.54", "2011-03-31": "$-1.11", "2010-12-31": "$-0.30", "2010-09-30": "$-0.32", "2010-06-30": "$-1.53", "2010-03-31": "$-1.36", "2009-12-31": "$-1.90", "2009-09-30": "$-2.60", "2009-06-30": "$-1.20", "2009-03-31": "$-2.89", "2008-12-31": "$-3.01", "2008-09-30": "$-2.29", "2008-06-30": "$-3.29", "2008-03-31": "$-1.62", "2007-12-31": "$-1.67", "2007-09-30": "$-2.37", "2007-06-30": "$-1.70", "2007-03-31": "$-1.93", "2006-12-31": "$-1.74"}, "net worth": {"value": "$16.75B"}, "current ratio": {"current": "1.90", "2020-09-30": "1.90", "2020-06-30": "2.61", "2020-03-31": "1.08", "2019-12-31": "2.25", "2019-09-30": "2.21", "2019-06-30": "2.01", "2019-03-31": "2.35", "2018-12-31": "2.43", "2018-09-30": "2.72", "2018-06-30": "2.30", "2018-03-31": "3.65", "2017-12-31": "2.69", "2017-09-30": "3.00", "2017-06-30": "2.82", "2017-03-31": "2.78", "2016-12-31": "2.08", "2016-09-30": "0.81", "2016-06-30": "0.82", "2016-03-31": "0.76", "2015-12-31": "0.82", "2015-09-30": "3.94", "2015-06-30": "3.53", "2015-03-31": "8.41", "2014-12-31": "9.72", "2014-09-30": "3.44", "2014-06-30": "4.07", "2014-03-31": "7.54", "2013-12-31": "6.71", "2013-09-30": "4.73", "2013-06-30": "2.47", "2013-03-31": "3.18", "2012-12-31": "4.69", "2012-09-30": "4.57", "2012-06-30": "2.20", "2012-03-31": "1.88", "2011-12-31": "1.01", "2011-09-30": "0.53", "2011-06-30": "0.72", "2011-03-31": "1.85", "2010-12-31": "2.50", "2010-09-30": "0.61", "2010-06-30": "3.37", "2010-03-31": "3.31", "2009-12-31": "4.32", "2009-09-30": "2.76", "2009-06-30": "3.21", "2009-03-31": "3.42", "2008-12-31": "6.30", "2008-09-30": "4.61", "2008-06-30": "3.15", "2008-03-31": "2.22", "2007-12-31": "3.47", "2007-09-30": "3.98", "2007-06-30": "9.17", "2007-03-31": "6.22", "2006-12-31": "10.49", "2006-09-30": "11.63", "2006-06-30": "13.67", "2006-03-31": "25.66", "2005-12-31": "14.21", "2005-09-30": "34.93", "2005-06-30": "4.09", "2005-03-31": "25.02"}, "quick ratio": {"2020-09-30": "1.75", "2020-06-30": "2.47", "2020-03-31": "1.01", "2019-12-31": "2.08", "2019-09-30": "2.06", "2019-06-30": "1.87", "2019-03-31": "2.18", "2018-12-31": "2.25", "2018-09-30": "2.50", "2018-06-30": "2.16", "2018-03-31": "3.51", "2017-12-31": "2.50", "2017-09-30": "2.87", "2017-06-30": "2.64", "2017-03-31": "2.65", "2016-12-31": "1.93", "2016-09-30": "0.78", "2016-06-30": "0.80", "2016-03-31": "0.75", "2015-12-31": "0.81", "2015-09-30": "3.92", "2015-06-30": "3.51", "2015-03-31": "8.36", "2014-12-31": "9.68", "2014-09-30": "3.41", "2014-06-30": "4.06", "2014-03-31": "7.52", "2013-12-31": "6.67", "2013-09-30": "4.67", "2013-06-30": "2.45", "2013-03-31": "3.16", "2012-12-31": "4.64", "2012-09-30": "4.53", "2012-06-30": "2.19", "2012-03-31": "1.87", "2011-12-31": "1.00", "2011-09-30": "0.51", "2011-06-30": "0.70", "2011-03-31": "1.75", "2010-12-31": "2.48", "2010-09-30": "0.61", "2010-06-30": "3.37", "2010-03-31": "3.19", "2009-12-31": "3.83", "2009-09-30": "2.58", "2009-06-30": "3.08", "2009-03-31": "0.00", "2008-12-31": "0.00", "2008-09-30": "0.00", "2008-06-30": "0.00", "2008-03-31": "0.00", "2007-12-31": "0.00", "2007-09-30": "0.00", "2007-06-30": "0.00", "2007-03-31": "0.00", "2006-12-31": "0.00", "2006-09-30": "0.00", "2006-06-30": "0.00", "2006-03-31": "0.00", "2005-12-31": "0.00", "2005-09-30": "0.00", "2005-06-30": "0.00", "2005-03-31": "0.00"}, "debt equity ratio": {"current": "13.21", "2020-09-30": "14.31", "2020-06-30": "10.97", "2020-03-31": "12.15", "2019-12-31": "13.58", "2019-09-30": "22.36", "2019-06-30": "16.09", "2019-03-31": "14.38", "2018-12-31": "15.58", "2018-09-30": "15.79", "2018-06-30": "16.49", "2018-03-31": "15.60", "2017-12-31": "21.51", "2017-09-30": "24.05", "2017-06-30": "25.49", "2017-03-31": "25.19", "2016-12-31": "27.25", "2016-09-30": "31.15", "2016-06-30": "23.81", "2016-03-31": "15.96", "2015-12-31": "11.05", "2015-09-30": "8.89", "2015-06-30": "7.02", "2015-03-31": "5.34", "2014-12-31": "4.03", "2014-09-30": "4.06", "2014-06-30": "3.82", "2014-03-31": "2.49", "2013-12-31": "2.41", "2013-09-30": "2.51", "2013-06-30": "2.52", "2013-03-31": "1.55", "2012-12-31": "1.05", "2012-09-30": "1.35", "2012-06-30": "4.95", "2012-03-31": "24.12", "2011-12-31": "-17.85", "2011-09-30": "-6.93", "2011-06-30": "-7.09", "2011-03-31": "-6.03", "2010-12-31": "-6.40", "2010-09-30": "-7.07", "2010-06-30": "-7.75", "2010-03-31": "-6.84", "2009-12-31": "-7.32", "2009-09-30": "-7.84", "2009-06-30": "-8.65", "2009-03-31": "-7.50", "2008-12-31": "-11.66", "2008-09-30": "-6.78", "2008-06-30": "-7.02", "2008-03-31": "-9.62", "2007-12-31": "-10.81", "2007-09-30": "-12.32", "2007-06-30": "-26.03", "2007-03-31": "24.03", "2006-12-31": "17.18", "2006-09-30": "6.40", "2006-06-30": "4.08", "2006-03-31": "3.89", "2005-12-31": "3.80", "2005-09-30": "3.34", "2005-06-30": "0.29", "2005-03-31": "0.09"}, "return on equity": {"2020-09-30": "39.94%", "2020-06-30": "49.52%", "2020-03-31": "40.72%", "2019-12-31": "32.07%", "2019-09-30": "-11.83%", "2019-06-30": "8.03%", "2019-03-31": "13.36%", "2018-12-31": "26.16%", "2018-09-30": "32.62%", "2018-06-30": "12.28%", "2018-03-31": "-7.15%", "2017-12-31": "-36.37%", "2017-09-30": "-41.83%", "2017-06-30": "-25.06%", "2017-03-31": "-27.61%", "2016-12-31": "-67.52%", "2016-09-30": "-93.27%", "2016-06-30": "-87.93%", "2016-03-31": "-60.06%", "2015-12-31": "-48.78%", "2015-09-30": "-37.74%", "2015-06-30": "-27.02%", "2015-03-31": "-29.81%", "2014-12-31": "-21.90%", "2014-09-30": "-20.26%", "2014-06-30": "-20.72%", "2014-03-31": "-18.94%", "2013-12-31": "-19.98%", "2013-09-30": "-19.47%", "2013-06-30": "-20.78%", "2013-03-31": "-21.79%", "2012-12-31": "-27.94%", "2012-09-30": "-51.08%", "2012-06-30": "-16066.67%", "2012-03-31": "92.18%", "2011-12-31": "51.03%", "2011-09-30": "48.82%", "2011-06-30": "46.42%", "2011-03-31": "17.99%", "2010-12-31": "17.27%", "2010-09-30": "3.03%", "2010-06-30": "3.30%", "2010-03-31": "27.02%", "2009-12-31": "39.05%", "2009-09-30": "67.87%", "2009-06-30": "70.31%", "2009-03-31": "94.82%", "2008-12-31": "92.63%", "2008-09-30": "79.37%", "2008-06-30": "88.86%", "2008-03-31": "81.62%", "2007-12-31": "136.35%", "2007-09-30": "683.08%", "2007-06-30": "-228.25%", "2007-03-31": "-86.50%", "2006-12-31": "-63.48%", "2006-09-30": "-27.15%", "2006-06-30": "-10.67%", "2006-03-31": "-12.10%", "2005-12-31": "-8.94%"}, "return on assets": {"2020-09-30": "2.93%", "2020-06-30": "3.37%", "2020-03-31": "2.51%", "2019-12-31": "1.88%", "2019-09-30": "-0.67%", "2019-06-30": "0.49%", "2019-03-31": "0.81%", "2018-12-31": "1.55%", "2018-09-30": "1.81%", "2018-06-30": "0.62%", "2018-03-31": "-0.33%", "2017-12-31": "-1.46%", "2017-09-30": "-1.58%", "2017-06-30": "-0.90%", "2017-03-31": "-1.00%", "2016-12-31": "-2.76%", "2016-09-30": "-4.85%", "2016-06-30": "-6.11%", "2016-03-31": "-5.45%", "2015-12-31": "-5.58%", "2015-09-30": "-5.29%", "2015-06-30": "-4.45%", "2015-03-31": "-5.62%", "2014-12-31": "-4.80%", "2014-09-30": "-4.90%", "2014-06-30": "-5.47%", "2014-03-31": "-5.45%", "2013-12-31": "-6.16%", "2013-09-30": "-6.69%", "2013-06-30": "-7.86%", "2013-03-31": "-8.44%", "2012-12-31": "-8.86%", "2012-09-30": "-8.93%", "2012-06-30": "-8.36%", "2012-03-31": "-7.73%", "2011-12-31": "-7.40%", "2011-09-30": "-8.74%", "2011-06-30": "-8.27%", "2011-03-31": "-3.13%", "2010-12-31": "-2.89%", "2010-09-30": "-0.49%", "2010-06-30": "-0.52%", "2010-03-31": "-4.09%", "2009-12-31": "-5.75%", "2009-09-30": "-8.89%", "2009-06-30": "-9.72%", "2009-03-31": "-13.92%", "2008-12-31": "-12.73%", "2008-09-30": "-11.05%", "2008-06-30": "-10.44%", "2008-03-31": "-7.02%", "2007-12-31": "-6.55%", "2007-09-30": "-7.64%", "2007-06-30": "-7.91%", "2007-03-31": "-7.69%", "2006-12-31": "-8.35%", "2006-09-30": "-5.00%", "2006-06-30": "-2.24%", "2006-03-31": "-3.30%", "2005-12-31": "-3.37%"}, "return on investments": {"2020-09-30": "10.20%", "2020-06-30": "11.00%", "2020-03-31": "9.59%", "2019-12-31": "7.35%", "2019-09-30": "5.94%", "2019-06-30": "6.47%", "2019-03-31": "6.34%", "2018-12-31": "7.02%", "2018-09-30": "6.98%", "2018-06-30": "6.72%", "2018-03-31": "6.66%", "2017-12-31": "5.37%", "2017-09-30": "4.31%", "2017-06-30": "3.38%", "2017-03-31": "2.03%", "2016-12-31": "-0.15%", "2016-09-30": "-2.17%", "2016-06-30": "-2.61%", "2016-03-31": "-2.79%", "2015-12-31": "-2.73%", "2015-09-30": "-2.01%", "2015-06-30": "-2.31%", "2015-03-31": "-2.29%", "2014-12-31": "-2.45%", "2014-09-30": "-2.41%", "2014-06-30": "-2.47%", "2014-03-31": "-3.57%", "2013-12-31": "-4.16%", "2013-09-30": "-3.99%", "2013-06-30": "-4.80%", "2013-03-31": "-3.28%", "2012-12-31": "-2.19%", "2012-09-30": "-1.77%", "2012-06-30": "0.54%", "2012-03-31": "1.53%", "2011-12-31": "2.58%", "2011-09-30": "3.37%", "2011-06-30": "3.81%", "2011-03-31": "4.07%", "2010-12-31": "4.29%", "2010-09-30": "4.83%", "2010-06-30": "4.49%", "2010-03-31": "3.48%", "2009-12-31": "0.87%", "2009-09-30": "-3.03%", "2009-06-30": "-5.14%", "2009-03-31": "-9.18%", "2008-12-31": "-9.50%", "2008-09-30": "-9.19%", "2008-06-30": "-9.65%", "2008-03-31": "-6.88%", "2007-12-31": "-6.53%", "2007-09-30": "-5.70%", "2007-06-30": "-4.97%", "2007-03-31": "-4.20%", "2006-12-31": "-4.55%", "2006-09-30": "-5.16%", "2006-06-30": "-5.03%", "2006-03-31": "-7.10%", "2005-12-31": "-8.66%"}, "return on tangible equity": {"2020-09-30": "41.14%", "2020-06-30": "51.16%", "2020-03-31": "42.23%", "2019-12-31": "33.34%", "2019-09-30": "-12.33%", "2019-06-30": "8.35%", "2019-03-31": "13.93%", "2018-12-31": "27.33%", "2018-09-30": "34.24%", "2018-06-30": "12.98%", "2018-03-31": "-7.62%", "2017-12-31": "-39.16%", "2017-09-30": "-45.39%", "2017-06-30": "-27.44%", "2017-03-31": "-30.36%", "2016-12-31": "-73.81%", "2016-09-30": "-100.37%", "2016-06-30": "-93.14%", "2016-03-31": "-62.87%", "2015-12-31": "-50.72%", "2015-09-30": "-39.07%", "2015-06-30": "-27.92%", "2015-03-31": "-30.79%", "2014-12-31": "-22.61%", "2014-09-30": "-20.89%", "2014-06-30": "-21.37%", "2014-03-31": "-19.55%", "2013-12-31": "-20.63%", "2013-09-30": "-20.15%", "2013-06-30": "-21.55%", "2013-03-31": "-22.82%", "2012-12-31": "-30.00%", "2012-09-30": "-59.44%", "2012-06-30": "300.31%", "2012-03-31": "68.15%", "2011-12-31": "42.12%", "2011-09-30": "41.46%", "2011-06-30": "39.36%", "2011-03-31": "15.20%", "2010-12-31": "14.55%", "2010-09-30": "2.54%", "2010-06-30": "2.76%", "2010-03-31": "22.54%", "2009-12-31": "32.51%", "2009-09-30": "55.51%", "2009-06-30": "58.29%", "2009-03-31": "79.45%", "2008-12-31": "76.29%", "2008-09-30": "65.10%", "2008-06-30": "70.49%", "2008-03-31": "60.59%", "2007-12-31": "85.40%", "2007-09-30": "194.31%", "2007-06-30": "-2525.00%", "2007-03-31": "-148.65%", "2006-12-31": "-96.53%", "2006-09-30": "-38.64%", "2006-06-30": "-14.72%", "2006-03-31": "-16.33%", "2005-12-31": "-11.73%"}, "dividend yield history": {"last payout": "$0.00", "last yield": "0.00%"}}