{"ticker": "CVX", "price": {"title": "Chevron Historical Annual Stock Price Data", "value": 89.26, "historical": {"2021": {"Average Stock Price": "90.2325", "Year Open": "84.7100", "Year High": "95.4900", "Year Low": "84.7100", "Year Close": "89.2600", "Annual % Change": "5.70%"}, "2020": {"Average Stock Price": "88.2653", "Year Open": "121.4300", "Year High": "121.4300", "Year Low": "54.2200", "Year Close": "84.4500", "Annual % Change": "-29.92%"}, "2019": {"Average Stock Price": "119.6252", "Year Open": "110.6900", "Year High": "126.6800", "Year Low": "108.5700", "Year Close": "120.5100", "Annual % Change": "10.77%"}, "2018": {"Average Stock Price": "120.2315", "Year Open": "127.5800", "Year High": "133.6000", "Year Low": "100.9900", "Year Close": "108.7900", "Annual % Change": "-13.10%"}, "2017": {"Average Stock Price": "111.4578", "Year Open": "117.8500", "Year High": "125.9800", "Year Low": "103.0400", "Year Close": "125.1900", "Annual % Change": "6.36%"}, "2016": {"Average Stock Price": "99.8737", "Year Open": "88.8500", "Year High": "118.7700", "Year Low": "78.9800", "Year Close": "117.7000", "Annual % Change": "30.84%"}, "2015": {"Average Stock Price": "96.3626", "Year Open": "112.5800", "Year High": "112.7800", "Year Low": "70.0200", "Year Close": "89.9600", "Annual % Change": "-19.81%"}, "2014": {"Average Stock Price": "120.5137", "Year Open": "124.1400", "Year High": "134.8500", "Year Low": "100.8600", "Year Close": "112.1800", "Annual % Change": "-10.19%"}, "2013": {"Average Stock Price": "120.2266", "Year Open": "110.3900", "Year High": "127.7600", "Year Low": "109.2600", "Year Close": "124.9100", "Annual % Change": "15.51%"}, "2012": {"Average Stock Price": "107.5521", "Year Open": "110.3700", "Year High": "117.9600", "Year Low": "96.4100", "Year Close": "108.1400", "Annual % Change": "1.64%"}, "2011": {"Average Stock Price": "100.8532", "Year Open": "91.9400", "Year High": "109.6600", "Year Low": "89.8800", "Year Close": "106.4000", "Annual % Change": "16.60%"}, "2010": {"Average Stock Price": "78.1354", "Year Open": "79.0600", "Year High": "91.6000", "Year Low": "67.3100", "Year Close": "91.2500", "Annual % Change": "18.52%"}, "2009": {"Average Stock Price": "70.1702", "Year Open": "76.5200", "Year High": "79.6400", "Year Low": "56.4600", "Year Close": "76.9900", "Annual % Change": "4.08%"}, "2008": {"Average Stock Price": "84.8966", "Year Open": "93.4600", "Year High": "103.0900", "Year Low": "57.8300", "Year Close": "73.9700", "Annual % Change": "-20.74%"}, "2007": {"Average Stock Price": "82.4233", "Year Open": "70.9700", "Year High": "94.8600", "Year Low": "66.4300", "Year Close": "93.3300", "Annual % Change": "26.93%"}, "2006": {"Average Stock Price": "63.0654", "Year Open": "59.0800", "Year High": "75.9700", "Year Low": "54.0800", "Year Close": "73.5300", "Annual % Change": "29.52%"}, "2005": {"Average Stock Price": "57.5844", "Year Open": "50.9000", "Year High": "65.7700", "Year Low": "50.5100", "Year Close": "56.7700", "Annual % Change": "8.11%"}, "2004": {"Average Stock Price": "47.8862", "Year Open": "42.9450", "Year High": "55.4100", "Year Low": "42.2150", "Year Close": "52.5100", "Annual % Change": "21.56%"}, "2003": {"Average Stock Price": "35.3649", "Year Open": "33.9100", "Year High": "43.1950", "Year Low": "30.3400", "Year Close": "43.1950", "Annual % Change": "29.95%"}, "2002": {"Average Stock Price": "39.8115", "Year Open": "44.7400", "Year High": "45.4300", "Year Low": "32.9500", "Year Close": "33.2400", "Annual % Change": "-25.81%"}, "2001": {"Average Stock Price": "44.5219", "Year Open": "42.9700", "Year High": "49.0150", "Year Low": "39.3850", "Year Close": "44.8050", "Annual % Change": "6.12%"}, "2000": {"Average Stock Price": "42.3868", "Year Open": "41.8150", "Year High": "47.1350", "Year Low": "35.5300", "Year Close": "42.2200", "Annual % Change": "-2.53%"}, "1999": {"Average Stock Price": "44.8681", "Year Open": "41.0300", "Year High": "51.8000", "Year Low": "36.8450", "Year Close": "43.3150", "Annual % Change": "4.45%"}, "1998": {"Average Stock Price": "40.7166", "Year Open": "38.9700", "Year High": "44.4700", "Year Low": "35.5650", "Year Close": "41.4700", "Annual % Change": "7.71%"}, "1997": {"Average Stock Price": "37.3162", "Year Open": "32.9400", "Year High": "44.3750", "Year Low": "31.1250", "Year Close": "38.5000", "Annual % Change": "18.46%"}, "1996": {"Average Stock Price": "29.8188", "Year Open": "26.4400", "Year High": "34.0600", "Year Low": "25.8750", "Year Close": "32.5000", "Annual % Change": "24.09%"}, "1995": {"Average Stock Price": "24.0273", "Year Open": "22.2500", "Year High": "26.6900", "Year Low": "21.6900", "Year Close": "26.1900", "Annual % Change": "17.37%"}, "1994": {"Average Stock Price": "21.8559", "Year Open": "22.0000", "Year High": "23.5925", "Year Low": "20.2500", "Year Close": "22.3150", "Annual % Change": "2.46%"}, "1993": {"Average Stock Price": "21.3477", "Year Open": "17.4375", "Year High": "24.5925", "Year Low": "16.9375", "Year Close": "21.7800", "Annual % Change": "25.35%"}, "1992": {"Average Stock Price": "17.1684", "Year Open": "17.2175", "Year High": "18.8425", "Year Low": "15.1575", "Year Close": "17.3750", "Annual % Change": "0.72%"}, "1991": {"Average Stock Price": "18.1788", "Year Open": "18.0925", "Year High": "19.9375", "Year Low": "16.0000", "Year Close": "17.2500", "Annual % Change": "-4.98%"}, "1990": {"Average Stock Price": "17.6289", "Year Open": "17.2800", "Year High": "20.0925", "Year Low": "15.9700", "Year Close": "18.1550", "Annual % Change": "7.19%"}, "1989": {"Average Stock Price": "14.1142", "Year Open": "11.4375", "Year High": "18.0000", "Year Low": "11.4375", "Year Close": "16.9375", "Annual % Change": "48.09%"}, "1988": {"Average Stock Price": "11.4901", "Year Open": "10.4075", "Year High": "12.9375", "Year Low": "9.9075", "Year Close": "11.4375", "Annual % Change": "15.44%"}, "1987": {"Average Stock Price": "13.1564", "Year Open": "11.5000", "Year High": "16.0300", "Year Low": "9.1250", "Year Close": "9.9075", "Annual % Change": "-12.67%"}, "1986": {"Average Stock Price": "10.0999", "Year Open": "9.3750", "Year High": "12.0000", "Year Low": "8.5000", "Year Close": "11.3450", "Annual % Change": "19.01%"}, "1985": {"Average Stock Price": "9.0044", "Year Open": "7.5925", "Year High": "9.9375", "Year Low": "7.4050", "Year Close": "9.5325", "Annual % Change": "22.02%"}, "1984": {"Average Stock Price": "8.7750", "Year Open": "8.5325", "Year High": "10.0000", "Year Low": "7.5300", "Year Close": "7.8125", "Annual % Change": "-9.76%"}, "1983": {"Average Stock Price": "9.0449", "Year Open": "7.8125", "Year High": "10.1875", "Year Low": "7.8125", "Year Close": "8.6575", "Annual % Change": "8.22%"}, "1982": {"Average Stock Price": "7.7920", "Year Open": "10.4075", "Year High": "10.4075", "Year Low": "6.0300", "Year Close": "8.0000", "Annual % Change": "-25.37%"}, "1981": {"Average Stock Price": "12.6483", "Year Open": "24.8125", "Year High": "25.8750", "Year Low": "8.8750", "Year Close": "10.7200", "Annual % Change": "-56.90%"}, "1980": {"Average Stock Price": "19.3622", "Year Open": "13.5625", "Year High": "28.8750", "Year Low": "13.4075", "Year Close": "24.8750", "Annual % Change": "76.48%"}, "1979": {"Average Stock Price": "12.7957", "Year Open": "11.7200", "Year High": "14.9050", "Year Low": "11.1250", "Year Close": "14.0950", "Annual % Change": "20.26%"}, "1978": {"Average Stock Price": "10.5531", "Year Open": "9.5000", "Year High": "12.2200", "Year Low": "8.6550", "Year Close": "11.7200", "Annual % Change": "20.58%"}, "1977": {"Average Stock Price": "10.2027", "Year Open": "10.1550", "Year High": "11.3125", "Year Low": "9.5000", "Year Close": "9.7200", "Annual % Change": "-5.17%"}, "1976": {"Average Stock Price": "8.8645", "Year Open": "7.3750", "Year High": "10.2500", "Year Low": "7.3750", "Year Close": "10.2500", "Annual % Change": "39.55%"}, "1975": {"Average Stock Price": "7.0295", "Year Open": "5.9050", "Year High": "8.1550", "Year Low": "5.6250", "Year Close": "7.3450", "Annual % Change": "32.04%"}, "1974": {"Average Stock Price": "6.6226", "Year Open": "8.7500", "Year High": "9.0625", "Year Low": "5.0950", "Year Close": "5.5625", "Annual % Change": "-36.43%"}, "1973": {"Average Stock Price": "17.9629", "Year Open": "20.0300", "Year High": "22.2500", "Year Low": "6.9700", "Year Close": "8.7500", "Annual % Change": "-56.04%"}, "1972": {"Average Stock Price": "16.0437", "Year Open": "14.4375", "Year High": "20.3750", "Year Low": "13.6250", "Year Close": "19.9050", "Annual % Change": "38.76%"}, "1971": {"Average Stock Price": "13.9724", "Year Open": "13.3750", "Year High": "15.7200", "Year Low": "12.6250", "Year Close": "14.3450", "Annual % Change": "5.28%"}}}, "market cap": {"value": "$166.68B"}, "income statement": {"Revenue": {"2020-12-31": "25246.00000", "2019-12-31": "146516.00000", "2018-12-31": "166339.00000", "2017-12-31": "141722.00000", "2016-12-31": "114472.00000", "2015-12-31": "138477.00000", "2014-12-31": "211970.00000", "2013-12-31": "228848.00000", "2012-12-31": "241909.00000", "2011-12-31": "253706.00000", "2010-12-31": "204928.00000", "2009-12-31": "171636.00000", "2008-12-31": "273005.00000", "2007-12-31": "220904.00000", "2006-12-31": "210118.00000", "2005-12-31": "198200.00000"}, "Cost Of Goods Sold": {"2020-12-31": "14663.00000", "2019-12-31": "84249.00000", "2018-12-31": "99445.00000", "2017-12-31": "88096.00000", "2016-12-31": "70989.00000", "2015-12-31": "81781.00000", "2014-12-31": "132211.00000", "2013-12-31": "147759.00000", "2012-12-31": "153142.00000", "2011-12-31": "165551.00000", "2010-12-31": "134658.00000", "2009-12-31": "117244.00000", "2008-12-31": "192700.00000", "2007-12-31": "155575.00000", "2006-12-31": "149034.00000", "2005-12-31": "148750.00000"}, "Gross Profit": {"2020-12-31": "25246.00000", "2019-12-31": "62267.00000", "2018-12-31": "66894.00000", "2017-12-31": "53626.00000", "2016-12-31": "43483.00000", "2015-12-31": "56696.00000", "2014-12-31": "79759.00000", "2013-12-31": "81089.00000", "2012-12-31": "88767.00000", "2011-12-31": "88155.00000", "2010-12-31": "70270.00000", "2009-12-31": "54392.00000", "2008-12-31": "80305.00000", "2007-12-31": "65329.00000", "2006-12-31": "61084.00000", "2005-12-31": "49450.00000"}, "Research And Development Expenses": {"2020-12-31": "367.00000", "2019-12-31": "770.00000", "2018-12-31": "1210.00000", "2017-12-31": "864.00000", "2016-12-31": "1033.00000", "2015-12-31": "3340.00000", "2014-12-31": "1985.00000", "2013-12-31": "1861.00000", "2012-12-31": "1728.00000", "2011-12-31": "1216.00000", "2010-12-31": "1147.00000", "2009-12-31": "1342.00000", "2008-12-31": "1169.00000", "2007-12-31": "1323.00000", "2006-12-31": "1364.00000", "2005-12-31": "743.00000"}, "SG&A Expenses": {"2020-12-31": "", "2019-12-31": "4143.00000", "2018-12-31": "3838.00000", "2017-12-31": "4110.00000", "2016-12-31": "4305.00000", "2015-12-31": "4443.00000", "2014-12-31": "4494.00000", "2013-12-31": "4510.00000", "2012-12-31": "4724.00000", "2011-12-31": "4745.00000", "2010-12-31": "4767.00000", "2009-12-31": "4527.00000", "2008-12-31": "5756.00000", "2007-12-31": "5926.00000", "2006-12-31": "5093.00000", "2005-12-31": "4828.00000"}, "Other Operating Income Or Expenses": {"2020-12-31": "-6488.00000", "2019-12-31": "-21802.00000", "2018-12-31": "-21104.00000", "2017-12-31": "-19775.00000", "2016-12-31": "-20647.00000", "2015-12-31": "-23034.00000", "2014-12-31": "-25285.00000", "2013-12-31": "-24627.00000", "2012-12-31": "-22570.00000", "2011-12-31": "-21649.00000", "2010-12-31": "-19188.00000", "2009-12-31": "-17857.00000", "2008-12-31": "-20795.00000", "2007-12-31": "-16932.00000", "2006-12-31": "-14624.00000", "2005-12-31": "-12191.00000"}, "Operating Expenses": {"2020-12-31": "26203.00000", "2019-12-31": "140980.00000", "2018-12-31": "145764.00000", "2017-12-31": "132501.00000", "2016-12-31": "116632.00000", "2015-12-31": "133635.00000", "2014-12-31": "180768.00000", "2013-12-31": "192943.00000", "2012-12-31": "195577.00000", "2011-12-31": "206072.00000", "2010-12-31": "172873.00000", "2009-12-31": "153108.00000", "2008-12-31": "229948.00000", "2007-12-31": "188630.00000", "2006-12-31": "178142.00000", "2005-12-31": "173003.00000"}, "Operating Income": {"2020-12-31": "-957.00000", "2019-12-31": "5536.00000", "2018-12-31": "20575.00000", "2017-12-31": "9221.00000", "2016-12-31": "-2160.00000", "2015-12-31": "4842.00000", "2014-12-31": "31202.00000", "2013-12-31": "35905.00000", "2012-12-31": "46332.00000", "2011-12-31": "47634.00000", "2010-12-31": "32055.00000", "2009-12-31": "18528.00000", "2008-12-31": "43057.00000", "2007-12-31": "32274.00000", "2006-12-31": "31976.00000", "2005-12-31": "25197.00000"}, "Total Non-Operating Income/Expense": {"2020-12-31": "", "2019-12-31": "", "2018-12-31": "", "2017-12-31": "", "2016-12-31": "", "2015-12-31": "", "2014-12-31": "", "2013-12-31": "", "2012-12-31": "", "2011-12-31": "", "2010-12-31": "", "2009-12-31": "", "2008-12-31": "", "2007-12-31": "", "2006-12-31": "", "2005-12-31": ""}, "Pre-Tax Income": {"2020-12-31": "-957.00000", "2019-12-31": "5536.00000", "2018-12-31": "20575.00000", "2017-12-31": "9221.00000", "2016-12-31": "-2160.00000", "2015-12-31": "4842.00000", "2014-12-31": "31202.00000", "2013-12-31": "35905.00000", "2012-12-31": "46332.00000", "2011-12-31": "47634.00000", "2010-12-31": "32055.00000", "2009-12-31": "18528.00000", "2008-12-31": "43057.00000", "2007-12-31": "32274.00000", "2006-12-31": "31976.00000", "2005-12-31": "25197.00000"}, "Income Taxes": {"2020-12-31": "-301.00000", "2019-12-31": "2691.00000", "2018-12-31": "5715.00000", "2017-12-31": "-48.00000", "2016-12-31": "-1729.00000", "2015-12-31": "132.00000", "2014-12-31": "11892.00000", "2013-12-31": "14308.00000", "2012-12-31": "19996.00000", "2011-12-31": "20626.00000", "2010-12-31": "12919.00000", "2009-12-31": "7965.00000", "2008-12-31": "19026.00000", "2007-12-31": "13479.00000", "2006-12-31": "14838.00000", "2005-12-31": "11098.00000"}, "Income After Taxes": {"2020-12-31": "-656.00000", "2019-12-31": "2845.00000", "2018-12-31": "14860.00000", "2017-12-31": "9269.00000", "2016-12-31": "-431.00000", "2015-12-31": "4710.00000", "2014-12-31": "19310.00000", "2013-12-31": "21597.00000", "2012-12-31": "26336.00000", "2011-12-31": "27008.00000", "2010-12-31": "19136.00000", "2009-12-31": "10563.00000", "2008-12-31": "24031.00000", "2007-12-31": "18795.00000", "2006-12-31": "17138.00000", "2005-12-31": "14099.00000"}, "Other Income": {"2020-12-31": "", "2019-12-31": "", "2018-12-31": "", "2017-12-31": "", "2016-12-31": "", "2015-12-31": "", "2014-12-31": "", "2013-12-31": "", "2012-12-31": "", "2011-12-31": "", "2010-12-31": "", "2009-12-31": "", "2008-12-31": "", "2007-12-31": "", "2006-12-31": "", "2005-12-31": ""}, "Income From Continuous Operations": {"2020-12-31": "-656.00000", "2019-12-31": "2845.00000", "2018-12-31": "14860.00000", "2017-12-31": "9269.00000", "2016-12-31": "-431.00000", "2015-12-31": "4710.00000", "2014-12-31": "19310.00000", "2013-12-31": "21597.00000", "2012-12-31": "26336.00000", "2011-12-31": "27008.00000", "2010-12-31": "19136.00000", "2009-12-31": "10563.00000", "2008-12-31": "24031.00000", "2007-12-31": "18795.00000", "2006-12-31": "17138.00000", "2005-12-31": "14099.00000"}, "Income From Discontinued Operations": {"2020-12-31": "", "2019-12-31": "", "2018-12-31": "", "2017-12-31": "", "2016-12-31": "", "2015-12-31": "", "2014-12-31": "", "2013-12-31": "", "2012-12-31": "", "2011-12-31": "", "2010-12-31": "", "2009-12-31": "", "2008-12-31": "", "2007-12-31": "", "2006-12-31": "", "2005-12-31": ""}, "Net Income": {"2020-12-31": "-665.00000", "2019-12-31": "2924.00000", "2018-12-31": "14824.00000", "2017-12-31": "9195.00000", "2016-12-31": "-497.00000", "2015-12-31": "4587.00000", "2014-12-31": "19241.00000", "2013-12-31": "21423.00000", "2012-12-31": "26179.00000", "2011-12-31": "26895.00000", "2010-12-31": "19024.00000", "2009-12-31": "10483.00000", "2008-12-31": "23931.00000", "2007-12-31": "18688.00000", "2006-12-31": "17138.00000", "2005-12-31": "14099.00000"}, "EBITDA": {"2020-12-31": "18742.00000", "2019-12-31": "35552.00000", "2018-12-31": "40742.00000", "2017-12-31": "28877.00000", "2016-12-31": "17498.00000", "2015-12-31": "25879.00000", "2014-12-31": "47995.00000", "2013-12-31": "50091.00000", "2012-12-31": "59745.00000", "2011-12-31": "60545.00000", "2010-12-31": "45168.00000", "2009-12-31": "30666.00000", "2008-12-31": "52585.00000", "2007-12-31": "41148.00000", "2006-12-31": "39863.00000", "2005-12-31": "31496.00000"}, "EBIT": {"2020-12-31": "-758.00000", "2019-12-31": "6334.00000", "2018-12-31": "21323.00000", "2017-12-31": "9528.00000", "2016-12-31": "-1959.00000", "2015-12-31": "4842.00000", "2014-12-31": "31202.00000", "2013-12-31": "35905.00000", "2012-12-31": "46332.00000", "2011-12-31": "47634.00000", "2010-12-31": "32105.00000", "2009-12-31": "18556.00000", "2008-12-31": "43057.00000", "2007-12-31": "32440.00000", "2006-12-31": "32357.00000", "2005-12-31": "25583.00000"}, "Basic Shares Outstanding": {"2020-12-31": "1870.02700", "2019-12-31": "1882.00000", "2018-12-31": "1898.00000", "2017-12-31": "1883.00000", "2016-12-31": "1873.00000", "2015-12-31": "1868.00000", "2014-12-31": "1884.00000", "2013-12-31": "1917.00000", "2012-12-31": "1950.00000", "2011-12-31": "1986.00000", "2010-12-31": "1997.00000", "2009-12-31": "1992.00000", "2008-12-31": "2038.00000", "2007-12-31": "2118.00000", "2006-12-31": "2186.00000", "2005-12-31": "2144.00000"}, "Shares Outstanding": {"2020-12-31": "1870.02700", "2019-12-31": "1895.00000", "2018-12-31": "1914.00000", "2017-12-31": "1898.00000", "2016-12-31": "1873.00000", "2015-12-31": "1875.00000", "2014-12-31": "1898.00000", "2013-12-31": "1932.00000", "2012-12-31": "1965.00000", "2011-12-31": "2001.00000", "2010-12-31": "2007.00000", "2009-12-31": "2001.00000", "2008-12-31": "2050.00000", "2007-12-31": "2132.00000", "2006-12-31": "2197.00000", "2005-12-31": "2155.00000"}, "Basic EPS": {"2020-12-31": "-2.96000", "2019-12-31": "1.55000", "2018-12-31": "7.81000", "2017-12-31": "4.88000", "2016-12-31": "-0.27000", "2015-12-31": "2.46000", "2014-12-31": "10.21000", "2013-12-31": "11.18000", "2012-12-31": "13.42000", "2011-12-31": "13.54000", "2010-12-31": "9.53000", "2009-12-31": "5.26000", "2008-12-31": "11.74000", "2007-12-31": "8.83000", "2006-12-31": "7.84000", "2005-12-31": "6.58000"}, "EPS - Earnings Per Share": {"2020-12-31": "-2.96000", "2019-12-31": "1.54000", "2018-12-31": "7.74000", "2017-12-31": "4.85000", "2016-12-31": "-0.27000", "2015-12-31": "2.45000", "2014-12-31": "10.14000", "2013-12-31": "11.09000", "2012-12-31": "13.32000", "2011-12-31": "13.44000", "2010-12-31": "9.48000", "2009-12-31": "5.24000", "2008-12-31": "11.67000", "2007-12-31": "8.77000", "2006-12-31": "7.80000", "2005-12-31": "6.54000"}}, "income statement, quarterly": {"Revenue": {"2020-12-31": "25246.00000", "2020-09-30": "24451.00000", "2020-06-30": "13494.00000", "2020-03-31": "31501.00000", "2019-12-31": "36350.00000", "2019-09-30": "36116.00000", "2019-06-30": "38850.00000", "2019-03-31": "35200.00000", "2018-12-31": "42352.00000", "2018-09-30": "43987.00000", "2018-06-30": "42236.00000", "2018-03-31": "37764.00000", "2017-12-31": "37616.00000", "2017-09-30": "36205.00000", "2017-06-30": "34480.00000", "2017-03-31": "33421.00000", "2016-12-31": "31497.00000", "2016-09-30": "30140.00000", "2016-06-30": "29282.00000", "2016-03-31": "23553.00000", "2015-12-31": "29247.00000", "2015-09-30": "34315.00000", "2015-06-30": "40357.00000", "2015-03-31": "34558.00000", "2014-12-31": "46088.00000", "2014-09-30": "54679.00000", "2014-06-30": "57938.00000", "2014-03-31": "53265.00000", "2013-12-31": "56158.00000", "2013-09-30": "58503.00000", "2013-06-30": "57369.00000", "2013-03-31": "56818.00000", "2012-12-31": "60552.00000", "2012-09-30": "58044.00000", "2012-06-30": "62608.00000", "2012-03-31": "60705.00000", "2011-12-31": "59985.00000", "2011-09-30": "64432.00000", "2011-06-30": "68948.00000", "2011-03-31": "60341.00000", "2010-12-31": "54027.00000", "2010-09-30": "49718.00000", "2010-06-30": "53004.00000", "2010-03-31": "48179.00000", "2009-12-31": "48676.00000", "2009-09-30": "46625.00000", "2009-06-30": "40205.00000", "2009-03-31": "36130.00000", "2008-12-31": "45203.00000", "2008-09-30": "78867.00000", "2008-06-30": "82989.00000", "2008-03-31": "65946.00000", "2007-12-31": "61410.00000", "2007-09-30": "55173.00000", "2007-06-30": "56094.00000", "2007-03-31": "48227.00000", "2006-12-31": "47746.00000", "2006-09-30": "54212.00000", "2006-06-30": "53536.00000", "2006-03-31": "54624.00000", "2005-12-31": "53794.00000", "2005-09-30": "54456.00000", "2005-06-30": "48343.00000", "2005-03-31": "41607.00000"}, "Cost Of Goods Sold": {"2020-12-31": "14663.00000", "2020-09-30": "14539.00000", "2020-06-30": "9109.00000", "2020-03-31": "16676.00000", "2019-12-31": "20662.00000", "2019-09-30": "20941.00000", "2019-06-30": "21882.00000", "2019-03-31": "20764.00000", "2018-12-31": "24821.00000", "2018-09-30": "25940.00000", "2018-06-30": "26107.00000", "2018-03-31": "22577.00000", "2017-12-31": "24340.00000", "2017-09-30": "21989.00000", "2017-06-30": "21390.00000", "2017-03-31": "20377.00000", "2016-12-31": "19845.00000", "2016-09-30": "18804.00000", "2016-06-30": "18251.00000", "2016-03-31": "14089.00000", "2015-12-31": "17426.00000", "2015-09-30": "20330.00000", "2015-06-30": "23714.00000", "2015-03-31": "20311.00000", "2014-12-31": "27381.00000", "2014-09-30": "33977.00000", "2014-06-30": "37011.00000", "2014-03-31": "33842.00000", "2013-12-31": "35902.00000", "2013-09-30": "38188.00000", "2013-06-30": "37622.00000", "2013-03-31": "36047.00000", "2012-12-31": "37210.00000", "2012-09-30": "37221.00000", "2012-06-30": "39806.00000", "2012-03-31": "38905.00000", "2011-12-31": "39043.00000", "2011-09-30": "41144.00000", "2011-06-30": "45602.00000", "2011-03-31": "39762.00000", "2010-12-31": "34732.00000", "2010-09-30": "33169.00000", "2010-06-30": "35141.00000", "2010-03-31": "31616.00000", "2009-12-31": "33189.00000", "2009-09-30": "31613.00000", "2009-06-30": "28064.00000", "2009-03-31": "24378.00000", "2008-12-31": "28122.00000", "2008-09-30": "54852.00000", "2008-06-30": "61755.00000", "2008-03-31": "47971.00000", "2007-12-31": "43616.00000", "2007-09-30": "39526.00000", "2007-06-30": "38881.00000", "2007-03-31": "33552.00000", "2006-12-31": "33191.00000", "2006-09-30": "37479.00000", "2006-06-30": "37900.00000", "2006-03-31": "40464.00000", "2005-12-31": "39309.00000", "2005-09-30": "41383.00000", "2005-06-30": "36441.00000", "2005-03-31": "31617.00000"}, "Gross Profit": {"2020-12-31": "10583.00000", "2020-09-30": "9912.00000", "2020-06-30": "4385.00000", "2020-03-31": "14825.00000", "2019-12-31": "15688.00000", "2019-09-30": "15175.00000", "2019-06-30": "16968.00000", "2019-03-31": "14436.00000", "2018-12-31": "17531.00000", "2018-09-30": "18047.00000", "2018-06-30": "16129.00000", "2018-03-31": "15187.00000", "2017-12-31": "13276.00000", "2017-09-30": "14216.00000", "2017-06-30": "13090.00000", "2017-03-31": "13044.00000", "2016-12-31": "11652.00000", "2016-09-30": "11336.00000", "2016-06-30": "11031.00000", "2016-03-31": "9464.00000", "2015-12-31": "11821.00000", "2015-09-30": "13985.00000", "2015-06-30": "16643.00000", "2015-03-31": "14247.00000", "2014-12-31": "18707.00000", "2014-09-30": "20702.00000", "2014-06-30": "20927.00000", "2014-03-31": "19423.00000", "2013-12-31": "20256.00000", "2013-09-30": "20315.00000", "2013-06-30": "19747.00000", "2013-03-31": "20771.00000", "2012-12-31": "23342.00000", "2012-09-30": "20823.00000", "2012-06-30": "22802.00000", "2012-03-31": "21800.00000", "2011-12-31": "20942.00000", "2011-09-30": "23288.00000", "2011-06-30": "23346.00000", "2011-03-31": "20579.00000", "2010-12-31": "19295.00000", "2010-09-30": "16549.00000", "2010-06-30": "17863.00000", "2010-03-31": "16563.00000", "2009-12-31": "15487.00000", "2009-09-30": "15012.00000", "2009-06-30": "12141.00000", "2009-03-31": "11752.00000", "2008-12-31": "17081.00000", "2008-09-30": "24015.00000", "2008-06-30": "21234.00000", "2008-03-31": "17975.00000", "2007-12-31": "17794.00000", "2007-09-30": "15647.00000", "2007-06-30": "17213.00000", "2007-03-31": "14675.00000", "2006-12-31": "14555.00000", "2006-09-30": "16733.00000", "2006-06-30": "15636.00000", "2006-03-31": "14160.00000", "2005-12-31": "14485.00000", "2005-09-30": "13073.00000", "2005-06-30": "11902.00000", "2005-03-31": "9990.00000"}, "Research And Development Expenses": {"2020-12-31": "367.00000", "2020-09-30": "117.00000", "2020-06-30": "895.00000", "2020-03-31": "158.00000", "2019-12-31": "272.00000", "2019-09-30": "168.00000", "2019-06-30": "141.00000", "2019-03-31": "189.00000", "2018-12-31": "250.00000", "2018-09-30": "625.00000", "2018-06-30": "177.00000", "2018-03-31": "158.00000", "2017-12-31": "356.00000", "2017-09-30": "239.00000", "2017-06-30": "125.00000", "2017-03-31": "144.00000", "2016-12-31": "191.00000", "2016-09-30": "258.00000", "2016-06-30": "214.00000", "2016-03-31": "370.00000", "2015-12-31": "1358.00000", "2015-09-30": "315.00000", "2015-06-30": "1075.00000", "2015-03-31": "592.00000", "2014-12-31": "510.00000", "2014-09-30": "366.00000", "2014-06-30": "694.00000", "2014-03-31": "415.00000", "2013-12-31": "726.00000", "2013-09-30": "559.00000", "2013-06-30": "329.00000", "2013-03-31": "247.00000", "2012-12-31": "357.00000", "2012-09-30": "475.00000", "2012-06-30": "493.00000", "2012-03-31": "403.00000", "2011-12-31": "386.00000", "2011-09-30": "240.00000", "2011-06-30": "422.00000", "2011-03-31": "168.00000", "2010-12-31": "335.00000", "2010-09-30": "420.00000", "2010-06-30": "212.00000", "2010-03-31": "180.00000", "2009-12-31": "281.00000", "2009-09-30": "242.00000", "2009-06-30": "438.00000", "2009-03-31": "381.00000", "2008-12-31": "338.00000", "2008-09-30": "271.00000", "2008-06-30": "307.00000", "2008-03-31": "253.00000", "2007-12-31": "449.00000", "2007-09-30": "295.00000", "2007-06-30": "273.00000", "2007-03-31": "306.00000", "2006-12-31": "547.00000", "2006-09-30": "284.00000", "2006-06-30": "265.00000", "2006-03-31": "268.00000", "2005-12-31": "274.00000", "2005-09-30": "177.00000", "2005-06-30": "139.00000", "2005-03-31": "153.00000"}, "SG&A Expenses": {"2020-12-31": "", "2020-09-30": "832.00000", "2020-06-30": "1569.00000", "2020-03-31": "683.00000", "2019-12-31": "1129.00000", "2019-09-30": "954.00000", "2019-06-30": "1076.00000", "2019-03-31": "984.00000", "2018-12-31": "1080.00000", "2018-09-30": "1018.00000", "2018-06-30": "1017.00000", "2018-03-31": "723.00000", "2017-12-31": "1266.00000", "2017-09-30": "1107.00000", "2017-06-30": "927.00000", "2017-03-31": "810.00000", "2016-12-31": "1165.00000", "2016-09-30": "1109.00000", "2016-06-30": "1033.00000", "2016-03-31": "998.00000", "2015-12-31": "1303.00000", "2015-09-30": "1026.00000", "2015-06-30": "1170.00000", "2015-03-31": "944.00000", "2014-12-31": "1368.00000", "2014-09-30": "1122.00000", "2014-06-30": "1077.00000", "2014-03-31": "927.00000", "2013-12-31": "1176.00000", "2013-09-30": "1197.00000", "2013-06-30": "1139.00000", "2013-03-31": "998.00000", "2012-12-31": "1182.00000", "2012-09-30": "1352.00000", "2012-06-30": "1250.00000", "2012-03-31": "940.00000", "2011-12-31": "1330.00000", "2011-09-30": "1115.00000", "2011-06-30": "1200.00000", "2011-03-31": "1100.00000", "2010-12-31": "1408.00000", "2010-09-30": "1181.00000", "2010-06-30": "1136.00000", "2010-03-31": "1042.00000", "2009-12-31": "1330.00000", "2009-09-30": "1177.00000", "2009-06-30": "1043.00000", "2009-03-31": "977.00000", "2008-12-31": "1492.00000", "2008-09-30": "1278.00000", "2008-06-30": "1639.00000", "2008-03-31": "1347.00000", "2007-12-31": "1833.00000", "2007-09-30": "1446.00000", "2007-06-30": "1516.00000", "2007-03-31": "1131.00000", "2006-12-31": "1203.00000", "2006-09-30": "1428.00000", "2006-06-30": "1207.00000", "2006-03-31": "1255.00000", "2005-12-31": "1340.00000", "2005-09-30": "1337.00000", "2005-06-30": "1152.00000", "2005-03-31": "999.00000"}, "Other Operating Income Or Expenses": {"2020-12-31": "-6488.00000", "2020-09-30": "-4826.00000", "2020-06-30": "-5629.00000", "2020-03-31": "-5389.00000", "2019-12-31": "-6085.00000", "2019-09-30": "-5446.00000", "2019-06-30": "-5284.00000", "2019-03-31": "-4987.00000", "2018-12-31": "-5861.00000", "2018-09-30": "-5143.00000", "2018-06-30": "-5315.00000", "2018-03-31": "-4785.00000", "2017-12-31": "-5265.00000", "2017-09-30": "-5068.00000", "2017-06-30": "-4726.00000", "2017-03-31": "-4716.00000", "2016-12-31": "-5523.00000", "2016-09-30": "-4666.00000", "2016-06-30": "-5054.00000", "2016-03-31": "-5404.00000", "2015-12-31": "-5970.00000", "2015-09-30": "-5592.00000", "2015-06-30": "-6077.00000", "2015-03-31": "-5395.00000", "2014-12-31": "-6572.00000", "2014-09-30": "-6403.00000", "2014-06-30": "-6287.00000", "2014-03-31": "-6023.00000", "2013-12-31": "-6521.00000", "2013-09-30": "-6066.00000", "2013-06-30": "-6278.00000", "2013-03-31": "-5762.00000", "2012-12-31": "-6273.00000", "2012-09-30": "-5694.00000", "2012-06-30": "-5420.00000", "2012-03-31": "-5183.00000", "2011-12-31": "-5948.00000", "2011-09-30": "-5378.00000", "2011-06-30": "-5260.00000", "2011-03-31": "-5063.00000", "2010-12-31": "-5343.00000", "2010-09-30": "-4665.00000", "2010-06-30": "-4591.00000", "2010-03-31": "-4589.00000", "2009-12-31": "-4899.00000", "2009-09-30": "-4403.00000", "2009-06-30": "-4209.00000", "2009-03-31": "-4346.00000", "2008-12-31": "-5416.00000", "2008-09-30": "-5676.00000", "2008-06-30": "-5248.00000", "2008-03-31": "-4455.00000", "2007-12-31": "-4798.00000", "2007-09-30": "-4397.00000", "2007-06-30": "-4124.00000", "2007-03-31": "-3613.00000", "2006-12-31": "-4092.00000", "2006-09-30": "-3650.00000", "2006-06-30": "-3835.00000", "2006-03-31": "-3047.00000", "2005-12-31": "-3819.00000", "2005-09-30": "-3190.00000", "2005-06-30": "-2713.00000", "2005-03-31": "-2469.00000"}, "Operating Expenses": {"2020-12-31": "26203.00000", "2020-09-30": "24495.00000", "2020-06-30": "24091.00000", "2020-03-31": "27356.00000", "2019-12-31": "44755.00000", "2019-09-30": "32067.00000", "2019-06-30": "32915.00000", "2019-03-31": "31243.00000", "2018-12-31": "37454.00000", "2018-09-30": "38288.00000", "2018-06-30": "37331.00000", "2018-03-31": "32691.00000", "2017-12-31": "36135.00000", "2017-09-30": "33547.00000", "2017-06-30": "32527.00000", "2017-03-31": "30292.00000", "2016-12-31": "30985.00000", "2016-09-30": "29031.00000", "2016-06-30": "31352.00000", "2016-03-31": "25264.00000", "2015-12-31": "31457.00000", "2015-09-30": "31531.00000", "2015-06-30": "38994.00000", "2015-03-31": "31653.00000", "2014-12-31": "40704.00000", "2014-09-30": "45816.00000", "2014-06-30": "48911.00000", "2014-03-31": "45337.00000", "2013-12-31": "47960.00000", "2013-09-30": "49668.00000", "2013-06-30": "48780.00000", "2013-03-31": "46535.00000", "2012-12-31": "48576.00000", "2012-09-30": "48112.00000", "2012-06-30": "50253.00000", "2012-03-31": "48636.00000", "2011-12-31": "50020.00000", "2011-09-30": "51092.00000", "2011-06-30": "55741.00000", "2011-03-31": "49219.00000", "2010-12-31": "45261.00000", "2010-09-30": "42845.00000", "2010-06-30": "44238.00000", "2010-03-31": "40529.00000", "2009-12-31": "42855.00000", "2009-09-30": "40437.00000", "2009-06-30": "36859.00000", "2009-03-31": "32957.00000", "2008-12-31": "37957.00000", "2008-09-30": "64526.00000", "2008-06-30": "71224.00000", "2008-03-31": "56241.00000", "2007-12-31": "52725.00000", "2007-09-30": "48206.00000", "2007-06-30": "47032.00000", "2007-03-31": "40667.00000", "2006-12-31": "41115.00000", "2006-09-30": "44888.00000", "2006-06-30": "45157.00000", "2006-03-31": "46982.00000", "2005-12-31": "46635.00000", "2005-09-30": "47781.00000", "2005-06-30": "41887.00000", "2005-03-31": "36700.00000"}, "Operating Income": {"2020-12-31": "-957.00000", "2020-09-30": "-44.00000", "2020-06-30": "-10597.00000", "2020-03-31": "4145.00000", "2019-12-31": "-8405.00000", "2019-09-30": "4049.00000", "2019-06-30": "5935.00000", "2019-03-31": "3957.00000", "2018-12-31": "4898.00000", "2018-09-30": "5699.00000", "2018-06-30": "4905.00000", "2018-03-31": "5073.00000", "2017-12-31": "1481.00000", "2017-09-30": "2658.00000", "2017-06-30": "1953.00000", "2017-03-31": "3129.00000", "2016-12-31": "512.00000", "2016-09-30": "1109.00000", "2016-06-30": "-2070.00000", "2016-03-31": "-1711.00000", "2015-12-31": "-2210.00000", "2015-09-30": "2784.00000", "2015-06-30": "1363.00000", "2015-03-31": "2905.00000", "2014-12-31": "5384.00000", "2014-09-30": "8863.00000", "2014-06-30": "9027.00000", "2014-03-31": "7928.00000", "2013-12-31": "8198.00000", "2013-09-30": "8835.00000", "2013-06-30": "8589.00000", "2013-03-31": "10283.00000", "2012-12-31": "11976.00000", "2012-09-30": "9932.00000", "2012-06-30": "12355.00000", "2012-03-31": "12069.00000", "2011-12-31": "9965.00000", "2011-09-30": "13340.00000", "2011-06-30": "13207.00000", "2011-03-31": "11122.00000", "2010-12-31": "8766.00000", "2010-09-30": "6873.00000", "2010-06-30": "8766.00000", "2010-03-31": "7650.00000", "2009-12-31": "5821.00000", "2009-09-30": "6188.00000", "2009-06-30": "3346.00000", "2009-03-31": "3173.00000", "2008-12-31": "7246.00000", "2008-09-30": "14341.00000", "2008-06-30": "11765.00000", "2008-03-31": "9705.00000", "2007-12-31": "8685.00000", "2007-09-30": "6967.00000", "2007-06-30": "9062.00000", "2007-03-31": "7560.00000", "2006-12-31": "6631.00000", "2006-09-30": "9324.00000", "2006-06-30": "8379.00000", "2006-03-31": "7642.00000", "2005-12-31": "7159.00000", "2005-09-30": "6675.00000", "2005-06-30": "6456.00000", "2005-03-31": "4907.00000"}, "Total Non-Operating Income/Expense": {"2020-12-31": "", "2020-09-30": "", "2020-06-30": "", "2020-03-31": "", "2019-12-31": "", "2019-09-30": "", "2019-06-30": "", "2019-03-31": "", "2018-12-31": "", "2018-09-30": "", "2018-06-30": "", "2018-03-31": "", "2017-12-31": "", "2017-09-30": "", "2017-06-30": "", "2017-03-31": "", "2016-12-31": "", "2016-09-30": "", "2016-06-30": "", "2016-03-31": "", "2015-12-31": "", "2015-09-30": "", "2015-06-30": "", "2015-03-31": "", "2014-12-31": "", "2014-09-30": "", "2014-06-30": "", "2014-03-31": "", "2013-12-31": "", "2013-09-30": "", "2013-06-30": "", "2013-03-31": "", "2012-12-31": "", "2012-09-30": "", "2012-06-30": "", "2012-03-31": "", "2011-12-31": "", "2011-09-30": "", "2011-06-30": "", "2011-03-31": "", "2010-12-31": "", "2010-09-30": "", "2010-06-30": "", "2010-03-31": "", "2009-12-31": "", "2009-09-30": "", "2009-06-30": "", "2009-03-31": "", "2008-12-31": "", "2008-09-30": "", "2008-06-30": "", "2008-03-31": "", "2007-12-31": "", "2007-09-30": "", "2007-06-30": "", "2007-03-31": "", "2006-12-31": "", "2006-09-30": "", "2006-06-30": "", "2006-03-31": "", "2005-12-31": "", "2005-09-30": "", "2005-06-30": "", "2005-03-31": ""}, "Pre-Tax Income": {"2020-12-31": "-957.00000", "2020-09-30": "-44.00000", "2020-06-30": "-10597.00000", "2020-03-31": "4145.00000", "2019-12-31": "-8405.00000", "2019-09-30": "4049.00000", "2019-06-30": "5935.00000", "2019-03-31": "3957.00000", "2018-12-31": "4898.00000", "2018-09-30": "5699.00000", "2018-06-30": "4905.00000", "2018-03-31": "5073.00000", "2017-12-31": "1481.00000", "2017-09-30": "2658.00000", "2017-06-30": "1953.00000", "2017-03-31": "3129.00000", "2016-12-31": "512.00000", "2016-09-30": "1109.00000", "2016-06-30": "-2070.00000", "2016-03-31": "-1711.00000", "2015-12-31": "-2210.00000", "2015-09-30": "2784.00000", "2015-06-30": "1363.00000", "2015-03-31": "2905.00000", "2014-12-31": "5384.00000", "2014-09-30": "8863.00000", "2014-06-30": "9027.00000", "2014-03-31": "7928.00000", "2013-12-31": "8198.00000", "2013-09-30": "8835.00000", "2013-06-30": "8589.00000", "2013-03-31": "10283.00000", "2012-12-31": "11976.00000", "2012-09-30": "9932.00000", "2012-06-30": "12355.00000", "2012-03-31": "12069.00000", "2011-12-31": "9965.00000", "2011-09-30": "13340.00000", "2011-06-30": "13207.00000", "2011-03-31": "11122.00000", "2010-12-31": "8766.00000", "2010-09-30": "6873.00000", "2010-06-30": "8766.00000", "2010-03-31": "7650.00000", "2009-12-31": "5821.00000", "2009-09-30": "6188.00000", "2009-06-30": "3346.00000", "2009-03-31": "3173.00000", "2008-12-31": "7246.00000", "2008-09-30": "14341.00000", "2008-06-30": "11765.00000", "2008-03-31": "9705.00000", "2007-12-31": "8685.00000", "2007-09-30": "6967.00000", "2007-06-30": "9062.00000", "2007-03-31": "7560.00000", "2006-12-31": "6631.00000", "2006-09-30": "9324.00000", "2006-06-30": "8379.00000", "2006-03-31": "7642.00000", "2005-12-31": "7159.00000", "2005-09-30": "6675.00000", "2005-06-30": "6456.00000", "2005-03-31": "4907.00000"}, "Income Taxes": {"2020-12-31": "-301.00000", "2020-09-30": "165.00000", "2020-06-30": "-2320.00000", "2020-03-31": "564.00000", "2019-12-31": "-1738.00000", "2019-09-30": "1469.00000", "2019-06-30": "1645.00000", "2019-03-31": "1315.00000", "2018-12-31": "1175.00000", "2018-09-30": "1643.00000", "2018-06-30": "1483.00000", "2018-03-31": "1414.00000", "2017-12-31": "-1637.00000", "2017-09-30": "672.00000", "2017-06-30": "487.00000", "2017-03-31": "430.00000", "2016-12-31": "74.00000", "2016-09-30": "-192.00000", "2016-06-30": "-607.00000", "2016-03-31": "-1004.00000", "2015-12-31": "-1655.00000", "2015-09-30": "727.00000", "2015-06-30": "755.00000", "2015-03-31": "305.00000", "2014-12-31": "1912.00000", "2014-09-30": "3236.00000", "2014-06-30": "3337.00000", "2014-03-31": "3407.00000", "2013-12-31": "3240.00000", "2013-09-30": "3839.00000", "2013-06-30": "3185.00000", "2013-03-31": "4044.00000", "2012-12-31": "4679.00000", "2012-09-30": "4624.00000", "2012-06-30": "5123.00000", "2012-03-31": "5570.00000", "2011-12-31": "4813.00000", "2011-09-30": "5483.00000", "2011-06-30": "5447.00000", "2011-03-31": "4883.00000", "2010-12-31": "3446.00000", "2010-09-30": "3081.00000", "2010-06-30": "3322.00000", "2010-03-31": "3070.00000", "2009-12-31": "2719.00000", "2009-09-30": "2342.00000", "2009-06-30": "1585.00000", "2009-03-31": "1319.00000", "2008-12-31": "2345.00000", "2008-09-30": "6416.00000", "2008-06-30": "5756.00000", "2008-03-31": "4509.00000", "2007-12-31": "3703.00000", "2007-09-30": "3249.00000", "2007-06-30": "3682.00000", "2007-03-31": "2845.00000", "2006-12-31": "2859.00000", "2006-09-30": "4307.00000", "2006-06-30": "4026.00000", "2006-03-31": "3646.00000", "2005-12-31": "3015.00000", "2005-09-30": "3081.00000", "2005-06-30": "2772.00000", "2005-03-31": "2230.00000"}, "Income After Taxes": {"2020-12-31": "-656.00000", "2020-09-30": "-209.00000", "2020-06-30": "-8277.00000", "2020-03-31": "3581.00000", "2019-12-31": "-6667.00000", "2019-09-30": "2580.00000", "2019-06-30": "4290.00000", "2019-03-31": "2642.00000", "2018-12-31": "3723.00000", "2018-09-30": "4056.00000", "2018-06-30": "3422.00000", "2018-03-31": "3659.00000", "2017-12-31": "3118.00000", "2017-09-30": "1986.00000", "2017-06-30": "1466.00000", "2017-03-31": "2699.00000", "2016-12-31": "438.00000", "2016-09-30": "1301.00000", "2016-06-30": "-1463.00000", "2016-03-31": "-707.00000", "2015-12-31": "-555.00000", "2015-09-30": "2057.00000", "2015-06-30": "608.00000", "2015-03-31": "2600.00000", "2014-12-31": "3472.00000", "2014-09-30": "5627.00000", "2014-06-30": "5690.00000", "2014-03-31": "4521.00000", "2013-12-31": "4958.00000", "2013-09-30": "4996.00000", "2013-06-30": "5404.00000", "2013-03-31": "6239.00000", "2012-12-31": "7297.00000", "2012-09-30": "5308.00000", "2012-06-30": "7232.00000", "2012-03-31": "6499.00000", "2011-12-31": "5152.00000", "2011-09-30": "7857.00000", "2011-06-30": "7760.00000", "2011-03-31": "6239.00000", "2010-12-31": "5320.00000", "2010-09-30": "3792.00000", "2010-06-30": "5444.00000", "2010-03-31": "4580.00000", "2009-12-31": "3102.00000", "2009-09-30": "3846.00000", "2009-06-30": "1761.00000", "2009-03-31": "1854.00000", "2008-12-31": "4901.00000", "2008-09-30": "7925.00000", "2008-06-30": "6009.00000", "2008-03-31": "5196.00000", "2007-12-31": "4982.00000", "2007-09-30": "3718.00000", "2007-06-30": "5380.00000", "2007-03-31": "4715.00000", "2006-12-31": "3772.00000", "2006-09-30": "5017.00000", "2006-06-30": "4353.00000", "2006-03-31": "3996.00000", "2005-12-31": "4144.00000", "2005-09-30": "3594.00000", "2005-06-30": "3684.00000", "2005-03-31": "2677.00000"}, "Other Income": {"2020-12-31": "", "2020-09-30": "", "2020-06-30": "", "2020-03-31": "", "2019-12-31": "", "2019-09-30": "", "2019-06-30": "", "2019-03-31": "", "2018-12-31": "", "2018-09-30": "", "2018-06-30": "", "2018-03-31": "", "2017-12-31": "", "2017-09-30": "", "2017-06-30": "", "2017-03-31": "", "2016-12-31": "", "2016-09-30": "", "2016-06-30": "", "2016-03-31": "", "2015-12-31": "", "2015-09-30": "", "2015-06-30": "", "2015-03-31": "", "2014-12-31": "", "2014-09-30": "", "2014-06-30": "", "2014-03-31": "", "2013-12-31": "", "2013-09-30": "", "2013-06-30": "", "2013-03-31": "", "2012-12-31": "", "2012-09-30": "", "2012-06-30": "", "2012-03-31": "", "2011-12-31": "", "2011-09-30": "", "2011-06-30": "", "2011-03-31": "", "2010-12-31": "", "2010-09-30": "", "2010-06-30": "", "2010-03-31": "", "2009-12-31": "", "2009-09-30": "", "2009-06-30": "", "2009-03-31": "", "2008-12-31": "", "2008-09-30": "", "2008-06-30": "", "2008-03-31": "", "2007-12-31": "", "2007-09-30": "", "2007-06-30": "", "2007-03-31": "", "2006-12-31": "", "2006-09-30": "", "2006-06-30": "", "2006-03-31": "", "2005-12-31": "", "2005-09-30": "", "2005-06-30": "", "2005-03-31": ""}, "Income From Continuous Operations": {"2020-12-31": "-656.00000", "2020-09-30": "-209.00000", "2020-06-30": "-8277.00000", "2020-03-31": "3581.00000", "2019-12-31": "-6667.00000", "2019-09-30": "2580.00000", "2019-06-30": "4290.00000", "2019-03-31": "2642.00000", "2018-12-31": "3723.00000", "2018-09-30": "4056.00000", "2018-06-30": "3422.00000", "2018-03-31": "3659.00000", "2017-12-31": "3118.00000", "2017-09-30": "1986.00000", "2017-06-30": "1466.00000", "2017-03-31": "2699.00000", "2016-12-31": "438.00000", "2016-09-30": "1301.00000", "2016-06-30": "-1463.00000", "2016-03-31": "-707.00000", "2015-12-31": "-555.00000", "2015-09-30": "2057.00000", "2015-06-30": "608.00000", "2015-03-31": "2600.00000", "2014-12-31": "3472.00000", "2014-09-30": "5627.00000", "2014-06-30": "5690.00000", "2014-03-31": "4521.00000", "2013-12-31": "4958.00000", "2013-09-30": "4996.00000", "2013-06-30": "5404.00000", "2013-03-31": "6239.00000", "2012-12-31": "7297.00000", "2012-09-30": "5308.00000", "2012-06-30": "7232.00000", "2012-03-31": "6499.00000", "2011-12-31": "5152.00000", "2011-09-30": "7857.00000", "2011-06-30": "7760.00000", "2011-03-31": "6239.00000", "2010-12-31": "5320.00000", "2010-09-30": "3792.00000", "2010-06-30": "5444.00000", "2010-03-31": "4580.00000", "2009-12-31": "3102.00000", "2009-09-30": "3846.00000", "2009-06-30": "1761.00000", "2009-03-31": "1854.00000", "2008-12-31": "4901.00000", "2008-09-30": "7925.00000", "2008-06-30": "6009.00000", "2008-03-31": "5196.00000", "2007-12-31": "4982.00000", "2007-09-30": "3718.00000", "2007-06-30": "5380.00000", "2007-03-31": "4715.00000", "2006-12-31": "3772.00000", "2006-09-30": "5017.00000", "2006-06-30": "4353.00000", "2006-03-31": "3996.00000", "2005-12-31": "4144.00000", "2005-09-30": "3594.00000", "2005-06-30": "3684.00000", "2005-03-31": "2677.00000"}, "Income From Discontinued Operations": {"2020-12-31": "", "2020-09-30": "", "2020-06-30": "", "2020-03-31": "", "2019-12-31": "", "2019-09-30": "", "2019-06-30": "", "2019-03-31": "", "2018-12-31": "", "2018-09-30": "", "2018-06-30": "", "2018-03-31": "", "2017-12-31": "", "2017-09-30": "", "2017-06-30": "", "2017-03-31": "", "2016-12-31": "", "2016-09-30": "", "2016-06-30": "", "2016-03-31": "", "2015-12-31": "", "2015-09-30": "", "2015-06-30": "", "2015-03-31": "", "2014-12-31": "", "2014-09-30": "", "2014-06-30": "", "2014-03-31": "", "2013-12-31": "", "2013-09-30": "", "2013-06-30": "", "2013-03-31": "", "2012-12-31": "", "2012-09-30": "", "2012-06-30": "", "2012-03-31": "", "2011-12-31": "", "2011-09-30": "", "2011-06-30": "", "2011-03-31": "", "2010-12-31": "", "2010-09-30": "", "2010-06-30": "", "2010-03-31": "", "2009-12-31": "", "2009-09-30": "", "2009-06-30": "", "2009-03-31": "", "2008-12-31": "", "2008-09-30": "", "2008-06-30": "", "2008-03-31": "", "2007-12-31": "", "2007-09-30": "", "2007-06-30": "", "2007-03-31": "", "2006-12-31": "", "2006-09-30": "", "2006-06-30": "", "2006-03-31": "", "2005-12-31": "", "2005-09-30": "", "2005-06-30": "", "2005-03-31": ""}, "Net Income": {"2020-12-31": "-665.00000", "2020-09-30": "-207.00000", "2020-06-30": "-8270.00000", "2020-03-31": "3599.00000", "2019-12-31": "-6610.00000", "2019-09-30": "2580.00000", "2019-06-30": "4305.00000", "2019-03-31": "2649.00000", "2018-12-31": "3730.00000", "2018-09-30": "4047.00000", "2018-06-30": "3409.00000", "2018-03-31": "3638.00000", "2017-12-31": "3111.00000", "2017-09-30": "1952.00000", "2017-06-30": "1450.00000", "2017-03-31": "2682.00000", "2016-12-31": "415.00000", "2016-09-30": "1283.00000", "2016-06-30": "-1470.00000", "2016-03-31": "-725.00000", "2015-12-31": "-588.00000", "2015-09-30": "2037.00000", "2015-06-30": "571.00000", "2015-03-31": "2567.00000", "2014-12-31": "3471.00000", "2014-09-30": "5593.00000", "2014-06-30": "5665.00000", "2014-03-31": "4512.00000", "2013-12-31": "4930.00000", "2013-09-30": "4950.00000", "2013-06-30": "5365.00000", "2013-03-31": "6178.00000", "2012-12-31": "7245.00000", "2012-09-30": "5253.00000", "2012-06-30": "7210.00000", "2012-03-31": "6471.00000", "2011-12-31": "5123.00000", "2011-09-30": "7829.00000", "2011-06-30": "7732.00000", "2011-03-31": "6211.00000", "2010-12-31": "5295.00000", "2010-09-30": "3768.00000", "2010-06-30": "5409.00000", "2010-03-31": "4552.00000", "2009-12-31": "3070.00000", "2009-09-30": "3831.00000", "2009-06-30": "1745.00000", "2009-03-31": "1837.00000", "2008-12-31": "4895.00000", "2008-09-30": "7893.00000", "2008-06-30": "5975.00000", "2008-03-31": "5168.00000", "2007-12-31": "4875.00000", "2007-09-30": "3718.00000", "2007-06-30": "5380.00000", "2007-03-31": "4715.00000", "2006-12-31": "3772.00000", "2006-09-30": "5017.00000", "2006-06-30": "4353.00000", "2006-03-31": "3996.00000", "2005-12-31": "4144.00000", "2005-09-30": "3594.00000", "2005-06-30": "3684.00000", "2005-03-31": "2677.00000"}, "EBITDA": {"2020-12-31": "", "2020-09-30": "4137.00000", "2020-06-30": "-3708.00000", "2020-03-31": "8595.00000", "2019-12-31": "8202.00000", "2019-09-30": "8607.00000", "2019-06-30": "10467.00000", "2019-03-31": "8276.00000", "2018-12-31": "10340.00000", "2018-09-30": "11261.00000", "2018-06-30": "9620.00000", "2018-03-31": "9521.00000", "2017-12-31": "6389.00000", "2017-09-30": "7802.00000", "2017-06-30": "7312.00000", "2017-03-31": "7374.00000", "2016-12-31": "4773.00000", "2016-09-30": "5303.00000", "2016-06-30": "4730.00000", "2016-03-31": "2692.00000", "2015-12-31": "3190.00000", "2015-09-30": "7052.00000", "2015-06-30": "8321.00000", "2015-03-31": "7316.00000", "2014-12-31": "10257.00000", "2014-09-30": "12811.00000", "2014-06-30": "12869.00000", "2014-03-31": "12058.00000", "2013-12-31": "11833.00000", "2013-09-30": "12493.00000", "2013-06-30": "12001.00000", "2013-03-31": "13764.00000", "2012-12-31": "15530.00000", "2012-09-30": "13302.00000", "2012-06-30": "15639.00000", "2012-03-31": "15274.00000", "2011-12-31": "13278.00000", "2011-09-30": "16555.00000", "2011-06-30": "16464.00000", "2011-03-31": "14248.00000", "2010-12-31": "12209.00000", "2010-09-30": "10283.00000", "2010-06-30": "11924.00000", "2010-03-31": "10752.00000", "2009-12-31": "8977.00000", "2009-09-30": "9190.00000", "2009-06-30": "6451.00000", "2009-03-31": "6048.00000", "2008-12-31": "9835.00000", "2008-09-30": "16790.00000", "2008-06-30": "14040.00000", "2008-03-31": "11920.00000", "2007-12-31": "10786.00000", "2007-09-30": "9460.00000", "2007-06-30": "11261.00000", "2007-03-31": "9569.00000", "2006-12-31": "8709.00000", "2006-09-30": "11331.00000", "2006-06-30": "10285.00000", "2006-03-31": "9538.00000", "2005-12-31": "8986.00000", "2005-09-30": "8321.00000", "2005-06-30": "7862.00000", "2005-03-31": "6327.00000"}, "EBIT": {"2020-12-31": "-758.00000", "2020-09-30": "120.00000", "2020-06-30": "-10425.00000", "2020-03-31": "4307.00000", "2019-12-31": "-8227.00000", "2019-09-30": "4246.00000", "2019-06-30": "6133.00000", "2019-03-31": "4182.00000", "2018-12-31": "5088.00000", "2018-09-30": "5881.00000", "2018-06-30": "5122.00000", "2018-03-31": "5232.00000", "2017-12-31": "1654.00000", "2017-09-30": "2693.00000", "2017-06-30": "2001.00000", "2017-03-31": "3180.00000", "2016-12-31": "570.00000", "2016-09-30": "1173.00000", "2016-06-30": "-1991.00000", "2016-03-31": "-1711.00000", "2015-12-31": "-2210.00000", "2015-09-30": "2784.00000", "2015-06-30": "1363.00000", "2015-03-31": "2905.00000", "2014-12-31": "5384.00000", "2014-09-30": "8863.00000", "2014-06-30": "9027.00000", "2014-03-31": "7928.00000", "2013-12-31": "8198.00000", "2013-09-30": "8835.00000", "2013-06-30": "8589.00000", "2013-03-31": "10283.00000", "2012-12-31": "11976.00000", "2012-09-30": "9932.00000", "2012-06-30": "12355.00000", "2012-03-31": "12069.00000", "2011-12-31": "9965.00000", "2011-09-30": "13340.00000", "2011-06-30": "13207.00000", "2011-03-31": "11122.00000", "2010-12-31": "8770.00000", "2010-09-30": "6882.00000", "2010-06-30": "8783.00000", "2010-03-31": "7670.00000", "2009-12-31": "5821.00000", "2009-09-30": "6202.00000", "2009-06-30": "3352.00000", "2009-03-31": "3181.00000", "2008-12-31": "7246.00000", "2008-09-30": "14341.00000", "2008-06-30": "11765.00000", "2008-03-31": "9705.00000", "2007-12-31": "8764.00000", "2007-09-30": "6964.00000", "2007-06-30": "9106.00000", "2007-03-31": "7606.00000", "2006-12-31": "6721.00000", "2006-09-30": "9408.00000", "2006-06-30": "8478.00000", "2006-03-31": "7750.00000", "2005-12-31": "7261.00000", "2005-09-30": "6787.00000", "2005-06-30": "6542.00000", "2005-03-31": "4993.00000"}, "Basic Shares Outstanding": {"2020-12-31": "1910.72400", "2020-09-30": "1853.53300", "2020-06-30": "1853.31300", "2020-03-31": "1862.27300", "2019-12-31": "1882.00000", "2019-09-30": "1880.60700", "2019-06-30": "1889.26500", "2019-03-31": "1888.00200", "2018-12-31": "1898.00000", "2018-09-30": "1900.71700", "2018-06-30": "1900.37500", "2018-03-31": "1895.99000", "2017-12-31": "1883.00000", "2017-09-30": "1882.65000", "2017-06-30": "1881.01900", "2017-03-31": "1879.37200", "2016-12-31": "1873.00000", "2016-09-30": "1873.64900", "2016-06-30": "1871.99500", "2016-03-31": "1869.77500", "2015-12-31": "1868.00000", "2015-09-30": "1868.44400", "2015-06-30": "1867.56100", "2015-03-31": "1866.65500", "2014-12-31": "1884.00000", "2014-09-30": "1880.91500", "2014-06-30": "1887.54300", "2014-03-31": "1895.03200", "2013-12-31": "1917.00000", "2013-09-30": "1914.04700", "2013-06-30": "1921.39100", "2013-03-31": "1929.01400", "2012-12-31": "1950.00000", "2012-09-30": "1945.84000", "2012-06-30": "1954.14700", "2012-03-31": "1963.86200", "2011-12-31": "1986.00000", "2011-09-30": "1984.64300", "2011-06-30": "1994.00700", "2011-03-31": "1994.73500", "2010-12-31": "1997.00000", "2010-09-30": "1997.72100", "2010-06-30": "1996.39300", "2010-03-31": "1994.98300", "2009-12-31": "1992.00000", "2009-09-30": "1992.45200", "2009-06-30": "1991.60500", "2009-03-31": "1991.12800", "2008-12-31": "2038.00000", "2008-09-30": "2032.43300", "2008-06-30": "2050.77300", "2008-03-31": "2066.42000", "2007-12-31": "2118.00000", "2007-09-30": "2109.34500", "2007-06-30": "2127.76300", "2007-03-31": "2145.51800", "2006-12-31": "2186.00000", "2006-09-30": "2178.47200", "2006-06-30": "2196.13400", "2006-03-31": "2213.98000", "2005-12-31": "2144.00000", "2005-09-30": "2181.38700", "2005-06-30": "2077.74300", "2005-03-31": "2090.60900"}, "Shares Outstanding": {"2020-12-31": "1910.72400", "2020-09-30": "1853.53300", "2020-06-30": "1853.31300", "2020-03-31": "1865.64900", "2019-12-31": "1895.00000", "2019-09-30": "1893.92800", "2019-06-30": "1902.97700", "2019-03-31": "1900.74800", "2018-12-31": "1914.00000", "2018-09-30": "1917.47400", "2018-06-30": "1918.94900", "2018-03-31": "1913.21800", "2017-12-31": "1898.00000", "2017-09-30": "1895.87900", "2017-06-30": "1893.01400", "2017-03-31": "1895.39300", "2016-12-31": "1873.00000", "2016-09-30": "1883.34200", "2016-06-30": "1871.99500", "2016-03-31": "1869.77500", "2015-12-31": "1875.00000", "2015-09-30": "1872.42000", "2015-06-30": "1876.70500", "2015-03-31": "1876.49800", "2014-12-31": "1898.00000", "2014-09-30": "1896.49200", "2014-06-30": "1902.32100", "2014-03-31": "1909.42400", "2013-12-31": "1932.00000", "2013-09-30": "1929.83100", "2013-06-30": "1936.78300", "2013-03-31": "1943.93100", "2012-12-31": "1965.00000", "2012-09-30": "1960.14100", "2012-06-30": "1967.99000", "2012-03-31": "1978.78100", "2011-12-31": "2001.00000", "2011-09-30": "1998.67300", "2011-06-30": "2008.99500", "2011-03-31": "2008.58400", "2010-12-31": "2007.00000", "2010-09-30": "2006.78500", "2010-06-30": "2006.00000", "2010-03-31": "2004.21700", "2009-12-31": "2001.00000", "2009-09-30": "2000.58600", "2009-06-30": "1999.66700", "2009-03-31": "1999.50900", "2008-12-31": "2050.00000", "2008-09-30": "2044.61600", "2008-06-30": "2064.88800", "2008-03-31": "2080.20900", "2007-12-31": "2132.00000", "2007-09-30": "2124.19800", "2007-06-30": "2141.58300", "2007-03-31": "2157.87900", "2006-12-31": "2197.00000", "2006-09-30": "2189.68800", "2006-06-30": "2206.00900", "2006-03-31": "2223.84300", "2005-12-31": "2155.00000", "2005-09-30": "2193.85100", "2005-06-30": "2085.76300", "2005-03-31": "2099.89900"}, "Basic EPS": {"2020-12-31": "-0.33000", "2020-09-30": "-0.12000", "2020-06-30": "-4.44000", "2020-03-31": "1.93000", "2019-12-31": "-3.51000", "2019-09-30": "1.38000", "2019-06-30": "2.28000", "2019-03-31": "1.40000", "2018-12-31": "1.97000", "2018-09-30": "2.13000", "2018-06-30": "1.79000", "2018-03-31": "1.92000", "2017-12-31": "1.65000", "2017-09-30": "1.03000", "2017-06-30": "0.77000", "2017-03-31": "1.43000", "2016-12-31": "0.22000", "2016-09-30": "0.68000", "2016-06-30": "-0.78000", "2016-03-31": "-0.39000", "2015-12-31": "-0.31000", "2015-09-30": "1.09000", "2015-06-30": "0.30000", "2015-03-31": "1.38000", "2014-12-31": "1.86000", "2014-09-30": "2.97000", "2014-06-30": "3.00000", "2014-03-31": "2.38000", "2013-12-31": "2.60000", "2013-09-30": "2.58000", "2013-06-30": "2.80000", "2013-03-31": "3.20000", "2012-12-31": "3.73000", "2012-09-30": "2.71000", "2012-06-30": "3.68000", "2012-03-31": "3.30000", "2011-12-31": "2.61000", "2011-09-30": "3.94000", "2011-06-30": "3.88000", "2011-03-31": "3.11000", "2010-12-31": "2.65000", "2010-09-30": "1.89000", "2010-06-30": "2.71000", "2010-03-31": "2.28000", "2009-12-31": "1.54000", "2009-09-30": "1.92000", "2009-06-30": "0.88000", "2009-03-31": "0.92000", "2008-12-31": "2.45000", "2008-09-30": "3.88000", "2008-06-30": "2.91000", "2008-03-31": "2.50000", "2007-12-31": "2.34000", "2007-09-30": "1.77000", "2007-06-30": "2.52000", "2007-03-31": "2.20000", "2006-12-31": "1.75000", "2006-09-30": "2.30000", "2006-06-30": "1.98000", "2006-03-31": "1.81000", "2005-12-31": "1.88000", "2005-09-30": "1.65000", "2005-06-30": "1.77000", "2005-03-31": "1.28000"}, "EPS - Earnings Per Share": {"2020-12-31": "-0.33000", "2020-09-30": "-0.12000", "2020-06-30": "-4.44000", "2020-03-31": "1.93000", "2019-12-31": "-3.48000", "2019-09-30": "1.36000", "2019-06-30": "2.27000", "2019-03-31": "1.39000", "2018-12-31": "1.95000", "2018-09-30": "2.11000", "2018-06-30": "1.78000", "2018-03-31": "1.90000", "2017-12-31": "1.64000", "2017-09-30": "1.03000", "2017-06-30": "0.77000", "2017-03-31": "1.41000", "2016-12-31": "0.22000", "2016-09-30": "0.68000", "2016-06-30": "-0.78000", "2016-03-31": "-0.39000", "2015-12-31": "-0.31000", "2015-09-30": "1.09000", "2015-06-30": "0.30000", "2015-03-31": "1.37000", "2014-12-31": "1.85000", "2014-09-30": "2.95000", "2014-06-30": "2.98000", "2014-03-31": "2.36000", "2013-12-31": "2.57000", "2013-09-30": "2.57000", "2013-06-30": "2.77000", "2013-03-31": "3.18000", "2012-12-31": "3.70000", "2012-09-30": "2.69000", "2012-06-30": "3.66000", "2012-03-31": "3.27000", "2011-12-31": "2.58000", "2011-09-30": "3.92000", "2011-06-30": "3.85000", "2011-03-31": "3.09000", "2010-12-31": "2.64000", "2010-09-30": "1.87000", "2010-06-30": "2.70000", "2010-03-31": "2.27000", "2009-12-31": "1.53000", "2009-09-30": "1.92000", "2009-06-30": "0.87000", "2009-03-31": "0.92000", "2008-12-31": "2.44000", "2008-09-30": "3.85000", "2008-06-30": "2.90000", "2008-03-31": "2.48000", "2007-12-31": "2.32000", "2007-09-30": "1.75000", "2007-06-30": "2.52000", "2007-03-31": "2.18000", "2006-12-31": "1.74000", "2006-09-30": "2.29000", "2006-06-30": "1.97000", "2006-03-31": "1.80000", "2005-12-31": "1.86000", "2005-09-30": "1.64000", "2005-06-30": "1.76000", "2005-03-31": "1.28000"}}, "balance sheet": {"Cash On Hand": {"2020-12-31": "", "2019-12-31": "5749.00000", "2018-12-31": "10345.00000", "2017-12-31": "4822.00000", "2016-12-31": "7001.00000", "2015-12-31": "11332.00000", "2014-12-31": "13215.00000", "2013-12-31": "16516.00000", "2012-12-31": "21913.00000", "2011-12-31": "20071.00000", "2010-12-31": "17070.00000", "2009-12-31": "8822.00000", "2008-12-31": "9560.00000", "2007-12-31": "8094.00000", "2006-12-31": "11446.00000", "2005-12-31": "11144.00000"}, "Receivables": {"2020-12-31": "", "2019-12-31": "13325.00000", "2018-12-31": "15050.00000", "2017-12-31": "15353.00000", "2016-12-31": "14092.00000", "2015-12-31": "12860.00000", "2014-12-31": "16736.00000", "2013-12-31": "21622.00000", "2012-12-31": "20997.00000", "2011-12-31": "21793.00000", "2010-12-31": "20759.00000", "2009-12-31": "17703.00000", "2008-12-31": "15856.00000", "2007-12-31": "22446.00000", "2006-12-31": "17628.00000", "2005-12-31": "17184.00000"}, "Inventory": {"2020-12-31": "", "2019-12-31": "5848.00000", "2018-12-31": "5704.00000", "2017-12-31": "5585.00000", "2016-12-31": "5419.00000", "2015-12-31": "6334.00000", "2014-12-31": "6505.00000", "2013-12-31": "6380.00000", "2012-12-31": "6144.00000", "2011-12-31": "5543.00000", "2010-12-31": "5493.00000", "2009-12-31": "5529.00000", "2008-12-31": "6854.00000", "2007-12-31": "5310.00000", "2006-12-31": "4656.00000", "2005-12-31": "4121.00000"}, "Pre-Paid Expenses": {"2020-12-31": "", "2019-12-31": "3407.00000", "2018-12-31": "2922.00000", "2017-12-31": "2800.00000", "2016-12-31": "3107.00000", "2015-12-31": "3904.00000", "2014-12-31": "5776.00000", "2013-12-31": "5732.00000", "2012-12-31": "6666.00000", "2011-12-31": "5827.00000", "2010-12-31": "5519.00000", "2009-12-31": "5162.00000", "2008-12-31": "4200.00000", "2007-12-31": "3527.00000", "2006-12-31": "2574.00000", "2005-12-31": "1887.00000"}, "Other Current Assets": {"2020-12-31": "", "2019-12-31": "", "2018-12-31": "", "2017-12-31": "", "2016-12-31": "", "2015-12-31": "", "2014-12-31": "", "2013-12-31": "", "2012-12-31": "", "2011-12-31": "", "2010-12-31": "", "2009-12-31": "", "2008-12-31": "", "2007-12-31": "", "2006-12-31": "", "2005-12-31": ""}, "Total Current Assets": {"2020-12-31": "", "2019-12-31": "28329.00000", "2018-12-31": "34021.00000", "2017-12-31": "28560.00000", "2016-12-31": "29619.00000", "2015-12-31": "34430.00000", "2014-12-31": "42232.00000", "2013-12-31": "50250.00000", "2012-12-31": "55720.00000", "2011-12-31": "53234.00000", "2010-12-31": "48841.00000", "2009-12-31": "37216.00000", "2008-12-31": "36470.00000", "2007-12-31": "39377.00000", "2006-12-31": "36304.00000", "2005-12-31": "34336.00000"}, "Property, Plant, And Equipment": {"2020-12-31": "", "2019-12-31": "150494.00000", "2018-12-31": "169207.00000", "2017-12-31": "177712.00000", "2016-12-31": "182186.00000", "2015-12-31": "188396.00000", "2014-12-31": "183173.00000", "2013-12-31": "164829.00000", "2012-12-31": "141348.00000", "2011-12-31": "122608.00000", "2010-12-31": "104504.00000", "2009-12-31": "96468.00000", "2008-12-31": "91780.00000", "2007-12-31": "78610.00000", "2006-12-31": "68858.00000", "2005-12-31": "63690.00000"}, "Long-Term Investments": {"2020-12-31": "", "2019-12-31": "38688.00000", "2018-12-31": "35546.00000", "2017-12-31": "32497.00000", "2016-12-31": "30250.00000", "2015-12-31": "27110.00000", "2014-12-31": "26912.00000", "2013-12-31": "25502.00000", "2012-12-31": "23718.00000", "2011-12-31": "22868.00000", "2010-12-31": "21520.00000", "2009-12-31": "21158.00000", "2008-12-31": "20920.00000", "2007-12-31": "20477.00000", "2006-12-31": "18552.00000", "2005-12-31": "17057.00000"}, "Goodwill And Intangible Assets": {"2020-12-31": "", "2019-12-31": "4463.00000", "2018-12-31": "4518.00000", "2017-12-31": "4531.00000", "2016-12-31": "4581.00000", "2015-12-31": "4588.00000", "2014-12-31": "4593.00000", "2013-12-31": "4639.00000", "2012-12-31": "4640.00000", "2011-12-31": "4642.00000", "2010-12-31": "4617.00000", "2009-12-31": "4618.00000", "2008-12-31": "4619.00000", "2007-12-31": "4637.00000", "2006-12-31": "4623.00000", "2005-12-31": "4636.00000"}, "Other Long-Term Assets": {"2020-12-31": "", "2019-12-31": "3411.00000", "2018-12-31": "1863.00000", "2017-12-31": "640.00000", "2016-12-31": "4119.00000", "2015-12-31": "1449.00000", "2014-12-31": "", "2013-12-31": "580.00000", "2012-12-31": "", "2011-12-31": "", "2010-12-31": "", "2009-12-31": "", "2008-12-31": "252.00000", "2007-12-31": "", "2006-12-31": "", "2005-12-31": ""}, "Total Long-Term Assets": {"2020-12-31": "", "2019-12-31": "209099.00000", "2018-12-31": "219842.00000", "2017-12-31": "225246.00000", "2016-12-31": "230459.00000", "2015-12-31": "230110.00000", "2014-12-31": "223794.00000", "2013-12-31": "203503.00000", "2012-12-31": "177262.00000", "2011-12-31": "156240.00000", "2010-12-31": "135928.00000", "2009-12-31": "127405.00000", "2008-12-31": "124695.00000", "2007-12-31": "109409.00000", "2006-12-31": "96324.00000", "2005-12-31": "91497.00000"}, "Total Assets": {"2020-12-31": "0.00000", "2019-12-31": "237428.00000", "2018-12-31": "253863.00000", "2017-12-31": "253806.00000", "2016-12-31": "260078.00000", "2015-12-31": "264540.00000", "2014-12-31": "266026.00000", "2013-12-31": "253753.00000", "2012-12-31": "232982.00000", "2011-12-31": "209474.00000", "2010-12-31": "184769.00000", "2009-12-31": "164621.00000", "2008-12-31": "161165.00000", "2007-12-31": "148786.00000", "2006-12-31": "132628.00000", "2005-12-31": "125833.00000"}, "Total Current Liabilities": {"2020-12-31": "", "2019-12-31": "26530.00000", "2018-12-31": "27171.00000", "2017-12-31": "27737.00000", "2016-12-31": "31785.00000", "2015-12-31": "25467.00000", "2014-12-31": "31926.00000", "2013-12-31": "33018.00000", "2012-12-31": "34212.00000", "2011-12-31": "33600.00000", "2010-12-31": "29012.00000", "2009-12-31": "26211.00000", "2008-12-31": "32023.00000", "2007-12-31": "33798.00000", "2006-12-31": "28409.00000", "2005-12-31": "25011.00000"}, "Long Term Debt": {"2020-12-31": "", "2019-12-31": "23691.00000", "2018-12-31": "28733.00000", "2017-12-31": "33571.00000", "2016-12-31": "35286.00000", "2015-12-31": "33622.00000", "2014-12-31": "24028.00000", "2013-12-31": "20057.00000", "2012-12-31": "12065.00000", "2011-12-31": "9812.00000", "2010-12-31": "11289.00000", "2009-12-31": "10130.00000", "2008-12-31": "6083.00000", "2007-12-31": "6070.00000", "2006-12-31": "7679.00000", "2005-12-31": "12131.00000"}, "Other Non-Current Liabilities": {"2020-12-31": "", "2019-12-31": "", "2018-12-31": "", "2017-12-31": "", "2016-12-31": "", "2015-12-31": "", "2014-12-31": "", "2013-12-31": "", "2012-12-31": "", "2011-12-31": "", "2010-12-31": "", "2009-12-31": "", "2008-12-31": "", "2007-12-31": "", "2006-12-31": "", "2005-12-31": ""}, "Total Long Term Liabilities": {"2020-12-31": "", "2019-12-31": "65690.00000", "2018-12-31": "71050.00000", "2017-12-31": "76750.00000", "2016-12-31": "81571.00000", "2015-12-31": "85187.00000", "2014-12-31": "77909.00000", "2013-12-31": "70308.00000", "2012-12-31": "60938.00000", "2011-12-31": "53693.00000", "2010-12-31": "49946.00000", "2009-12-31": "45849.00000", "2008-12-31": "42025.00000", "2007-12-31": "37900.00000", "2006-12-31": "35284.00000", "2005-12-31": "38146.00000"}, "Total Liabilities": {"2020-12-31": "", "2019-12-31": "92220.00000", "2018-12-31": "98221.00000", "2017-12-31": "104487.00000", "2016-12-31": "113356.00000", "2015-12-31": "110654.00000", "2014-12-31": "109835.00000", "2013-12-31": "103326.00000", "2012-12-31": "95150.00000", "2011-12-31": "87293.00000", "2010-12-31": "78958.00000", "2009-12-31": "72060.00000", "2008-12-31": "74048.00000", "2007-12-31": "71698.00000", "2006-12-31": "63693.00000", "2005-12-31": "63157.00000"}, "Common Stock Net": {"2020-12-31": "", "2019-12-31": "1832.00000", "2018-12-31": "1832.00000", "2017-12-31": "1832.00000", "2016-12-31": "1832.00000", "2015-12-31": "1832.00000", "2014-12-31": "1832.00000", "2013-12-31": "1832.00000", "2012-12-31": "1832.00000", "2011-12-31": "1832.00000", "2010-12-31": "1832.00000", "2009-12-31": "1832.00000", "2008-12-31": "1832.00000", "2007-12-31": "1832.00000", "2006-12-31": "1832.00000", "2005-12-31": "1832.00000"}, "Retained Earnings (Accumulated Deficit)": {"2020-12-31": "", "2019-12-31": "174945.00000", "2018-12-31": "180987.00000", "2017-12-31": "174106.00000", "2016-12-31": "173046.00000", "2015-12-31": "181578.00000", "2014-12-31": "184987.00000", "2013-12-31": "173677.00000", "2012-12-31": "159730.00000", "2011-12-31": "140399.00000", "2010-12-31": "119641.00000", "2009-12-31": "106289.00000", "2008-12-31": "101102.00000", "2007-12-31": "82329.00000", "2006-12-31": "68464.00000", "2005-12-31": "55738.00000"}, "Comprehensive Income": {"2020-12-31": "", "2019-12-31": "-4990.00000", "2018-12-31": "-3544.00000", "2017-12-31": "-3589.00000", "2016-12-31": "-3843.00000", "2015-12-31": "-4291.00000", "2014-12-31": "-4859.00000", "2013-12-31": "-3579.00000", "2012-12-31": "-6369.00000", "2011-12-31": "-6022.00000", "2010-12-31": "-4466.00000", "2009-12-31": "-4321.00000", "2008-12-31": "-3924.00000", "2007-12-31": "-2015.00000", "2006-12-31": "-2636.00000", "2005-12-31": "-429.00000"}, "Other Share Holders Equity": {"2020-12-31": "", "2019-12-31": "", "2018-12-31": "", "2017-12-31": "", "2016-12-31": "", "2015-12-31": "", "2014-12-31": "", "2013-12-31": "", "2012-12-31": "", "2011-12-31": "", "2010-12-31": "", "2009-12-31": "", "2008-12-31": "", "2007-12-31": "-1.00000", "2006-12-31": "-2.00000", "2005-12-31": "-3.00000"}, "Share Holder Equity": {"2020-12-31": "", "2019-12-31": "145208.00000", "2018-12-31": "155642.00000", "2017-12-31": "149319.00000", "2016-12-31": "146722.00000", "2015-12-31": "153886.00000", "2014-12-31": "156191.00000", "2013-12-31": "150427.00000", "2012-12-31": "137832.00000", "2011-12-31": "122181.00000", "2010-12-31": "105811.00000", "2009-12-31": "92561.00000", "2008-12-31": "87117.00000", "2007-12-31": "77088.00000", "2006-12-31": "68935.00000", "2005-12-31": "62676.00000"}, "Total Liabilities And Share Holders Equity": {"2020-12-31": "", "2019-12-31": "237428.00000", "2018-12-31": "253863.00000", "2017-12-31": "253806.00000", "2016-12-31": "260078.00000", "2015-12-31": "264540.00000", "2014-12-31": "266026.00000", "2013-12-31": "253753.00000", "2012-12-31": "232982.00000", "2011-12-31": "209474.00000", "2010-12-31": "184769.00000", "2009-12-31": "164621.00000", "2008-12-31": "161165.00000", "2007-12-31": "148786.00000", "2006-12-31": "132628.00000", "2005-12-31": "125833.00000"}}, "balance sheet, quarterly": {"Cash On Hand": {"2020-12-31": "", "2020-09-30": "6894.00000", "2020-06-30": "6914.00000", "2020-03-31": "8542.00000", "2019-12-31": "5749.00000", "2019-09-30": "11755.00000", "2019-06-30": "8571.00000", "2019-03-31": "8755.00000", "2018-12-31": "10345.00000", "2018-09-30": "9746.00000", "2018-06-30": "7686.00000", "2018-03-31": "6504.00000", "2017-12-31": "4822.00000", "2017-09-30": "6654.00000", "2017-06-30": "4775.00000", "2017-03-31": "6994.00000", "2016-12-31": "7001.00000", "2016-09-30": "7672.00000", "2016-06-30": "9084.00000", "2016-03-31": "8879.00000", "2015-12-31": "11332.00000", "2015-09-30": "13239.00000", "2015-06-30": "12521.00000", "2015-03-31": "13107.00000", "2014-12-31": "13215.00000", "2014-09-30": "14490.00000", "2014-06-30": "14235.00000", "2014-03-31": "16183.00000", "2013-12-31": "16516.00000", "2013-09-30": "18580.00000", "2013-06-30": "22296.00000", "2013-03-31": "19048.00000", "2012-12-31": "21913.00000", "2012-09-30": "21582.00000", "2012-06-30": "21463.00000", "2012-03-31": "19768.00000", "2011-12-31": "20071.00000", "2011-09-30": "20335.00000", "2011-06-30": "17964.00000", "2011-03-31": "16874.00000", "2010-12-31": "17070.00000", "2010-09-30": "14534.00000", "2010-06-30": "13215.00000", "2010-03-31": "11155.00000", "2009-12-31": "8822.00000", "2009-09-30": "7689.00000", "2009-06-30": "7344.00000", "2009-03-31": "9304.00000", "2008-12-31": "9560.00000", "2008-09-30": "10983.00000", "2008-06-30": "8607.00000", "2008-03-31": "8681.00000", "2007-12-31": "8094.00000", "2007-09-30": "8744.00000", "2007-06-30": "12103.00000", "2007-03-31": "12703.00000", "2006-12-31": "11446.00000", "2006-09-30": "12273.00000", "2006-06-30": "11133.00000", "2006-03-31": "11764.00000", "2005-12-31": "11144.00000", "2005-09-30": "10980.00000", "2005-06-30": "13477.00000", "2005-03-31": "11851.00000"}, "Receivables": {"2020-12-31": "", "2020-09-30": "9722.00000", "2020-06-30": "8570.00000", "2020-03-31": "10167.00000", "2019-12-31": "13325.00000", "2019-09-30": "12966.00000", "2019-06-30": "14383.00000", "2019-03-31": "14928.00000", "2018-12-31": "15050.00000", "2018-09-30": "16788.00000", "2018-06-30": "16672.00000", "2018-03-31": "15771.00000", "2017-12-31": "15353.00000", "2017-09-30": "14124.00000", "2017-06-30": "13168.00000", "2017-03-31": "13754.00000", "2016-12-31": "14092.00000", "2016-09-30": "12522.00000", "2016-06-30": "13490.00000", "2016-03-31": "12459.00000", "2015-12-31": "12860.00000", "2015-09-30": "14240.00000", "2015-06-30": "16153.00000", "2015-03-31": "15239.00000", "2014-12-31": "16736.00000", "2014-09-30": "19974.00000", "2014-06-30": "21578.00000", "2014-03-31": "20285.00000", "2013-12-31": "21622.00000", "2013-09-30": "21641.00000", "2013-06-30": "20273.00000", "2013-03-31": "21969.00000", "2012-12-31": "20997.00000", "2012-09-30": "21464.00000", "2012-06-30": "20711.00000", "2012-03-31": "22005.00000", "2011-12-31": "21793.00000", "2011-09-30": "20878.00000", "2011-06-30": "23613.00000", "2011-03-31": "22078.00000", "2010-12-31": "20759.00000", "2010-09-30": "17994.00000", "2010-06-30": "17893.00000", "2010-03-31": "17921.00000", "2009-12-31": "17703.00000", "2009-09-30": "17070.00000", "2009-06-30": "16617.00000", "2009-03-31": "14416.00000", "2008-12-31": "15856.00000", "2008-09-30": "24922.00000", "2008-06-30": "30591.00000", "2008-03-31": "23874.00000", "2007-12-31": "22446.00000", "2007-09-30": "19756.00000", "2007-06-30": "19360.00000", "2007-03-31": "17465.00000", "2006-12-31": "17628.00000", "2006-09-30": "18738.00000", "2006-06-30": "18370.00000", "2006-03-31": "17445.00000", "2005-12-31": "17184.00000", "2005-09-30": "17777.00000", "2005-06-30": "14844.00000", "2005-03-31": "13665.00000"}, "Inventory": {"2020-12-31": "", "2020-09-30": "5681.00000", "2020-06-30": "5511.00000", "2020-03-31": "6574.00000", "2019-12-31": "5848.00000", "2019-09-30": "5951.00000", "2019-06-30": "6809.00000", "2019-03-31": "6723.00000", "2018-12-31": "5704.00000", "2018-09-30": "6029.00000", "2018-06-30": "6644.00000", "2018-03-31": "6128.00000", "2017-12-31": "5585.00000", "2017-09-30": "5761.00000", "2017-06-30": "6075.00000", "2017-03-31": "5921.00000", "2016-12-31": "5419.00000", "2016-09-30": "5976.00000", "2016-06-30": "6427.00000", "2016-03-31": "6508.00000", "2015-12-31": "6334.00000", "2015-09-30": "6864.00000", "2015-06-30": "7116.00000", "2015-03-31": "6837.00000", "2014-12-31": "6505.00000", "2014-09-30": "7304.00000", "2014-06-30": "7215.00000", "2014-03-31": "7472.00000", "2013-12-31": "6380.00000", "2013-09-30": "6893.00000", "2013-06-30": "7423.00000", "2013-03-31": "6664.00000", "2012-12-31": "6144.00000", "2012-09-30": "7995.00000", "2012-06-30": "7186.00000", "2012-03-31": "7347.00000", "2011-12-31": "5543.00000", "2011-09-30": "6072.00000", "2011-06-30": "7286.00000", "2011-03-31": "6232.00000", "2010-12-31": "5493.00000", "2010-09-30": "6137.00000", "2010-06-30": "5911.00000", "2010-03-31": "6078.00000", "2009-12-31": "5529.00000", "2009-09-30": "6323.00000", "2009-06-30": "6484.00000", "2009-03-31": "6428.00000", "2008-12-31": "6854.00000", "2008-09-30": "6289.00000", "2008-06-30": "6371.00000", "2008-03-31": "5652.00000", "2007-12-31": "5310.00000", "2007-09-30": "5659.00000", "2007-06-30": "5150.00000", "2007-03-31": "4672.00000", "2006-12-31": "4656.00000", "2006-09-30": "5207.00000", "2006-06-30": "4832.00000", "2006-03-31": "4228.00000", "2005-12-31": "4121.00000", "2005-09-30": "3555.00000", "2005-06-30": "3353.00000", "2005-03-31": "3096.00000"}, "Pre-Paid Expenses": {"2020-12-31": "", "2020-09-30": "2506.00000", "2020-06-30": "2737.00000", "2020-03-31": "3279.00000", "2019-12-31": "3407.00000", "2019-09-30": "3316.00000", "2019-06-30": "3324.00000", "2019-03-31": "3265.00000", "2018-12-31": "2922.00000", "2018-09-30": "3020.00000", "2018-06-30": "3254.00000", "2018-03-31": "3323.00000", "2017-12-31": "2800.00000", "2017-09-30": "2859.00000", "2017-06-30": "2608.00000", "2017-03-31": "2899.00000", "2016-12-31": "3107.00000", "2016-09-30": "2703.00000", "2016-06-30": "3470.00000", "2016-03-31": "3867.00000", "2015-12-31": "3904.00000", "2015-09-30": "5476.00000", "2015-06-30": "4948.00000", "2015-03-31": "6087.00000", "2014-12-31": "5776.00000", "2014-09-30": "5315.00000", "2014-06-30": "5892.00000", "2014-03-31": "5809.00000", "2013-12-31": "5732.00000", "2013-09-30": "6389.00000", "2013-06-30": "6112.00000", "2013-03-31": "7015.00000", "2012-12-31": "6666.00000", "2012-09-30": "7424.00000", "2012-06-30": "6648.00000", "2012-03-31": "6102.00000", "2011-12-31": "5827.00000", "2011-09-30": "5740.00000", "2011-06-30": "5143.00000", "2011-03-31": "5667.00000", "2010-12-31": "5519.00000", "2010-09-30": "5818.00000", "2010-06-30": "5375.00000", "2010-03-31": "5672.00000", "2009-12-31": "5162.00000", "2009-09-30": "4459.00000", "2009-06-30": "4271.00000", "2009-03-31": "3926.00000", "2008-12-31": "4200.00000", "2008-09-30": "5153.00000", "2008-06-30": "4140.00000", "2008-03-31": "3281.00000", "2007-12-31": "3527.00000", "2007-09-30": "3350.00000", "2007-06-30": "3210.00000", "2007-03-31": "3157.00000", "2006-12-31": "2574.00000", "2006-09-30": "2206.00000", "2006-06-30": "2219.00000", "2006-03-31": "1818.00000", "2005-12-31": "1887.00000", "2005-09-30": "2666.00000", "2005-06-30": "2269.00000", "2005-03-31": "2547.00000"}, "Other Current Assets": {"2020-12-31": "", "2020-09-30": "", "2020-06-30": "", "2020-03-31": "", "2019-12-31": "", "2019-09-30": "", "2019-06-30": "", "2019-03-31": "", "2018-12-31": "", "2018-09-30": "", "2018-06-30": "", "2018-03-31": "", "2017-12-31": "", "2017-09-30": "", "2017-06-30": "", "2017-03-31": "", "2016-12-31": "", "2016-09-30": "", "2016-06-30": "", "2016-03-31": "", "2015-12-31": "", "2015-09-30": "", "2015-06-30": "", "2015-03-31": "", "2014-12-31": "", "2014-09-30": "", "2014-06-30": "", "2014-03-31": "", "2013-12-31": "", "2013-09-30": "", "2013-06-30": "", "2013-03-31": "", "2012-12-31": "", "2012-09-30": "", "2012-06-30": "", "2012-03-31": "", "2011-12-31": "", "2011-09-30": "", "2011-06-30": "", "2011-03-31": "", "2010-12-31": "", "2010-09-30": "", "2010-06-30": "", "2010-03-31": "", "2009-12-31": "", "2009-09-30": "", "2009-06-30": "", "2009-03-31": "", "2008-12-31": "", "2008-09-30": "", "2008-06-30": "", "2008-03-31": "", "2007-12-31": "", "2007-09-30": "", "2007-06-30": "", "2007-03-31": "", "2006-12-31": "", "2006-09-30": "", "2006-06-30": "", "2006-03-31": "", "2005-12-31": "", "2005-09-30": "", "2005-06-30": "", "2005-03-31": ""}, "Total Current Assets": {"2020-12-31": "", "2020-09-30": "24803.00000", "2020-06-30": "23732.00000", "2020-03-31": "28562.00000", "2019-12-31": "28329.00000", "2019-09-30": "33988.00000", "2019-06-30": "33087.00000", "2019-03-31": "33671.00000", "2018-12-31": "34021.00000", "2018-09-30": "35583.00000", "2018-06-30": "34256.00000", "2018-03-31": "31726.00000", "2017-12-31": "28560.00000", "2017-09-30": "29398.00000", "2017-06-30": "26626.00000", "2017-03-31": "29568.00000", "2016-12-31": "29619.00000", "2016-09-30": "28873.00000", "2016-06-30": "32471.00000", "2016-03-31": "31713.00000", "2015-12-31": "34430.00000", "2015-09-30": "39819.00000", "2015-06-30": "40738.00000", "2015-03-31": "41270.00000", "2014-12-31": "42232.00000", "2014-09-30": "47083.00000", "2014-06-30": "48920.00000", "2014-03-31": "49749.00000", "2013-12-31": "50250.00000", "2013-09-30": "53503.00000", "2013-06-30": "56104.00000", "2013-03-31": "54696.00000", "2012-12-31": "55720.00000", "2012-09-30": "58465.00000", "2012-06-30": "56008.00000", "2012-03-31": "55222.00000", "2011-12-31": "53234.00000", "2011-09-30": "53025.00000", "2011-06-30": "54006.00000", "2011-03-31": "50851.00000", "2010-12-31": "48841.00000", "2010-09-30": "44483.00000", "2010-06-30": "42394.00000", "2010-03-31": "40826.00000", "2009-12-31": "37216.00000", "2009-09-30": "35541.00000", "2009-06-30": "34716.00000", "2009-03-31": "34074.00000", "2008-12-31": "36470.00000", "2008-09-30": "47347.00000", "2008-06-30": "49709.00000", "2008-03-31": "41488.00000", "2007-12-31": "39377.00000", "2007-09-30": "37509.00000", "2007-06-30": "39823.00000", "2007-03-31": "37997.00000", "2006-12-31": "36304.00000", "2006-09-30": "38424.00000", "2006-06-30": "36554.00000", "2006-03-31": "35255.00000", "2005-12-31": "34336.00000", "2005-09-30": "34978.00000", "2005-06-30": "33943.00000", "2005-03-31": "31159.00000"}, "Property, Plant, And Equipment": {"2020-12-31": "", "2020-09-30": "142383.00000", "2020-06-30": "143850.00000", "2020-03-31": "149220.00000", "2019-12-31": "150494.00000", "2019-09-30": "164363.00000", "2019-06-30": "165411.00000", "2019-03-31": "166732.00000", "2018-12-31": "169207.00000", "2018-09-30": "171645.00000", "2018-06-30": "174242.00000", "2018-03-31": "175846.00000", "2017-12-31": "177712.00000", "2017-09-30": "178436.00000", "2017-06-30": "178176.00000", "2017-03-31": "180296.00000", "2016-12-31": "182186.00000", "2016-09-30": "183439.00000", "2016-06-30": "184685.00000", "2016-03-31": "189940.00000", "2015-12-31": "188396.00000", "2015-09-30": "187405.00000", "2015-06-30": "185267.00000", "2015-03-31": "186123.00000", "2014-12-31": "183173.00000", "2014-09-30": "178096.00000", "2014-06-30": "174054.00000", "2014-03-31": "169227.00000", "2013-12-31": "164829.00000", "2013-09-30": "156932.00000", "2013-06-30": "150592.00000", "2013-03-31": "145973.00000", "2012-12-31": "141348.00000", "2012-09-30": "132752.00000", "2012-06-30": "129047.00000", "2012-03-31": "124798.00000", "2011-12-31": "122608.00000", "2011-09-30": "118377.00000", "2011-06-30": "114754.00000", "2011-03-31": "111075.00000", "2010-12-31": "104504.00000", "2010-09-30": "101732.00000", "2010-06-30": "98539.00000", "2010-03-31": "97347.00000", "2009-12-31": "96468.00000", "2009-09-30": "94257.00000", "2009-06-30": "93673.00000", "2009-03-31": "92548.00000", "2008-12-31": "91780.00000", "2008-09-30": "85691.00000", "2008-06-30": "82394.00000", "2008-03-31": "80393.00000", "2007-12-31": "78610.00000", "2007-09-30": "72898.00000", "2007-06-30": "71117.00000", "2007-03-31": "69897.00000", "2006-12-31": "68858.00000", "2006-09-30": "66888.00000", "2006-06-30": "65600.00000", "2006-03-31": "64300.00000", "2005-12-31": "63690.00000", "2005-09-30": "63982.00000", "2005-06-30": "44669.00000", "2005-03-31": "44215.00000"}, "Long-Term Investments": {"2020-12-31": "", "2020-09-30": "37655.00000", "2020-06-30": "37290.00000", "2020-03-31": "39693.00000", "2019-12-31": "38688.00000", "2019-09-30": "38327.00000", "2019-06-30": "37417.00000", "2019-03-31": "36360.00000", "2018-12-31": "35546.00000", "2018-09-30": "34672.00000", "2018-06-30": "34242.00000", "2018-03-31": "33470.00000", "2017-12-31": "32497.00000", "2017-09-30": "32402.00000", "2017-06-30": "31706.00000", "2017-03-31": "30915.00000", "2016-12-31": "30250.00000", "2016-09-30": "30002.00000", "2016-06-30": "27740.00000", "2016-03-31": "27510.00000", "2015-12-31": "27110.00000", "2015-09-30": "26710.00000", "2015-06-30": "26206.00000", "2015-03-31": "28238.00000", "2014-12-31": "26912.00000", "2014-09-30": "26683.00000", "2014-06-30": "25923.00000", "2014-03-31": "25986.00000", "2013-12-31": "25502.00000", "2013-09-30": "25010.00000", "2013-06-30": "25133.00000", "2013-03-31": "24504.00000", "2012-12-31": "23718.00000", "2012-09-30": "23505.00000", "2012-06-30": "23073.00000", "2012-03-31": "23226.00000", "2011-12-31": "22868.00000", "2011-09-30": "22410.00000", "2011-06-30": "21724.00000", "2011-03-31": "22003.00000", "2010-12-31": "21520.00000", "2010-09-30": "21764.00000", "2010-06-30": "21682.00000", "2010-03-31": "21290.00000", "2009-12-31": "21158.00000", "2009-09-30": "21564.00000", "2009-06-30": "21548.00000", "2009-03-31": "21442.00000", "2008-12-31": "20920.00000", "2008-09-30": "21310.00000", "2008-06-30": "20793.00000", "2008-03-31": "20817.00000", "2007-12-31": "20477.00000", "2007-09-30": "19819.00000", "2007-06-30": "19171.00000", "2007-03-31": "19064.00000", "2006-12-31": "18552.00000", "2006-09-30": "17637.00000", "2006-06-30": "17493.00000", "2006-03-31": "17361.00000", "2005-12-31": "17057.00000", "2005-09-30": "16544.00000", "2005-06-30": "14856.00000", "2005-03-31": "14547.00000"}, "Goodwill And Intangible Assets": {"2020-12-31": "", "2020-09-30": "4416.00000", "2020-06-30": "4416.00000", "2020-03-31": "4454.00000", "2019-12-31": "4463.00000", "2019-09-30": "4507.00000", "2019-06-30": "4507.00000", "2019-03-31": "4507.00000", "2018-12-31": "4518.00000", "2018-09-30": "4518.00000", "2018-06-30": "4518.00000", "2018-03-31": "4531.00000", "2017-12-31": "4531.00000", "2017-09-30": "4531.00000", "2017-06-30": "4543.00000", "2017-03-31": "4543.00000", "2016-12-31": "4581.00000", "2016-09-30": "4581.00000", "2016-06-30": "4581.00000", "2016-03-31": "4588.00000", "2015-12-31": "4588.00000", "2015-09-30": "4588.00000", "2015-06-30": "4588.00000", "2015-03-31": "4588.00000", "2014-12-31": "4593.00000", "2014-09-30": "4621.00000", "2014-06-30": "4621.00000", "2014-03-31": "4639.00000", "2013-12-31": "4639.00000", "2013-09-30": "4640.00000", "2013-06-30": "4640.00000", "2013-03-31": "4640.00000", "2012-12-31": "4640.00000", "2012-09-30": "4640.00000", "2012-06-30": "4641.00000", "2012-03-31": "4641.00000", "2011-12-31": "4642.00000", "2011-09-30": "4654.00000", "2011-06-30": "4654.00000", "2011-03-31": "4655.00000", "2010-12-31": "4617.00000", "2010-09-30": "4618.00000", "2010-06-30": "4618.00000", "2010-03-31": "4618.00000", "2009-12-31": "4618.00000", "2009-09-30": "4619.00000", "2009-06-30": "4619.00000", "2009-03-31": "4619.00000", "2008-12-31": "4619.00000", "2008-09-30": "4600.00000", "2008-06-30": "4629.00000", "2008-03-31": "4630.00000", "2007-12-31": "4637.00000", "2007-09-30": "4679.00000", "2007-06-30": "4681.00000", "2007-03-31": "4691.00000", "2006-12-31": "4623.00000", "2006-09-30": "4659.00000", "2006-06-30": "4700.00000", "2006-03-31": "4644.00000", "2005-12-31": "4636.00000", "2005-09-30": "3591.00000", "2005-06-30": "", "2005-03-31": ""}, "Other Long-Term Assets": {"2020-12-31": "", "2020-09-30": "1799.00000", "2020-06-30": "1792.00000", "2020-03-31": "2989.00000", "2019-12-31": "3411.00000", "2019-09-30": "3052.00000", "2019-06-30": "2985.00000", "2019-03-31": "2654.00000", "2018-12-31": "1863.00000", "2018-09-30": "983.00000", "2018-06-30": "1239.00000", "2018-03-31": "1200.00000", "2017-12-31": "640.00000", "2017-09-30": "584.00000", "2017-06-30": "3793.00000", "2017-03-31": "4352.00000", "2016-12-31": "4119.00000", "2016-09-30": "3893.00000", "2016-06-30": "3216.00000", "2016-03-31": "1085.00000", "2015-12-31": "1449.00000", "2015-09-30": "898.00000", "2015-06-30": "387.00000", "2015-03-31": "", "2014-12-31": "", "2014-09-30": "201.00000", "2014-06-30": "", "2014-03-31": "644.00000", "2013-12-31": "580.00000", "2013-09-30": "", "2013-06-30": "", "2013-03-31": "", "2012-12-31": "", "2012-09-30": "", "2012-06-30": "", "2012-03-31": "", "2011-12-31": "", "2011-09-30": "482.00000", "2011-06-30": "1356.00000", "2011-03-31": "878.00000", "2010-12-31": "", "2010-09-30": "", "2010-06-30": "", "2010-03-31": "", "2009-12-31": "", "2009-09-30": "316.00000", "2009-06-30": "100.00000", "2009-03-31": "92.00000", "2008-12-31": "252.00000", "2008-09-30": "329.00000", "2008-06-30": "", "2008-03-31": "", "2007-12-31": "", "2007-09-30": "", "2007-06-30": "", "2007-03-31": "", "2006-12-31": "", "2006-09-30": "", "2006-06-30": "", "2006-03-31": "", "2005-12-31": "", "2005-09-30": "96.00000", "2005-06-30": "122.00000", "2005-03-31": "295.00000"}, "Total Long-Term Assets": {"2020-12-31": "", "2020-09-30": "198260.00000", "2020-06-30": "199671.00000", "2020-03-31": "208115.00000", "2019-12-31": "209099.00000", "2019-09-30": "222549.00000", "2019-06-30": "222791.00000", "2019-03-31": "223138.00000", "2018-12-31": "219842.00000", "2018-09-30": "221023.00000", "2018-06-30": "223673.00000", "2018-03-31": "224716.00000", "2017-12-31": "225246.00000", "2017-09-30": "225762.00000", "2017-06-30": "227973.00000", "2017-03-31": "229543.00000", "2016-12-31": "230459.00000", "2016-09-30": "230990.00000", "2016-06-30": "229007.00000", "2016-03-31": "232129.00000", "2015-12-31": "230110.00000", "2015-09-30": "228630.00000", "2015-06-30": "225717.00000", "2015-03-31": "228334.00000", "2014-12-31": "223794.00000", "2014-09-30": "218348.00000", "2014-06-30": "213125.00000", "2014-03-31": "208489.00000", "2013-12-31": "203503.00000", "2013-09-30": "194335.00000", "2013-06-30": "187944.00000", "2013-03-31": "182714.00000", "2012-12-31": "177262.00000", "2012-09-30": "168399.00000", "2012-06-30": "163371.00000", "2012-03-31": "159668.00000", "2011-12-31": "156240.00000", "2011-09-30": "151074.00000", "2011-06-30": "147711.00000", "2011-03-31": "143885.00000", "2010-12-31": "135928.00000", "2010-09-30": "132716.00000", "2010-06-30": "129352.00000", "2010-03-31": "128106.00000", "2009-12-31": "127405.00000", "2009-09-30": "127020.00000", "2009-06-30": "126485.00000", "2009-03-31": "125352.00000", "2008-12-31": "124695.00000", "2008-09-30": "118363.00000", "2008-06-30": "113357.00000", "2008-03-31": "111359.00000", "2007-12-31": "109409.00000", "2007-09-30": "102045.00000", "2007-06-30": "99783.00000", "2007-03-31": "98009.00000", "2006-12-31": "96324.00000", "2006-09-30": "95697.00000", "2006-06-30": "94629.00000", "2006-03-31": "92476.00000", "2005-12-31": "91497.00000", "2005-09-30": "89831.00000", "2005-06-30": "65097.00000", "2005-03-31": "64644.00000"}, "Total Assets": {"2020-12-31": "0.00000", "2020-09-30": "223063.00000", "2020-06-30": "223403.00000", "2020-03-31": "236677.00000", "2019-12-31": "237428.00000", "2019-09-30": "256537.00000", "2019-06-30": "255878.00000", "2019-03-31": "256809.00000", "2018-12-31": "253863.00000", "2018-09-30": "256606.00000", "2018-06-30": "257929.00000", "2018-03-31": "256442.00000", "2017-12-31": "253806.00000", "2017-09-30": "255160.00000", "2017-06-30": "254599.00000", "2017-03-31": "259111.00000", "2016-12-31": "260078.00000", "2016-09-30": "259863.00000", "2016-06-30": "261478.00000", "2016-03-31": "263842.00000", "2015-12-31": "264540.00000", "2015-09-30": "268449.00000", "2015-06-30": "266455.00000", "2015-03-31": "269604.00000", "2014-12-31": "266026.00000", "2014-09-30": "265431.00000", "2014-06-30": "262045.00000", "2014-03-31": "258238.00000", "2013-12-31": "253753.00000", "2013-09-30": "247838.00000", "2013-06-30": "244048.00000", "2013-03-31": "237410.00000", "2012-12-31": "232982.00000", "2012-09-30": "226864.00000", "2012-06-30": "219379.00000", "2012-03-31": "214890.00000", "2011-12-31": "209474.00000", "2011-09-30": "204099.00000", "2011-06-30": "201717.00000", "2011-03-31": "194736.00000", "2010-12-31": "184769.00000", "2010-09-30": "177199.00000", "2010-06-30": "171746.00000", "2010-03-31": "168932.00000", "2009-12-31": "164621.00000", "2009-09-30": "162561.00000", "2009-06-30": "161201.00000", "2009-03-31": "159426.00000", "2008-12-31": "161165.00000", "2008-09-30": "165710.00000", "2008-06-30": "163066.00000", "2008-03-31": "152847.00000", "2007-12-31": "148786.00000", "2007-09-30": "139554.00000", "2007-06-30": "139606.00000", "2007-03-31": "136006.00000", "2006-12-31": "132628.00000", "2006-09-30": "134121.00000", "2006-06-30": "131183.00000", "2006-03-31": "127731.00000", "2005-12-31": "125833.00000", "2005-09-30": "124809.00000", "2005-06-30": "99040.00000", "2005-03-31": "95803.00000"}, "Total Current Liabilities": {"2020-12-31": "", "2020-09-30": "19664.00000", "2020-06-30": "20825.00000", "2020-03-31": "28235.00000", "2019-12-31": "26530.00000", "2019-09-30": "30233.00000", "2019-06-30": "28829.00000", "2019-03-31": "29951.00000", "2018-12-31": "27171.00000", "2018-09-30": "29183.00000", "2018-06-30": "31862.00000", "2018-03-31": "30630.00000", "2017-12-31": "27737.00000", "2017-09-30": "28223.00000", "2017-06-30": "27956.00000", "2017-03-31": "28426.00000", "2016-12-31": "31785.00000", "2016-09-30": "24744.00000", "2016-06-30": "24927.00000", "2016-03-31": "29162.00000", "2015-12-31": "25467.00000", "2015-09-30": "30144.00000", "2015-06-30": "28268.00000", "2015-03-31": "29445.00000", "2014-12-31": "31926.00000", "2014-09-30": "37088.00000", "2014-06-30": "36328.00000", "2014-03-31": "35652.00000", "2013-12-31": "33018.00000", "2013-09-30": "33470.00000", "2013-06-30": "33413.00000", "2013-03-31": "34685.00000", "2012-12-31": "34212.00000", "2012-09-30": "35669.00000", "2012-06-30": "32656.00000", "2012-03-31": "34257.00000", "2011-12-31": "33600.00000", "2011-09-30": "32338.00000", "2011-06-30": "35220.00000", "2011-03-31": "33313.00000", "2010-12-31": "29012.00000", "2010-09-30": "26850.00000", "2010-06-30": "26013.00000", "2010-03-31": "27566.00000", "2009-12-31": "26211.00000", "2009-09-30": "25393.00000", "2009-06-30": "25364.00000", "2009-03-31": "24893.00000", "2008-12-31": "32023.00000", "2008-09-30": "39425.00000", "2008-06-30": "42487.00000", "2008-03-31": "35439.00000", "2007-12-31": "33798.00000", "2007-09-30": "29434.00000", "2007-06-30": "30489.00000", "2007-03-31": "29502.00000", "2006-12-31": "28409.00000", "2006-09-30": "29042.00000", "2006-06-30": "26812.00000", "2006-03-31": "24686.00000", "2005-12-31": "25011.00000", "2005-09-30": "25527.00000", "2005-06-30": "20627.00000", "2005-03-31": "19674.00000"}, "Long Term Debt": {"2020-12-31": "", "2020-09-30": "34280.00000", "2020-06-30": "30302.00000", "2020-03-31": "23663.00000", "2019-12-31": "23691.00000", "2019-09-30": "25056.00000", "2019-06-30": "25061.00000", "2019-03-31": "26064.00000", "2018-12-31": "28733.00000", "2018-09-30": "29989.00000", "2018-06-30": "29919.00000", "2018-03-31": "31144.00000", "2017-12-31": "33571.00000", "2017-09-30": "34075.00000", "2017-06-30": "34082.00000", "2017-03-31": "36959.00000", "2016-12-31": "35286.00000", "2016-09-30": "39528.00000", "2016-06-30": "39555.00000", "2016-03-31": "32709.00000", "2015-12-31": "33622.00000", "2015-09-30": "29296.00000", "2015-06-30": "29289.00000", "2015-03-31": "30025.00000", "2014-12-31": "24028.00000", "2014-09-30": "20044.00000", "2014-06-30": "20050.00000", "2014-03-31": "20046.00000", "2013-12-31": "20057.00000", "2013-09-30": "18054.00000", "2013-06-30": "18051.00000", "2013-03-31": "12053.00000", "2012-12-31": "12065.00000", "2012-09-30": "10164.00000", "2012-06-30": "9872.00000", "2012-03-31": "8879.00000", "2011-12-31": "9812.00000", "2011-09-30": "9498.00000", "2011-06-30": "9618.00000", "2011-03-31": "9758.00000", "2010-12-31": "11289.00000", "2010-09-30": "10449.00000", "2010-06-30": "10098.00000", "2010-03-31": "10083.00000", "2009-12-31": "10130.00000", "2009-09-30": "10302.00000", "2009-06-30": "11192.00000", "2009-03-31": "11176.00000", "2008-12-31": "6083.00000", "2008-09-30": "6129.00000", "2008-06-30": "5770.00000", "2008-03-31": "6014.00000", "2007-12-31": "6070.00000", "2007-09-30": "5147.00000", "2007-06-30": "5354.00000", "2007-03-31": "6131.00000", "2006-12-31": "7679.00000", "2006-09-30": "8104.00000", "2006-06-30": "10300.00000", "2006-03-31": "11921.00000", "2005-12-31": "12131.00000", "2005-09-30": "12577.00000", "2005-06-30": "10622.00000", "2005-03-31": "10422.00000"}, "Other Non-Current Liabilities": {"2020-12-31": "", "2020-09-30": "", "2020-06-30": "", "2020-03-31": "", "2019-12-31": "", "2019-09-30": "", "2019-06-30": "", "2019-03-31": "", "2018-12-31": "", "2018-09-30": "", "2018-06-30": "", "2018-03-31": "", "2017-12-31": "", "2017-09-30": "", "2017-06-30": "", "2017-03-31": "", "2016-12-31": "", "2016-09-30": "", "2016-06-30": "", "2016-03-31": "", "2015-12-31": "", "2015-09-30": "", "2015-06-30": "", "2015-03-31": "", "2014-12-31": "", "2014-09-30": "", "2014-06-30": "", "2014-03-31": "", "2013-12-31": "", "2013-09-30": "", "2013-06-30": "", "2013-03-31": "", "2012-12-31": "", "2012-09-30": "", "2012-06-30": "", "2012-03-31": "", "2011-12-31": "", "2011-09-30": "", "2011-06-30": "", "2011-03-31": "", "2010-12-31": "", "2010-09-30": "", "2010-06-30": "", "2010-03-31": "", "2009-12-31": "", "2009-09-30": "", "2009-06-30": "", "2009-03-31": "", "2008-12-31": "", "2008-09-30": "", "2008-06-30": "", "2008-03-31": "", "2007-12-31": "", "2007-09-30": "", "2007-06-30": "", "2007-03-31": "", "2006-12-31": "", "2006-09-30": "", "2006-06-30": "", "2006-03-31": "", "2005-12-31": "", "2005-09-30": "", "2005-06-30": "", "2005-03-31": ""}, "Total Long Term Liabilities": {"2020-12-31": "", "2020-09-30": "71361.00000", "2020-06-30": "68192.00000", "2020-03-31": "63528.00000", "2019-12-31": "65690.00000", "2019-09-30": "69412.00000", "2019-06-30": "69598.00000", "2019-03-31": "70740.00000", "2018-12-31": "71050.00000", "2018-09-30": "72750.00000", "2018-06-30": "72687.00000", "2018-03-31": "74246.00000", "2017-12-31": "76750.00000", "2017-09-30": "79026.00000", "2017-06-30": "79255.00000", "2017-03-31": "82895.00000", "2016-12-31": "81571.00000", "2016-09-30": "87167.00000", "2016-06-30": "88226.00000", "2016-03-31": "83204.00000", "2015-12-31": "85187.00000", "2015-09-30": "82367.00000", "2015-06-30": "82296.00000", "2015-03-31": "83158.00000", "2014-12-31": "77909.00000", "2014-09-30": "71036.00000", "2014-06-30": "70970.00000", "2014-03-31": "70776.00000", "2013-12-31": "70308.00000", "2013-09-30": "68295.00000", "2013-06-30": "66471.00000", "2013-03-31": "61239.00000", "2012-12-31": "60938.00000", "2012-09-30": "56973.00000", "2012-06-30": "55434.00000", "2012-03-31": "54307.00000", "2011-12-31": "53693.00000", "2011-09-30": "50085.00000", "2011-06-30": "50067.00000", "2011-03-31": "50573.00000", "2010-12-31": "49946.00000", "2010-09-30": "47384.00000", "2010-06-30": "45442.00000", "2010-03-31": "45314.00000", "2009-12-31": "45849.00000", "2009-09-30": "45946.00000", "2009-06-30": "47357.00000", "2009-03-31": "46717.00000", "2008-12-31": "42025.00000", "2008-09-30": "39331.00000", "2008-06-30": "38311.00000", "2008-03-31": "38202.00000", "2007-12-31": "37900.00000", "2007-09-30": "35176.00000", "2007-06-30": "34938.00000", "2007-03-31": "35044.00000", "2006-12-31": "35284.00000", "2006-09-30": "35477.00000", "2006-06-30": "37465.00000", "2006-03-31": "38204.00000", "2005-12-31": "38146.00000", "2005-09-30": "39095.00000", "2005-06-30": "29878.00000", "2005-03-31": "29537.00000"}, "Total Liabilities": {"2020-12-31": "", "2020-09-30": "91025.00000", "2020-06-30": "89017.00000", "2020-03-31": "91763.00000", "2019-12-31": "92220.00000", "2019-09-30": "99645.00000", "2019-06-30": "98427.00000", "2019-03-31": "100691.00000", "2018-12-31": "98221.00000", "2018-09-30": "101933.00000", "2018-06-30": "104549.00000", "2018-03-31": "104876.00000", "2017-12-31": "104487.00000", "2017-09-30": "107249.00000", "2017-06-30": "107211.00000", "2017-03-31": "111321.00000", "2016-12-31": "113356.00000", "2016-09-30": "111911.00000", "2016-06-30": "113153.00000", "2016-03-31": "112366.00000", "2015-12-31": "110654.00000", "2015-09-30": "112511.00000", "2015-06-30": "110564.00000", "2015-03-31": "112603.00000", "2014-12-31": "109835.00000", "2014-09-30": "108124.00000", "2014-06-30": "107298.00000", "2014-03-31": "106428.00000", "2013-12-31": "103326.00000", "2013-09-30": "101765.00000", "2013-06-30": "99884.00000", "2013-03-31": "95924.00000", "2012-12-31": "95150.00000", "2012-09-30": "92642.00000", "2012-06-30": "88090.00000", "2012-03-31": "88564.00000", "2011-12-31": "87293.00000", "2011-09-30": "82423.00000", "2011-06-30": "85287.00000", "2011-03-31": "83886.00000", "2010-12-31": "78958.00000", "2010-09-30": "74234.00000", "2010-06-30": "71455.00000", "2010-03-31": "72880.00000", "2009-12-31": "72060.00000", "2009-09-30": "71339.00000", "2009-06-30": "72721.00000", "2009-03-31": "71610.00000", "2008-12-31": "74048.00000", "2008-09-30": "78756.00000", "2008-06-30": "80798.00000", "2008-03-31": "73641.00000", "2007-12-31": "71698.00000", "2007-09-30": "64610.00000", "2007-06-30": "65427.00000", "2007-03-31": "64546.00000", "2006-12-31": "63693.00000", "2006-09-30": "64519.00000", "2006-06-30": "64277.00000", "2006-03-31": "62890.00000", "2005-12-31": "63157.00000", "2005-09-30": "64622.00000", "2005-06-30": "50505.00000", "2005-03-31": "49211.00000"}, "Common Stock Net": {"2020-12-31": "", "2020-09-30": "1832.00000", "2020-06-30": "1832.00000", "2020-03-31": "1832.00000", "2019-12-31": "1832.00000", "2019-09-30": "1832.00000", "2019-06-30": "1832.00000", "2019-03-31": "1832.00000", "2018-12-31": "1832.00000", "2018-09-30": "1832.00000", "2018-06-30": "1832.00000", "2018-03-31": "1832.00000", "2017-12-31": "1832.00000", "2017-09-30": "1832.00000", "2017-06-30": "1832.00000", "2017-03-31": "1832.00000", "2016-12-31": "1832.00000", "2016-09-30": "1832.00000", "2016-06-30": "1832.00000", "2016-03-31": "1832.00000", "2015-12-31": "1832.00000", "2015-09-30": "1832.00000", "2015-06-30": "1832.00000", "2015-03-31": "1832.00000", "2014-12-31": "1832.00000", "2014-09-30": "1832.00000", "2014-06-30": "1832.00000", "2014-03-31": "1832.00000", "2013-12-31": "1832.00000", "2013-09-30": "1832.00000", "2013-06-30": "1832.00000", "2013-03-31": "1832.00000", "2012-12-31": "1832.00000", "2012-09-30": "1832.00000", "2012-06-30": "1832.00000", "2012-03-31": "1832.00000", "2011-12-31": "1832.00000", "2011-09-30": "1832.00000", "2011-06-30": "1832.00000", "2011-03-31": "1832.00000", "2010-12-31": "1832.00000", "2010-09-30": "1832.00000", "2010-06-30": "1832.00000", "2010-03-31": "1832.00000", "2009-12-31": "1832.00000", "2009-09-30": "1832.00000", "2009-06-30": "1832.00000", "2009-03-31": "1832.00000", "2008-12-31": "1832.00000", "2008-09-30": "1832.00000", "2008-06-30": "1832.00000", "2008-03-31": "1832.00000", "2007-12-31": "1832.00000", "2007-09-30": "1832.00000", "2007-06-30": "1832.00000", "2007-03-31": "1832.00000", "2006-12-31": "1832.00000", "2006-09-30": "1832.00000", "2006-06-30": "1832.00000", "2006-03-31": "1832.00000", "2005-12-31": "1832.00000", "2005-09-30": "1832.00000", "2005-06-30": "1706.00000", "2005-03-31": "1706.00000"}, "Retained Earnings (Accumulated Deficit)": {"2020-12-31": "", "2020-09-30": "163509.00000", "2020-06-30": "166122.00000", "2020-03-31": "176113.00000", "2019-12-31": "174945.00000", "2019-09-30": "183783.00000", "2019-06-30": "183442.00000", "2019-03-31": "181387.00000", "2018-12-31": "180987.00000", "2018-09-30": "178816.00000", "2018-06-30": "176899.00000", "2018-03-31": "175619.00000", "2017-12-31": "174106.00000", "2017-09-30": "173035.00000", "2017-06-30": "173116.00000", "2017-03-31": "173698.00000", "2016-12-31": "173046.00000", "2016-09-30": "174657.00000", "2016-06-30": "175379.00000", "2016-03-31": "178853.00000", "2015-12-31": "181578.00000", "2015-09-30": "184167.00000", "2015-06-30": "184129.00000", "2015-03-31": "185557.00000", "2014-12-31": "184987.00000", "2014-09-30": "183519.00000", "2014-06-30": "179939.00000", "2014-03-31": "176294.00000", "2013-12-31": "173677.00000", "2013-09-30": "170651.00000", "2013-06-30": "167615.00000", "2013-03-31": "164173.00000", "2012-12-31": "159730.00000", "2012-09-30": "154229.00000", "2012-06-30": "150728.00000", "2012-03-31": "145278.00000", "2011-12-31": "140399.00000", "2011-09-30": "136873.00000", "2011-06-30": "130592.00000", "2011-03-31": "124417.00000", "2010-12-31": "119641.00000", "2010-09-30": "115784.00000", "2010-06-30": "113456.00000", "2010-03-31": "109484.00000", "2009-12-31": "106289.00000", "2009-09-30": "104575.00000", "2009-06-30": "102097.00000", "2009-03-31": "101647.00000", "2008-12-31": "101102.00000", "2008-09-30": "97507.00000", "2008-06-30": "90937.00000", "2008-03-31": "86298.00000", "2007-12-31": "82329.00000", "2007-09-30": "78668.00000", "2007-06-30": "76175.00000", "2007-03-31": "72030.00000", "2006-12-31": "68464.00000", "2006-09-30": "65815.00000", "2006-06-30": "61931.00000", "2006-03-31": "58733.00000", "2005-12-31": "55738.00000", "2005-09-30": "52595.00000", "2005-06-30": "50008.00000", "2005-03-31": "47258.00000"}, "Comprehensive Income": {"2020-12-31": "", "2020-09-30": "-4507.00000", "2020-06-30": "-4750.00000", "2020-03-31": "-4884.00000", "2019-12-31": "-4990.00000", "2019-09-30": "-3269.00000", "2019-06-30": "-3357.00000", "2019-03-31": "-3459.00000", "2018-12-31": "-3544.00000", "2018-09-30": "-3265.00000", "2018-06-30": "-3368.00000", "2018-03-31": "-3459.00000", "2017-12-31": "-3589.00000", "2017-09-30": "-3422.00000", "2017-06-30": "-3604.00000", "2017-03-31": "-3726.00000", "2016-12-31": "-3843.00000", "2016-09-30": "-3843.00000", "2016-06-30": "-4032.00000", "2016-03-31": "-4150.00000", "2015-12-31": "-4291.00000", "2015-09-30": "-4549.00000", "2015-06-30": "-4651.00000", "2015-03-31": "-4780.00000", "2014-12-31": "-4859.00000", "2014-09-30": "-3438.00000", "2014-06-30": "-3497.00000", "2014-03-31": "-3534.00000", "2013-12-31": "-3579.00000", "2013-09-30": "-5997.00000", "2013-06-30": "-6078.00000", "2013-03-31": "-6269.00000", "2012-12-31": "-6369.00000", "2012-09-30": "-5558.00000", "2012-06-30": "-5732.00000", "2012-03-31": "-5875.00000", "2011-12-31": "-6022.00000", "2011-09-30": "-4066.00000", "2011-06-30": "-4117.00000", "2011-03-31": "-4253.00000", "2010-12-31": "-4466.00000", "2010-09-30": "-3940.00000", "2010-06-30": "-4126.00000", "2010-03-31": "-4219.00000", "2009-12-31": "-4321.00000", "2009-09-30": "-3676.00000", "2009-06-30": "-3795.00000", "2009-03-31": "-3902.00000", "2008-12-31": "-3924.00000", "2008-09-30": "-1950.00000", "2008-06-30": "-1992.00000", "2008-03-31": "-1988.00000", "2007-12-31": "-2015.00000", "2007-09-30": "-2404.00000", "2007-06-30": "-2505.00000", "2007-03-31": "-2561.00000", "2006-12-31": "-2636.00000", "2006-09-30": "-428.00000", "2006-06-30": "-441.00000", "2006-03-31": "-352.00000", "2005-12-31": "-429.00000", "2005-09-30": "-494.00000", "2005-06-30": "-346.00000", "2005-03-31": "-346.00000"}, "Other Share Holders Equity": {"2020-12-31": "", "2020-09-30": "", "2020-06-30": "", "2020-03-31": "", "2019-12-31": "", "2019-09-30": "", "2019-06-30": "", "2019-03-31": "", "2018-12-31": "", "2018-09-30": "", "2018-06-30": "", "2018-03-31": "", "2017-12-31": "", "2017-09-30": "", "2017-06-30": "", "2017-03-31": "", "2016-12-31": "", "2016-09-30": "", "2016-06-30": "", "2016-03-31": "", "2015-12-31": "", "2015-09-30": "", "2015-06-30": "", "2015-03-31": "", "2014-12-31": "", "2014-09-30": "", "2014-06-30": "", "2014-03-31": "", "2013-12-31": "", "2013-09-30": "", "2013-06-30": "", "2013-03-31": "", "2012-12-31": "", "2012-09-30": "", "2012-06-30": "", "2012-03-31": "", "2011-12-31": "", "2011-09-30": "", "2011-06-30": "", "2011-03-31": "", "2010-12-31": "", "2010-09-30": "", "2010-06-30": "", "2010-03-31": "", "2009-12-31": "", "2009-09-30": "", "2009-06-30": "", "2009-03-31": "", "2008-12-31": "", "2008-09-30": "-1.00000", "2008-06-30": "-1.00000", "2008-03-31": "-1.00000", "2007-12-31": "-1.00000", "2007-09-30": "-1.00000", "2007-06-30": "-1.00000", "2007-03-31": "-1.00000", "2006-12-31": "-2.00000", "2006-09-30": "-2.00000", "2006-06-30": "-2.00000", "2006-03-31": "-3.00000", "2005-12-31": "-3.00000", "2005-09-30": "-3.00000", "2005-06-30": "", "2005-03-31": ""}, "Share Holder Equity": {"2020-12-31": "", "2020-09-30": "132038.00000", "2020-06-30": "134386.00000", "2020-03-31": "144914.00000", "2019-12-31": "145208.00000", "2019-09-30": "156892.00000", "2019-06-30": "157451.00000", "2019-03-31": "156118.00000", "2018-12-31": "155642.00000", "2018-09-30": "154673.00000", "2018-06-30": "153380.00000", "2018-03-31": "151566.00000", "2017-12-31": "149319.00000", "2017-09-30": "147911.00000", "2017-06-30": "147388.00000", "2017-03-31": "147790.00000", "2016-12-31": "146722.00000", "2016-09-30": "147952.00000", "2016-06-30": "148325.00000", "2016-03-31": "151476.00000", "2015-12-31": "153886.00000", "2015-09-30": "155938.00000", "2015-06-30": "155891.00000", "2015-03-31": "157001.00000", "2014-12-31": "156191.00000", "2014-09-30": "157307.00000", "2014-06-30": "154747.00000", "2014-03-31": "151810.00000", "2013-12-31": "150427.00000", "2013-09-30": "146073.00000", "2013-06-30": "144164.00000", "2013-03-31": "141486.00000", "2012-12-31": "137832.00000", "2012-09-30": "134222.00000", "2012-06-30": "131289.00000", "2012-03-31": "126326.00000", "2011-12-31": "122181.00000", "2011-09-30": "121676.00000", "2011-06-30": "116430.00000", "2011-03-31": "110850.00000", "2010-12-31": "105811.00000", "2010-09-30": "102965.00000", "2010-06-30": "100291.00000", "2010-03-31": "96052.00000", "2009-12-31": "92561.00000", "2009-09-30": "91222.00000", "2009-06-30": "88480.00000", "2009-03-31": "87816.00000", "2008-12-31": "87117.00000", "2008-09-30": "86954.00000", "2008-06-30": "82268.00000", "2008-03-31": "79206.00000", "2007-12-31": "77088.00000", "2007-09-30": "74944.00000", "2007-06-30": "74179.00000", "2007-03-31": "71460.00000", "2006-12-31": "68935.00000", "2006-09-30": "69602.00000", "2006-06-30": "66906.00000", "2006-03-31": "64841.00000", "2005-12-31": "62676.00000", "2005-09-30": "60187.00000", "2005-06-30": "48535.00000", "2005-03-31": "46592.00000"}, "Total Liabilities And Share Holders Equity": {"2020-12-31": "", "2020-09-30": "223063.00000", "2020-06-30": "223403.00000", "2020-03-31": "236677.00000", "2019-12-31": "237428.00000", "2019-09-30": "256537.00000", "2019-06-30": "255878.00000", "2019-03-31": "256809.00000", "2018-12-31": "253863.00000", "2018-09-30": "256606.00000", "2018-06-30": "257929.00000", "2018-03-31": "256442.00000", "2017-12-31": "253806.00000", "2017-09-30": "255160.00000", "2017-06-30": "254599.00000", "2017-03-31": "259111.00000", "2016-12-31": "260078.00000", "2016-09-30": "259863.00000", "2016-06-30": "261478.00000", "2016-03-31": "263842.00000", "2015-12-31": "264540.00000", "2015-09-30": "268449.00000", "2015-06-30": "266455.00000", "2015-03-31": "269604.00000", "2014-12-31": "266026.00000", "2014-09-30": "265431.00000", "2014-06-30": "262045.00000", "2014-03-31": "258238.00000", "2013-12-31": "253753.00000", "2013-09-30": "247838.00000", "2013-06-30": "244048.00000", "2013-03-31": "237410.00000", "2012-12-31": "232982.00000", "2012-09-30": "226864.00000", "2012-06-30": "219379.00000", "2012-03-31": "214890.00000", "2011-12-31": "209474.00000", "2011-09-30": "204099.00000", "2011-06-30": "201717.00000", "2011-03-31": "194736.00000", "2010-12-31": "184769.00000", "2010-09-30": "177199.00000", "2010-06-30": "171746.00000", "2010-03-31": "168932.00000", "2009-12-31": "164621.00000", "2009-09-30": "162561.00000", "2009-06-30": "161201.00000", "2009-03-31": "159426.00000", "2008-12-31": "161165.00000", "2008-09-30": "165710.00000", "2008-06-30": "163066.00000", "2008-03-31": "152847.00000", "2007-12-31": "148786.00000", "2007-09-30": "139554.00000", "2007-06-30": "139606.00000", "2007-03-31": "136006.00000", "2006-12-31": "132628.00000", "2006-09-30": "134121.00000", "2006-06-30": "131183.00000", "2006-03-31": "127731.00000", "2005-12-31": "125833.00000", "2005-09-30": "124809.00000", "2005-06-30": "99040.00000", "2005-03-31": "95803.00000"}}, "cash flow statement": {"Net Income/Loss": {"2020-12-31": "-5600.00000", "2019-12-31": "2845.00000", "2018-12-31": "14860.00000", "2017-12-31": "9269.00000", "2016-12-31": "-431.00000", "2015-12-31": "4710.00000", "2014-12-31": "19310.00000", "2013-12-31": "21597.00000", "2012-12-31": "26336.00000", "2011-12-31": "27008.00000", "2010-12-31": "19136.00000", "2009-12-31": "10563.00000", "2008-12-31": "24031.00000", "2007-12-31": "18795.00000", "2006-12-31": "17138.00000", "2005-12-31": "14099.00000"}, "Total Depreciation And Amortization - Cash Flow": {"2020-12-31": "19500.00000", "2019-12-31": "29218.00000", "2018-12-31": "19419.00000", "2017-12-31": "19349.00000", "2016-12-31": "19457.00000", "2015-12-31": "21037.00000", "2014-12-31": "16793.00000", "2013-12-31": "14186.00000", "2012-12-31": "13413.00000", "2011-12-31": "12911.00000", "2010-12-31": "13063.00000", "2009-12-31": "12110.00000", "2008-12-31": "9528.00000", "2007-12-31": "8708.00000", "2006-12-31": "7506.00000", "2005-12-31": "5913.00000"}, "Other Non-Cash Items": {"2020-12-31": "-1800.00000", "2019-12-31": "-6324.00000", "2018-12-31": "-3374.00000", "2017-12-31": "-8429.00000", "2016-12-31": "-6728.00000", "2015-12-31": "-4477.00000", "2014-12-31": "-3964.00000", "2013-12-31": "-555.00000", "2012-12-31": "-3891.00000", "2011-12-31": "-1669.00000", "2010-12-31": "-1649.00000", "2009-12-31": "-1612.00000", "2008-12-31": "-2019.00000", "2007-12-31": "-2925.00000", "2006-12-31": "-194.00000", "2005-12-31": "-683.00000"}, "Total Non-Cash Items": {"2020-12-31": "17700.00000", "2019-12-31": "22894.00000", "2018-12-31": "16045.00000", "2017-12-31": "10920.00000", "2016-12-31": "12729.00000", "2015-12-31": "16560.00000", "2014-12-31": "12829.00000", "2013-12-31": "13631.00000", "2012-12-31": "9522.00000", "2011-12-31": "11242.00000", "2010-12-31": "11414.00000", "2009-12-31": "10498.00000", "2008-12-31": "7509.00000", "2007-12-31": "5783.00000", "2006-12-31": "7312.00000", "2005-12-31": "5230.00000"}, "Change In Accounts Receivable": {"2020-12-31": "", "2019-12-31": "1852.00000", "2018-12-31": "437.00000", "2017-12-31": "-915.00000", "2016-12-31": "-2121.00000", "2015-12-31": "3631.00000", "2014-12-31": "4491.00000", "2013-12-31": "-1101.00000", "2012-12-31": "1153.00000", "2011-12-31": "-2156.00000", "2010-12-31": "-2767.00000", "2009-12-31": "-1476.00000", "2008-12-31": "6030.00000", "2007-12-31": "-3867.00000", "2006-12-31": "17.00000", "2005-12-31": "-3164.00000"}, "Change In Inventories": {"2020-12-31": "", "2019-12-31": "7.00000", "2018-12-31": "-424.00000", "2017-12-31": "-267.00000", "2016-12-31": "603.00000", "2015-12-31": "85.00000", "2014-12-31": "-146.00000", "2013-12-31": "-237.00000", "2012-12-31": "-233.00000", "2011-12-31": "-404.00000", "2010-12-31": "15.00000", "2009-12-31": "1213.00000", "2008-12-31": "-1545.00000", "2007-12-31": "-749.00000", "2006-12-31": "-536.00000", "2005-12-31": "-968.00000"}, "Change In Accounts Payable": {"2020-12-31": "", "2019-12-31": "", "2018-12-31": "", "2017-12-31": "", "2016-12-31": "", "2015-12-31": "", "2014-12-31": "", "2013-12-31": "", "2012-12-31": "", "2011-12-31": "", "2010-12-31": "", "2009-12-31": "", "2008-12-31": "", "2007-12-31": "", "2006-12-31": "", "2005-12-31": ""}, "Change In Assets/Liabilities": {"2020-12-31": "-1700.00000", "2019-12-31": "-242.00000", "2018-12-31": "282.00000", "2017-12-31": "-198.00000", "2016-12-31": "1548.00000", "2015-12-31": "878.00000", "2014-12-31": "-531.00000", "2013-12-31": "1939.00000", "2012-12-31": "2120.00000", "2011-12-31": "-326.00000", "2010-12-31": "186.00000", "2009-12-31": "349.00000", "2008-12-31": "-856.00000", "2007-12-31": "-656.00000", "2006-12-31": "-1202.00000", "2005-12-31": "776.00000"}, "Total Change In Assets/Liabilities": {"2020-12-31": "-1700.00000", "2019-12-31": "1575.00000", "2018-12-31": "-287.00000", "2017-12-31": "149.00000", "2016-12-31": "392.00000", "2015-12-31": "-1814.00000", "2014-12-31": "-664.00000", "2013-12-31": "-226.00000", "2012-12-31": "2954.00000", "2011-12-31": "2845.00000", "2010-12-31": "804.00000", "2009-12-31": "-1688.00000", "2008-12-31": "-1908.00000", "2007-12-31": "399.00000", "2006-12-31": "-127.00000", "2005-12-31": "776.00000"}, "Cash Flow From Operating Activities": {"2020-12-31": "10600.00000", "2019-12-31": "27314.00000", "2018-12-31": "30618.00000", "2017-12-31": "20338.00000", "2016-12-31": "12690.00000", "2015-12-31": "19456.00000", "2014-12-31": "31475.00000", "2013-12-31": "35002.00000", "2012-12-31": "38812.00000", "2011-12-31": "41095.00000", "2010-12-31": "31354.00000", "2009-12-31": "19373.00000", "2008-12-31": "29632.00000", "2007-12-31": "24977.00000", "2006-12-31": "24323.00000", "2005-12-31": "20105.00000"}, "Net Change In Property, Plant, And Equipment": {"2020-12-31": "-8900.00000", "2019-12-31": "-14116.00000", "2018-12-31": "-13792.00000", "2017-12-31": "-13404.00000", "2016-12-31": "-18109.00000", "2015-12-31": "-29504.00000", "2014-12-31": "-35407.00000", "2013-12-31": "-37985.00000", "2012-12-31": "-30938.00000", "2011-12-31": "-26500.00000", "2010-12-31": "-19612.00000", "2009-12-31": "-19843.00000", "2008-12-31": "-19666.00000", "2007-12-31": "-16678.00000", "2006-12-31": "-13813.00000", "2005-12-31": "-8701.00000"}, "Net Change In Intangible Assets": {"2020-12-31": "", "2019-12-31": "", "2018-12-31": "", "2017-12-31": "", "2016-12-31": "", "2015-12-31": "", "2014-12-31": "", "2013-12-31": "", "2012-12-31": "", "2011-12-31": "", "2010-12-31": "", "2009-12-31": "", "2008-12-31": "", "2007-12-31": "", "2006-12-31": "", "2005-12-31": ""}, "Net Acquisitions/Divestitures": {"2020-12-31": "", "2019-12-31": "", "2018-12-31": "", "2017-12-31": "", "2016-12-31": "", "2015-12-31": "", "2014-12-31": "", "2013-12-31": "", "2012-12-31": "", "2011-12-31": "-3009.00000", "2010-12-31": "", "2009-12-31": "", "2008-12-31": "", "2007-12-31": "", "2006-12-31": "", "2005-12-31": "-5934.00000"}, "Net Change In Short-term Investments": {"2020-12-31": "", "2019-12-31": "952.00000", "2018-12-31": "-1001.00000", "2017-12-31": "4.00000", "2016-12-31": "297.00000", "2015-12-31": "166.00000", "2014-12-31": "-355.00000", "2013-12-31": "219.00000", "2012-12-31": "-213.00000", "2011-12-31": "-329.00000", "2010-12-31": "-781.00000", "2009-12-31": "371.00000", "2008-12-31": "915.00000", "2007-12-31": "-614.00000", "2006-12-31": "142.00000", "2005-12-31": "336.00000"}, "Net Change In Long-Term Investments": {"2020-12-31": "", "2019-12-31": "", "2018-12-31": "", "2017-12-31": "", "2016-12-31": "", "2015-12-31": "", "2014-12-31": "", "2013-12-31": "", "2012-12-31": "", "2011-12-31": "", "2010-12-31": "", "2009-12-31": "", "2008-12-31": "", "2007-12-31": "", "2006-12-31": "", "2005-12-31": ""}, "Net Change In Investments - Total": {"2020-12-31": "", "2019-12-31": "952.00000", "2018-12-31": "-1001.00000", "2017-12-31": "4.00000", "2016-12-31": "297.00000", "2015-12-31": "166.00000", "2014-12-31": "-355.00000", "2013-12-31": "219.00000", "2012-12-31": "-213.00000", "2011-12-31": "-329.00000", "2010-12-31": "-781.00000", "2009-12-31": "371.00000", "2008-12-31": "915.00000", "2007-12-31": "-614.00000", "2006-12-31": "142.00000", "2005-12-31": "336.00000"}, "Investing Activities - Other": {"2020-12-31": "2000.00000", "2019-12-31": "1706.00000", "2018-12-31": "2503.00000", "2017-12-31": "5080.00000", "2016-12-31": "1442.00000", "2015-12-31": "5530.00000", "2014-12-31": "5869.00000", "2013-12-31": "2157.00000", "2012-12-31": "6355.00000", "2011-12-31": "2349.00000", "2010-12-31": "-522.00000", "2009-12-31": "2900.00000", "2008-12-31": "1670.00000", "2007-12-31": "3359.00000", "2006-12-31": "1452.00000", "2005-12-31": "2738.00000"}, "Cash Flow From Investing Activities": {"2020-12-31": "-7000.00000", "2019-12-31": "-11458.00000", "2018-12-31": "-12290.00000", "2017-12-31": "-8320.00000", "2016-12-31": "-16370.00000", "2015-12-31": "-23808.00000", "2014-12-31": "-29893.00000", "2013-12-31": "-35609.00000", "2012-12-31": "-24796.00000", "2011-12-31": "-27489.00000", "2010-12-31": "-20915.00000", "2009-12-31": "-16572.00000", "2008-12-31": "-17081.00000", "2007-12-31": "-13933.00000", "2006-12-31": "-12219.00000", "2005-12-31": "-11561.00000"}, "Net Long-Term Debt": {"2020-12-31": "7500.00000", "2019-12-31": "-5025.00000", "2018-12-31": "-6523.00000", "2017-12-31": "-2319.00000", "2016-12-31": "5340.00000", "2015-12-31": "11059.00000", "2014-12-31": "3957.00000", "2013-12-31": "5868.00000", "2012-12-31": "1783.00000", "2011-12-31": "-2392.00000", "2010-12-31": "1094.00000", "2009-12-31": "4851.00000", "2008-12-31": "-965.00000", "2007-12-31": "-2693.00000", "2006-12-31": "-2224.00000", "2005-12-31": "-946.00000"}, "Net Current Debt": {"2020-12-31": "", "2019-12-31": "-2821.00000", "2018-12-31": "2021.00000", "2017-12-31": "-5142.00000", "2016-12-31": "2130.00000", "2015-12-31": "-335.00000", "2014-12-31": "3431.00000", "2013-12-31": "2378.00000", "2012-12-31": "264.00000", "2011-12-31": "23.00000", "2010-12-31": "-212.00000", "2009-12-31": "-3192.00000", "2008-12-31": "2647.00000", "2007-12-31": "-345.00000", "2006-12-31": "-677.00000", "2005-12-31": "-109.00000"}, "Debt Issuance/Retirement Net - Total": {"2020-12-31": "7500.00000", "2019-12-31": "-7846.00000", "2018-12-31": "-4502.00000", "2017-12-31": "-7461.00000", "2016-12-31": "7470.00000", "2015-12-31": "10724.00000", "2014-12-31": "7388.00000", "2013-12-31": "8246.00000", "2012-12-31": "2047.00000", "2011-12-31": "-2369.00000", "2010-12-31": "882.00000", "2009-12-31": "1659.00000", "2008-12-31": "1682.00000", "2007-12-31": "-3038.00000", "2006-12-31": "-2901.00000", "2005-12-31": "-1055.00000"}, "Net Common Equity Issued/Repurchased": {"2020-12-31": "-1500.00000", "2019-12-31": "", "2018-12-31": "", "2017-12-31": "", "2016-12-31": "650.00000", "2015-12-31": "211.00000", "2014-12-31": "-4412.00000", "2013-12-31": "-4494.00000", "2012-12-31": "-4142.00000", "2011-12-31": "-3193.00000", "2010-12-31": "-306.00000", "2009-12-31": "168.00000", "2008-12-31": "-6821.00000", "2007-12-31": "-6389.00000", "2006-12-31": "-4491.00000", "2005-12-31": "-2597.00000"}, "Net Total Equity Issued/Repurchased": {"2020-12-31": "-1500.00000", "2019-12-31": "-2935.00000", "2018-12-31": "-604.00000", "2017-12-31": "1117.00000", "2016-12-31": "650.00000", "2015-12-31": "211.00000", "2014-12-31": "-4412.00000", "2013-12-31": "-4494.00000", "2012-12-31": "-4142.00000", "2011-12-31": "-3193.00000", "2010-12-31": "-306.00000", "2009-12-31": "168.00000", "2008-12-31": "-6821.00000", "2007-12-31": "-6389.00000", "2006-12-31": "-4491.00000", "2005-12-31": "-2737.00000"}, "Total Common And Preferred Stock Dividends Paid": {"2020-12-31": "-9700.00000", "2019-12-31": "-8977.00000", "2018-12-31": "-8593.00000", "2017-12-31": "-8210.00000", "2016-12-31": "-8095.00000", "2015-12-31": "-8120.00000", "2014-12-31": "-7975.00000", "2013-12-31": "-7573.00000", "2012-12-31": "-6885.00000", "2011-12-31": "-6207.00000", "2010-12-31": "-5741.00000", "2009-12-31": "-5373.00000", "2008-12-31": "-5261.00000", "2007-12-31": "-4868.00000", "2006-12-31": "-4456.00000", "2005-12-31": "-3876.00000"}, "Financial Activities - Other": {"2020-12-31": "", "2019-12-31": "", "2018-12-31": "", "2017-12-31": "", "2016-12-31": "", "2015-12-31": "", "2014-12-31": "", "2013-12-31": "", "2012-12-31": "", "2011-12-31": "", "2010-12-31": "", "2009-12-31": "", "2008-12-31": "", "2007-12-31": "", "2006-12-31": "", "2005-12-31": ""}, "Cash Flow From Financial Activities": {"2020-12-31": "-3700.00000", "2019-12-31": "-19758.00000", "2018-12-31": "-13699.00000", "2017-12-31": "-14554.00000", "2016-12-31": "25.00000", "2015-12-31": "2815.00000", "2014-12-31": "-4999.00000", "2013-12-31": "-3821.00000", "2012-12-31": "-8980.00000", "2011-12-31": "-11769.00000", "2010-12-31": "-5165.00000", "2009-12-31": "-3546.00000", "2008-12-31": "-10400.00000", "2007-12-31": "-14295.00000", "2006-12-31": "-11848.00000", "2005-12-31": "-7668.00000"}, "Net Cash Flow": {"2020-12-31": "-200.00000", "2019-12-31": "-3570.00000", "2018-12-31": "4538.00000", "2017-12-31": "-2471.00000", "2016-12-31": "-3708.00000", "2015-12-31": "-1763.00000", "2014-12-31": "-3460.00000", "2013-12-31": "-4694.00000", "2012-12-31": "5075.00000", "2011-12-31": "1804.00000", "2010-12-31": "5344.00000", "2009-12-31": "-631.00000", "2008-12-31": "1985.00000", "2007-12-31": "-3131.00000", "2006-12-31": "450.00000", "2005-12-31": "752.00000"}, "Stock-Based Compensation": {"2020-12-31": "", "2019-12-31": "", "2018-12-31": "", "2017-12-31": "", "2016-12-31": "", "2015-12-31": "", "2014-12-31": "", "2013-12-31": "", "2012-12-31": "", "2011-12-31": "", "2010-12-31": "", "2009-12-31": "", "2008-12-31": "", "2007-12-31": "", "2006-12-31": "", "2005-12-31": ""}, "Common Stock Dividends Paid": {"2020-12-31": "-9700.00000", "2019-12-31": "-8977.00000", "2018-12-31": "-8593.00000", "2017-12-31": "-8210.00000", "2016-12-31": "-8095.00000", "2015-12-31": "-8120.00000", "2014-12-31": "-7975.00000", "2013-12-31": "-7573.00000", "2012-12-31": "-6885.00000", "2011-12-31": "-6207.00000", "2010-12-31": "-5741.00000", "2009-12-31": "-5373.00000", "2008-12-31": "-5261.00000", "2007-12-31": "-4868.00000", "2006-12-31": "-4456.00000", "2005-12-31": "-3876.00000"}}, "cash flow statement, quarterly": {"Net Income/Loss": {"2020-12-31": -695, "2020-09-30": -209, "2020-06-30": -8277, "2020-03-31": "3581.00000", "2019-12-31": -6667, "2019-09-30": 2580, "2019-06-30": 4290, "2019-03-31": "2642.00000", "2018-12-31": 3723, "2018-09-30": 4056, "2018-06-30": 3422, "2018-03-31": "3659.00000", "2017-12-31": 3118, "2017-09-30": 1986, "2017-06-30": 1466, "2017-03-31": "2699.00000", "2016-12-31": 438, "2016-09-30": 1301, "2016-06-30": -1463, "2016-03-31": "-707.00000", "2015-12-31": -555, "2015-09-30": 2057, "2015-06-30": 608, "2015-03-31": "2600.00000", "2014-12-31": 3472, "2014-09-30": 5627, "2014-06-30": 5690, "2014-03-31": "4521.00000", "2013-12-31": 4958, "2013-09-30": 4996, "2013-06-30": 5404, "2013-03-31": "6239.00000", "2012-12-31": 7297, "2012-09-30": 5308, "2012-06-30": 7232, "2012-03-31": "6499.00000", "2011-12-31": 5152, "2011-09-30": 7857, "2011-06-30": 7760, "2011-03-31": "6239.00000", "2010-12-31": 5320, "2010-09-30": 3792, "2010-06-30": 5444, "2010-03-31": "4580.00000", "2009-12-31": 3102, "2009-09-30": 3846, "2009-06-30": 1761, "2009-03-31": "1854.00000", "2008-12-31": 4995, "2008-09-30": 7893, "2008-06-30": 5975, "2008-03-31": "5168.00000", "2007-12-31": 4982, "2007-09-30": 3718, "2007-06-30": 5380, "2007-03-31": "4715.00000", "2006-12-31": 3772, "2006-09-30": 5017, "2006-06-30": 4353, "2006-03-31": "3996.00000", "2005-12-31": 4144, "2005-09-30": 3594, "2005-06-30": 3684, "2005-03-31": "2677.00000"}, "Total Depreciation And Amortization - Cash Flow": {"2020-12-31": 4478, "2020-09-30": 4017, "2020-06-30": 6717, "2020-03-31": "4288.00000", "2019-12-31": 16429, "2019-09-30": 4361, "2019-06-30": 4334, "2019-03-31": "4094.00000", "2018-12-31": 5252, "2018-09-30": 5380, "2018-06-30": 4498, "2018-03-31": "4289.00000", "2017-12-31": 4735, "2017-09-30": 5109, "2017-06-30": 5311, "2017-03-31": "4194.00000", "2016-12-31": 4203, "2016-09-30": 4130, "2016-06-30": 6721, "2016-03-31": "4403.00000", "2015-12-31": 5400, "2015-09-30": 4268, "2015-06-30": 6958, "2015-03-31": "4411.00000", "2014-12-31": 4873, "2014-09-30": 3948, "2014-06-30": 3842, "2014-03-31": "4130.00000", "2013-12-31": 3635, "2013-09-30": 3658, "2013-06-30": 3412, "2013-03-31": "3481.00000", "2012-12-31": 3554, "2012-09-30": 3370, "2012-06-30": 3284, "2012-03-31": "3205.00000", "2011-12-31": 3313, "2011-09-30": 3215, "2011-06-30": 3257, "2011-03-31": "3126.00000", "2010-12-31": 3439, "2010-09-30": 3401, "2010-06-30": 3141, "2010-03-31": "3082.00000", "2009-12-31": 3156, "2009-09-30": 2988, "2009-06-30": 3099, "2009-03-31": "2867.00000", "2008-12-31": 2589, "2008-09-30": 2449, "2008-06-30": 2275, "2008-03-31": "2215.00000", "2007-12-31": 2094, "2007-09-30": 2496, "2007-06-30": 2155, "2007-03-31": "1963.00000", "2006-12-31": 1988, "2006-09-30": 1923, "2006-06-30": 1807, "2006-03-31": "1788.00000", "2005-12-31": 1725, "2005-09-30": 1534, "2005-06-30": 1320, "2005-03-31": "1334.00000"}, "Other Non-Cash Items": {"2020-12-31": -387, "2020-09-30": -841, "2020-06-30": 801, "2020-03-31": "-1373.00000", "2019-12-31": -4294, "2019-09-30": -515, "2019-06-30": -1056, "2019-03-31": "-459.00000", "2018-12-31": -1079, "2018-09-30": -554, "2018-06-30": -1073, "2018-03-31": "-668.00000", "2017-12-31": -3002, "2017-09-30": -1653, "2017-06-30": -1757, "2017-03-31": "-2017.00000", "2016-12-31": -2105, "2016-09-30": -1321, "2016-06-30": -1980, "2016-03-31": "-1322.00000", "2015-12-31": -831, "2015-09-30": -566, "2015-06-30": -489, "2015-03-31": "-2591.00000", "2014-12-31": -1751, "2014-09-30": -1478, "2014-06-30": -361, "2014-03-31": "-374.00000", "2013-12-31": 530, "2013-09-30": 845, "2013-06-30": -1117, "2013-03-31": "-813.00000", "2012-12-31": -2268, "2012-09-30": -791, "2012-06-30": -1062, "2012-03-31": "230.00000", "2011-12-31": -443, "2011-09-30": -1277, "2011-06-30": 30, "2011-03-31": "21.00000", "2010-12-31": -766, "2010-09-30": 200, "2010-06-30": -620, "2010-03-31": "-463.00000", "2009-12-31": -456, "2009-09-30": -405, "2009-06-30": 191, "2009-03-31": "-942.00000", "2008-12-31": -1159, "2008-09-30": -625, "2008-06-30": -686, "2008-03-31": "451.00000", "2007-12-31": -337, "2007-09-30": -462, "2007-06-30": -1084, "2007-03-31": "-1042.00000", "2006-12-31": -653, "2006-09-30": 280, "2006-06-30": -293, "2006-03-31": "472.00000", "2005-12-31": -547, "2005-09-30": -18, "2005-06-30": 33, "2005-03-31": "-151.00000"}, "Total Non-Cash Items": {"2020-12-31": 4091, "2020-09-30": 3176, "2020-06-30": 7518, "2020-03-31": "2915.00000", "2019-12-31": 12135, "2019-09-30": 3846, "2019-06-30": 3278, "2019-03-31": "3635.00000", "2018-12-31": 4173, "2018-09-30": 4826, "2018-06-30": 3425, "2018-03-31": "3621.00000", "2017-12-31": 1733, "2017-09-30": 3456, "2017-06-30": 3554, "2017-03-31": "2177.00000", "2016-12-31": 2098, "2016-09-30": 2809, "2016-06-30": 4741, "2016-03-31": "3081.00000", "2015-12-31": 4569, "2015-09-30": 3702, "2015-06-30": 6469, "2015-03-31": "1820.00000", "2014-12-31": 3122, "2014-09-30": 2470, "2014-06-30": 3481, "2014-03-31": "3756.00000", "2013-12-31": 4165, "2013-09-30": 4503, "2013-06-30": 2295, "2013-03-31": "2668.00000", "2012-12-31": 1286, "2012-09-30": 2579, "2012-06-30": 2222, "2012-03-31": "3435.00000", "2011-12-31": 2870, "2011-09-30": 1938, "2011-06-30": 3287, "2011-03-31": "3147.00000", "2010-12-31": 2673, "2010-09-30": 3601, "2010-06-30": 2521, "2010-03-31": "2619.00000", "2009-12-31": 2700, "2009-09-30": 2583, "2009-06-30": 3290, "2009-03-31": "1925.00000", "2008-12-31": 1430, "2008-09-30": 1824, "2008-06-30": 1589, "2008-03-31": "2666.00000", "2007-12-31": 1757, "2007-09-30": 2034, "2007-06-30": 1071, "2007-03-31": "921.00000", "2006-12-31": 1335, "2006-09-30": 2203, "2006-06-30": 1514, "2006-03-31": "2260.00000", "2005-12-31": 1178, "2005-09-30": 1516, "2005-06-30": 1353, "2005-03-31": "1183.00000"}, "Change In Accounts Receivable": {"2020-12-31": 0, "2020-09-30": 0, "2020-06-30": 0, "2020-03-31": "", "2019-12-31": 1852, "2019-09-30": 0, "2019-06-30": 0, "2019-03-31": "", "2018-12-31": 2178, "2018-09-30": -362, "2018-06-30": -1044, "2018-03-31": "-335.00000", "2017-12-31": -1180, "2017-09-30": -662, "2017-06-30": 610, "2017-03-31": "317.00000", "2016-12-31": -1666, "2016-09-30": 403, "2016-06-30": -1326, "2016-03-31": "468.00000", "2015-12-31": 1294, "2015-09-30": 2041, "2015-06-30": -911, "2015-03-31": "1207.00000", "2014-12-31": 3103, "2014-09-30": 1243, "2014-06-30": -1228, "2014-03-31": "1373.00000", "2013-12-31": -197, "2013-09-30": -1408, "2013-06-30": 1498, "2013-03-31": "-994.00000", "2012-12-31": 396, "2012-09-30": -620, "2012-06-30": 1530, "2012-03-31": "-153.00000", "2011-12-31": -941, "2011-09-30": 1541, "2011-06-30": -1539, "2011-03-31": "-1217.00000", "2010-12-31": -2754, "2010-09-30": 111, "2010-06-30": 109, "2010-03-31": "-233.00000", "2009-12-31": -599, "2009-09-30": -592, "2009-06-30": -2076, "2009-03-31": "1791.00000", "2008-12-31": 8589, "2008-09-30": 5601, "2008-06-30": -6686, "2008-03-31": "-1474.00000", "2007-12-31": -2202, "2007-09-30": -201, "2007-06-30": -1661, "2007-03-31": "197.00000", "2006-12-31": 1147, "2006-09-30": -93, "2006-06-30": -707, "2006-03-31": "-330.00000", "2005-12-31": 561, "2005-09-30": -1249, "2005-06-30": -1182, "2005-03-31": "-1294.00000"}, "Change In Inventories": {"2020-12-31": 0, "2020-09-30": 0, "2020-06-30": 0, "2020-03-31": "", "2019-12-31": 7, "2019-09-30": 0, "2019-06-30": 0, "2019-03-31": "", "2018-12-31": 325, "2018-09-30": 326, "2018-06-30": -532, "2018-03-31": "-543.00000", "2017-12-31": 169, "2017-09-30": 268, "2017-06-30": -154, "2017-03-31": "-550.00000", "2016-12-31": 371, "2016-09-30": 451, "2016-06-30": -43, "2016-03-31": "-176.00000", "2015-12-31": 530, "2015-09-30": 166, "2015-06-30": -279, "2015-03-31": "-332.00000", "2014-12-31": 785, "2014-09-30": -96, "2014-06-30": 263, "2014-03-31": "-1098.00000", "2013-12-31": 512, "2013-09-30": 530, "2013-06-30": -759, "2013-03-31": "-520.00000", "2012-12-31": 1835, "2012-09-30": -709, "2012-06-30": 488, "2012-03-31": "-1847.00000", "2011-12-31": 515, "2011-09-30": 904, "2011-06-30": -1057, "2011-03-31": "-766.00000", "2010-12-31": 623, "2010-09-30": -226, "2010-06-30": 167, "2010-03-31": "-549.00000", "2009-12-31": 857, "2009-09-30": 132, "2009-06-30": -84, "2009-03-31": "308.00000", "2008-12-31": -566, "2008-09-30": 83, "2008-06-30": -719, "2008-03-31": "-343.00000", "2007-12-31": 350, "2007-09-30": -509, "2007-06-30": -478, "2007-03-31": "-112.00000", "2006-12-31": 551, "2006-09-30": -375, "2006-06-30": -604, "2006-03-31": "-108.00000", "2005-12-31": -566, "2005-09-30": -32, "2005-06-30": -257, "2005-03-31": "-113.00000"}, "Change In Accounts Payable": {"2020-12-31": 0, "2020-09-30": 0, "2020-06-30": 0, "2020-03-31": "", "2019-12-31": 0, "2019-09-30": 0, "2019-06-30": 0, "2019-03-31": "", "2018-12-31": 0, "2018-09-30": 0, "2018-06-30": 0, "2018-03-31": "", "2017-12-31": 0, "2017-09-30": 0, "2017-06-30": 0, "2017-03-31": "", "2016-12-31": 0, "2016-09-30": 0, "2016-06-30": 0, "2016-03-31": "", "2015-12-31": 0, "2015-09-30": 0, "2015-06-30": 0, "2015-03-31": "", "2014-12-31": 0, "2014-09-30": 0, "2014-06-30": 0, "2014-03-31": "", "2013-12-31": 0, "2013-09-30": 0, "2013-06-30": 0, "2013-03-31": "", "2012-12-31": 0, "2012-09-30": 0, "2012-06-30": 0, "2012-03-31": "", "2011-12-31": 0, "2011-09-30": 0, "2011-06-30": 0, "2011-03-31": "", "2010-12-31": 0, "2010-09-30": 0, "2010-06-30": 0, "2010-03-31": "", "2009-12-31": 0, "2009-09-30": 0, "2009-06-30": 0, "2009-03-31": "", "2008-12-31": 0, "2008-09-30": 0, "2008-06-30": 0, "2008-03-31": "", "2007-12-31": 0, "2007-09-30": 0, "2007-06-30": 0, "2007-03-31": "", "2006-12-31": 0, "2006-09-30": 0, "2006-06-30": 0, "2006-03-31": "", "2005-12-31": 0, "2005-09-30": 0, "2005-06-30": 0, "2005-03-31": ""}, "Change In Assets/Liabilities": {"2020-12-31": -1335, "2020-09-30": 570, "2020-06-30": 839, "2020-03-31": "-1774.00000", "2019-12-31": -1628, "2019-09-30": 1391, "2019-06-30": 1215, "2019-03-31": "-1220.00000", "2018-12-31": 252, "2018-09-30": 405, "2018-06-30": 366, "2018-03-31": "-741.00000", "2017-12-31": 112, "2017-09-30": -824, "2017-06-30": 535, "2017-03-31": "-21.00000", "2016-12-31": 217, "2016-09-30": 1197, "2016-06-30": 615, "2016-03-31": "-481.00000", "2015-12-31": 747, "2015-09-30": -711, "2015-06-30": 1326, "2015-03-31": "-484.00000", "2014-12-31": -577, "2014-09-30": 639, "2014-06-30": -215, "2014-03-31": "-378.00000", "2013-12-31": 1108, "2013-09-30": 183, "2013-06-30": 918, "2013-03-31": "-270.00000", "2012-12-31": 1256, "2012-09-30": 128, "2012-06-30": -393, "2012-03-31": "1129.00000", "2011-12-31": 284, "2011-09-30": -944, "2011-06-30": 314, "2011-03-31": "20.00000", "2010-12-31": 155, "2010-09-30": 37, "2010-06-30": 342, "2010-03-31": "-348.00000", "2009-12-31": 478, "2009-09-30": -61, "2009-06-30": -159, "2009-03-31": "91.00000", "2008-12-31": -417, "2008-09-30": -638, "2008-06-30": 68, "2008-03-31": "131.00000", "2007-12-31": -1108, "2007-09-30": 346, "2007-06-30": 371, "2007-03-31": "-265.00000", "2006-12-31": -510, "2006-09-30": 68, "2006-06-30": -666, "2006-03-31": "-94.00000", "2005-12-31": 568, "2005-09-30": -67, "2005-06-30": 238, "2005-03-31": "37.00000"}, "Total Change In Assets/Liabilities": {"2020-12-31": -1335, "2020-09-30": 570, "2020-06-30": 839, "2020-03-31": "-1774.00000", "2019-12-31": 189, "2019-09-30": 1391, "2019-06-30": 1215, "2019-03-31": "-1220.00000", "2018-12-31": 1255, "2018-09-30": 687, "2018-06-30": 8, "2018-03-31": "-2237.00000", "2017-12-31": 1242, "2017-09-30": 55, "2017-06-30": -49, "2017-03-31": "-1099.00000", "2016-12-31": 1171, "2016-09-30": 1201, "2016-06-30": -747, "2016-03-31": "-1233.00000", "2015-12-31": 543, "2015-09-30": -399, "2015-06-30": 143, "2015-03-31": "-2101.00000", "2014-12-31": -97, "2014-09-30": 583, "2014-06-30": -1290, "2014-03-31": "140.00000", "2013-12-31": 1329, "2013-09-30": 817, "2013-06-30": 821, "2013-03-31": "-3193.00000", "2012-12-31": 4197, "2012-09-30": -157, "2012-06-30": 461, "2012-03-31": "-1547.00000", "2011-12-31": 1047, "2011-09-30": 1727, "2011-06-30": -357, "2011-03-31": "428.00000", "2010-12-31": 259, "2010-09-30": 589, "2010-06-30": -362, "2010-03-31": "318.00000", "2009-12-31": 1218, "2009-09-30": 236, "2009-06-30": -1767, "2009-03-31": "-1375.00000", "2008-12-31": -1217, "2008-09-30": -604, "2008-06-30": -360, "2008-03-31": "273.00000", "2007-12-31": 344, "2007-09-30": -47, "2007-06-30": 48, "2007-03-31": "54.00000", "2006-12-31": 637, "2006-09-30": -494, "2006-06-30": 216, "2006-03-31": "-486.00000", "2005-12-31": 616, "2005-09-30": 443, "2005-06-30": -163, "2005-03-31": "-120.00000"}, "Cash Flow From Operating Activities": {"2020-12-31": 2261, "2020-09-30": 3537, "2020-06-30": 80, "2020-03-31": "4722.00000", "2019-12-31": 5657, "2019-09-30": 7817, "2019-06-30": 8783, "2019-03-31": "5057.00000", "2018-12-31": 9151, "2018-09-30": 9569, "2018-06-30": 6855, "2018-03-31": "5043.00000", "2017-12-31": 6093, "2017-09-30": 5497, "2017-06-30": 4971, "2017-03-31": "3777.00000", "2016-12-31": 3707, "2016-09-30": 5311, "2016-06-30": 2531, "2016-03-31": "1141.00000", "2015-12-31": 4557, "2015-09-30": 5360, "2015-06-30": 7220, "2015-03-31": "2319.00000", "2014-12-31": 6497, "2014-09-30": 8680, "2014-06-30": 7881, "2014-03-31": "8417.00000", "2013-12-31": 10452, "2013-09-30": 10316, "2013-06-30": 8520, "2013-03-31": "5714.00000", "2012-12-31": 12780, "2012-09-30": 7730, "2012-06-30": 9915, "2012-03-31": "8387.00000", "2011-12-31": 9069, "2011-09-30": 11522, "2011-06-30": 10690, "2011-03-31": "9814.00000", "2010-12-31": 8252, "2010-09-30": 7982, "2010-06-30": 7603, "2010-03-31": "7517.00000", "2009-12-31": 7020, "2009-09-30": 6665, "2009-06-30": 3284, "2009-03-31": "2404.00000", "2008-12-31": 5208, "2008-09-30": 9113, "2008-06-30": 7204, "2008-03-31": "8107.00000", "2007-12-31": 7083, "2007-09-30": 5705, "2007-06-30": 6499, "2007-03-31": "5690.00000", "2006-12-31": 5744, "2006-09-30": 6726, "2006-06-30": 6083, "2006-03-31": "5770.00000", "2005-12-31": 5938, "2005-09-30": 5553, "2005-06-30": 4874, "2005-03-31": "3740.00000"}, "Net Change In Property, Plant, And Equipment": {"2020-12-31": -2045, "2020-09-30": -1630, "2020-06-30": -2092, "2020-03-31": "-3133.00000", "2019-12-31": -4210, "2019-09-30": -3369, "2019-06-30": -3584, "2019-03-31": "-2953.00000", "2018-12-31": -3991, "2018-09-30": -3578, "2018-06-30": -3226, "2018-03-31": "-2997.00000", "2017-12-31": -3641, "2017-09-30": -3224, "2017-06-30": -3224, "2017-03-31": "-3315.00000", "2016-12-31": -4009, "2016-09-30": -4065, "2016-06-30": -4469, "2016-03-31": "-5566.00000", "2015-12-31": -7449, "2015-09-30": -6810, "2015-06-30": -7643, "2015-03-31": "-7602.00000", "2014-12-31": -9668, "2014-09-30": -8264, "2014-06-30": -8931, "2014-03-31": "-8544.00000", "2013-12-31": -11613, "2013-09-30": -9607, "2013-06-30": -8573, "2013-03-31": "-8192.00000", "2012-12-31": -10486, "2012-09-30": -7490, "2012-06-30": -7067, "2012-03-31": "-5895.00000", "2011-12-31": -7307, "2011-09-30": -6775, "2011-06-30": -7773, "2011-03-31": "-4645.00000", "2010-12-31": -5504, "2010-09-30": -5589, "2010-06-30": -4552, "2010-03-31": "-3967.00000", "2009-12-31": -5355, "2009-09-30": -4074, "2009-06-30": -4430, "2009-03-31": "-5984.00000", "2008-12-31": -6034, "2008-09-30": -4661, "2008-06-30": -4519, "2008-03-31": "-4452.00000", "2007-12-31": -5297, "2007-09-30": -4424, "2007-06-30": -3697, "2007-03-31": "-3260.00000", "2006-12-31": -4146, "2006-09-30": -3441, "2006-06-30": -3659, "2006-03-31": "-2567.00000", "2005-12-31": -3225, "2005-09-30": -2344, "2005-06-30": -1828, "2005-03-31": "-1304.00000"}, "Net Change In Intangible Assets": {"2020-12-31": 0, "2020-09-30": 0, "2020-06-30": 0, "2020-03-31": "", "2019-12-31": 0, "2019-09-30": 0, "2019-06-30": 0, "2019-03-31": "", "2018-12-31": 0, "2018-09-30": 0, "2018-06-30": 0, "2018-03-31": "", "2017-12-31": 0, "2017-09-30": 0, "2017-06-30": 0, "2017-03-31": "", "2016-12-31": 0, "2016-09-30": 0, "2016-06-30": 0, "2016-03-31": "", "2015-12-31": 0, "2015-09-30": 0, "2015-06-30": 0, "2015-03-31": "", "2014-12-31": 0, "2014-09-30": 0, "2014-06-30": 0, "2014-03-31": "", "2013-12-31": 0, "2013-09-30": 0, "2013-06-30": 0, "2013-03-31": "", "2012-12-31": 0, "2012-09-30": 0, "2012-06-30": 0, "2012-03-31": "", "2011-12-31": 0, "2011-09-30": 0, "2011-06-30": 0, "2011-03-31": "", "2010-12-31": 0, "2010-09-30": 0, "2010-06-30": 0, "2010-03-31": "", "2009-12-31": 0, "2009-09-30": 0, "2009-06-30": 0, "2009-03-31": "", "2008-12-31": 0, "2008-09-30": 0, "2008-06-30": 0, "2008-03-31": "", "2007-12-31": 0, "2007-09-30": 0, "2007-06-30": 0, "2007-03-31": "", "2006-12-31": 0, "2006-09-30": 0, "2006-06-30": 0, "2006-03-31": "", "2005-12-31": 0, "2005-09-30": 0, "2005-06-30": 0, "2005-03-31": ""}, "Net Acquisitions/Divestitures": {"2020-12-31": 0, "2020-09-30": 0, "2020-06-30": 0, "2020-03-31": "", "2019-12-31": 0, "2019-09-30": 0, "2019-06-30": 0, "2019-03-31": "", "2018-12-31": 0, "2018-09-30": 0, "2018-06-30": 0, "2018-03-31": "", "2017-12-31": 0, "2017-09-30": 0, "2017-06-30": 0, "2017-03-31": "", "2016-12-31": 0, "2016-09-30": 0, "2016-06-30": 0, "2016-03-31": "", "2015-12-31": 0, "2015-09-30": 0, "2015-06-30": 0, "2015-03-31": "", "2014-12-31": 0, "2014-09-30": 0, "2014-06-30": 0, "2014-03-31": "", "2013-12-31": 0, "2013-09-30": 0, "2013-06-30": 0, "2013-03-31": "", "2012-12-31": 0, "2012-09-30": 0, "2012-06-30": 0, "2012-03-31": "", "2011-12-31": 5, "2011-09-30": 0, "2011-06-30": 0, "2011-03-31": "-3014.00000", "2010-12-31": 0, "2010-09-30": 0, "2010-06-30": 0, "2010-03-31": "", "2009-12-31": 0, "2009-09-30": 0, "2009-06-30": 0, "2009-03-31": "", "2008-12-31": 0, "2008-09-30": 0, "2008-06-30": 0, "2008-03-31": "", "2007-12-31": 0, "2007-09-30": 0, "2007-06-30": 0, "2007-03-31": "", "2006-12-31": 0, "2006-09-30": 0, "2006-06-30": 0, "2006-03-31": "", "2005-12-31": 0, "2005-09-30": -5934, "2005-06-30": 0, "2005-03-31": ""}, "Net Change In Short-term Investments": {"2020-12-31": -35, "2020-09-30": 36, "2020-06-30": -1, "2020-03-31": "", "2019-12-31": 0, "2019-09-30": 0, "2019-06-30": 0, "2019-03-31": "952.00000", "2018-12-31": -950, "2018-09-30": -2, "2018-06-30": -20, "2018-03-31": "-29.00000", "2017-12-31": 4, "2017-09-30": 0, "2017-06-30": -2, "2017-03-31": "2.00000", "2016-12-31": 140, "2016-09-30": 0, "2016-06-30": 90, "2016-03-31": "67.00000", "2015-12-31": -28, "2015-09-30": 51, "2015-06-30": 55, "2015-03-31": "88.00000", "2014-12-31": -289, "2014-09-30": -40, "2014-06-30": -6, "2014-03-31": "-20.00000", "2013-12-31": 44, "2013-09-30": -16, "2013-06-30": -165, "2013-03-31": "356.00000", "2012-12-31": -153, "2012-09-30": -269, "2012-06-30": 15, "2012-03-31": "194.00000", "2011-12-31": -604, "2011-09-30": 116, "2011-06-30": 3, "2011-03-31": "156.00000", "2010-12-31": -759, "2010-09-30": -148, "2010-06-30": 38, "2010-03-31": "88.00000", "2009-12-31": 105, "2009-09-30": -52, "2009-06-30": 137, "2009-03-31": "181.00000", "2008-12-31": 205, "2008-09-30": 152, "2008-06-30": 161, "2008-03-31": "397.00000", "2007-12-31": -737, "2007-09-30": 86, "2007-06-30": -14, "2007-03-31": "51.00000", "2006-12-31": -306, "2006-09-30": 14, "2006-06-30": 401, "2006-03-31": "33.00000", "2005-12-31": 73, "2005-09-30": -23, "2005-06-30": -1, "2005-03-31": "287.00000"}, "Net Change In Long-Term Investments": {"2020-12-31": 0, "2020-09-30": 0, "2020-06-30": 0, "2020-03-31": "", "2019-12-31": 0, "2019-09-30": 0, "2019-06-30": 0, "2019-03-31": "", "2018-12-31": 0, "2018-09-30": 0, "2018-06-30": 0, "2018-03-31": "", "2017-12-31": 0, "2017-09-30": 0, "2017-06-30": 0, "2017-03-31": "", "2016-12-31": 0, "2016-09-30": 0, "2016-06-30": 0, "2016-03-31": "", "2015-12-31": 0, "2015-09-30": 0, "2015-06-30": 0, "2015-03-31": "", "2014-12-31": 0, "2014-09-30": 0, "2014-06-30": 0, "2014-03-31": "", "2013-12-31": 0, "2013-09-30": 0, "2013-06-30": 0, "2013-03-31": "", "2012-12-31": 0, "2012-09-30": 0, "2012-06-30": 0, "2012-03-31": "", "2011-12-31": 0, "2011-09-30": 0, "2011-06-30": 0, "2011-03-31": "", "2010-12-31": 0, "2010-09-30": 0, "2010-06-30": 0, "2010-03-31": "", "2009-12-31": 0, "2009-09-30": 0, "2009-06-30": 0, "2009-03-31": "", "2008-12-31": 0, "2008-09-30": 0, "2008-06-30": 0, "2008-03-31": "", "2007-12-31": 0, "2007-09-30": 0, "2007-06-30": 0, "2007-03-31": "", "2006-12-31": 0, "2006-09-30": 0, "2006-06-30": 0, "2006-03-31": "", "2005-12-31": 0, "2005-09-30": 0, "2005-06-30": 0, "2005-03-31": ""}, "Net Change In Investments - Total": {"2020-12-31": -35, "2020-09-30": 36, "2020-06-30": -1, "2020-03-31": "", "2019-12-31": 0, "2019-09-30": 0, "2019-06-30": 0, "2019-03-31": "952.00000", "2018-12-31": -950, "2018-09-30": -2, "2018-06-30": -20, "2018-03-31": "-29.00000", "2017-12-31": 4, "2017-09-30": 0, "2017-06-30": -2, "2017-03-31": "2.00000", "2016-12-31": 140, "2016-09-30": 0, "2016-06-30": 90, "2016-03-31": "67.00000", "2015-12-31": -28, "2015-09-30": 51, "2015-06-30": 55, "2015-03-31": "88.00000", "2014-12-31": -289, "2014-09-30": -40, "2014-06-30": -6, "2014-03-31": "-20.00000", "2013-12-31": 44, "2013-09-30": -16, "2013-06-30": -165, "2013-03-31": "356.00000", "2012-12-31": -153, "2012-09-30": -269, "2012-06-30": 15, "2012-03-31": "194.00000", "2011-12-31": -604, "2011-09-30": 116, "2011-06-30": 3, "2011-03-31": "156.00000", "2010-12-31": -759, "2010-09-30": -148, "2010-06-30": 38, "2010-03-31": "88.00000", "2009-12-31": 105, "2009-09-30": -52, "2009-06-30": 137, "2009-03-31": "181.00000", "2008-12-31": 205, "2008-09-30": 152, "2008-06-30": 161, "2008-03-31": "397.00000", "2007-12-31": -737, "2007-09-30": 86, "2007-06-30": -14, "2007-03-31": "51.00000", "2006-12-31": -306, "2006-09-30": 14, "2006-06-30": 401, "2006-03-31": "33.00000", "2005-12-31": 73, "2005-09-30": -23, "2005-06-30": -1, "2005-03-31": "287.00000"}, "Investing Activities - Other": {"2020-12-31": 1455, "2020-09-30": -233, "2020-06-30": 803, "2020-03-31": "-25.00000", "2019-12-31": 1588, "2019-09-30": -199, "2019-06-30": 344, "2019-03-31": "-27.00000", "2018-12-31": 309, "2018-09-30": 1353, "2018-06-30": 704, "2018-03-31": "137.00000", "2017-12-31": 351, "2017-09-30": 2291, "2017-06-30": 598, "2017-03-31": "1840.00000", "2016-12-31": 1428, "2016-09-30": -1198, "2016-06-30": 1222, "2016-03-31": "-10.00000", "2015-12-31": 269, "2015-09-30": 480, "2015-06-30": 3873, "2015-03-31": "908.00000", "2014-12-31": 3215, "2014-09-30": 931, "2014-06-30": 1739, "2014-03-31": "-16.00000", "2013-12-31": 1738, "2013-09-30": 316, "2013-06-30": 726, "2013-03-31": "-623.00000", "2012-12-31": 564, "2012-09-30": 517, "2012-06-30": 1546, "2012-03-31": "3728.00000", "2011-12-31": 2898, "2011-09-30": 599, "2011-06-30": -304, "2011-03-31": "-844.00000", "2010-12-31": 2239, "2010-09-30": 430, "2010-06-30": 265, "2010-03-31": "-3456.00000", "2009-12-31": 601, "2009-09-30": 604, "2009-06-30": 501, "2009-03-31": "1194.00000", "2008-12-31": 117, "2008-09-30": 973, "2008-06-30": 323, "2008-03-31": "257.00000", "2007-12-31": 332, "2007-09-30": 605, "2007-06-30": 1258, "2007-03-31": "1164.00000", "2006-12-31": 759, "2006-09-30": 169, "2006-06-30": 458, "2006-03-31": "66.00000", "2005-12-31": 200, "2005-09-30": 1898, "2005-06-30": 306, "2005-03-31": "334.00000"}, "Cash Flow From Investing Activities": {"2020-12-31": -725, "2020-09-30": -1827, "2020-06-30": -1290, "2020-03-31": "-3158.00000", "2019-12-31": -2622, "2019-09-30": -3568, "2019-06-30": -3240, "2019-03-31": "-2028.00000", "2018-12-31": -4632, "2018-09-30": -2227, "2018-06-30": -2542, "2018-03-31": "-2889.00000", "2017-12-31": -3286, "2017-09-30": -933, "2017-06-30": -2628, "2017-03-31": "-1473.00000", "2016-12-31": -2441, "2016-09-30": -5263, "2016-06-30": -3157, "2016-03-31": "-5509.00000", "2015-12-31": -7208, "2015-09-30": -6279, "2015-06-30": -3715, "2015-03-31": "-6606.00000", "2014-12-31": -6742, "2014-09-30": -7373, "2014-06-30": -7198, "2014-03-31": "-8580.00000", "2013-12-31": -9831, "2013-09-30": -9307, "2013-06-30": -8012, "2013-03-31": "-8459.00000", "2012-12-31": -10075, "2012-09-30": -7242, "2012-06-30": -5506, "2012-03-31": "-1973.00000", "2011-12-31": -5008, "2011-09-30": -6060, "2011-06-30": -8074, "2011-03-31": "-8347.00000", "2010-12-31": -4024, "2010-09-30": -5307, "2010-06-30": -4249, "2010-03-31": "-7335.00000", "2009-12-31": -4649, "2009-09-30": -3522, "2009-06-30": -3792, "2009-03-31": "-4609.00000", "2008-12-31": -5712, "2008-09-30": -3536, "2008-06-30": -4035, "2008-03-31": "-3798.00000", "2007-12-31": -5702, "2007-09-30": -3733, "2007-06-30": -2453, "2007-03-31": "-2045.00000", "2006-12-31": -3693, "2006-09-30": -3258, "2006-06-30": -2800, "2006-03-31": "-2468.00000", "2005-12-31": -2952, "2005-09-30": -6403, "2005-06-30": -1523, "2005-03-31": "-683.00000"}, "Net Long-Term Debt": {"2020-12-31": -796, "2020-09-30": 3866, "2020-06-30": 7239, "2020-03-31": "-2809.00000", "2019-12-31": -1157, "2019-09-30": -5, "2019-06-30": -1357, "2019-03-31": "-2506.00000", "2018-12-31": -1513, "2018-09-30": 58, "2018-06-30": -2810, "2018-03-31": "-2258.00000", "2017-12-31": -5282, "2017-09-30": -30, "2017-06-30": -35, "2017-03-31": "3028.00000", "2016-12-31": -772, "2016-09-30": -34, "2016-06-30": 6160, "2016-03-31": "-14.00000", "2015-12-31": 5092, "2015-09-30": -7, "2015-06-30": -11, "2015-03-31": "5985.00000", "2014-12-31": 3984, "2014-09-30": -7, "2014-06-30": -8, "2014-03-31": "-12.00000", "2013-12-31": -10, "2013-09-30": -12, "2013-06-30": 5992, "2013-03-31": "-102.00000", "2012-12-31": 1995, "2012-09-30": -184, "2012-06-30": -13, "2012-03-31": "-15.00000", "2011-12-31": 363, "2011-09-30": -1524, "2011-06-30": -162, "2011-03-31": "-1069.00000", "2010-12-31": 851, "2010-09-30": 320, "2010-06-30": -52, "2010-03-31": "-25.00000", "2009-12-31": -27, "2009-09-30": 327, "2009-06-30": -21, "2009-03-31": "4572.00000", "2008-12-31": -39, "2008-09-30": -49, "2008-06-30": -61, "2008-03-31": "-816.00000", "2007-12-31": 528, "2007-09-30": -2029, "2007-06-30": -1036, "2007-03-31": "-156.00000", "2006-12-31": -351, "2006-09-30": -13, "2006-06-30": -1641, "2006-03-31": "-219.00000", "2005-12-31": -843, "2005-09-30": -13, "2005-06-30": -78, "2005-03-31": "-12.00000"}, "Net Current Debt": {"2020-12-31": 606, "2020-09-30": -3177, "2020-06-30": -5596, "2020-03-31": "8167.00000", "2019-12-31": -4794, "2019-09-30": 2162, "2019-06-30": -1125, "2019-03-31": "936.00000", "2018-12-31": -178, "2018-09-30": -2502, "2018-06-30": 1487, "2018-03-31": "3214.00000", "2017-12-31": 2043, "2017-09-30": -880, "2017-06-30": -2377, "2017-03-31": "-3928.00000", "2016-12-31": 1261, "2016-09-30": 510, "2016-06-30": -3443, "2016-03-31": "3802.00000", "2015-12-31": -2384, "2015-09-30": 3969, "2015-06-30": -2037, "2015-03-31": "117.00000", "2014-12-31": -1863, "2014-09-30": 2171, "2014-06-30": 487, "2014-03-31": "2636.00000", "2013-12-31": 1844, "2013-09-30": -1369, "2013-06-30": -166, "2013-03-31": "2069.00000", "2012-12-31": -2142, "2012-09-30": 2284, "2012-06-30": 974, "2012-03-31": "-852.00000", "2011-12-31": 18, "2011-09-30": -248, "2011-06-30": 102, "2011-03-31": "151.00000", "2010-12-31": -43, "2010-09-30": -205, "2010-06-30": 108, "2010-03-31": "-72.00000", "2009-12-31": 66, "2009-09-30": -1837, "2009-06-30": -184, "2009-03-31": "-1237.00000", "2008-12-31": 1986, "2008-09-30": 353, "2008-06-30": -78, "2008-03-31": "386.00000", "2007-12-31": 659, "2007-09-30": -132, "2007-06-30": -959, "2007-03-31": "87.00000", "2006-12-31": -201, "2006-09-30": 47, "2006-06-30": -16, "2006-03-31": "-507.00000", "2005-12-31": -128, "2005-09-30": -84, "2005-06-30": 175, "2005-03-31": "-72.00000"}, "Debt Issuance/Retirement Net - Total": {"2020-12-31": -190, "2020-09-30": 689, "2020-06-30": 1643, "2020-03-31": "5358.00000", "2019-12-31": -5951, "2019-09-30": 2157, "2019-06-30": -2482, "2019-03-31": "-1570.00000", "2018-12-31": -1691, "2018-09-30": -2444, "2018-06-30": -1323, "2018-03-31": "956.00000", "2017-12-31": -3239, "2017-09-30": -910, "2017-06-30": -2412, "2017-03-31": "-900.00000", "2016-12-31": 489, "2016-09-30": 476, "2016-06-30": 2717, "2016-03-31": "3788.00000", "2015-12-31": 2708, "2015-09-30": 3962, "2015-06-30": -2048, "2015-03-31": "6102.00000", "2014-12-31": 2121, "2014-09-30": 2164, "2014-06-30": 479, "2014-03-31": "2624.00000", "2013-12-31": 1834, "2013-09-30": -1381, "2013-06-30": 5826, "2013-03-31": "1967.00000", "2012-12-31": -147, "2012-09-30": 2100, "2012-06-30": 961, "2012-03-31": "-867.00000", "2011-12-31": 381, "2011-09-30": -1772, "2011-06-30": -60, "2011-03-31": "-918.00000", "2010-12-31": 808, "2010-09-30": 115, "2010-06-30": 56, "2010-03-31": "-97.00000", "2009-12-31": 39, "2009-09-30": -1510, "2009-06-30": -205, "2009-03-31": "3335.00000", "2008-12-31": 1947, "2008-09-30": 304, "2008-06-30": -139, "2008-03-31": "-430.00000", "2007-12-31": 1187, "2007-09-30": -2161, "2007-06-30": -1995, "2007-03-31": "-69.00000", "2006-12-31": -552, "2006-09-30": 34, "2006-06-30": -1657, "2006-03-31": "-726.00000", "2005-12-31": -971, "2005-09-30": -97, "2005-06-30": 97, "2005-03-31": "-84.00000"}, "Net Common Equity Issued/Repurchased": {"2020-12-31": 45, "2020-09-30": 5, "2020-06-30": 23, "2020-03-31": "-1573.00000", "2019-12-31": 1845, "2019-09-30": -1005, "2019-06-30": -825, "2019-03-31": "-15.00000", "2018-12-31": -337, "2018-09-30": -671, "2018-06-30": 442, "2018-03-31": "566.00000", "2017-12-31": -649, "2017-09-30": 370, "2017-06-30": 34, "2017-03-31": "245.00000", "2016-12-31": 291, "2016-09-30": 97, "2016-06-30": 139, "2016-03-31": "123.00000", "2015-12-31": 53, "2015-09-30": 20, "2015-06-30": 83, "2015-03-31": "55.00000", "2014-12-31": -1238, "2014-09-30": -1155, "2014-06-30": -829, "2014-03-31": "-1190.00000", "2013-12-31": -1188, "2013-09-30": -1278, "2013-06-30": -1001, "2013-03-31": "-1027.00000", "2012-12-31": -1180, "2012-09-30": -801, "2012-06-30": -1165, "2012-03-31": "-996.00000", "2011-12-31": -1147, "2011-09-30": -1160, "2011-06-30": -828, "2011-03-31": "-58.00000", "2010-12-31": -551, "2010-09-30": 103, "2010-06-30": 102, "2010-03-31": "40.00000", "2009-12-31": 82, "2009-09-30": 39, "2009-06-30": 36, "2009-03-31": "11.00000", "2008-12-31": -1291, "2008-09-30": -1969, "2008-06-30": -1662, "2008-03-31": "-1899.00000", "2007-12-31": -1947, "2007-09-30": -1863, "2007-06-30": -1432, "2007-03-31": "-1147.00000", "2006-12-31": -1140, "2006-09-30": -1236, "2006-06-30": -1159, "2006-03-31": "-956.00000", "2005-12-31": -727, "2005-09-30": -495, "2005-06-30": -807, "2005-03-31": "-568.00000"}, "Net Total Equity Issued/Repurchased": {"2020-12-31": 45, "2020-09-30": 5, "2020-06-30": 23, "2020-03-31": "-1573.00000", "2019-12-31": -1090, "2019-09-30": -1005, "2019-06-30": -825, "2019-03-31": "-15.00000", "2018-12-31": -941, "2018-09-30": -671, "2018-06-30": 442, "2018-03-31": "566.00000", "2017-12-31": 468, "2017-09-30": 370, "2017-06-30": 34, "2017-03-31": "245.00000", "2016-12-31": 291, "2016-09-30": 97, "2016-06-30": 139, "2016-03-31": "123.00000", "2015-12-31": 53, "2015-09-30": 20, "2015-06-30": 83, "2015-03-31": "55.00000", "2014-12-31": -1238, "2014-09-30": -1155, "2014-06-30": -829, "2014-03-31": "-1190.00000", "2013-12-31": -1188, "2013-09-30": -1278, "2013-06-30": -1001, "2013-03-31": "-1027.00000", "2012-12-31": -1180, "2012-09-30": -801, "2012-06-30": -1165, "2012-03-31": "-996.00000", "2011-12-31": -1147, "2011-09-30": -1160, "2011-06-30": -828, "2011-03-31": "-58.00000", "2010-12-31": -551, "2010-09-30": 103, "2010-06-30": 102, "2010-03-31": "40.00000", "2009-12-31": 82, "2009-09-30": 39, "2009-06-30": 36, "2009-03-31": "11.00000", "2008-12-31": -1291, "2008-09-30": -1969, "2008-06-30": -1662, "2008-03-31": "-1899.00000", "2007-12-31": -1947, "2007-09-30": -1863, "2007-06-30": -1432, "2007-03-31": "-1147.00000", "2006-12-31": -1140, "2006-09-30": -1236, "2006-06-30": -1159, "2006-03-31": "-956.00000", "2005-12-31": -727, "2005-09-30": -495, "2005-06-30": -807, "2005-03-31": "-708.00000"}, "Total Common And Preferred Stock Dividends Paid": {"2020-12-31": -2504, "2020-09-30": -2390, "2020-06-30": -2399, "2020-03-31": "-2407.00000", "2019-12-31": -2230, "2019-09-30": -2245, "2019-06-30": -2252, "2019-03-31": "-2250.00000", "2018-12-31": -2124, "2018-09-30": -2161, "2018-06-30": -2173, "2018-03-31": "-2135.00000", "2017-12-31": -2051, "2017-09-30": -2057, "2017-06-30": -2073, "2017-03-31": "-2029.00000", "2016-12-31": -2031, "2016-09-30": -2038, "2016-06-30": -2026, "2016-03-31": "-2000.00000", "2015-12-31": -2005, "2015-09-30": -2095, "2015-06-30": -2023, "2015-03-31": "-1997.00000", "2014-12-31": -2031, "2014-09-30": -2028, "2014-06-30": -2021, "2014-03-31": "-1895.00000", "2013-12-31": -1909, "2013-09-30": -1935, "2013-06-30": -1984, "2013-03-31": "-1745.00000", "2012-12-31": -1763, "2012-09-30": -1763, "2012-06-30": -1761, "2012-03-31": "-1598.00000", "2011-12-31": -1610, "2011-09-30": -1577, "2011-06-30": -1571, "2011-03-31": "-1449.00000", "2010-12-31": -1452, "2010-09-30": -1464, "2010-06-30": -1451, "2010-03-31": "-1374.00000", "2009-12-31": -1391, "2009-09-30": -1365, "2009-06-30": -1315, "2009-03-31": "-1302.00000", "2008-12-31": -1312, "2008-09-30": -1370, "2008-06-30": -1360, "2008-03-31": "-1219.00000", "2007-12-31": -1233, "2007-09-30": -1235, "2007-06-30": -1260, "2007-03-31": "-1140.00000", "2006-12-31": -1142, "2006-09-30": -1158, "2006-06-30": -1147, "2006-03-31": "-1009.00000", "2005-12-31": -1032, "2005-09-30": -1046, "2005-06-30": -936, "2005-03-31": "-862.00000"}, "Financial Activities - Other": {"2020-12-31": 0, "2020-09-30": 0, "2020-06-30": 0, "2020-03-31": "", "2019-12-31": 0, "2019-09-30": 0, "2019-06-30": 0, "2019-03-31": "", "2018-12-31": 0, "2018-09-30": 0, "2018-06-30": 0, "2018-03-31": "", "2017-12-31": 0, "2017-09-30": 0, "2017-06-30": 0, "2017-03-31": "", "2016-12-31": 0, "2016-09-30": 0, "2016-06-30": 0, "2016-03-31": "", "2015-12-31": 0, "2015-09-30": 0, "2015-06-30": 0, "2015-03-31": "", "2014-12-31": 0, "2014-09-30": 0, "2014-06-30": 0, "2014-03-31": "", "2013-12-31": 0, "2013-09-30": 0, "2013-06-30": 0, "2013-03-31": "", "2012-12-31": 0, "2012-09-30": 0, "2012-06-30": 0, "2012-03-31": "", "2011-12-31": 0, "2011-09-30": 0, "2011-06-30": 0, "2011-03-31": "", "2010-12-31": 0, "2010-09-30": 0, "2010-06-30": 0, "2010-03-31": "", "2009-12-31": 0, "2009-09-30": 0, "2009-06-30": 0, "2009-03-31": "", "2008-12-31": 0, "2008-09-30": 0, "2008-06-30": 0, "2008-03-31": "", "2007-12-31": 0, "2007-09-30": 0, "2007-06-30": 0, "2007-03-31": "", "2006-12-31": 0, "2006-09-30": 0, "2006-06-30": 0, "2006-03-31": "", "2005-12-31": 0, "2005-09-30": 0, "2005-06-30": 0, "2005-03-31": ""}, "Cash Flow From Financial Activities": {"2020-12-31": -2649, "2020-09-30": -1696, "2020-06-30": -733, "2020-03-31": "1378.00000", "2019-12-31": -9271, "2019-09-30": -1093, "2019-06-30": -5559, "2019-03-31": "-3835.00000", "2018-12-31": -4756, "2018-09-30": -5276, "2018-06-30": -3054, "2018-03-31": "-613.00000", "2017-12-31": -4822, "2017-09-30": -2597, "2017-06-30": -4451, "2017-03-31": "-2684.00000", "2016-12-31": -1251, "2016-09-30": -1465, "2016-06-30": 830, "2016-03-31": "1911.00000", "2015-12-31": 756, "2015-09-30": 1887, "2015-06-30": -3988, "2015-03-31": "4160.00000", "2014-12-31": -1148, "2014-09-30": -1019, "2014-06-30": -2371, "2014-03-31": "-461.00000", "2013-12-31": -1263, "2013-09-30": -4594, "2013-06-30": 2841, "2013-03-31": "-805.00000", "2012-12-31": -3090, "2012-09-30": -464, "2012-06-30": -1965, "2012-03-31": "-3461.00000", "2011-12-31": -2376, "2011-09-30": -4509, "2011-06-30": -2459, "2011-03-31": "-2425.00000", "2010-12-31": -1195, "2010-09-30": -1246, "2010-06-30": -1293, "2010-03-31": "-1431.00000", "2009-12-31": -1270, "2009-09-30": -2836, "2009-06-30": -1484, "2009-03-31": "2044.00000", "2008-12-31": -656, "2008-09-30": -3035, "2008-06-30": -3161, "2008-03-31": "-3548.00000", "2007-12-31": -1993, "2007-09-30": -5259, "2007-06-30": -4687, "2007-03-31": "-2356.00000", "2006-12-31": -2834, "2006-09-30": -2360, "2006-06-30": -3963, "2006-03-31": "-2691.00000", "2005-12-31": -2730, "2005-09-30": -1638, "2005-06-30": -1646, "2005-03-31": "-1654.00000"}, "Net Cash Flow": {"2020-12-31": -1080, "2020-09-30": 12, "2020-06-30": -1911, "2020-03-31": "2779.00000", "2019-12-31": -5909, "2019-09-30": 3129, "2019-06-30": -4, "2019-03-31": "-786.00000", "2018-12-31": -260, "2018-09-30": 2043, "2018-06-30": 1181, "2018-03-31": "1574.00000", "2017-12-31": -2012, "2017-09-30": 1989, "2017-06-30": -2107, "2017-03-31": "-341.00000", "2016-12-31": -37, "2016-09-30": -1413, "2016-06-30": 202, "2016-03-31": "-2460.00000", "2015-12-31": -1911, "2015-09-30": 777, "2015-06-30": -519, "2015-03-31": "-110.00000", "2014-12-31": -1430, "2014-09-30": 256, "2014-06-30": -1653, "2014-03-31": "-633.00000", "2013-12-31": -769, "2013-09-30": -3616, "2013-06-30": 3256, "2013-03-31": "-3565.00000", "2012-12-31": -374, "2012-09-30": 104, "2012-06-30": 2338, "2012-03-31": "3007.00000", "2011-12-31": 1635, "2011-09-30": 894, "2011-06-30": 186, "2011-03-31": "-911.00000", "2010-12-31": 3065, "2010-09-30": 1599, "2010-06-30": 2020, "2010-03-31": "-1340.00000", "2009-12-31": 1148, "2009-09-30": 332, "2009-06-30": -1914, "2009-03-31": "-197.00000", "2008-12-31": -1289, "2008-09-30": 2456, "2008-06-30": -28, "2008-03-31": "846.00000", "2007-12-31": -588, "2007-09-30": -3266, "2007-06-30": -584, "2007-03-31": "1307.00000", "2006-12-31": -733, "2006-09-30": 1146, "2006-06-30": -623, "2006-03-31": "660.00000", "2005-12-31": 235, "2005-09-30": -2509, "2005-06-30": 1630, "2005-03-31": "1396.00000"}, "Stock-Based Compensation": {"2020-12-31": 0, "2020-09-30": 0, "2020-06-30": 0, "2020-03-31": "", "2019-12-31": 0, "2019-09-30": 0, "2019-06-30": 0, "2019-03-31": "", "2018-12-31": 0, "2018-09-30": 0, "2018-06-30": 0, "2018-03-31": "", "2017-12-31": 0, "2017-09-30": 0, "2017-06-30": 0, "2017-03-31": "", "2016-12-31": 0, "2016-09-30": 0, "2016-06-30": 0, "2016-03-31": "", "2015-12-31": 0, "2015-09-30": 0, "2015-06-30": 0, "2015-03-31": "", "2014-12-31": 0, "2014-09-30": 0, "2014-06-30": 0, "2014-03-31": "", "2013-12-31": 0, "2013-09-30": 0, "2013-06-30": 0, "2013-03-31": "", "2012-12-31": 0, "2012-09-30": 0, "2012-06-30": 0, "2012-03-31": "", "2011-12-31": 0, "2011-09-30": 0, "2011-06-30": 0, "2011-03-31": "", "2010-12-31": 0, "2010-09-30": 0, "2010-06-30": 0, "2010-03-31": "", "2009-12-31": 0, "2009-09-30": 0, "2009-06-30": 0, "2009-03-31": "", "2008-12-31": 0, "2008-09-30": 0, "2008-06-30": 0, "2008-03-31": "", "2007-12-31": 0, "2007-09-30": 0, "2007-06-30": 0, "2007-03-31": "", "2006-12-31": 0, "2006-09-30": 0, "2006-06-30": 0, "2006-03-31": "", "2005-12-31": 0, "2005-09-30": 0, "2005-06-30": 0, "2005-03-31": ""}, "Common Stock Dividends Paid": {"2020-12-31": -2504, "2020-09-30": -2390, "2020-06-30": -2399, "2020-03-31": "-2407.00000", "2019-12-31": -2230, "2019-09-30": -2245, "2019-06-30": -2252, "2019-03-31": "-2250.00000", "2018-12-31": -2124, "2018-09-30": -2161, "2018-06-30": -2173, "2018-03-31": "-2135.00000", "2017-12-31": -2051, "2017-09-30": -2057, "2017-06-30": -2073, "2017-03-31": "-2029.00000", "2016-12-31": -2031, "2016-09-30": -2038, "2016-06-30": -2026, "2016-03-31": "-2000.00000", "2015-12-31": -2005, "2015-09-30": -2095, "2015-06-30": -2023, "2015-03-31": "-1997.00000", "2014-12-31": -2031, "2014-09-30": -2028, "2014-06-30": -2021, "2014-03-31": "-1895.00000", "2013-12-31": -1909, "2013-09-30": -1935, "2013-06-30": -1984, "2013-03-31": "-1745.00000", "2012-12-31": -1763, "2012-09-30": -1763, "2012-06-30": -1761, "2012-03-31": "-1598.00000", "2011-12-31": -1610, "2011-09-30": -1577, "2011-06-30": -1571, "2011-03-31": "-1449.00000", "2010-12-31": -1452, "2010-09-30": -1464, "2010-06-30": -1451, "2010-03-31": "-1374.00000", "2009-12-31": -1391, "2009-09-30": -1365, "2009-06-30": -1315, "2009-03-31": "-1302.00000", "2008-12-31": -1312, "2008-09-30": -1370, "2008-06-30": -1360, "2008-03-31": "-1219.00000", "2007-12-31": -1233, "2007-09-30": -1235, "2007-06-30": -1260, "2007-03-31": "-1140.00000", "2006-12-31": -1142, "2006-09-30": -1158, "2006-06-30": -1147, "2006-03-31": "-1009.00000", "2005-12-31": -1032, "2005-09-30": -1046, "2005-06-30": -936, "2005-03-31": "-862.00000"}}, "financial ratios": {"Current Ratio": {"2019-12-31": "1.06780", "2018-12-31": "1.25210", "2017-12-31": "1.02970", "2016-12-31": "0.93190", "2015-12-31": "1.35190", "2014-12-31": "1.32280", "2013-12-31": "1.52190", "2012-12-31": "1.62870", "2011-12-31": "1.58430", "2010-12-31": "1.68350", "2009-12-31": "1.41990", "2008-12-31": "1.13890", "2007-12-31": "1.16510", "2006-12-31": "1.27790", "2005-12-31": "1.37280"}, "Long-term Debt / Capital": {"2019-12-31": "0.14030", "2018-12-31": "0.15580", "2017-12-31": "0.18360", "2016-12-31": "0.19390", "2015-12-31": "0.17930", "2014-12-31": "0.13330", "2013-12-31": "0.11760", "2012-12-31": "0.08050", "2011-12-31": "0.07430", "2010-12-31": "0.09640", "2009-12-31": "0.09860", "2008-12-31": "0.06530", "2007-12-31": "0.07300", "2006-12-31": "0.10020", "2005-12-31": "0.16220"}, "Debt/Equity Ratio": {"2019-12-31": "0.18580", "2018-12-31": "0.22140", "2017-12-31": "0.25960", "2016-12-31": "0.31440", "2015-12-31": "0.25050", "2014-12-31": "0.17810", "2013-12-31": "0.13580", "2012-12-31": "0.08850", "2011-12-31": "0.08310", "2010-12-31": "0.10850", "2009-12-31": "0.11360", "2008-12-31": "0.10220", "2007-12-31": "0.09380", "2006-12-31": "0.14270", "2005-12-31": "0.20530"}, "Gross Margin": {"2019-12-31": "42.49840", "2018-12-31": "40.21550", "2017-12-31": "37.83890", "2016-12-31": "37.98570", "2015-12-31": "40.94250", "2014-12-31": "37.62750", "2013-12-31": "35.43360", "2012-12-31": "36.69440", "2011-12-31": "34.74690", "2010-12-31": "34.29010", "2009-12-31": "31.69030", "2008-12-31": "29.41520", "2007-12-31": "29.57350", "2006-12-31": "29.07130", "2005-12-31": "24.94960"}, "Operating Margin": {"2019-12-31": "3.77840", "2018-12-31": "12.36930", "2017-12-31": "6.50640", "2016-12-31": "-1.88690", "2015-12-31": "3.49660", "2014-12-31": "14.72000", "2013-12-31": "15.68950", "2012-12-31": "19.15270", "2011-12-31": "18.77530", "2010-12-31": "15.64210", "2009-12-31": "10.79490", "2008-12-31": "15.77150", "2007-12-31": "14.61000", "2006-12-31": "15.21810", "2005-12-31": "12.71290"}, "EBIT Margin": {"2019-12-31": "4.32310", "2018-12-31": "12.81900", "2017-12-31": "6.72300", "2016-12-31": "-1.71130", "2015-12-31": "3.49660", "2014-12-31": "14.72000", "2013-12-31": "15.68950", "2012-12-31": "19.15270", "2011-12-31": "18.77530", "2010-12-31": "15.66650", "2009-12-31": "10.81130", "2008-12-31": "15.77150", "2007-12-31": "14.68510", "2006-12-31": "15.39940", "2005-12-31": "12.90770"}, "EBITDA Margin": {"2019-12-31": "24.26490", "2018-12-31": "24.49340", "2017-12-31": "20.37580", "2016-12-31": "15.28580", "2015-12-31": "18.68830", "2014-12-31": "22.64240", "2013-12-31": "21.88830", "2012-12-31": "24.69730", "2011-12-31": "23.86420", "2010-12-31": "22.04090", "2009-12-31": "17.86690", "2008-12-31": "19.26160", "2007-12-31": "18.62710", "2006-12-31": "18.97170", "2005-12-31": "15.89100"}, "Pre-Tax Profit Margin": {"2019-12-31": "3.77840", "2018-12-31": "12.36930", "2017-12-31": "6.50640", "2016-12-31": "-1.88690", "2015-12-31": "3.49660", "2014-12-31": "14.72000", "2013-12-31": "15.68950", "2012-12-31": "19.15270", "2011-12-31": "18.77530", "2010-12-31": "15.64210", "2009-12-31": "10.79490", "2008-12-31": "15.77150", "2007-12-31": "14.61000", "2006-12-31": "15.21810", "2005-12-31": "12.71290"}, "Net Profit Margin": {"2019-12-31": "1.99570", "2018-12-31": "8.91190", "2017-12-31": "6.48810", "2016-12-31": "-0.43420", "2015-12-31": "3.31250", "2014-12-31": "9.07720", "2013-12-31": "9.36120", "2012-12-31": "10.82180", "2011-12-31": "10.60090", "2010-12-31": "9.28330", "2009-12-31": "6.10770", "2008-12-31": "8.76580", "2007-12-31": "8.45980", "2006-12-31": "8.15640", "2005-12-31": "7.11350"}, "Asset Turnover": {"2019-12-31": "0.61710", "2018-12-31": "0.65520", "2017-12-31": "0.55840", "2016-12-31": "0.44010", "2015-12-31": "0.52350", "2014-12-31": "0.79680", "2013-12-31": "0.90190", "2012-12-31": "1.03830", "2011-12-31": "1.21120", "2010-12-31": "1.10910", "2009-12-31": "1.04260", "2008-12-31": "1.69390", "2007-12-31": "1.48470", "2006-12-31": "1.58430", "2005-12-31": "1.57510"}, "Inventory Turnover Ratio": {"2019-12-31": "14.40650", "2018-12-31": "17.43430", "2017-12-31": "15.77370", "2016-12-31": "13.10000", "2015-12-31": "12.91140", "2014-12-31": "20.32450", "2013-12-31": "23.15970", "2012-12-31": "24.92550", "2011-12-31": "29.86670", "2010-12-31": "24.51450", "2009-12-31": "21.20530", "2008-12-31": "28.11500", "2007-12-31": "29.29850", "2006-12-31": "32.00900", "2005-12-31": "36.09560"}, "Receiveable Turnover": {"2019-12-31": "10.99560", "2018-12-31": "11.05240", "2017-12-31": "9.23090", "2016-12-31": "8.12320", "2015-12-31": "10.76800", "2014-12-31": "12.66550", "2013-12-31": "10.58400", "2012-12-31": "11.52110", "2011-12-31": "11.64160", "2010-12-31": "9.87180", "2009-12-31": "9.69530", "2008-12-31": "17.21780", "2007-12-31": "9.84160", "2006-12-31": "11.91960", "2005-12-31": "11.53400"}, "Days Sales In Receivables": {"2019-12-31": "33.19520", "2018-12-31": "33.02440", "2017-12-31": "39.54110", "2016-12-31": "44.93310", "2015-12-31": "33.89660", "2014-12-31": "28.81840", "2013-12-31": "34.48590", "2012-12-31": "31.68090", "2011-12-31": "31.35300", "2010-12-31": "36.97410", "2009-12-31": "37.64710", "2008-12-31": "21.19900", "2007-12-31": "37.08760", "2006-12-31": "30.62190", "2005-12-31": "31.64560"}, "ROE - Return On Equity": {"2019-12-31": "1.95930", "2018-12-31": "9.54760", "2017-12-31": "6.20750", "2016-12-31": "-0.29380", "2015-12-31": "3.06070", "2014-12-31": "12.36310", "2013-12-31": "14.35710", "2012-12-31": "19.10730", "2011-12-31": "22.10490", "2010-12-31": "18.08510", "2009-12-31": "11.41190", "2008-12-31": "27.58470", "2007-12-31": "24.38120", "2006-12-31": "24.86110", "2005-12-31": "22.49510"}, "Return On Tangible Equity": {"2019-12-31": "2.02140", "2018-12-31": "9.83300", "2017-12-31": "6.40180", "2016-12-31": "-0.30320", "2015-12-31": "3.15480", "2014-12-31": "12.73760", "2013-12-31": "14.81400", "2012-12-31": "19.77300", "2011-12-31": "22.97790", "2010-12-31": "18.91020", "2009-12-31": "12.01120", "2008-12-31": "29.12920", "2007-12-31": "25.94170", "2006-12-31": "26.64820", "2005-12-31": "24.29190"}, "ROA - Return On Assets": {"2019-12-31": "1.19830", "2018-12-31": "5.85360", "2017-12-31": "3.65200", "2016-12-31": "-0.16570", "2015-12-31": "1.78040", "2014-12-31": "7.25870", "2013-12-31": "8.51100", "2012-12-31": "11.30390", "2011-12-31": "12.89330", "2010-12-31": "10.35670", "2009-12-31": "6.41660", "2008-12-31": "14.91080", "2007-12-31": "12.63220", "2006-12-31": "12.92190", "2005-12-31": "11.20450"}, "ROI - Return On Investment": {"2019-12-31": "1.68440", "2018-12-31": "8.05970", "2017-12-31": "5.06810", "2016-12-31": "-0.23680", "2015-12-31": "2.51190", "2014-12-31": "10.71470", "2013-12-31": "12.66810", "2012-12-31": "17.56940", "2011-12-31": "20.46170", "2010-12-31": "16.34160", "2009-12-31": "10.28620", "2008-12-31": "25.78430", "2007-12-31": "22.60160", "2006-12-31": "22.36930", "2005-12-31": "18.84720"}, "Book Value Per Share": {"2019-12-31": "77.14930", "2018-12-31": "81.79470", "2017-12-31": "78.39490", "2016-12-31": "77.56890", "2015-12-31": "81.73190", "2014-12-31": "83.09580", "2013-12-31": "78.60930", "2012-12-31": "70.80300", "2011-12-31": "61.67120", "2010-12-31": "52.70840", "2009-12-31": "46.10250", "2008-12-31": "43.46650", "2007-12-31": "36.87660", "2006-12-31": "31.84710", "2005-12-31": "28.07200"}, "Operating Cash Flow Per Share": {"2019-12-31": -1.5832, "2018-12-31": 5.2814, "2017-12-31": 3.9403, "2016-12-31": -3.6013, "2015-12-31": -6.2068, "2014-12-31": -1.5337, "2013-12-31": -1.6347, "2012-12-31": -0.7855, "2011-12-31": 4.9149, "2010-12-31": 5.9406, "2009-12-31": -4.7729, "2008-12-31": 2.7393, "2007-12-31": 0.6443, "2006-12-31": 1.7415, "2005-12-31": 9.3295}, "Free Cash Flow Per Share": {"2019-12-31": -1.8264, "2018-12-31": 5.1377, "2017-12-31": 6.5465, "2016-12-31": 2.4657, "2015-12-31": -3.2872, "2014-12-31": -0.5277, "2013-12-31": -5.5511, "2012-12-31": -3.2868, "2011-12-31": 1.4434, "2010-12-31": 6.0854, "2009-12-31": -5.0964, "2008-12-31": 0.9689, "2007-12-31": -0.8912, "2006-12-31": -0.5081, "2005-12-31": 5.2919}}, "financial ratios, quarterly": {"Current Ratio": {"2020-09-30": "1.26130", "2020-06-30": "1.13960", "2020-03-31": "1.01160", "2019-12-31": "1.06780", "2019-09-30": "1.12420", "2019-06-30": "1.14770", "2019-03-31": "1.12420", "2018-12-31": "1.25210", "2018-09-30": "1.21930", "2018-06-30": "1.07510", "2018-03-31": "1.03580", "2017-12-31": "1.02970", "2017-09-30": "1.04160", "2017-06-30": "0.95240", "2017-03-31": "1.04020", "2016-12-31": "0.93190", "2016-09-30": "1.16690", "2016-06-30": "1.30260", "2016-03-31": "1.08750", "2015-12-31": "1.35190", "2015-09-30": "1.32100", "2015-06-30": "1.44110", "2015-03-31": "1.40160", "2014-12-31": "1.32280", "2014-09-30": "1.26950", "2014-06-30": "1.34660", "2014-03-31": "1.39540", "2013-12-31": "1.52190", "2013-09-30": "1.59850", "2013-06-30": "1.67910", "2013-03-31": "1.57690", "2012-12-31": "1.62870", "2012-09-30": "1.63910", "2012-06-30": "1.71510", "2012-03-31": "1.61200", "2011-12-31": "1.58430", "2011-09-30": "1.63970", "2011-06-30": "1.53340", "2011-03-31": "1.52650", "2010-12-31": "1.68350", "2010-09-30": "1.65670", "2010-06-30": "1.62970", "2010-03-31": "1.48100", "2009-12-31": "1.41990", "2009-09-30": "1.39960", "2009-06-30": "1.36870", "2009-03-31": "1.36880", "2008-12-31": "1.13890", "2008-09-30": "1.20090", "2008-06-30": "1.17000", "2008-03-31": "1.17070", "2007-12-31": "1.16510", "2007-09-30": "1.27430", "2007-06-30": "1.30610", "2007-03-31": "1.28790", "2006-12-31": "1.27790", "2006-09-30": "1.32300", "2006-06-30": "1.36330", "2006-03-31": "1.42810", "2005-12-31": "1.37280", "2005-09-30": "1.37020", "2005-06-30": "1.64560", "2005-03-31": "1.58380"}, "Long-term Debt / Capital": {"2020-09-30": "0.20610", "2020-06-30": "0.18400", "2020-03-31": "0.14040", "2019-12-31": "0.14030", "2019-09-30": "0.13770", "2019-06-30": "0.13730", "2019-03-31": "0.14310", "2018-12-31": "0.15580", "2018-09-30": "0.16240", "2018-06-30": "0.16320", "2018-03-31": "0.17050", "2017-12-31": "0.18360", "2017-09-30": "0.18720", "2017-06-30": "0.18780", "2017-03-31": "0.20000", "2016-12-31": "0.19390", "2016-09-30": "0.21080", "2016-06-30": "0.21050", "2016-03-31": "0.17760", "2015-12-31": "0.17930", "2015-09-30": "0.15820", "2015-06-30": "0.15820", "2015-03-31": "0.16050", "2014-12-31": "0.13330", "2014-09-30": "0.11300", "2014-06-30": "0.11470", "2014-03-31": "0.11660", "2013-12-31": "0.11760", "2013-09-30": "0.11000", "2013-06-30": "0.11130", "2013-03-31": "0.07850", "2012-12-31": "0.08050", "2012-09-30": "0.07040", "2012-06-30": "0.06990", "2012-03-31": "0.06570", "2011-12-31": "0.07430", "2011-09-30": "0.07240", "2011-06-30": "0.07630", "2011-03-31": "0.08090", "2010-12-31": "0.09640", "2010-09-30": "0.09210", "2010-06-30": "0.09150", "2010-03-31": "0.09500", "2009-12-31": "0.09860", "2009-09-30": "0.10150", "2009-06-30": "0.11230", "2009-03-31": "0.11290", "2008-12-31": "0.06530", "2008-09-30": "0.06580", "2008-06-30": "0.06550", "2008-03-31": "0.07060", "2007-12-31": "0.07300", "2007-09-30": "0.06430", "2007-06-30": "0.06730", "2007-03-31": "0.07900", "2006-12-31": "0.10020", "2006-09-30": "0.10430", "2006-06-30": "0.13340", "2006-03-31": "0.15530", "2005-12-31": "0.16220", "2005-09-30": "0.17280", "2005-06-30": "0.17960", "2005-03-31": "0.18280"}, "Debt/Equity Ratio": {"2020-09-30": "0.26360", "2020-06-30": "0.25340", "2020-03-31": "0.22320", "2019-12-31": "0.18580", "2019-09-30": "0.20940", "2019-06-30": "0.19470", "2019-03-31": "0.21190", "2018-12-31": "0.22140", "2018-09-30": "0.23350", "2018-06-30": "0.25110", "2018-03-31": "0.26220", "2017-12-31": "0.25960", "2017-09-30": "0.28380", "2017-06-30": "0.29080", "2017-03-31": "0.30620", "2016-12-31": "0.31440", "2016-09-30": "0.30810", "2016-06-30": "0.30400", "2016-03-31": "0.27950", "2015-12-31": "0.25050", "2015-09-30": "0.23010", "2015-06-30": "0.20470", "2015-03-31": "0.21610", "2014-12-31": "0.17810", "2014-09-30": "0.16340", "2014-06-30": "0.15220", "2014-03-31": "0.15190", "2013-12-31": "0.13580", "2013-09-30": "0.12720", "2013-06-30": "0.13850", "2013-03-31": "0.10000", "2012-12-31": "0.08850", "2012-09-30": "0.09190", "2012-06-30": "0.07790", "2012-03-31": "0.07340", "2011-12-31": "0.08310", "2011-09-30": "0.08010", "2011-06-30": "0.09890", "2011-03-31": "0.10440", "2010-12-31": "0.10850", "2010-09-30": "0.10310", "2010-06-30": "0.10440", "2010-03-31": "0.10810", "2009-12-31": "0.11360", "2009-09-30": "0.11560", "2009-06-30": "0.13630", "2009-03-31": "0.13890", "2008-12-31": "0.10220", "2008-09-30": "0.08010", "2008-06-30": "0.08100", "2008-03-31": "0.08580", "2007-12-31": "0.09380", "2007-09-30": "0.08070", "2007-06-30": "0.11040", "2007-03-31": "0.13920", "2006-12-31": "0.14270", "2006-09-30": "0.14930", "2006-06-30": "0.15470", "2006-03-31": "0.18680", "2005-12-31": "0.20530", "2005-09-30": "0.23020", "2005-06-30": "0.23220", "2005-03-31": "0.23710"}, "Gross Margin": {"2020-09-30": "40.53820", "2020-06-30": "32.49590", "2020-03-31": "47.06200", "2019-12-31": "43.15820", "2019-09-30": "42.01740", "2019-06-30": "43.67570", "2019-03-31": "41.01140", "2018-12-31": "41.39360", "2018-09-30": "41.02800", "2018-06-30": "38.18780", "2018-03-31": "40.21560", "2017-12-31": "35.29350", "2017-09-30": "39.26530", "2017-06-30": "37.96400", "2017-03-31": "39.02940", "2016-12-31": "36.99400", "2016-09-30": "37.61120", "2016-06-30": "37.67160", "2016-03-31": "40.18170", "2015-12-31": "40.41780", "2015-09-30": "40.75480", "2015-06-30": "41.23940", "2015-03-31": "41.22640", "2014-12-31": "40.58970", "2014-09-30": "37.86100", "2014-06-30": "36.11960", "2014-03-31": "36.46490", "2013-12-31": "36.06970", "2013-09-30": "34.72470", "2013-06-30": "34.42100", "2013-03-31": "36.55710", "2012-12-31": "38.54870", "2012-09-30": "35.87450", "2012-06-30": "36.42030", "2012-03-31": "35.91140", "2011-12-31": "34.91210", "2011-09-30": "36.14350", "2011-06-30": "33.86030", "2011-03-31": "34.10450", "2010-12-31": "35.71360", "2010-09-30": "33.28570", "2010-06-30": "33.70120", "2010-03-31": "34.37810", "2009-12-31": "31.81650", "2009-09-30": "32.19730", "2009-06-30": "30.19770", "2009-03-31": "32.52700", "2008-12-31": "37.78730", "2008-09-30": "30.45000", "2008-06-30": "25.58650", "2008-03-31": "27.25720", "2007-12-31": "28.97570", "2007-09-30": "28.35990", "2007-06-30": "30.68600", "2007-03-31": "30.42900", "2006-12-31": "30.48420", "2006-09-30": "30.86590", "2006-06-30": "29.20650", "2006-03-31": "25.92270", "2005-12-31": "26.92680", "2005-09-30": "24.00650", "2005-06-30": "24.61990", "2005-03-31": "24.01040"}, "Operating Margin": {"2020-09-30": "-0.18000", "2020-06-30": "-78.53120", "2020-03-31": "13.15830", "2019-12-31": "-23.12240", "2019-09-30": "11.21110", "2019-06-30": "15.27670", "2019-03-31": "11.24150", "2018-12-31": "11.56500", "2018-09-30": "12.95610", "2018-06-30": "11.61330", "2018-03-31": "13.43340", "2017-12-31": "3.93720", "2017-09-30": "7.34150", "2017-06-30": "5.66420", "2017-03-31": "9.36240", "2016-12-31": "1.62560", "2016-09-30": "3.67950", "2016-06-30": "-7.06920", "2016-03-31": "-7.26450", "2015-12-31": "-7.55630", "2015-09-30": "8.11310", "2015-06-30": "3.37740", "2015-03-31": "8.40620", "2014-12-31": "11.68200", "2014-09-30": "16.20920", "2014-06-30": "15.58050", "2014-03-31": "14.88410", "2013-12-31": "14.59810", "2013-09-30": "15.10180", "2013-06-30": "14.97150", "2013-03-31": "18.09810", "2012-12-31": "19.77800", "2012-09-30": "17.11120", "2012-06-30": "19.73390", "2012-03-31": "19.88140", "2011-12-31": "16.61250", "2011-09-30": "20.70400", "2011-06-30": "19.15500", "2011-03-31": "18.43190", "2010-12-31": "16.22520", "2010-09-30": "13.82400", "2010-06-30": "16.53840", "2010-03-31": "15.87830", "2009-12-31": "11.95870", "2009-09-30": "13.27190", "2009-06-30": "8.32230", "2009-03-31": "8.78220", "2008-12-31": "16.02990", "2008-09-30": "18.18380", "2008-06-30": "14.17660", "2008-03-31": "14.71660", "2007-12-31": "14.14270", "2007-09-30": "12.62760", "2007-06-30": "16.15500", "2007-03-31": "15.67590", "2006-12-31": "13.88810", "2006-09-30": "17.19910", "2006-06-30": "15.65120", "2006-03-31": "13.99020", "2005-12-31": "13.30820", "2005-09-30": "12.25760", "2005-06-30": "13.35460", "2005-03-31": "11.79370"}, "EBIT Margin": {"2020-09-30": "0.49080", "2020-06-30": "-77.25660", "2020-03-31": "13.67260", "2019-12-31": "-22.63270", "2019-09-30": "11.75660", "2019-06-30": "15.78640", "2019-03-31": "11.88070", "2018-12-31": "12.01360", "2018-09-30": "13.36990", "2018-06-30": "12.12710", "2018-03-31": "13.85450", "2017-12-31": "4.39710", "2017-09-30": "7.43820", "2017-06-30": "5.80340", "2017-03-31": "9.51500", "2016-12-31": "1.80970", "2016-09-30": "3.89180", "2016-06-30": "-6.79940", "2016-03-31": "-7.26450", "2015-12-31": "-7.55630", "2015-09-30": "8.11310", "2015-06-30": "3.37740", "2015-03-31": "8.40620", "2014-12-31": "11.68200", "2014-09-30": "16.20920", "2014-06-30": "15.58050", "2014-03-31": "14.88410", "2013-12-31": "14.59810", "2013-09-30": "15.10180", "2013-06-30": "14.97150", "2013-03-31": "18.09810", "2012-12-31": "19.77800", "2012-09-30": "17.11120", "2012-06-30": "19.73390", "2012-03-31": "19.88140", "2011-12-31": "16.61250", "2011-09-30": "20.70400", "2011-06-30": "19.15500", "2011-03-31": "18.43190", "2010-12-31": "16.23260", "2010-09-30": "13.84210", "2010-06-30": "16.57050", "2010-03-31": "15.91980", "2009-12-31": "11.95870", "2009-09-30": "13.30190", "2009-06-30": "8.33730", "2009-03-31": "8.80430", "2008-12-31": "16.02990", "2008-09-30": "18.18380", "2008-06-30": "14.17660", "2008-03-31": "14.71660", "2007-12-31": "14.27130", "2007-09-30": "12.62210", "2007-06-30": "16.23350", "2007-03-31": "15.77130", "2006-12-31": "14.07660", "2006-09-30": "17.35410", "2006-06-30": "15.83610", "2006-03-31": "14.18790", "2005-12-31": "13.49780", "2005-09-30": "12.46330", "2005-06-30": "13.53250", "2005-03-31": "12.00040"}, "EBITDA Margin": {"2020-09-30": "", "2020-06-30": "", "2020-03-31": "", "2019-12-31": "", "2019-09-30": "", "2019-06-30": "", "2019-03-31": "", "2018-12-31": "", "2018-09-30": "", "2018-06-30": "", "2018-03-31": "", "2017-12-31": "", "2017-09-30": "", "2017-06-30": "", "2017-03-31": "", "2016-12-31": "", "2016-09-30": "", "2016-06-30": "", "2016-03-31": "", "2015-12-31": "", "2015-09-30": "", "2015-06-30": "", "2015-03-31": "", "2014-12-31": "", "2014-09-30": "", "2014-06-30": "", "2014-03-31": "", "2013-12-31": "", "2013-09-30": "", "2013-06-30": "", "2013-03-31": "", "2012-12-31": "", "2012-09-30": "", "2012-06-30": "", "2012-03-31": "", "2011-12-31": "", "2011-09-30": "", "2011-06-30": "", "2011-03-31": "", "2010-12-31": "", "2010-09-30": "", "2010-06-30": "", "2010-03-31": "", "2009-12-31": "", "2009-09-30": "", "2009-06-30": "", "2009-03-31": "", "2008-12-31": "", "2008-09-30": "", "2008-06-30": "", "2008-03-31": "", "2007-12-31": "", "2007-09-30": "", "2007-06-30": "", "2007-03-31": "", "2006-12-31": "", "2006-09-30": "", "2006-06-30": "", "2006-03-31": "", "2005-12-31": "", "2005-09-30": "", "2005-06-30": "", "2005-03-31": ""}, "Pre-Tax Profit Margin": {"2020-09-30": "-0.18000", "2020-06-30": "-78.53120", "2020-03-31": "13.15830", "2019-12-31": "-23.12240", "2019-09-30": "11.21110", "2019-06-30": "15.27670", "2019-03-31": "11.24150", "2018-12-31": "11.56500", "2018-09-30": "12.95610", "2018-06-30": "11.61330", "2018-03-31": "13.43340", "2017-12-31": "3.93720", "2017-09-30": "7.34150", "2017-06-30": "5.66420", "2017-03-31": "9.36240", "2016-12-31": "1.62560", "2016-09-30": "3.67950", "2016-06-30": "-7.06920", "2016-03-31": "-7.26450", "2015-12-31": "-7.55630", "2015-09-30": "8.11310", "2015-06-30": "3.37740", "2015-03-31": "8.40620", "2014-12-31": "11.68200", "2014-09-30": "16.20920", "2014-06-30": "15.58050", "2014-03-31": "14.88410", "2013-12-31": "14.59810", "2013-09-30": "15.10180", "2013-06-30": "14.97150", "2013-03-31": "18.09810", "2012-12-31": "19.77800", "2012-09-30": "17.11120", "2012-06-30": "19.73390", "2012-03-31": "19.88140", "2011-12-31": "16.61250", "2011-09-30": "20.70400", "2011-06-30": "19.15500", "2011-03-31": "18.43190", "2010-12-31": "16.22520", "2010-09-30": "13.82400", "2010-06-30": "16.53840", "2010-03-31": "15.87830", "2009-12-31": "11.95870", "2009-09-30": "13.27190", "2009-06-30": "8.32230", "2009-03-31": "8.78220", "2008-12-31": "16.02990", "2008-09-30": "18.18380", "2008-06-30": "14.17660", "2008-03-31": "14.71660", "2007-12-31": "14.14270", "2007-09-30": "12.62760", "2007-06-30": "16.15500", "2007-03-31": "15.67590", "2006-12-31": "13.88810", "2006-09-30": "17.19910", "2006-06-30": "15.65120", "2006-03-31": "13.99020", "2005-12-31": "13.30820", "2005-09-30": "12.25760", "2005-06-30": "13.35460", "2005-03-31": "11.79370"}, "Net Profit Margin": {"2020-09-30": "-0.84660", "2020-06-30": "-61.28650", "2020-03-31": "11.42500", "2019-12-31": "-18.18430", "2019-09-30": "7.14360", "2019-06-30": "11.08110", "2019-03-31": "7.52560", "2018-12-31": "8.80710", "2018-09-30": "9.20040", "2018-06-30": "8.07130", "2018-03-31": "9.63350", "2017-12-31": "8.27040", "2017-09-30": "5.39150", "2017-06-30": "4.20530", "2017-03-31": "8.02490", "2016-12-31": "1.31760", "2016-09-30": "4.25680", "2016-06-30": "-5.02010", "2016-03-31": "-3.07820", "2015-12-31": "-2.01050", "2015-09-30": "5.93620", "2015-06-30": "1.41490", "2015-03-31": "7.42810", "2014-12-31": "7.53120", "2014-09-30": "10.22880", "2014-06-30": "9.77770", "2014-03-31": "8.47090", "2013-12-31": "8.77880", "2013-09-30": "8.46110", "2013-06-30": "9.35170", "2013-03-31": "10.87330", "2012-12-31": "11.96490", "2012-09-30": "9.05000", "2012-06-30": "11.51610", "2012-03-31": "10.65980", "2011-12-31": "8.54050", "2011-09-30": "12.15080", "2011-06-30": "11.21430", "2011-03-31": "10.29320", "2010-12-31": "9.80070", "2010-09-30": "7.57870", "2010-06-30": "10.20490", "2010-03-31": "9.44810", "2009-12-31": "6.30700", "2009-09-30": "8.21660", "2009-06-30": "4.34030", "2009-03-31": "5.08440", "2008-12-31": "10.82890", "2008-09-30": "10.00800", "2008-06-30": "7.19970", "2008-03-31": "7.83670", "2007-12-31": "7.93840", "2007-09-30": "6.73880", "2007-06-30": "9.59100", "2007-03-31": "9.77670", "2006-12-31": "7.90010", "2006-09-30": "9.25440", "2006-06-30": "8.13100", "2006-03-31": "7.31550", "2005-12-31": "7.70350", "2005-09-30": "6.59980", "2005-06-30": "7.62050", "2005-03-31": "6.43400"}, "Asset Turnover": {"2020-09-30": "0.10960", "2020-06-30": "0.06040", "2020-03-31": "0.13310", "2019-12-31": "0.15310", "2019-09-30": "0.14080", "2019-06-30": "0.15180", "2019-03-31": "0.13710", "2018-12-31": "0.16680", "2018-09-30": "0.17140", "2018-06-30": "0.16380", "2018-03-31": "0.14730", "2017-12-31": "0.14820", "2017-09-30": "0.14190", "2017-06-30": "0.13540", "2017-03-31": "0.12900", "2016-12-31": "0.12110", "2016-09-30": "0.11600", "2016-06-30": "0.11200", "2016-03-31": "0.08930", "2015-12-31": "0.11060", "2015-09-30": "0.12780", "2015-06-30": "0.15150", "2015-03-31": "0.12820", "2014-12-31": "0.17320", "2014-09-30": "0.20600", "2014-06-30": "0.22110", "2014-03-31": "0.20630", "2013-12-31": "0.22130", "2013-09-30": "0.23610", "2013-06-30": "0.23510", "2013-03-31": "0.23930", "2012-12-31": "0.25990", "2012-09-30": "0.25590", "2012-06-30": "0.28540", "2012-03-31": "0.28250", "2011-12-31": "0.28640", "2011-09-30": "0.31570", "2011-06-30": "0.34180", "2011-03-31": "0.30990", "2010-12-31": "0.29240", "2010-09-30": "0.28060", "2010-06-30": "0.30860", "2010-03-31": "0.28520", "2009-12-31": "0.29570", "2009-09-30": "0.28680", "2009-06-30": "0.24940", "2009-03-31": "0.22660", "2008-12-31": "0.28050", "2008-09-30": "0.47590", "2008-06-30": "0.50890", "2008-03-31": "0.43150", "2007-12-31": "0.41270", "2007-09-30": "0.39540", "2007-06-30": "0.40180", "2007-03-31": "0.35460", "2006-12-31": "0.36000", "2006-09-30": "0.40420", "2006-06-30": "0.40810", "2006-03-31": "0.42760", "2005-12-31": "0.42750", "2005-09-30": "0.43630", "2005-06-30": "0.48810", "2005-03-31": "0.43430"}, "Inventory Turnover Ratio": {"2020-09-30": "2.55920", "2020-06-30": "1.65290", "2020-03-31": "2.53670", "2019-12-31": "3.53320", "2019-09-30": "3.51890", "2019-06-30": "3.21370", "2019-03-31": "3.08850", "2018-12-31": "4.35150", "2018-09-30": "4.30250", "2018-06-30": "3.92940", "2018-03-31": "3.68420", "2017-12-31": "4.35810", "2017-09-30": "3.81690", "2017-06-30": "3.52100", "2017-03-31": "3.44150", "2016-12-31": "3.66210", "2016-09-30": "3.14660", "2016-06-30": "2.83970", "2016-03-31": "2.16490", "2015-12-31": "2.75120", "2015-09-30": "2.96180", "2015-06-30": "3.33250", "2015-03-31": "2.97070", "2014-12-31": "4.20920", "2014-09-30": "4.65180", "2014-06-30": "5.12970", "2014-03-31": "4.52920", "2013-12-31": "5.62730", "2013-09-30": "5.54010", "2013-06-30": "5.06830", "2013-03-31": "5.40920", "2012-12-31": "6.05630", "2012-09-30": "4.65550", "2012-06-30": "5.53940", "2012-03-31": "5.29540", "2011-12-31": "7.04370", "2011-09-30": "6.77600", "2011-06-30": "6.25890", "2011-03-31": "6.38030", "2010-12-31": "6.32300", "2010-09-30": "5.40480", "2010-06-30": "5.94500", "2010-03-31": "5.20170", "2009-12-31": "6.00270", "2009-09-30": "4.99970", "2009-06-30": "4.32820", "2009-03-31": "3.79250", "2008-12-31": "4.10300", "2008-09-30": "8.72190", "2008-06-30": "9.69310", "2008-03-31": "8.48740", "2007-12-31": "8.21390", "2007-09-30": "6.98460", "2007-06-30": "7.54970", "2007-03-31": "7.18150", "2006-12-31": "7.12870", "2006-09-30": "7.19780", "2006-06-30": "7.84350", "2006-03-31": "9.57050", "2005-12-31": "9.53870", "2005-09-30": "11.64080", "2005-06-30": "10.86820", "2005-03-31": "10.21220"}, "Receiveable Turnover": {"2020-09-30": "2.51500", "2020-06-30": "1.57460", "2020-03-31": "3.09840", "2019-12-31": "2.72800", "2019-09-30": "2.78540", "2019-06-30": "2.70110", "2019-03-31": "2.35800", "2018-12-31": "2.81410", "2018-09-30": "2.62010", "2018-06-30": "2.53330", "2018-03-31": "2.39450", "2017-12-31": "2.45010", "2017-09-30": "2.56340", "2017-06-30": "2.61850", "2017-03-31": "2.42990", "2016-12-31": "2.23510", "2016-09-30": "2.40700", "2016-06-30": "2.17060", "2016-03-31": "1.89040", "2015-12-31": "2.27430", "2015-09-30": "2.40980", "2015-06-30": "2.49840", "2015-03-31": "2.26770", "2014-12-31": "2.75380", "2014-09-30": "2.73750", "2014-06-30": "2.68510", "2014-03-31": "2.62580", "2013-12-31": "2.59730", "2013-09-30": "2.70330", "2013-06-30": "2.82980", "2013-03-31": "2.58630", "2012-12-31": "2.88380", "2012-09-30": "2.70420", "2012-06-30": "3.02290", "2012-03-31": "2.75870", "2011-12-31": "2.75250", "2011-09-30": "3.08610", "2011-06-30": "2.91990", "2011-03-31": "2.73310", "2010-12-31": "2.60260", "2010-09-30": "2.76300", "2010-06-30": "2.96230", "2010-03-31": "2.68840", "2009-12-31": "2.74960", "2009-09-30": "2.73140", "2009-06-30": "2.41950", "2009-03-31": "2.50620", "2008-12-31": "2.85080", "2008-09-30": "3.16460", "2008-06-30": "2.71290", "2008-03-31": "2.76230", "2007-12-31": "2.73590", "2007-09-30": "2.79270", "2007-06-30": "2.89740", "2007-03-31": "2.76140", "2006-12-31": "2.70850", "2006-09-30": "2.89320", "2006-06-30": "2.91430", "2006-03-31": "3.13120", "2005-12-31": "3.13050", "2005-09-30": "3.06330", "2005-06-30": "3.25670", "2005-03-31": "3.04480"}, "Days Sales In Receivables": {"2020-09-30": "35.78500", "2020-06-30": "57.15870", "2020-03-31": "29.04770", "2019-12-31": "32.99180", "2019-09-30": "32.31090", "2019-06-30": "33.31970", "2019-03-31": "38.16820", "2018-12-31": "31.98200", "2018-09-30": "34.34920", "2018-06-30": "35.52610", "2018-03-31": "37.58580", "2017-12-31": "36.73360", "2017-09-30": "35.11010", "2017-06-30": "34.37120", "2017-03-31": "37.03840", "2016-12-31": "40.26670", "2016-09-30": "37.39150", "2016-06-30": "41.46230", "2016-03-31": "47.60800", "2015-12-31": "39.57330", "2015-09-30": "37.34810", "2015-06-30": "36.02280", "2015-03-31": "39.68720", "2014-12-31": "32.68180", "2014-09-30": "32.87660", "2014-06-30": "33.51890", "2014-03-31": "34.27490", "2013-12-31": "34.65190", "2013-09-30": "33.29210", "2013-06-30": "31.80410", "2013-03-31": "34.79900", "2012-12-31": "31.20840", "2012-09-30": "33.28100", "2012-06-30": "29.77240", "2012-03-31": "32.62420", "2011-12-31": "32.69770", "2011-09-30": "29.16280", "2011-06-30": "30.82280", "2011-03-31": "32.92990", "2010-12-31": "34.58100", "2010-09-30": "32.57290", "2010-06-30": "30.38210", "2010-03-31": "33.47700", "2009-12-31": "32.73220", "2009-09-30": "32.95010", "2009-06-30": "37.19760", "2009-03-31": "35.91030", "2008-12-31": "31.56960", "2008-09-30": "28.44000", "2008-06-30": "33.17540", "2008-03-31": "32.58210", "2007-12-31": "32.89600", "2007-09-30": "32.22660", "2007-06-30": "31.06220", "2007-03-31": "32.59270", "2006-12-31": "33.22830", "2006-09-30": "31.10790", "2006-06-30": "30.88200", "2006-03-31": "28.74290", "2005-12-31": "28.74970", "2005-09-30": "29.38020", "2005-06-30": "27.63500", "2005-03-31": "29.55870"}, "ROE - Return On Equity": {"2020-09-30": "-0.15830", "2020-06-30": "-6.15910", "2020-03-31": "2.47110", "2019-12-31": "-4.59130", "2019-09-30": "1.64440", "2019-06-30": "2.72470", "2019-03-31": "1.69230", "2018-12-31": "2.39200", "2018-09-30": "2.62230", "2018-06-30": "2.23110", "2018-03-31": "2.41410", "2017-12-31": "2.08810", "2017-09-30": "1.34270", "2017-06-30": "0.99470", "2017-03-31": "1.82620", "2016-12-31": "0.29850", "2016-09-30": "0.87930", "2016-06-30": "-0.98630", "2016-03-31": "-0.46670", "2015-12-31": "-0.36070", "2015-09-30": "1.31910", "2015-06-30": "0.39000", "2015-03-31": "1.65600", "2014-12-31": "2.22290", "2014-09-30": "3.57710", "2014-06-30": "3.67700", "2014-03-31": "2.97810", "2013-12-31": "3.29600", "2013-09-30": "3.42020", "2013-06-30": "3.74850", "2013-03-31": "4.40960", "2012-12-31": "5.29410", "2012-09-30": "3.95460", "2012-06-30": "5.50850", "2012-03-31": "5.14460", "2011-12-31": "4.21670", "2011-09-30": "6.45730", "2011-06-30": "6.66490", "2011-03-31": "5.62830", "2010-12-31": "5.02780", "2010-09-30": "3.68280", "2010-06-30": "5.42820", "2010-03-31": "4.76830", "2009-12-31": "3.35130", "2009-09-30": "4.21610", "2009-06-30": "1.99030", "2009-03-31": "2.11120", "2008-12-31": "5.62580", "2008-09-30": "9.11400", "2008-06-30": "7.30420", "2008-03-31": "6.56010", "2007-12-31": "6.46270", "2007-09-30": "4.96100", "2007-06-30": "7.25270", "2007-03-31": "6.59810", "2006-12-31": "5.47180", "2006-09-30": "7.20810", "2006-06-30": "6.50610", "2006-03-31": "6.16280", "2005-12-31": "6.61180", "2005-09-30": "5.97140", "2005-06-30": "7.59040", "2005-03-31": "5.74560"}, "Return On Tangible Equity": {"2020-09-30": "-0.16380", "2020-06-30": "-6.36840", "2020-03-31": "2.54950", "2019-12-31": "-4.73690", "2019-09-30": "1.69310", "2019-06-30": "2.80490", "2019-03-31": "1.74260", "2018-12-31": "2.46350", "2018-09-30": "2.70120", "2018-06-30": "2.29880", "2018-03-31": "2.48850", "2017-12-31": "2.15350", "2017-09-30": "1.38510", "2017-06-30": "1.02630", "2017-03-31": "1.88420", "2016-12-31": "0.30810", "2016-09-30": "0.90740", "2016-06-30": "-1.01780", "2016-03-31": "-0.48130", "2015-12-31": "-0.37170", "2015-09-30": "1.35910", "2015-06-30": "0.40180", "2015-03-31": "1.70590", "2014-12-31": "2.29030", "2014-09-30": "3.68530", "2014-06-30": "3.79010", "2014-03-31": "3.07190", "2013-12-31": "3.40080", "2013-09-30": "3.53240", "2013-06-30": "3.87320", "2013-03-31": "4.55910", "2012-12-31": "5.47860", "2012-09-30": "4.09620", "2012-06-30": "5.71030", "2012-03-31": "5.34080", "2011-12-31": "4.38320", "2011-09-30": "6.71410", "2011-06-30": "6.94250", "2011-03-31": "5.87500", "2010-12-31": "5.25720", "2010-09-30": "3.85570", "2010-06-30": "5.69020", "2010-03-31": "5.00910", "2009-12-31": "3.52730", "2009-09-30": "4.44100", "2009-06-30": "2.09990", "2009-03-31": "2.22840", "2008-12-31": "5.94080", "2008-09-30": "9.62310", "2008-06-30": "7.73970", "2008-03-31": "6.96740", "2007-12-31": "6.87640", "2007-09-30": "5.29140", "2007-06-30": "7.74120", "2007-03-31": "7.06170", "2006-12-31": "5.86520", "2006-09-30": "7.72520", "2006-06-30": "6.99770", "2006-03-31": "6.63820", "2005-12-31": "7.13990", "2005-09-30": "6.35030", "2005-06-30": "7.59040", "2005-03-31": "5.74560"}, "ROA - Return On Assets": {"2020-09-30": "-0.09370", "2020-06-30": "-3.70500", "2020-03-31": "1.51300", "2019-12-31": "-2.80800", "2019-09-30": "1.00570", "2019-06-30": "1.67660", "2019-03-31": "1.02880", "2018-12-31": "1.46650", "2018-09-30": "1.58060", "2018-06-30": "1.32670", "2018-03-31": "1.42680", "2017-12-31": "1.22850", "2017-09-30": "0.77830", "2017-06-30": "0.57580", "2017-03-31": "1.04160", "2016-12-31": "0.16840", "2016-09-30": "0.50060", "2016-06-30": "-0.55950", "2016-03-31": "-0.26800", "2015-12-31": "-0.20980", "2015-09-30": "0.76630", "2015-06-30": "0.22820", "2015-03-31": "0.96440", "2014-12-31": "1.30510", "2014-09-30": "2.11990", "2014-06-30": "2.17140", "2014-03-31": "1.75070", "2013-12-31": "1.95390", "2013-09-30": "2.01580", "2013-06-30": "2.21430", "2013-03-31": "2.62790", "2012-12-31": "3.13200", "2012-09-30": "2.33970", "2012-06-30": "3.29660", "2012-03-31": "3.02430", "2011-12-31": "2.45950", "2011-09-30": "3.84960", "2011-06-30": "3.84700", "2011-03-31": "3.20380", "2010-12-31": "2.87930", "2010-09-30": "2.14000", "2010-06-30": "3.16980", "2010-03-31": "2.71120", "2009-12-31": "1.88430", "2009-09-30": "2.36590", "2009-06-30": "1.09240", "2009-03-31": "1.16290", "2008-12-31": "3.04100", "2008-09-30": "4.78250", "2008-06-30": "3.68500", "2008-03-31": "3.39950", "2007-12-31": "3.34840", "2007-09-30": "2.66420", "2007-06-30": "3.85370", "2007-03-31": "3.46680", "2006-12-31": "2.84400", "2006-09-30": "3.74070", "2006-06-30": "3.31830", "2006-03-31": "3.12850", "2005-12-31": "3.29330", "2005-09-30": "2.87960", "2005-06-30": "3.71970", "2005-03-31": "2.79430"}, "ROI - Return On Investment": {"2020-09-30": "-0.12570", "2020-06-30": "-5.02590", "2020-03-31": "2.12430", "2019-12-31": "-3.94730", "2019-09-30": "1.41800", "2019-06-30": "2.35050", "2019-03-31": "1.45020", "2018-12-31": "2.01930", "2018-09-30": "2.19640", "2018-06-30": "1.86690", "2018-03-31": "2.00260", "2017-12-31": "1.70490", "2017-09-30": "1.09130", "2017-06-30": "0.80780", "2017-03-31": "1.46090", "2016-12-31": "0.24060", "2016-09-30": "0.69390", "2016-06-30": "-0.77870", "2016-03-31": "-0.38390", "2015-12-31": "-0.29600", "2015-09-30": "1.11050", "2015-06-30": "0.32830", "2015-03-31": "1.39020", "2014-12-31": "1.92650", "2014-09-30": "3.17280", "2014-06-30": "3.25520", "2014-03-31": "2.63070", "2013-12-31": "2.90820", "2013-09-30": "3.04400", "2013-06-30": "3.33140", "2013-03-31": "4.06350", "2012-12-31": "4.86800", "2012-09-30": "3.67630", "2012-06-30": "5.12320", "2012-03-31": "4.80680", "2011-12-31": "3.90320", "2011-09-30": "5.98980", "2011-06-30": "6.15640", "2011-03-31": "5.17300", "2010-12-31": "4.54310", "2010-09-30": "3.34350", "2010-06-30": "4.93170", "2010-03-31": "4.31530", "2009-12-31": "3.02070", "2009-09-30": "3.78830", "2009-06-30": "1.76680", "2009-03-31": "1.87290", "2008-12-31": "5.25860", "2008-09-30": "8.51390", "2008-06-30": "6.82550", "2008-03-31": "6.09720", "2007-12-31": "5.99100", "2007-09-30": "4.64220", "2007-06-30": "6.76450", "2007-03-31": "6.07670", "2006-12-31": "4.92340", "2006-09-30": "6.45640", "2006-06-30": "5.63820", "2006-03-31": "5.20570", "2005-12-31": "5.53960", "2005-09-30": "4.93930", "2005-06-30": "6.22750", "2005-03-31": "4.69530"}, "Book Value Per Share": {"2020-09-30": "70.70980", "2020-06-30": "71.96930", "2020-03-31": "77.61950", "2019-12-31": "77.14930", "2019-09-30": "82.97340", "2019-06-30": "82.93800", "2019-03-31": "81.96350", "2018-12-31": "81.79470", "2018-09-30": "80.94780", "2018-06-30": "80.04610", "2018-03-31": "79.31420", "2017-12-31": "78.39490", "2017-09-30": "77.87360", "2017-06-30": "77.77720", "2017-03-31": "78.00770", "2016-12-31": "77.56890", "2016-09-30": "78.37400", "2016-06-30": "78.62360", "2016-03-31": "80.37130", "2015-12-31": "81.73190", "2015-09-30": "82.85600", "2015-06-30": "82.84430", "2015-03-31": "83.48990", "2014-12-31": "83.09580", "2014-09-30": "83.21260", "2014-06-30": "81.49160", "2014-03-31": "79.74680", "2013-12-31": "78.60930", "2013-09-30": "75.95420", "2013-06-30": "74.61810", "2013-03-31": "72.96940", "2012-12-31": "70.80300", "2012-09-30": "68.57930", "2012-06-30": "66.91110", "2012-03-31": "64.02160", "2011-12-31": "61.67120", "2011-09-30": "61.09820", "2011-06-30": "58.12830", "2011-03-31": "55.14190", "2010-12-31": "52.70840", "2010-09-30": "51.16460", "2010-06-30": "49.88130", "2010-03-31": "47.81940", "2009-12-31": "46.10250", "2009-09-30": "45.46850", "2009-06-30": "44.11840", "2009-03-31": "43.80570", "2008-12-31": "43.46650", "2008-09-30": "42.79670", "2008-06-30": "40.04340", "2008-03-31": "38.29360", "2007-12-31": "36.87660", "2007-09-30": "35.49420", "2007-06-30": "34.79790", "2007-03-31": "33.24900", "2006-12-31": "31.84710", "2006-09-30": "31.92780", "2006-06-30": "30.43970", "2006-03-31": "29.25330", "2005-12-31": "28.07200", "2005-09-30": "26.80960", "2005-06-30": "23.28980", "2005-03-31": "22.20550"}, "Operating Cash Flow Per Share": {"2020-09-30": 1.908, "2020-06-30": 0.06, "2020-03-31": "2.53100", "2019-12-31": 2.9787, "2019-09-30": 4.1622, "2019-06-30": 4.6123, "2019-03-31": "2.66050", "2018-12-31": 4.8014, "2018-09-30": 4.9952, "2018-06-30": 3.5644, "2018-03-31": "2.63590", "2017-12-31": 3.2018, "2017-09-30": 2.8925, "2017-06-30": 2.6285, "2017-03-31": "1.99270", "2016-12-31": 2.0055, "2016-09-30": 2.8082, "2016-06-30": 1.3513, "2016-03-31": "0.61020", "2015-12-31": 2.4194, "2015-09-30": 2.8743, "2015-06-30": 3.847, "2015-03-31": "1.23580", "2014-12-31": 3.4127, "2014-09-30": 4.6032, "2014-06-30": 4.1593, "2014-03-31": "4.40810", "2013-12-31": 5.3957, "2013-09-30": 5.372, "2013-06-30": 4.4099, "2013-03-31": "2.93940", "2012-12-31": 6.471, "2012-09-30": 3.9809, "2012-06-30": 5.0613, "2012-03-31": "4.23850", "2011-12-31": 4.5136, "2011-09-30": 5.8175, "2011-06-30": 5.3201, "2011-03-31": "4.88600", "2010-12-31": 4.1103, "2010-09-30": 3.9746, "2010-06-30": 3.7868, "2010-03-31": "3.75060", "2009-12-31": 3.507, "2009-09-30": 3.3302, "2009-06-30": 1.6422, "2009-03-31": "1.20230", "2008-12-31": 2.5091, "2008-09-30": 4.5306, "2008-06-30": 3.5177, "2008-03-31": "3.89720", "2007-12-31": 3.2914, "2007-09-30": 2.7323, "2007-06-30": 3.0548, "2007-03-31": "2.63680", "2006-12-31": 2.5862, "2006-09-30": 3.1117, "2006-06-30": 2.7785, "2006-03-31": "2.59460", "2005-12-31": 2.8719, "2005-09-30": 2.3277, "2005-06-30": 2.3489, "2005-03-31": "1.78100"}, "Free Cash Flow Per Share": {"2020-09-30": 1.0288, "2020-06-30": -1.0799, "2020-03-31": "0.85170", "2019-12-31": 0.76, "2019-09-30": 2.3669, "2019-06-30": 2.7308, "2019-03-31": "1.10690", "2018-12-31": 2.707, "2018-09-30": 3.1267, "2018-06-30": 1.8879, "2018-03-31": "1.06940", "2017-12-31": 1.2892, "2017-09-30": 1.1972, "2017-06-30": 0.9232, "2017-03-31": "0.24370", "2016-12-31": -0.1762, "2016-09-30": 0.682, "2016-06-30": -1.0324, "2016-03-31": "-2.36660", "2015-12-31": -1.5371, "2015-09-30": -0.7814, "2015-06-30": -0.225, "2015-03-31": "-2.81540", "2014-12-31": -1.6704, "2014-09-30": 0.2174, "2014-06-30": -0.5522, "2014-03-31": "-0.06650", "2013-12-31": -0.5999, "2013-09-30": 0.3627, "2013-06-30": -0.0321, "2013-03-31": "-1.27470", "2012-12-31": 1.1604, "2012-09-30": 0.1333, "2012-06-30": 1.454, "2012-03-31": "1.25940", "2011-12-31": 0.8731, "2011-09-30": 2.3959, "2011-06-30": 1.4514, "2011-03-31": "2.57350", "2010-12-31": 1.3687, "2010-09-30": 1.1912, "2010-06-30": 1.5193, "2010-03-31": "1.77130", "2009-12-31": 0.8323, "2009-09-30": 1.2962, "2009-06-30": -0.573, "2009-03-31": "-1.79040", "2008-12-31": -0.4168, "2008-09-30": 2.2079, "2008-06-30": 1.3134, "2008-03-31": "1.75700", "2007-12-31": 0.8265, "2007-09-30": 0.623, "2007-06-30": 1.317, "2007-03-31": "1.12610", "2006-12-31": 0.7138, "2006-09-30": 1.5192, "2006-06-30": 1.1105, "2006-03-31": "1.44030", "2005-12-31": 1.3304, "2005-09-30": 1.3332, "2005-06-30": 1.4682, "2005-03-31": "1.16010"}}, "revenue": {"Chevron Annual Revenue (Millions of US $)": {"2020": "$25,246", "2019": "$146,516", "2018": "$166,339", "2017": "$141,722", "2016": "$114,472", "2015": "$138,477", "2014": "$211,970", "2013": "$228,848", "2012": "$241,909", "2011": "$253,706", "2010": "$204,928", "2009": "$171,636", "2008": "$273,005", "2007": "$220,904", "2006": "$210,118", "2005": "$198,200"}, "Chevron Quarterly Revenue (Millions of US $)": {"2020-12-31": "$25,246", "2020-09-30": "$24,451", "2020-06-30": "$13,494", "2020-03-31": "$31,501", "2019-12-31": "$36,350", "2019-09-30": "$36,116", "2019-06-30": "$38,850", "2019-03-31": "$35,200", "2018-12-31": "$42,352", "2018-09-30": "$43,987", "2018-06-30": "$42,236", "2018-03-31": "$37,764", "2017-12-31": "$37,616", "2017-09-30": "$36,205", "2017-06-30": "$34,480", "2017-03-31": "$33,421", "2016-12-31": "$31,497", "2016-09-30": "$30,140", "2016-06-30": "$29,282", "2016-03-31": "$23,553", "2015-12-31": "$29,247", "2015-09-30": "$34,315", "2015-06-30": "$40,357", "2015-03-31": "$34,558", "2014-12-31": "$46,088", "2014-09-30": "$54,679", "2014-06-30": "$57,938", "2014-03-31": "$53,265", "2013-12-31": "$56,158", "2013-09-30": "$58,503", "2013-06-30": "$57,369", "2013-03-31": "$56,818", "2012-12-31": "$60,552", "2012-09-30": "$58,044", "2012-06-30": "$62,608", "2012-03-31": "$60,705", "2011-12-31": "$59,985", "2011-09-30": "$64,432", "2011-06-30": "$68,948", "2011-03-31": "$60,341", "2010-12-31": "$54,027", "2010-09-30": "$49,718", "2010-06-30": "$53,004", "2010-03-31": "$48,179", "2009-12-31": "$48,676", "2009-09-30": "$46,625", "2009-06-30": "$40,205", "2009-03-31": "$36,130", "2008-12-31": "$45,203", "2008-09-30": "$78,867", "2008-06-30": "$82,989", "2008-03-31": "$65,946", "2007-12-31": "$61,410", "2007-09-30": "$55,173", "2007-06-30": "$56,094", "2007-03-31": "$48,227", "2006-12-31": "$47,746", "2006-09-30": "$54,212", "2006-06-30": "$53,536", "2006-03-31": "$54,624", "2005-12-31": "$53,794", "2005-09-30": "$54,456", "2005-06-30": "$48,343", "2005-03-31": "$41,607"}}, "gross-profit": {"Chevron Annual Gross Profit (Millions of US $)": {"2020": "$25,246", "2019": "$62,267", "2018": "$66,894", "2017": "$53,626", "2016": "$43,483", "2015": "$56,696", "2014": "$79,759", "2013": "$81,089", "2012": "$88,767", "2011": "$88,155", "2010": "$70,270", "2009": "$54,392", "2008": "$80,305", "2007": "$65,329", "2006": "$61,084", "2005": "$49,450"}, "Chevron Quarterly Gross Profit (Millions of US $)": {"2020-12-31": "$10,583", "2020-09-30": "$9,912", "2020-06-30": "$4,385", "2020-03-31": "$14,825", "2019-12-31": "$15,688", "2019-09-30": "$15,175", "2019-06-30": "$16,968", "2019-03-31": "$14,436", "2018-12-31": "$17,531", "2018-09-30": "$18,047", "2018-06-30": "$16,129", "2018-03-31": "$15,187", "2017-12-31": "$13,276", "2017-09-30": "$14,216", "2017-06-30": "$13,090", "2017-03-31": "$13,044", "2016-12-31": "$11,652", "2016-09-30": "$11,336", "2016-06-30": "$11,031", "2016-03-31": "$9,464", "2015-12-31": "$11,821", "2015-09-30": "$13,985", "2015-06-30": "$16,643", "2015-03-31": "$14,247", "2014-12-31": "$18,707", "2014-09-30": "$20,702", "2014-06-30": "$20,927", "2014-03-31": "$19,423", "2013-12-31": "$20,256", "2013-09-30": "$20,315", "2013-06-30": "$19,747", "2013-03-31": "$20,771", "2012-12-31": "$23,342", "2012-09-30": "$20,823", "2012-06-30": "$22,802", "2012-03-31": "$21,800", "2011-12-31": "$20,942", "2011-09-30": "$23,288", "2011-06-30": "$23,346", "2011-03-31": "$20,579", "2010-12-31": "$19,295", "2010-09-30": "$16,549", "2010-06-30": "$17,863", "2010-03-31": "$16,563", "2009-12-31": "$15,487", "2009-09-30": "$15,012", "2009-06-30": "$12,141", "2009-03-31": "$11,752", "2008-12-31": "$17,081", "2008-09-30": "$24,015", "2008-06-30": "$21,234", "2008-03-31": "$17,975", "2007-12-31": "$17,794", "2007-09-30": "$15,647", "2007-06-30": "$17,213", "2007-03-31": "$14,675", "2006-12-31": "$14,555", "2006-09-30": "$16,733", "2006-06-30": "$15,636", "2006-03-31": "$14,160", "2005-12-31": "$14,485", "2005-09-30": "$13,073", "2005-06-30": "$11,902", "2005-03-31": "$9,990"}}, "operating-income": {"Chevron Annual Operating Income (Millions of US $)": {"2020": "$-957", "2019": "$5,536", "2018": "$20,575", "2017": "$9,221", "2016": "$-2,160", "2015": "$4,842", "2014": "$31,202", "2013": "$35,905", "2012": "$46,332", "2011": "$47,634", "2010": "$32,055", "2009": "$18,528", "2008": "$43,057", "2007": "$32,274", "2006": "$31,976", "2005": "$25,197"}, "Chevron Quarterly Operating Income (Millions of US $)": {"2020-12-31": "$-957", "2020-09-30": "$-44", "2020-06-30": "$-10,597", "2020-03-31": "$4,145", "2019-12-31": "$-8,405", "2019-09-30": "$4,049", "2019-06-30": "$5,935", "2019-03-31": "$3,957", "2018-12-31": "$4,898", "2018-09-30": "$5,699", "2018-06-30": "$4,905", "2018-03-31": "$5,073", "2017-12-31": "$1,481", "2017-09-30": "$2,658", "2017-06-30": "$1,953", "2017-03-31": "$3,129", "2016-12-31": "$512", "2016-09-30": "$1,109", "2016-06-30": "$-2,070", "2016-03-31": "$-1,711", "2015-12-31": "$-2,210", "2015-09-30": "$2,784", "2015-06-30": "$1,363", "2015-03-31": "$2,905", "2014-12-31": "$5,384", "2014-09-30": "$8,863", "2014-06-30": "$9,027", "2014-03-31": "$7,928", "2013-12-31": "$8,198", "2013-09-30": "$8,835", "2013-06-30": "$8,589", "2013-03-31": "$10,283", "2012-12-31": "$11,976", "2012-09-30": "$9,932", "2012-06-30": "$12,355", "2012-03-31": "$12,069", "2011-12-31": "$9,965", "2011-09-30": "$13,340", "2011-06-30": "$13,207", "2011-03-31": "$11,122", "2010-12-31": "$8,766", "2010-09-30": "$6,873", "2010-06-30": "$8,766", "2010-03-31": "$7,650", "2009-12-31": "$5,821", "2009-09-30": "$6,188", "2009-06-30": "$3,346", "2009-03-31": "$3,173", "2008-12-31": "$7,246", "2008-09-30": "$14,341", "2008-06-30": "$11,765", "2008-03-31": "$9,705", "2007-12-31": "$8,685", "2007-09-30": "$6,967", "2007-06-30": "$9,062", "2007-03-31": "$7,560", "2006-12-31": "$6,631", "2006-09-30": "$9,324", "2006-06-30": "$8,379", "2006-03-31": "$7,642", "2005-12-31": "$7,159", "2005-09-30": "$6,675", "2005-06-30": "$6,456", "2005-03-31": "$4,907"}}, "ebitda": {"Chevron Annual EBITDA (Millions of US $)": {"2019": "$35,552", "2018": "$40,742", "2017": "$28,877", "2016": "$17,498", "2015": "$25,879", "2014": "$47,995", "2013": "$50,091", "2012": "$59,745", "2011": "$60,545", "2010": "$45,168", "2009": "$30,666", "2008": "$52,585", "2007": "$41,148", "2006": "$39,863", "2005": "$31,496"}, "Chevron Quarterly EBITDA (Millions of US $)": {"2020-09-30": "$4,137", "2020-06-30": "$-3,708", "2020-03-31": "$8,595", "2019-12-31": "$8,202", "2019-09-30": "$8,607", "2019-06-30": "$10,467", "2019-03-31": "$8,276", "2018-12-31": "$10,340", "2018-09-30": "$11,261", "2018-06-30": "$9,620", "2018-03-31": "$9,521", "2017-12-31": "$6,389", "2017-09-30": "$7,802", "2017-06-30": "$7,312", "2017-03-31": "$7,374", "2016-12-31": "$4,773", "2016-09-30": "$5,303", "2016-06-30": "$4,730", "2016-03-31": "$2,692", "2015-12-31": "$3,190", "2015-09-30": "$7,052", "2015-06-30": "$8,321", "2015-03-31": "$7,316", "2014-12-31": "$10,257", "2014-09-30": "$12,811", "2014-06-30": "$12,869", "2014-03-31": "$12,058", "2013-12-31": "$11,833", "2013-09-30": "$12,493", "2013-06-30": "$12,001", "2013-03-31": "$13,764", "2012-12-31": "$15,530", "2012-09-30": "$13,302", "2012-06-30": "$15,639", "2012-03-31": "$15,274", "2011-12-31": "$13,278", "2011-09-30": "$16,555", "2011-06-30": "$16,464", "2011-03-31": "$14,248", "2010-12-31": "$12,209", "2010-09-30": "$10,283", "2010-06-30": "$11,924", "2010-03-31": "$10,752", "2009-12-31": "$8,977", "2009-09-30": "$9,190", "2009-06-30": "$6,451", "2009-03-31": "$6,048", "2008-12-31": "$9,835", "2008-09-30": "$16,790", "2008-06-30": "$14,040", "2008-03-31": "$11,920", "2007-12-31": "$10,786", "2007-09-30": "$9,460", "2007-06-30": "$11,261", "2007-03-31": "$9,569", "2006-12-31": "$8,709", "2006-09-30": "$11,331", "2006-06-30": "$10,285", "2006-03-31": "$9,538", "2005-12-31": "$8,986", "2005-09-30": "$8,321", "2005-06-30": "$7,862", "2005-03-31": "$6,327"}}, "net-income": {"Chevron Annual Net Income (Millions of US $)": {"2020": "$-665", "2019": "$2,924", "2018": "$14,824", "2017": "$9,195", "2016": "$-497", "2015": "$4,587", "2014": "$19,241", "2013": "$21,423", "2012": "$26,179", "2011": "$26,895", "2010": "$19,024", "2009": "$10,483", "2008": "$23,931", "2007": "$18,688", "2006": "$17,138", "2005": "$14,099"}, "Chevron Quarterly Net Income (Millions of US $)": {"2020-12-31": "$-665", "2020-09-30": "$-207", "2020-06-30": "$-8,270", "2020-03-31": "$3,599", "2019-12-31": "$-6,610", "2019-09-30": "$2,580", "2019-06-30": "$4,305", "2019-03-31": "$2,649", "2018-12-31": "$3,730", "2018-09-30": "$4,047", "2018-06-30": "$3,409", "2018-03-31": "$3,638", "2017-12-31": "$3,111", "2017-09-30": "$1,952", "2017-06-30": "$1,450", "2017-03-31": "$2,682", "2016-12-31": "$415", "2016-09-30": "$1,283", "2016-06-30": "$-1,470", "2016-03-31": "$-725", "2015-12-31": "$-588", "2015-09-30": "$2,037", "2015-06-30": "$571", "2015-03-31": "$2,567", "2014-12-31": "$3,471", "2014-09-30": "$5,593", "2014-06-30": "$5,665", "2014-03-31": "$4,512", "2013-12-31": "$4,930", "2013-09-30": "$4,950", "2013-06-30": "$5,365", "2013-03-31": "$6,178", "2012-12-31": "$7,245", "2012-09-30": "$5,253", "2012-06-30": "$7,210", "2012-03-31": "$6,471", "2011-12-31": "$5,123", "2011-09-30": "$7,829", "2011-06-30": "$7,732", "2011-03-31": "$6,211", "2010-12-31": "$5,295", "2010-09-30": "$3,768", "2010-06-30": "$5,409", "2010-03-31": "$4,552", "2009-12-31": "$3,070", "2009-09-30": "$3,831", "2009-06-30": "$1,745", "2009-03-31": "$1,837", "2008-12-31": "$4,895", "2008-09-30": "$7,893", "2008-06-30": "$5,975", "2008-03-31": "$5,168", "2007-12-31": "$4,875", "2007-09-30": "$3,718", "2007-06-30": "$5,380", "2007-03-31": "$4,715", "2006-12-31": "$3,772", "2006-09-30": "$5,017", "2006-06-30": "$4,353", "2006-03-31": "$3,996", "2005-12-31": "$4,144", "2005-09-30": "$3,594", "2005-06-30": "$3,684", "2005-03-31": "$2,677"}}, "eps-earnings-per-share-diluted": {"Chevron Annual EPS": {"2020": "$-2.96", "2019": "$1.54", "2018": "$7.74", "2017": "$4.85", "2016": "$-0.27", "2015": "$2.45", "2014": "$10.14", "2013": "$11.09", "2012": "$13.32", "2011": "$13.44", "2010": "$9.48", "2009": "$5.24", "2008": "$11.67", "2007": "$8.77", "2006": "$7.80", "2005": "$6.54"}, "Chevron Quarterly EPS": {"2020-12-31": "$-0.33", "2020-09-30": "$-0.12", "2020-06-30": "$-4.44", "2020-03-31": "$1.93", "2019-12-31": "$-3.48", "2019-09-30": "$1.36", "2019-06-30": "$2.27", "2019-03-31": "$1.39", "2018-12-31": "$1.95", "2018-09-30": "$2.11", "2018-06-30": "$1.78", "2018-03-31": "$1.90", "2017-12-31": "$1.64", "2017-09-30": "$1.03", "2017-06-30": "$0.77", "2017-03-31": "$1.41", "2016-12-31": "$0.22", "2016-09-30": "$0.68", "2016-06-30": "$-0.78", "2016-03-31": "$-0.39", "2015-12-31": "$-0.31", "2015-09-30": "$1.09", "2015-06-30": "$0.30", "2015-03-31": "$1.37", "2014-12-31": "$1.85", "2014-09-30": "$2.95", "2014-06-30": "$2.98", "2014-03-31": "$2.36", "2013-12-31": "$2.57", "2013-09-30": "$2.57", "2013-06-30": "$2.77", "2013-03-31": "$3.18", "2012-12-31": "$3.70", "2012-09-30": "$2.69", "2012-06-30": "$3.66", "2012-03-31": "$3.27", "2011-12-31": "$2.58", "2011-09-30": "$3.92", "2011-06-30": "$3.85", "2011-03-31": "$3.09", "2010-12-31": "$2.64", "2010-09-30": "$1.87", "2010-06-30": "$2.70", "2010-03-31": "$2.27", "2009-12-31": "$1.53", "2009-09-30": "$1.92", "2009-06-30": "$0.87", "2009-03-31": "$0.92", "2008-12-31": "$2.44", "2008-09-30": "$3.85", "2008-06-30": "$2.90", "2008-03-31": "$2.48", "2007-12-31": "$2.32", "2007-09-30": "$1.75", "2007-06-30": "$2.52", "2007-03-31": "$2.18", "2006-12-31": "$1.74", "2006-09-30": "$2.29", "2006-06-30": "$1.97", "2006-03-31": "$1.80", "2005-12-31": "$1.86", "2005-09-30": "$1.64", "2005-06-30": "$1.76", "2005-03-31": "$1.28"}}, "shares-outstanding": {"Chevron Annual Shares Outstanding (Millions of Shares)": {"2020": "1,870", "2019": "1,895", "2018": "1,914", "2017": "1,898", "2016": "1,873", "2015": "1,875", "2014": "1,898", "2013": "1,932", "2012": "1,965", "2011": "2,001", "2010": "2,007", "2009": "2,001", "2008": "2,050", "2007": "2,132", "2006": "2,197", "2005": "2,155"}, "Chevron Quarterly Shares Outstanding (Millions of Shares)": {"2020-12-31": "1,911", "2020-09-30": "1,854", "2020-06-30": "1,853", "2020-03-31": "1,866", "2019-12-31": "1,895", "2019-09-30": "1,894", "2019-06-30": "1,903", "2019-03-31": "1,901", "2018-12-31": "1,914", "2018-09-30": "1,917", "2018-06-30": "1,919", "2018-03-31": "1,913", "2017-12-31": "1,898", "2017-09-30": "1,896", "2017-06-30": "1,893", "2017-03-31": "1,895", "2016-12-31": "1,873", "2016-09-30": "1,883", "2016-06-30": "1,872", "2016-03-31": "1,870", "2015-12-31": "1,875", "2015-09-30": "1,872", "2015-06-30": "1,877", "2015-03-31": "1,876", "2014-12-31": "1,898", "2014-09-30": "1,896", "2014-06-30": "1,902", "2014-03-31": "1,909", "2013-12-31": "1,932", "2013-09-30": "1,930", "2013-06-30": "1,937", "2013-03-31": "1,944", "2012-12-31": "1,965", "2012-09-30": "1,960", "2012-06-30": "1,968", "2012-03-31": "1,979", "2011-12-31": "2,001", "2011-09-30": "1,999", "2011-06-30": "2,009", "2011-03-31": "2,009", "2010-12-31": "2,007", "2010-09-30": "2,007", "2010-06-30": "2,006", "2010-03-31": "2,004", "2009-12-31": "2,001", "2009-09-30": "2,001", "2009-06-30": "2,000", "2009-03-31": "2,000", "2008-12-31": "2,050", "2008-09-30": "2,045", "2008-06-30": "2,065", "2008-03-31": "2,080", "2007-12-31": "2,132", "2007-09-30": "2,124", "2007-06-30": "2,142", "2007-03-31": "2,158", "2006-12-31": "2,197", "2006-09-30": "2,190", "2006-06-30": "2,206", "2006-03-31": "2,224", "2005-12-31": "2,155", "2005-09-30": "2,194", "2005-06-30": "2,086", "2005-03-31": "2,100"}}, "total-assets": {"Chevron Annual Total Assets (Millions of US $)": {"2019": "$237,428", "2018": "$253,863", "2017": "$253,806", "2016": "$260,078", "2015": "$264,540", "2014": "$266,026", "2013": "$253,753", "2012": "$232,982", "2011": "$209,474", "2010": "$184,769", "2009": "$164,621", "2008": "$161,165", "2007": "$148,786", "2006": "$132,628", "2005": "$125,833"}, "Chevron Quarterly Total Assets (Millions of US $)": {"2020-09-30": "$223,063", "2020-06-30": "$223,403", "2020-03-31": "$236,677", "2019-12-31": "$237,428", "2019-09-30": "$256,537", "2019-06-30": "$255,878", "2019-03-31": "$256,809", "2018-12-31": "$253,863", "2018-09-30": "$256,606", "2018-06-30": "$257,929", "2018-03-31": "$256,442", "2017-12-31": "$253,806", "2017-09-30": "$255,160", "2017-06-30": "$254,599", "2017-03-31": "$259,111", "2016-12-31": "$260,078", "2016-09-30": "$259,863", "2016-06-30": "$261,478", "2016-03-31": "$263,842", "2015-12-31": "$264,540", "2015-09-30": "$268,449", "2015-06-30": "$266,455", "2015-03-31": "$269,604", "2014-12-31": "$266,026", "2014-09-30": "$265,431", "2014-06-30": "$262,045", "2014-03-31": "$258,238", "2013-12-31": "$253,753", "2013-09-30": "$247,838", "2013-06-30": "$244,048", "2013-03-31": "$237,410", "2012-12-31": "$232,982", "2012-09-30": "$226,864", "2012-06-30": "$219,379", "2012-03-31": "$214,890", "2011-12-31": "$209,474", "2011-09-30": "$204,099", "2011-06-30": "$201,717", "2011-03-31": "$194,736", "2010-12-31": "$184,769", "2010-09-30": "$177,199", "2010-06-30": "$171,746", "2010-03-31": "$168,932", "2009-12-31": "$164,621", "2009-09-30": "$162,561", "2009-06-30": "$161,201", "2009-03-31": "$159,426", "2008-12-31": "$161,165", "2008-09-30": "$165,710", "2008-06-30": "$163,066", "2008-03-31": "$152,847", "2007-12-31": "$148,786", "2007-09-30": "$139,554", "2007-06-30": "$139,606", "2007-03-31": "$136,006", "2006-12-31": "$132,628", "2006-09-30": "$134,121", "2006-06-30": "$131,183", "2006-03-31": "$127,731", "2005-12-31": "$125,833", "2005-09-30": "$124,809", "2005-06-30": "$99,040", "2005-03-31": "$95,803"}}, "cash-on-hand": {"Chevron Annual Cash on Hand (Millions of US $)": {"2019": "$5,749", "2018": "$10,345", "2017": "$4,822", "2016": "$7,001", "2015": "$11,332", "2014": "$13,215", "2013": "$16,516", "2012": "$21,913", "2011": "$20,071", "2010": "$17,070", "2009": "$8,822", "2008": "$9,560", "2007": "$8,094", "2006": "$11,446", "2005": "$11,144"}, "Chevron Quarterly Cash on Hand (Millions of US $)": {"2020-09-30": "$6,894", "2020-06-30": "$6,914", "2020-03-31": "$8,542", "2019-12-31": "$5,749", "2019-09-30": "$11,755", "2019-06-30": "$8,571", "2019-03-31": "$8,755", "2018-12-31": "$10,345", "2018-09-30": "$9,746", "2018-06-30": "$7,686", "2018-03-31": "$6,504", "2017-12-31": "$4,822", "2017-09-30": "$6,654", "2017-06-30": "$4,775", "2017-03-31": "$6,994", "2016-12-31": "$7,001", "2016-09-30": "$7,672", "2016-06-30": "$9,084", "2016-03-31": "$8,879", "2015-12-31": "$11,332", "2015-09-30": "$13,239", "2015-06-30": "$12,521", "2015-03-31": "$13,107", "2014-12-31": "$13,215", "2014-09-30": "$14,490", "2014-06-30": "$14,235", "2014-03-31": "$16,183", "2013-12-31": "$16,516", "2013-09-30": "$18,580", "2013-06-30": "$22,296", "2013-03-31": "$19,048", "2012-12-31": "$21,913", "2012-09-30": "$21,582", "2012-06-30": "$21,463", "2012-03-31": "$19,768", "2011-12-31": "$20,071", "2011-09-30": "$20,335", "2011-06-30": "$17,964", "2011-03-31": "$16,874", "2010-12-31": "$17,070", "2010-09-30": "$14,534", "2010-06-30": "$13,215", "2010-03-31": "$11,155", "2009-12-31": "$8,822", "2009-09-30": "$7,689", "2009-06-30": "$7,344", "2009-03-31": "$9,304", "2008-12-31": "$9,560", "2008-09-30": "$10,983", "2008-06-30": "$8,607", "2008-03-31": "$8,681", "2007-12-31": "$8,094", "2007-09-30": "$8,744", "2007-06-30": "$12,103", "2007-03-31": "$12,703", "2006-12-31": "$11,446", "2006-09-30": "$12,273", "2006-06-30": "$11,133", "2006-03-31": "$11,764", "2005-12-31": "$11,144", "2005-09-30": "$10,980", "2005-06-30": "$13,477", "2005-03-31": "$11,851"}}, "long-term-debt": {"Chevron Annual Long Term Debt (Millions of US $)": {"2019": "$23,691", "2018": "$28,733", "2017": "$33,571", "2016": "$35,286", "2015": "$33,622", "2014": "$24,028", "2013": "$20,057", "2012": "$12,065", "2011": "$9,812", "2010": "$11,289", "2009": "$10,130", "2008": "$6,083", "2007": "$6,070", "2006": "$7,679", "2005": "$12,131"}, "Chevron Quarterly Long Term Debt (Millions of US $)": {"2020-09-30": "$34,280", "2020-06-30": "$30,302", "2020-03-31": "$23,663", "2019-12-31": "$23,691", "2019-09-30": "$25,056", "2019-06-30": "$25,061", "2019-03-31": "$26,064", "2018-12-31": "$28,733", "2018-09-30": "$29,989", "2018-06-30": "$29,919", "2018-03-31": "$31,144", "2017-12-31": "$33,571", "2017-09-30": "$34,075", "2017-06-30": "$34,082", "2017-03-31": "$36,959", "2016-12-31": "$35,286", "2016-09-30": "$39,528", "2016-06-30": "$39,555", "2016-03-31": "$32,709", "2015-12-31": "$33,622", "2015-09-30": "$29,296", "2015-06-30": "$29,289", "2015-03-31": "$30,025", "2014-12-31": "$24,028", "2014-09-30": "$20,044", "2014-06-30": "$20,050", "2014-03-31": "$20,046", "2013-12-31": "$20,057", "2013-09-30": "$18,054", "2013-06-30": "$18,051", "2013-03-31": "$12,053", "2012-12-31": "$12,065", "2012-09-30": "$10,164", "2012-06-30": "$9,872", "2012-03-31": "$8,879", "2011-12-31": "$9,812", "2011-09-30": "$9,498", "2011-06-30": "$9,618", "2011-03-31": "$9,758", "2010-12-31": "$11,289", "2010-09-30": "$10,449", "2010-06-30": "$10,098", "2010-03-31": "$10,083", "2009-12-31": "$10,130", "2009-09-30": "$10,302", "2009-06-30": "$11,192", "2009-03-31": "$11,176", "2008-12-31": "$6,083", "2008-09-30": "$6,129", "2008-06-30": "$5,770", "2008-03-31": "$6,014", "2007-12-31": "$6,070", "2007-09-30": "$5,147", "2007-06-30": "$5,354", "2007-03-31": "$6,131", "2006-12-31": "$7,679", "2006-09-30": "$8,104", "2006-06-30": "$10,300", "2006-03-31": "$11,921", "2005-12-31": "$12,131", "2005-09-30": "$12,577", "2005-06-30": "$10,622", "2005-03-31": "$10,422"}}, "total-liabilities": {"Chevron Annual Total Liabilities (Millions of US $)": {"2019": "$92,220", "2018": "$98,221", "2017": "$104,487", "2016": "$113,356", "2015": "$110,654", "2014": "$109,835", "2013": "$103,326", "2012": "$95,150", "2011": "$87,293", "2010": "$78,958", "2009": "$72,060", "2008": "$74,048", "2007": "$71,698", "2006": "$63,693", "2005": "$63,157"}, "Chevron Quarterly Total Liabilities (Millions of US $)": {"2020-09-30": "$91,025", "2020-06-30": "$89,017", "2020-03-31": "$91,763", "2019-12-31": "$92,220", "2019-09-30": "$99,645", "2019-06-30": "$98,427", "2019-03-31": "$100,691", "2018-12-31": "$98,221", "2018-09-30": "$101,933", "2018-06-30": "$104,549", "2018-03-31": "$104,876", "2017-12-31": "$104,487", "2017-09-30": "$107,249", "2017-06-30": "$107,211", "2017-03-31": "$111,321", "2016-12-31": "$113,356", "2016-09-30": "$111,911", "2016-06-30": "$113,153", "2016-03-31": "$112,366", "2015-12-31": "$110,654", "2015-09-30": "$112,511", "2015-06-30": "$110,564", "2015-03-31": "$112,603", "2014-12-31": "$109,835", "2014-09-30": "$108,124", "2014-06-30": "$107,298", "2014-03-31": "$106,428", "2013-12-31": "$103,326", "2013-09-30": "$101,765", "2013-06-30": "$99,884", "2013-03-31": "$95,924", "2012-12-31": "$95,150", "2012-09-30": "$92,642", "2012-06-30": "$88,090", "2012-03-31": "$88,564", "2011-12-31": "$87,293", "2011-09-30": "$82,423", "2011-06-30": "$85,287", "2011-03-31": "$83,886", "2010-12-31": "$78,958", "2010-09-30": "$74,234", "2010-06-30": "$71,455", "2010-03-31": "$72,880", "2009-12-31": "$72,060", "2009-09-30": "$71,339", "2009-06-30": "$72,721", "2009-03-31": "$71,610", "2008-12-31": "$74,048", "2008-09-30": "$78,756", "2008-06-30": "$80,798", "2008-03-31": "$73,641", "2007-12-31": "$71,698", "2007-09-30": "$64,610", "2007-06-30": "$65,427", "2007-03-31": "$64,546", "2006-12-31": "$63,693", "2006-09-30": "$64,519", "2006-06-30": "$64,277", "2006-03-31": "$62,890", "2005-12-31": "$63,157", "2005-09-30": "$64,622", "2005-06-30": "$50,505", "2005-03-31": "$49,211"}}, "total-share-holder-equity": {"Chevron Annual Share Holder Equity (Millions of US $)": {"2019": "$145,208", "2018": "$155,642", "2017": "$149,319", "2016": "$146,722", "2015": "$153,886", "2014": "$156,191", "2013": "$150,427", "2012": "$137,832", "2011": "$122,181", "2010": "$105,811", "2009": "$92,561", "2008": "$87,117", "2007": "$77,088", "2006": "$68,935", "2005": "$62,676"}, "Chevron Quarterly Share Holder Equity (Millions of US $)": {"2020-09-30": "$132,038", "2020-06-30": "$134,386", "2020-03-31": "$144,914", "2019-12-31": "$145,208", "2019-09-30": "$156,892", "2019-06-30": "$157,451", "2019-03-31": "$156,118", "2018-12-31": "$155,642", "2018-09-30": "$154,673", "2018-06-30": "$153,380", "2018-03-31": "$151,566", "2017-12-31": "$149,319", "2017-09-30": "$147,911", "2017-06-30": "$147,388", "2017-03-31": "$147,790", "2016-12-31": "$146,722", "2016-09-30": "$147,952", "2016-06-30": "$148,325", "2016-03-31": "$151,476", "2015-12-31": "$153,886", "2015-09-30": "$155,938", "2015-06-30": "$155,891", "2015-03-31": "$157,001", "2014-12-31": "$156,191", "2014-09-30": "$157,307", "2014-06-30": "$154,747", "2014-03-31": "$151,810", "2013-12-31": "$150,427", "2013-09-30": "$146,073", "2013-06-30": "$144,164", "2013-03-31": "$141,486", "2012-12-31": "$137,832", "2012-09-30": "$134,222", "2012-06-30": "$131,289", "2012-03-31": "$126,326", "2011-12-31": "$122,181", "2011-09-30": "$121,676", "2011-06-30": "$116,430", "2011-03-31": "$110,850", "2010-12-31": "$105,811", "2010-09-30": "$102,965", "2010-06-30": "$100,291", "2010-03-31": "$96,052", "2009-12-31": "$92,561", "2009-09-30": "$91,222", "2009-06-30": "$88,480", "2009-03-31": "$87,816", "2008-12-31": "$87,117", "2008-09-30": "$86,954", "2008-06-30": "$82,268", "2008-03-31": "$79,206", "2007-12-31": "$77,088", "2007-09-30": "$74,944", "2007-06-30": "$74,179", "2007-03-31": "$71,460", "2006-12-31": "$68,935", "2006-09-30": "$69,602", "2006-06-30": "$66,906", "2006-03-31": "$64,841", "2005-12-31": "$62,676", "2005-09-30": "$60,187", "2005-06-30": "$48,535", "2005-03-31": "$46,592"}}, "profit-margins": {"current": "-5.85%"}, "gross margin": {"2020-12-31": "41.93%", "2020-09-30": "42.36%", "2020-06-30": "42.63%", "2020-03-31": "43.87%", "2019-12-31": "42.50%", "2019-09-30": "42.03%", "2019-06-30": "41.76%", "2019-03-31": "40.39%", "2018-12-31": "40.22%", "2018-09-30": "38.76%", "2018-06-30": "38.23%", "2018-03-31": "38.18%", "2017-12-31": "37.84%", "2017-09-30": "38.35%", "2017-06-30": "37.92%", "2017-03-31": "37.85%", "2016-12-31": "37.99%", "2016-09-30": "38.90%", "2016-06-30": "39.78%", "2016-03-31": "40.73%", "2015-12-31": "40.94%", "2015-09-30": "40.94%", "2015-06-30": "40.01%", "2015-03-31": "38.59%", "2014-12-31": "37.63%", "2014-09-30": "36.62%", "2014-06-30": "35.83%", "2014-03-31": "35.39%", "2013-12-31": "35.43%", "2013-09-30": "36.09%", "2013-06-30": "36.38%", "2013-03-31": "36.86%", "2012-12-31": "36.69%", "2012-09-30": "35.79%", "2012-06-30": "35.86%", "2012-03-31": "35.18%", "2011-12-31": "34.75%", "2011-09-30": "34.92%", "2011-06-30": "34.23%", "2011-03-31": "34.22%", "2010-12-31": "34.29%", "2010-09-30": "33.30%", "2010-06-30": "33.04%", "2010-03-31": "32.23%", "2009-12-31": "31.69%", "2009-09-30": "33.29%", "2009-06-30": "32.43%", "2009-03-31": "30.46%", "2008-12-31": "29.42%", "2008-09-30": "28.01%", "2008-06-30": "27.36%", "2008-03-31": "28.76%", "2007-12-31": "29.57%", "2007-09-30": "29.96%", "2007-06-30": "30.63%", "2007-03-31": "30.24%", "2006-12-31": "29.07%", "2006-09-30": "28.23%", "2006-06-30": "26.50%", "2006-03-31": "25.39%", "2005-12-31": "24.95%"}, "operating margin": {"2020-12-31": "-7.87%", "2020-09-30": "-14.08%", "2020-06-30": "-9.20%", "2020-03-31": "4.01%", "2019-12-31": "3.78%", "2019-09-30": "12.35%", "2019-06-30": "12.77%", "2019-03-31": "11.88%", "2018-12-31": "12.37%", "2018-09-30": "10.62%", "2018-06-30": "9.18%", "2018-03-31": "7.64%", "2017-12-31": "6.51%", "2017-09-30": "6.09%", "2017-06-30": "5.17%", "2017-03-31": "2.16%", "2016-12-31": "-1.89%", "2016-09-30": "-4.35%", "2016-06-30": "-2.76%", "2016-03-31": "0.18%", "2015-12-31": "3.50%", "2015-09-30": "8.01%", "2015-06-30": "10.54%", "2015-03-31": "13.55%", "2014-12-31": "14.72%", "2014-09-30": "15.32%", "2014-06-30": "15.05%", "2014-03-31": "14.89%", "2013-12-31": "15.69%", "2013-09-30": "17.01%", "2013-06-30": "17.52%", "2013-03-31": "18.72%", "2012-12-31": "19.15%", "2012-09-30": "18.36%", "2012-06-30": "19.27%", "2012-03-31": "19.12%", "2011-12-31": "18.78%", "2011-09-30": "18.74%", "2011-06-30": "17.15%", "2011-03-31": "16.37%", "2010-12-31": "15.64%", "2010-09-30": "14.59%", "2010-06-30": "14.47%", "2010-03-31": "12.52%", "2009-12-31": "10.79%", "2009-09-30": "11.87%", "2009-06-30": "14.02%", "2009-03-31": "15.02%", "2008-12-31": "15.77%", "2008-09-30": "15.39%", "2008-06-30": "13.98%", "2008-03-31": "14.42%", "2007-12-31": "14.61%", "2007-09-30": "14.58%", "2007-06-30": "15.79%", "2007-03-31": "15.66%", "2006-12-31": "15.22%", "2006-09-30": "15.04%", "2006-06-30": "13.80%", "2006-03-31": "13.22%", "2005-12-31": "12.71%"}, "ebitda margin": {"2020-09-30": "16.28%", "2020-06-30": "18.47%", "2020-03-31": "25.12%", "2019-12-31": "24.26%", "2019-09-30": "24.71%", "2019-06-30": "25.15%", "2019-03-31": "24.12%", "2018-12-31": "24.49%", "2018-09-30": "22.77%", "2018-06-30": "21.67%", "2018-03-31": "21.24%", "2017-12-31": "20.38%", "2017-09-30": "20.10%", "2017-06-30": "19.12%", "2017-03-31": "17.84%", "2016-12-31": "15.29%", "2016-09-30": "14.18%", "2016-06-30": "15.18%", "2016-03-31": "16.67%", "2015-12-31": "18.69%", "2015-09-30": "21.21%", "2015-06-30": "22.03%", "2015-03-31": "22.38%", "2014-12-31": "22.64%", "2014-09-30": "22.33%", "2014-06-30": "21.81%", "2014-03-31": "21.48%", "2013-12-31": "21.89%", "2013-09-30": "23.06%", "2013-06-30": "23.45%", "2013-03-31": "24.47%", "2012-12-31": "24.70%", "2012-09-30": "23.82%", "2012-06-30": "24.52%", "2012-03-31": "24.23%", "2011-12-31": "23.86%", "2011-09-30": "24.01%", "2011-06-30": "22.83%", "2011-03-31": "22.42%", "2010-12-31": "22.04%", "2010-09-30": "21.01%", "2010-06-30": "20.79%", "2010-03-31": "19.26%", "2009-12-31": "17.87%", "2009-09-30": "18.75%", "2009-06-30": "19.52%", "2009-03-31": "19.21%", "2008-12-31": "19.26%", "2008-09-30": "18.51%", "2008-06-30": "17.40%", "2008-03-31": "18.20%", "2007-12-31": "18.59%", "2007-09-30": "18.82%", "2007-06-30": "19.81%", "2007-03-31": "19.58%", "2006-12-31": "18.97%", "2006-09-30": "18.57%", "2006-06-30": "17.16%", "2006-03-31": "16.43%", "2005-12-31": "15.89%"}, "pre tax profit margin": {"2020-12-31": "-7.87%", "2020-09-30": "-14.08%", "2020-06-30": "-9.20%", "2020-03-31": "4.01%", "2019-12-31": "3.78%", "2019-09-30": "12.35%", "2019-06-30": "12.77%", "2019-03-31": "11.88%", "2018-12-31": "12.37%", "2018-09-30": "10.62%", "2018-06-30": "9.18%", "2018-03-31": "7.64%", "2017-12-31": "6.51%", "2017-09-30": "6.09%", "2017-06-30": "5.17%", "2017-03-31": "2.16%", "2016-12-31": "-1.89%", "2016-09-30": "-4.35%", "2016-06-30": "-2.76%", "2016-03-31": "0.18%", "2015-12-31": "3.50%", "2015-09-30": "8.01%", "2015-06-30": "10.54%", "2015-03-31": "13.55%", "2014-12-31": "14.72%", "2014-09-30": "15.32%", "2014-06-30": "15.05%", "2014-03-31": "14.89%", "2013-12-31": "15.69%", "2013-09-30": "17.01%", "2013-06-30": "17.52%", "2013-03-31": "18.72%", "2012-12-31": "19.15%", "2012-09-30": "18.36%", "2012-06-30": "19.27%", "2012-03-31": "19.12%", "2011-12-31": "18.78%", "2011-09-30": "18.74%", "2011-06-30": "17.15%", "2011-03-31": "16.37%", "2010-12-31": "15.64%", "2010-09-30": "14.59%", "2010-06-30": "14.47%", "2010-03-31": "12.52%", "2009-12-31": "10.79%", "2009-09-30": "11.87%", "2009-06-30": "14.02%", "2009-03-31": "15.02%", "2008-12-31": "15.77%", "2008-09-30": "15.39%", "2008-06-30": "13.98%", "2008-03-31": "14.42%", "2007-12-31": "14.61%", "2007-09-30": "14.58%", "2007-06-30": "15.79%", "2007-03-31": "15.66%", "2006-12-31": "15.22%", "2006-09-30": "15.04%", "2006-06-30": "13.80%", "2006-03-31": "13.22%", "2005-12-31": "12.71%"}, "net profit margin": {"2020-12-31": "-5.85%", "2020-09-30": "-10.86%", "2020-06-30": "-7.41%", "2020-03-31": "2.71%", "2019-12-31": "2.00%", "2019-09-30": "8.70%", "2019-06-30": "9.18%", "2019-03-31": "8.45%", "2018-12-31": "8.91%", "2018-09-30": "8.79%", "2018-06-30": "7.87%", "2018-03-31": "6.95%", "2017-12-31": "6.49%", "2017-09-30": "4.79%", "2017-06-30": "4.50%", "2017-03-31": "2.34%", "2016-12-31": "-0.43%", "2016-09-30": "-1.34%", "2016-06-30": "-0.64%", "2016-03-31": "1.02%", "2015-12-31": "3.31%", "2015-09-30": "5.57%", "2015-06-30": "6.95%", "2015-03-31": "8.95%", "2014-12-31": "9.08%", "2014-09-30": "9.32%", "2014-06-30": "8.88%", "2014-03-31": "8.77%", "2013-12-31": "9.36%", "2013-09-30": "10.18%", "2013-06-30": "10.33%", "2013-03-31": "10.88%", "2012-12-31": "10.82%", "2012-09-30": "9.97%", "2012-06-30": "10.75%", "2012-03-31": "10.69%", "2011-12-31": "10.60%", "2011-09-30": "10.93%", "2011-06-30": "9.87%", "2011-03-31": "9.53%", "2010-12-31": "9.28%", "2010-09-30": "8.42%", "2010-06-30": "8.58%", "2010-03-31": "7.19%", "2009-12-31": "6.11%", "2009-09-30": "7.32%", "2009-06-30": "8.17%", "2009-03-31": "8.47%", "2008-12-31": "8.77%", "2008-09-30": "8.27%", "2008-06-30": "7.43%", "2008-03-31": "8.02%", "2007-12-31": "8.46%", "2007-09-30": "8.49%", "2007-06-30": "9.15%", "2007-03-31": "8.77%", "2006-12-31": "8.16%", "2006-09-30": "8.10%", "2006-06-30": "7.43%", "2006-03-31": "7.30%", "2005-12-31": "7.11%"}, "pe ratio": {"current": "0.00", "2021-02-05": "0.00", "2020-12-31": "0.00", "2020-09-30": "0.00", "2020-06-30": "0.00", "2020-03-31": "33.85", "2019-12-31": "75.55", "2019-09-30": "15.95", "2019-06-30": "14.96", "2019-03-31": "15.65", "2018-12-31": "12.79", "2018-09-30": "14.83", "2018-06-30": "17.77", "2018-03-31": "18.90", "2017-12-31": "22.62", "2017-09-30": "29.73", "2017-06-30": "29.11", "2017-03-31": "59.69", "2016-12-31": "0.00", "2016-09-30": "0.00", "2016-06-30": "0.00", "2016-03-31": "112.93", "2015-12-31": "29.62", "2015-09-30": "13.64", "2015-06-30": "11.74", "2015-03-31": "8.94", "2014-12-31": "8.54", "2014-09-30": "8.40", "2014-06-30": "9.45", "2014-03-31": "8.71", "2013-12-31": "8.40", "2013-09-30": "7.35", "2013-06-30": "7.03", "2013-03-31": "6.53", "2012-12-31": "5.86", "2012-09-30": "6.83", "2012-06-30": "5.57", "2012-03-31": "5.54", "2011-12-31": "5.53", "2011-09-30": "4.75", "2011-06-30": "6.17", "2011-03-31": "7.11", "2010-12-31": "6.51", "2010-09-30": "6.49", "2010-06-30": "5.36", "2010-03-31": "7.58", "2009-12-31": "9.58", "2009-09-30": "7.40", "2009-06-30": "5.25", "2009-03-31": "4.22", "2008-12-31": "3.98", "2008-09-30": "4.44", "2008-06-30": "6.48", "2008-03-31": "5.77", "2007-12-31": "6.48", "2007-09-30": "6.92", "2007-06-30": "5.80", "2007-03-31": "5.39", "2006-12-31": "5.58"}, "price sales": {"2021-02-05": "1.77", "2020-12-31": "1.67", "2020-09-30": "1.25", "2020-06-30": "1.39", "2020-03-31": "0.92", "2019-12-31": "1.48", "2019-09-30": "1.39", "2019-06-30": "1.37", "2019-03-31": "1.32", "2018-12-31": "1.14", "2018-09-30": "1.30", "2018-06-30": "1.40", "2018-03-31": "1.31", "2017-12-31": "1.47", "2017-09-30": "1.42", "2017-06-30": "1.31", "2017-03-31": "1.38", "2016-12-31": "1.62", "2016-09-30": "1.43", "2016-06-30": "1.39", "2016-03-31": "1.15", "2015-12-31": "0.98", "2015-09-30": "0.76", "2015-06-30": "0.82", "2015-03-31": "0.80", "2014-12-31": "0.78", "2014-09-30": "0.79", "2014-06-30": "0.84", "2014-03-31": "0.76", "2013-12-31": "0.79", "2013-09-30": "0.75", "2013-06-30": "0.73", "2013-03-31": "0.71", "2012-12-31": "0.63", "2012-09-30": "0.68", "2012-06-30": "0.60", "2012-03-31": "0.59", "2011-12-31": "0.59", "2011-09-30": "0.52", "2011-06-30": "0.61", "2011-03-31": "0.68", "2010-12-31": "0.60", "2010-09-30": "0.55", "2010-06-30": "0.46", "2010-03-31": "0.54", "2009-12-31": "0.59", "2009-09-30": "0.55", "2009-06-30": "0.43", "2009-03-31": "0.36", "2008-12-31": "0.35", "2008-09-30": "0.37", "2008-06-30": "0.48", "2008-03-31": "0.46", "2007-12-31": "0.55", "2007-09-30": "0.59", "2007-06-30": "0.53", "2007-03-31": "0.47", "2006-12-31": "0.46"}, "price book": {"current": "1.26", "2021-02-05": "1.26", "2020-09-30": "1.00", "2020-06-30": "1.20", "2020-03-31": "0.89", "2019-12-31": "1.48", "2019-09-30": "1.34", "2019-06-30": "1.39", "2019-03-31": "1.38", "2018-12-31": "1.21", "2018-09-30": "1.36", "2018-06-30": "1.41", "2018-03-31": "1.27", "2017-12-31": "1.40", "2017-09-30": "1.31", "2017-06-30": "1.15", "2017-03-31": "1.17", "2016-12-31": "1.28", "2016-09-30": "1.10", "2016-06-30": "1.10", "2016-03-31": "0.97", "2015-12-31": "0.89", "2015-09-30": "0.76", "2015-06-30": "0.92", "2015-03-31": "0.98", "2014-12-31": "1.04", "2014-09-30": "1.10", "2014-06-30": "1.22", "2014-03-31": "1.12", "2013-12-31": "1.18", "2013-09-30": "1.18", "2013-06-30": "1.16", "2013-03-31": "1.18", "2012-12-31": "1.10", "2012-09-30": "1.22", "2012-06-30": "1.12", "2012-03-31": "1.18", "2011-12-31": "1.20", "2011-09-30": "1.05", "2011-06-30": "1.22", "2011-03-31": "1.33", "2010-12-31": "1.17", "2010-09-30": "1.06", "2010-06-30": "0.90", "2010-03-31": "1.04", "2009-12-31": "1.09", "2009-09-30": "1.00", "2009-06-30": "0.96", "2009-03-31": "0.97", "2008-12-31": "1.07", "2008-09-30": "1.20", "2008-06-30": "1.53", "2008-03-31": "1.37", "2007-12-31": "1.54", "2007-09-30": "1.60", "2007-06-30": "1.45", "2007-03-31": "1.33", "2006-12-31": "1.37", "2006-09-30": "1.19", "2006-06-30": "1.19", "2006-03-31": "1.15"}, "price fcf": {"2021-02-05": "", "2020-09-30": "$1.56", "2020-06-30": "$2.90", "2020-03-31": "$6.71", "2019-12-31": "$6.96", "2019-09-30": "$8.91", "2019-06-30": "$9.67", "2019-03-31": "$8.83", "2018-12-31": "$8.79", "2018-09-30": "$7.37", "2018-06-30": "$5.44", "2018-03-31": "$4.48", "2017-12-31": "$3.65", "2017-09-30": "$2.19", "2017-06-30": "$1.67", "2017-03-31": "$-0.28", "2016-12-31": "$-2.89", "2016-09-30": "$-4.25", "2016-06-30": "$-5.72", "2016-03-31": "$-4.91", "2015-12-31": "$-5.36", "2015-09-30": "$-5.49", "2015-06-30": "$-4.49", "2015-03-31": "$-4.82", "2014-12-31": "$-2.07", "2014-09-30": "$-1.00", "2014-06-30": "$-0.86", "2014-03-31": "$-0.34", "2013-12-31": "$-1.54", "2013-09-30": "$0.22", "2013-06-30": "$-0.01", "2013-03-31": "$1.47", "2012-12-31": "$4.01", "2012-09-30": "$3.72", "2012-06-30": "$5.98", "2012-03-31": "$5.98", "2011-12-31": "$7.29", "2011-09-30": "$7.79", "2011-06-30": "$6.58", "2011-03-31": "$6.65", "2010-12-31": "$5.85", "2010-09-30": "$5.31", "2010-06-30": "$5.42", "2010-03-31": "$3.33", "2009-12-31": "$-0.23", "2009-09-30": "$-1.48", "2009-06-30": "$-0.57", "2009-03-31": "$1.31", "2008-12-31": "$4.86", "2008-09-30": "$6.10", "2008-06-30": "$4.52", "2008-03-31": "$4.52", "2007-12-31": "$3.89", "2007-09-30": "$3.78", "2007-06-30": "$4.68", "2007-03-31": "$4.47", "2006-12-31": "$4.78"}, "net worth": {"value": "$166.68B"}, "current ratio": {"2020-12-31": "0.00", "2020-09-30": "1.26", "2020-06-30": "1.14", "2020-03-31": "1.01", "2019-12-31": "1.07", "2019-09-30": "1.12", "2019-06-30": "1.15", "2019-03-31": "1.12", "2018-12-31": "1.25", "2018-09-30": "1.22", "2018-06-30": "1.08", "2018-03-31": "1.04", "2017-12-31": "1.03", "2017-09-30": "1.04", "2017-06-30": "0.95", "2017-03-31": "1.04", "2016-12-31": "0.93", "2016-09-30": "1.17", "2016-06-30": "1.30", "2016-03-31": "1.09", "2015-12-31": "1.35", "2015-09-30": "1.32", "2015-06-30": "1.44", "2015-03-31": "1.40", "2014-12-31": "1.32", "2014-09-30": "1.27", "2014-06-30": "1.35", "2014-03-31": "1.40", "2013-12-31": "1.52", "2013-09-30": "1.60", "2013-06-30": "1.68", "2013-03-31": "1.58", "2012-12-31": "1.63", "2012-09-30": "1.64", "2012-06-30": "1.72", "2012-03-31": "1.61", "2011-12-31": "1.58", "2011-09-30": "1.64", "2011-06-30": "1.53", "2011-03-31": "1.53", "2010-12-31": "1.68", "2010-09-30": "1.66", "2010-06-30": "1.63", "2010-03-31": "1.48", "2009-12-31": "1.42", "2009-09-30": "1.40", "2009-06-30": "1.37", "2009-03-31": "1.37", "2008-12-31": "1.14", "2008-09-30": "1.20", "2008-06-30": "1.17", "2008-03-31": "1.17", "2007-12-31": "1.17", "2007-09-30": "1.27", "2007-06-30": "1.31", "2007-03-31": "1.29", "2006-12-31": "1.28", "2006-09-30": "1.32", "2006-06-30": "1.36", "2006-03-31": "1.43", "2005-12-31": "1.37", "2005-09-30": "1.37", "2005-06-30": "1.65", "2005-03-31": "1.58"}, "quick ratio": {"2020-12-31": "0.00", "2020-09-30": "0.97", "2020-06-30": "0.88", "2020-03-31": "0.78", "2019-12-31": "0.85", "2019-09-30": "0.93", "2019-06-30": "0.91", "2019-03-31": "0.90", "2018-12-31": "1.04", "2018-09-30": "1.01", "2018-06-30": "0.87", "2018-03-31": "0.84", "2017-12-31": "0.83", "2017-09-30": "0.84", "2017-06-30": "0.74", "2017-03-31": "0.83", "2016-12-31": "0.76", "2016-09-30": "0.93", "2016-06-30": "1.05", "2016-03-31": "0.86", "2015-12-31": "1.10", "2015-09-30": "1.09", "2015-06-30": "1.19", "2015-03-31": "1.17", "2014-12-31": "1.12", "2014-09-30": "1.07", "2014-06-30": "1.15", "2014-03-31": "1.19", "2013-12-31": "1.33", "2013-09-30": "1.39", "2013-06-30": "1.46", "2013-03-31": "1.39", "2012-12-31": "1.45", "2012-09-30": "1.42", "2012-06-30": "1.50", "2012-03-31": "1.40", "2011-12-31": "1.42", "2011-09-30": "1.45", "2011-06-30": "1.33", "2011-03-31": "1.34", "2010-12-31": "1.49", "2010-09-30": "1.43", "2010-06-30": "1.40", "2010-03-31": "1.26", "2009-12-31": "1.21", "2009-09-30": "1.15", "2009-06-30": "1.11", "2009-03-31": "1.11", "2008-12-31": "0.93", "2008-09-30": "1.04", "2008-06-30": "1.02", "2008-03-31": "1.01", "2007-12-31": "1.01", "2007-09-30": "1.08", "2007-06-30": "1.14", "2007-03-31": "1.13", "2006-12-31": "1.11", "2006-09-30": "1.14", "2006-06-30": "1.18", "2006-03-31": "1.26", "2005-12-31": "1.21", "2005-09-30": "1.23", "2005-06-30": "1.48", "2005-03-31": "1.43"}, "debt equity ratio": {"current": "0.26", "2020-12-31": "0.00", "2020-09-30": "0.69", "2020-06-30": "0.66", "2020-03-31": "0.63", "2019-12-31": "0.64", "2019-09-30": "0.64", "2019-06-30": "0.63", "2019-03-31": "0.65", "2018-12-31": "0.63", "2018-09-30": "0.66", "2018-06-30": "0.68", "2018-03-31": "0.69", "2017-12-31": "0.70", "2017-09-30": "0.73", "2017-06-30": "0.73", "2017-03-31": "0.75", "2016-12-31": "0.77", "2016-09-30": "0.76", "2016-06-30": "0.76", "2016-03-31": "0.74", "2015-12-31": "0.72", "2015-09-30": "0.72", "2015-06-30": "0.71", "2015-03-31": "0.72", "2014-12-31": "0.70", "2014-09-30": "0.69", "2014-06-30": "0.69", "2014-03-31": "0.70", "2013-12-31": "0.69", "2013-09-30": "0.70", "2013-06-30": "0.69", "2013-03-31": "0.68", "2012-12-31": "0.69", "2012-09-30": "0.69", "2012-06-30": "0.67", "2012-03-31": "0.70", "2011-12-31": "0.71", "2011-09-30": "0.68", "2011-06-30": "0.73", "2011-03-31": "0.76", "2010-12-31": "0.75", "2010-09-30": "0.72", "2010-06-30": "0.71", "2010-03-31": "0.76", "2009-12-31": "0.78", "2009-09-30": "0.78", "2009-06-30": "0.82", "2009-03-31": "0.82", "2008-12-31": "0.85", "2008-09-30": "0.91", "2008-06-30": "0.98", "2008-03-31": "0.93", "2007-12-31": "0.93", "2007-09-30": "0.86", "2007-06-30": "0.88", "2007-03-31": "0.90", "2006-12-31": "0.92", "2006-09-30": "0.93", "2006-06-30": "0.96", "2006-03-31": "0.97", "2005-12-31": "1.01", "2005-09-30": "1.07", "2005-06-30": "1.04", "2005-03-31": "1.06"}, "return on equity": {"2020-12-31": "-5.39%", "2020-09-30": "-8.26%", "2020-06-30": "-5.99%", "2020-03-31": "2.56%", "2019-12-31": "1.90%", "2019-09-30": "8.47%", "2019-06-30": "9.44%", "2019-03-31": "8.93%", "2018-12-31": "9.64%", "2018-09-30": "9.33%", "2018-06-30": "8.04%", "2018-03-31": "6.81%", "2017-12-31": "6.21%", "2017-09-30": "4.41%", "2017-06-30": "3.95%", "2017-03-31": "1.97%", "2016-12-31": "-0.33%", "2016-09-30": "-1.00%", "2016-06-30": "-0.49%", "2016-03-31": "0.84%", "2015-12-31": "2.95%", "2015-09-30": "5.53%", "2015-06-30": "7.79%", "2015-03-31": "11.07%", "2014-12-31": "12.41%", "2014-09-30": "13.48%", "2014-06-30": "13.30%", "2014-03-31": "13.34%", "2013-12-31": "14.72%", "2013-09-30": "16.67%", "2013-06-30": "17.24%", "2013-03-31": "19.00%", "2012-12-31": "19.77%", "2012-09-30": "18.72%", "2012-06-30": "21.24%", "2012-03-31": "22.32%", "2011-12-31": "22.83%", "2011-09-30": "23.81%", "2011-06-30": "21.10%", "2011-03-31": "19.70%", "2010-12-31": "18.78%", "2010-09-30": "17.15%", "2010-06-30": "17.74%", "2010-03-31": "14.33%", "2009-12-31": "11.65%", "2009-09-30": "13.88%", "2009-06-30": "18.69%", "2009-03-31": "23.94%", "2008-12-31": "28.53%", "2008-09-30": "29.38%", "2008-06-30": "25.18%", "2008-03-31": "25.07%", "2007-12-31": "25.11%", "2007-09-30": "24.30%", "2007-06-30": "26.58%", "2007-03-31": "25.80%", "2006-12-31": "25.36%", "2006-09-30": "26.53%", "2006-06-30": "25.27%", "2006-03-31": "26.11%", "2005-12-31": "25.87%"}, "return on assets": {"2020-12-31": "-3.25%", "2020-09-30": "-4.99%", "2020-06-30": "-3.65%", "2020-03-31": "1.57%", "2019-12-31": "1.16%", "2019-09-30": "5.19%", "2019-06-30": "5.76%", "2019-03-31": "5.40%", "2018-12-31": "5.79%", "2018-09-30": "5.54%", "2018-06-30": "4.73%", "2018-03-31": "3.98%", "2017-12-31": "3.60%", "2017-09-30": "2.53%", "2017-06-30": "2.26%", "2017-03-31": "1.12%", "2016-12-31": "-0.19%", "2016-09-30": "-0.57%", "2016-06-30": "-0.28%", "2016-03-31": "0.49%", "2015-12-31": "1.72%", "2015-09-30": "3.23%", "2015-06-30": "4.57%", "2015-03-31": "6.51%", "2014-12-31": "7.32%", "2014-09-30": "7.97%", "2014-06-30": "7.85%", "2014-03-31": "7.87%", "2013-12-31": "8.72%", "2013-09-30": "9.87%", "2013-06-30": "10.22%", "2013-03-31": "11.30%", "2012-12-31": "11.71%", "2012-09-30": "11.05%", "2012-06-30": "12.57%", "2012-03-31": "13.08%", "2011-12-31": "13.28%", "2011-09-30": "13.79%", "2011-06-30": "12.13%", "2011-03-31": "11.36%", "2010-12-31": "10.83%", "2010-09-30": "9.85%", "2010-06-30": "10.10%", "2010-03-31": "8.03%", "2009-12-31": "6.47%", "2009-09-30": "7.64%", "2009-06-30": "10.11%", "2009-03-31": "12.69%", "2008-12-31": "14.89%", "2008-09-30": "15.17%", "2008-06-30": "13.06%", "2008-03-31": "13.18%", "2007-12-31": "13.26%", "2007-09-30": "12.84%", "2007-06-30": "13.93%", "2007-03-31": "13.38%", "2006-12-31": "13.04%", "2006-09-30": "13.50%", "2006-06-30": "12.63%", "2006-03-31": "12.92%", "2005-12-31": "12.66%"}, "return on investments": {"2020-12-31": "-5.97%", "2020-09-30": "-8.92%", "2020-06-30": "-6.32%", "2020-03-31": "3.26%", "2019-12-31": "3.09%", "2019-09-30": "10.31%", "2019-06-30": "11.17%", "2019-03-31": "10.60%", "2018-12-31": "11.20%", "2018-09-30": "9.36%", "2018-06-30": "7.73%", "2018-03-31": "6.13%", "2017-12-31": "5.05%", "2017-09-30": "4.52%", "2017-06-30": "3.64%", "2017-03-31": "1.44%", "2016-12-31": "-1.17%", "2016-09-30": "-2.61%", "2016-06-30": "-1.72%", "2016-03-31": "0.12%", "2015-12-31": "2.60%", "2015-09-30": "6.74%", "2015-06-30": "10.15%", "2015-03-31": "14.56%", "2014-12-31": "17.72%", "2014-09-30": "19.59%", "2014-06-30": "19.96%", "2014-03-31": "20.07%", "2013-12-31": "22.08%", "2013-09-30": "25.20%", "2013-06-30": "26.74%", "2013-03-31": "30.25%", "2012-12-31": "32.48%", "2012-09-30": "32.07%", "2012-06-30": "35.39%", "2012-03-31": "37.06%", "2011-12-31": "37.37%", "2011-09-30": "37.53%", "2011-06-30": "33.50%", "2011-03-31": "30.79%", "2010-12-31": "28.68%", "2010-09-30": "26.91%", "2010-06-30": "27.02%", "2010-03-31": "22.44%", "2009-12-31": "18.40%", "2009-09-30": "20.29%", "2009-06-30": "29.21%", "2009-03-31": "39.14%", "2008-12-31": "47.90%", "2008-09-30": "50.93%", "2008-06-30": "44.13%", "2008-03-31": "41.97%", "2007-12-31": "40.30%", "2007-09-30": "38.52%", "2007-06-30": "41.84%", "2007-03-31": "41.27%", "2006-12-31": "41.49%", "2006-09-30": "42.42%", "2006-06-30": "39.60%", "2006-03-31": "39.41%", "2005-12-31": "38.21%"}, "return on tangible equity": {"2020-09-30": "-8.53%", "2020-06-30": "-6.18%", "2020-03-31": "2.64%", "2019-12-31": "1.96%", "2019-09-30": "8.73%", "2019-06-30": "9.73%", "2019-03-31": "9.20%", "2018-12-31": "9.93%", "2018-09-30": "9.62%", "2018-06-30": "8.29%", "2018-03-31": "7.02%", "2017-12-31": "6.40%", "2017-09-30": "4.55%", "2017-06-30": "4.08%", "2017-03-31": "2.03%", "2016-12-31": "-0.35%", "2016-09-30": "-1.03%", "2016-06-30": "-0.50%", "2016-03-31": "0.87%", "2015-12-31": "3.04%", "2015-09-30": "5.70%", "2015-06-30": "8.03%", "2015-03-31": "11.40%", "2014-12-31": "12.79%", "2014-09-30": "13.90%", "2014-06-30": "13.73%", "2014-03-31": "13.77%", "2013-12-31": "15.20%", "2013-09-30": "17.23%", "2013-06-30": "17.84%", "2013-03-31": "19.68%", "2012-12-31": "20.49%", "2012-09-30": "19.42%", "2012-06-30": "22.06%", "2012-03-31": "23.21%", "2011-12-31": "23.77%", "2011-09-30": "24.82%", "2011-06-30": "22.04%", "2011-03-31": "20.61%", "2010-12-31": "19.68%", "2010-09-30": "18.00%", "2010-06-30": "18.65%", "2010-03-31": "15.09%", "2009-12-31": "12.28%", "2009-09-30": "14.65%", "2009-06-30": "19.73%", "2009-03-31": "25.30%", "2008-12-31": "30.19%", "2008-09-30": "31.15%", "2008-06-30": "26.77%", "2008-03-31": "26.70%", "2007-12-31": "26.79%", "2007-09-30": "25.97%", "2007-06-30": "28.45%", "2007-03-31": "27.66%", "2006-12-31": "27.24%", "2006-09-30": "28.54%", "2006-06-30": "27.15%", "2006-03-31": "27.61%", "2005-12-31": "26.89%"}, "dividend yield history": {"last payout": "$5.16", "last yield": "5.78%"}}