{"ticker": "CIM", "price": {"title": "Chimera Investment Historical Annual Stock Price Data", "value": 10.89, "historical": {"2020": {"Average Stock Price": "11.4578", "Year Open": "20.5900", "Year High": "22.9800", "Year Low": "6.5000", "Year Close": "10.2500", "Annual % Change": "-50.15%"}, "2019": {"Average Stock Price": "19.3525", "Year Open": "17.8800", "Year High": "21.3700", "Year Low": "17.8800", "Year Close": "20.5600", "Annual % Change": "15.38%"}, "2018": {"Average Stock Price": "18.1102", "Year Open": "18.2100", "Year High": "19.2100", "Year Low": "16.2400", "Year Close": "17.8200", "Annual % Change": "-3.57%"}, "2017": {"Average Stock Price": "18.8635", "Year Open": "17.1700", "Year High": "20.8300", "Year Low": "17.0900", "Year Close": "18.4800", "Annual % Change": "8.58%"}, "2016": {"Average Stock Price": "15.0989", "Year Open": "13.7300", "Year High": "17.6400", "Year Low": "11.3900", "Year Close": "17.0200", "Annual % Change": "24.78%"}, "2015": {"Average Stock Price": "14.6973", "Year Open": "16.3000", "Year High": "16.4500", "Year Low": "12.8600", "Year Close": "13.6400", "Annual % Change": "-14.21%"}, "2014": {"Average Stock Price": "15.8417", "Year Open": "15.7500", "Year High": "16.9500", "Year Low": "14.9500", "Year Close": "15.9000", "Annual % Change": "2.58%"}, "2013": {"Average Stock Price": "15.2272", "Year Open": "13.3500", "Year High": "16.6000", "Year Low": "13.3500", "Year Close": "15.5000", "Annual % Change": "18.77%"}, "2012": {"Average Stock Price": "13.5237", "Year Open": "12.9500", "Year High": "15.6000", "Year Low": "10.6500", "Year Close": "13.0500", "Annual % Change": "3.98%"}, "2011": {"Average Stock Price": "17.2698", "Year Open": "20.7000", "Year High": "21.5500", "Year Low": "12.5500", "Year Close": "12.5500", "Annual % Change": "-38.93%"}, "2010": {"Average Stock Price": "19.8419", "Year Open": "19.4000", "Year High": "21.5000", "Year Low": "17.5500", "Year Close": "20.5500", "Annual % Change": "5.93%"}, "2009": {"Average Stock Price": "17.7252", "Year Open": "16.8000", "Year High": "21.5000", "Year Low": "12.4500", "Year Close": "19.4000", "Annual % Change": "12.46%"}, "2008": {"Average Stock Price": "48.5933", "Year Open": "88.6000", "Year High": "97.9500", "Year Low": "9.5000", "Year Close": "17.2500", "Annual % Change": "-80.70%"}, "2007": {"Average Stock Price": "80.2227", "Year Open": "74.2500", "Year High": "89.4000", "Year Low": "74.2500", "Year Close": "89.4000", "Annual % Change": "0.00%"}}}, "market cap": {"value": "$2.55B"}, "income statement": {"Revenue": {"2019-12-31": "1361.11000", "2018-12-31": "1273.31600", "2017-12-31": "1138.75800", "2016-12-31": "934.06800", "2015-12-31": "872.73700", "2014-12-31": "687.79500", "2013-12-31": "511.78300", "2012-12-31": "589.44000", "2011-12-31": "705.02400", "2010-12-31": "576.10000", "2009-12-31": "287.68300", "2008-12-31": "105.25900", "2007-12-31": "3.49200"}, "Cost Of Goods Sold": {"2019-12-31": "", "2018-12-31": "", "2017-12-31": "", "2016-12-31": "", "2015-12-31": "", "2014-12-31": "", "2013-12-31": "", "2012-12-31": "", "2011-12-31": "", "2010-12-31": "", "2009-12-31": "", "2008-12-31": "", "2007-12-31": ""}, "Gross Profit": {"2019-12-31": "1361.11000", "2018-12-31": "1273.31600", "2017-12-31": "1138.75800", "2016-12-31": "934.06800", "2015-12-31": "872.73700", "2014-12-31": "687.79500", "2013-12-31": "511.78300", "2012-12-31": "589.44000", "2011-12-31": "705.02400", "2010-12-31": "576.10000", "2009-12-31": "287.68300", "2008-12-31": "105.25900", "2007-12-31": "3.49200"}, "Research And Development Expenses": {"2019-12-31": "", "2018-12-31": "", "2017-12-31": "", "2016-12-31": "", "2015-12-31": "", "2014-12-31": "", "2013-12-31": "", "2012-12-31": "", "2011-12-31": "", "2010-12-31": "", "2009-12-31": "", "2008-12-31": "", "2007-12-31": ""}, "SG&A Expenses": {"2019-12-31": "75.43500", "2018-12-31": "57.77800", "2017-12-31": "47.86200", "2016-12-31": "44.41700", "2015-12-31": "59.88000", "2014-12-31": "52.91700", "2013-12-31": "40.03700", "2012-12-31": "63.51100", "2011-12-31": "59.23600", "2010-12-31": "46.93900", "2009-12-31": "29.76500", "2008-12-31": "12.48700", "2007-12-31": "1.74100"}, "Other Operating Income Or Expenses": {"2019-12-31": "-1259.17200", "2018-12-31": "-801.90100", "2017-12-31": "-526.56000", "2016-12-31": "-385.11100", "2015-12-31": "-374.00200", "2014-12-31": "-334.13300", "2013-12-31": "-75.34300", "2012-12-31": "-156.25400", "2011-12-31": "-185.26500", "2010-12-31": "-162.22500", "2009-12-31": "-35.08300", "2008-12-31": "-66.72500", "2007-12-31": "-4.57100"}, "Operating Expenses": {"2019-12-31": "1334.60700", "2018-12-31": "859.67900", "2017-12-31": "574.42200", "2016-12-31": "429.52800", "2015-12-31": "433.88200", "2014-12-31": "387.05000", "2013-12-31": "115.38000", "2012-12-31": "219.76500", "2011-12-31": "244.50100", "2010-12-31": "209.16400", "2009-12-31": "64.84800", "2008-12-31": "79.21200", "2007-12-31": "6.31200"}, "Operating Income": {"2019-12-31": "26.50310", "2018-12-31": "413.63700", "2017-12-31": "564.33610", "2016-12-31": "504.54000", "2015-12-31": "438.85500", "2014-12-31": "300.74500", "2013-12-31": "396.40300", "2012-12-31": "369.67500", "2011-12-31": "460.52300", "2010-12-31": "366.93600", "2009-12-31": "222.83500", "2008-12-31": "26.04700", "2007-12-31": "-2.82000"}, "Total Non-Operating Income/Expense": {"2019-12-31": "387.24100", "2018-12-31": "-1.90900", "2017-12-31": "-39.56000", "2016-12-31": "47.48600", "2015-12-31": "-188.50500", "2014-12-31": "288.46200", "2013-12-31": "-33.71500", "2012-12-31": "-41.90700", "2011-12-31": "-322.58800", "2010-12-31": "-117.77500", "2009-12-31": "7.86200", "2008-12-31": "-145.84400", "2007-12-31": "-0.08100"}, "Pre-Tax Income": {"2019-12-31": "413.74400", "2018-12-31": "411.72800", "2017-12-31": "524.77600", "2016-12-31": "552.02600", "2015-12-31": "250.35000", "2014-12-31": "589.20700", "2013-12-31": "362.68800", "2012-12-31": "327.76800", "2011-12-31": "137.93500", "2010-12-31": "249.16100", "2009-12-31": "230.69700", "2008-12-31": "-119.79700", "2007-12-31": "-2.90100"}, "Income Taxes": {"2019-12-31": "0.19300", "2018-12-31": "0.09100", "2017-12-31": "0.10800", "2016-12-31": "0.08300", "2015-12-31": "0.00100", "2014-12-31": "0.00000", "2013-12-31": "0.00200", "2012-12-31": "0.00100", "2011-12-31": "0.60600", "2010-12-31": "0.75600", "2009-12-31": "0.00100", "2008-12-31": "0.01200", "2007-12-31": "0.00500"}, "Income After Taxes": {"2019-12-31": "413.55100", "2018-12-31": "411.63700", "2017-12-31": "524.66800", "2016-12-31": "551.94300", "2015-12-31": "250.34900", "2014-12-31": "589.20700", "2013-12-31": "362.68600", "2012-12-31": "327.76700", "2011-12-31": "137.32900", "2010-12-31": "248.40500", "2009-12-31": "230.69600", "2008-12-31": "-119.80900", "2007-12-31": "-2.90600"}, "Other Income": {"2019-12-31": "", "2018-12-31": "", "2017-12-31": "", "2016-12-31": "", "2015-12-31": "", "2014-12-31": "", "2013-12-31": "", "2012-12-31": "", "2011-12-31": "", "2010-12-31": "", "2009-12-31": "", "2008-12-31": "", "2007-12-31": ""}, "Income From Continuous Operations": {"2019-12-31": "413.55100", "2018-12-31": "411.63700", "2017-12-31": "524.66800", "2016-12-31": "551.94300", "2015-12-31": "250.34900", "2014-12-31": "589.20700", "2013-12-31": "362.68600", "2012-12-31": "327.76700", "2011-12-31": "137.32900", "2010-12-31": "248.40500", "2009-12-31": "230.69600", "2008-12-31": "-119.80900", "2007-12-31": "-2.90600"}, "Income From Discontinued Operations": {"2019-12-31": "", "2018-12-31": "", "2017-12-31": "", "2016-12-31": "", "2015-12-31": "", "2014-12-31": "", "2013-12-31": "", "2012-12-31": "", "2011-12-31": "", "2010-12-31": "", "2009-12-31": "", "2008-12-31": "", "2007-12-31": ""}, "Net Income": {"2019-12-31": "340.84700", "2018-12-31": "368.44000", "2017-12-31": "491.18400", "2016-12-31": "549.49400", "2015-12-31": "250.34900", "2014-12-31": "589.20500", "2013-12-31": "362.68600", "2012-12-31": "327.76700", "2011-12-31": "137.32900", "2010-12-31": "248.40500", "2009-12-31": "230.69600", "2008-12-31": "-119.80900", "2007-12-31": "-2.90600"}, "EBITDA": {"2019-12-31": "56.72910", "2018-12-31": "430.62200", "2017-12-31": "552.57810", "2016-12-31": "509.51500", "2015-12-31": "459.81300", "2014-12-31": "239.72800", "2013-12-31": "333.48800", "2012-12-31": "317.94400", "2011-12-31": "412.36900", "2010-12-31": "317.10800", "2009-12-31": "184.44200", "2008-12-31": "26.34100", "2007-12-31": "-2.91800"}, "EBIT": {"2019-12-31": "26.50310", "2018-12-31": "413.63700", "2017-12-31": "564.33610", "2016-12-31": "504.54000", "2015-12-31": "438.85500", "2014-12-31": "300.74500", "2013-12-31": "396.40300", "2012-12-31": "369.67500", "2011-12-31": "460.52300", "2010-12-31": "366.93600", "2009-12-31": "222.83500", "2008-12-31": "26.04700", "2007-12-31": "-2.82000"}, "Basic Shares Outstanding": {"2019-12-31": "187.15700", "2018-12-31": "187.14600", "2017-12-31": "187.78000", "2016-12-31": "187.72900", "2015-12-31": "199.56300", "2014-12-31": "205.45000", "2013-12-31": "205.41900", "2012-12-31": "205.36620", "2011-12-31": "205.27300", "2010-12-31": "164.33520", "2009-12-31": "101.19200", "2008-12-31": "12.63120", "2007-12-31": "7.48040"}, "Shares Outstanding": {"2019-12-31": "188.40600", "2018-12-31": "187.74900", "2017-12-31": "188.28700", "2016-12-31": "188.02500", "2015-12-31": "199.65000", "2014-12-31": "205.50900", "2013-12-31": "205.51400", "2012-12-31": "205.49980", "2011-12-31": "205.43420", "2010-12-31": "164.52340", "2009-12-31": "101.40840", "2008-12-31": "12.63120", "2007-12-31": "7.48040"}, "Basic EPS": {"2019-12-31": "1.82000", "2018-12-31": "1.97000", "2017-12-31": "2.62000", "2016-12-31": "2.93000", "2015-12-31": "1.25000", "2014-12-31": "2.87000", "2013-12-31": "1.77000", "2012-12-31": "1.60000", "2011-12-31": "0.65000", "2010-12-31": "1.50000", "2009-12-31": "2.30000", "2008-12-31": "-9.50000", "2007-12-31": "-0.40000"}, "EPS - Earnings Per Share": {"2019-12-31": "1.81000", "2018-12-31": "1.96000", "2017-12-31": "2.61000", "2016-12-31": "2.92000", "2015-12-31": "1.25000", "2014-12-31": "2.87000", "2013-12-31": "1.76000", "2012-12-31": "1.60000", "2011-12-31": "0.65000", "2010-12-31": "1.50000", "2009-12-31": "2.25000", "2008-12-31": "-9.50000", "2007-12-31": "-0.40000"}}, "income statement, quarterly": {"Revenue": {"2020-09-30": "247.90500", "2020-06-30": "245.92200", "2020-03-31": "300.26600", "2019-12-31": "340.66290", "2019-09-30": "330.14400", "2019-06-30": "339.91400", "2019-03-31": "350.38900", "2018-12-31": "348.03310", "2018-09-30": "321.71500", "2018-06-30": "306.43600", "2018-03-31": "297.13200", "2017-12-31": "301.95700", "2017-09-30": "296.81300", "2017-06-30": "288.64400", "2017-03-31": "251.34400", "2016-12-31": "260.82500", "2016-09-30": "250.95300", "2016-06-30": "221.09600", "2016-03-31": "201.19400", "2015-12-31": "201.91190", "2015-09-30": "211.87600", "2015-06-30": "215.80400", "2015-03-31": "243.14500", "2014-12-31": "242.45500", "2014-09-30": "190.35500", "2014-06-30": "134.31800", "2014-03-31": "120.66700", "2013-12-31": "128.06200", "2013-09-30": "130.36100", "2013-06-30": "127.56500", "2013-03-31": "125.79500", "2012-12-31": "133.55200", "2012-09-30": "144.69600", "2012-06-30": "161.52400", "2012-03-31": "149.66800", "2011-12-31": "167.54100", "2011-09-30": "185.58100", "2011-06-30": "179.85900", "2011-03-31": "172.04300", "2010-12-31": "18.13300", "2010-09-30": "194.77100", "2010-06-30": "183.35100", "2010-03-31": "179.84500", "2009-12-31": "89.90900", "2009-09-30": "104.69000", "2009-06-30": "65.07700", "2009-03-31": "28.00700", "2008-12-31": "23.65600", "2008-09-30": "23.45800", "2008-06-30": "29.95100", "2008-03-31": "28.19400", "2007-12-31": ""}, "Cost Of Goods Sold": {"2020-09-30": "", "2020-06-30": "", "2020-03-31": "", "2019-12-31": "", "2019-09-30": "", "2019-06-30": "", "2019-03-31": "", "2018-12-31": "", "2018-09-30": "", "2018-06-30": "", "2018-03-31": "", "2017-12-31": "", "2017-09-30": "", "2017-06-30": "", "2017-03-31": "", "2016-12-31": "", "2016-09-30": "", "2016-06-30": "", "2016-03-31": "", "2015-12-31": "", "2015-09-30": "", "2015-06-30": "", "2015-03-31": "", "2014-12-31": "", "2014-09-30": "", "2014-06-30": "", "2014-03-31": "", "2013-12-31": "", "2013-09-30": "", "2013-06-30": "", "2013-03-31": "", "2012-12-31": "", "2012-09-30": "", "2012-06-30": "", "2012-03-31": "", "2011-12-31": "", "2011-09-30": "", "2011-06-30": "", "2011-03-31": "", "2010-12-31": "", "2010-09-30": "", "2010-06-30": "", "2010-03-31": "", "2009-12-31": "", "2009-09-30": "", "2009-06-30": "", "2009-03-31": "", "2008-12-31": "", "2008-09-30": "", "2008-06-30": "", "2008-03-31": "", "2007-12-31": ""}, "Gross Profit": {"2020-09-30": "247.90500", "2020-06-30": "245.92200", "2020-03-31": "300.26600", "2019-12-31": "340.66290", "2019-09-30": "330.14400", "2019-06-30": "339.91400", "2019-03-31": "350.38900", "2018-12-31": "348.03310", "2018-09-30": "321.71500", "2018-06-30": "306.43600", "2018-03-31": "297.13200", "2017-12-31": "301.95700", "2017-09-30": "296.81300", "2017-06-30": "288.64400", "2017-03-31": "251.34400", "2016-12-31": "260.82500", "2016-09-30": "250.95300", "2016-06-30": "221.09600", "2016-03-31": "201.19400", "2015-12-31": "201.91190", "2015-09-30": "211.87600", "2015-06-30": "215.80400", "2015-03-31": "243.14500", "2014-12-31": "242.45500", "2014-09-30": "190.35500", "2014-06-30": "134.31800", "2014-03-31": "120.66700", "2013-12-31": "128.06200", "2013-09-30": "130.36100", "2013-06-30": "127.56500", "2013-03-31": "125.79500", "2012-12-31": "133.55200", "2012-09-30": "144.69600", "2012-06-30": "161.52400", "2012-03-31": "149.66800", "2011-12-31": "167.54100", "2011-09-30": "185.58100", "2011-06-30": "179.85900", "2011-03-31": "172.04300", "2010-12-31": "18.13300", "2010-09-30": "194.77100", "2010-06-30": "183.35100", "2010-03-31": "179.84500", "2009-12-31": "89.90900", "2009-09-30": "104.69000", "2009-06-30": "65.07700", "2009-03-31": "28.00700", "2008-12-31": "23.65600", "2008-09-30": "23.45800", "2008-06-30": "29.95100", "2008-03-31": "28.19400", "2007-12-31": ""}, "Research And Development Expenses": {"2020-09-30": "", "2020-06-30": "", "2020-03-31": "", "2019-12-31": "", "2019-09-30": "", "2019-06-30": "", "2019-03-31": "", "2018-12-31": "", "2018-09-30": "", "2018-06-30": "", "2018-03-31": "", "2017-12-31": "", "2017-09-30": "", "2017-06-30": "", "2017-03-31": "", "2016-12-31": "", "2016-09-30": "", "2016-06-30": "", "2016-03-31": "", "2015-12-31": "", "2015-09-30": "", "2015-06-30": "", "2015-03-31": "", "2014-12-31": "", "2014-09-30": "", "2014-06-30": "", "2014-03-31": "", "2013-12-31": "", "2013-09-30": "", "2013-06-30": "", "2013-03-31": "", "2012-12-31": "", "2012-09-30": "", "2012-06-30": "", "2012-03-31": "", "2011-12-31": "", "2011-09-30": "", "2011-06-30": "", "2011-03-31": "", "2010-12-31": "", "2010-09-30": "", "2010-06-30": "", "2010-03-31": "", "2009-12-31": "", "2009-09-30": "", "2009-06-30": "", "2009-03-31": "", "2008-12-31": "", "2008-09-30": "", "2008-06-30": "", "2008-03-31": "", "2007-12-31": ""}, "SG&A Expenses": {"2020-09-30": "17.09800", "2020-06-30": "16.81700", "2020-03-31": "18.61200", "2019-12-31": "18.19400", "2019-09-30": "18.71900", "2019-06-30": "18.33100", "2019-03-31": "20.19100", "2018-12-31": "15.11100", "2018-09-30": "14.21800", "2018-06-30": "14.54900", "2018-03-31": "13.90000", "2017-12-31": "11.94000", "2017-09-30": "12.07000", "2017-06-30": "12.25600", "2017-03-31": "11.59600", "2016-12-31": "12.25700", "2016-09-30": "11.24300", "2016-06-30": "11.19200", "2016-03-31": "9.72500", "2015-12-31": "8.76000", "2015-09-30": "16.57700", "2015-06-30": "19.45600", "2015-03-31": "15.08700", "2014-12-31": "18.02700", "2014-09-30": "11.91900", "2014-06-30": "12.69500", "2014-03-31": "10.27600", "2013-12-31": "6.85200", "2013-09-30": "10.19400", "2013-06-30": "11.69500", "2013-03-31": "11.29600", "2012-12-31": "15.46000", "2012-09-30": "17.70900", "2012-06-30": "15.44400", "2012-03-31": "14.89800", "2011-12-31": "14.94500", "2011-09-30": "15.08200", "2011-06-30": "14.97200", "2011-03-31": "14.23700", "2010-12-31": "13.87700", "2010-09-30": "13.11600", "2010-06-30": "10.67200", "2010-03-31": "9.27400", "2009-12-31": "9.75500", "2009-09-30": "9.70600", "2009-06-30": "6.81600", "2009-03-31": "3.48800", "2008-12-31": "1.80300", "2008-09-30": "2.49700", "2008-06-30": "3.39500", "2008-03-31": "4.79200", "2007-12-31": ""}, "Other Operating Income Or Expenses": {"2020-09-30": "137.85900", "2020-06-30": "-296.68000", "2020-03-31": "-446.13500", "2019-12-31": "-412.74510", "2019-09-30": "-194.39800", "2019-06-30": "-244.44100", "2019-03-31": "-407.58800", "2018-12-31": "-509.79690", "2018-09-30": "-100.59300", "2018-06-30": "-136.76400", "2018-03-31": "-54.74700", "2017-12-31": "-113.09500", "2017-09-30": "-138.99500", "2017-06-30": "-159.77700", "2017-03-31": "-114.69300", "2016-12-31": "26.94000", "2016-09-30": "-81.55100", "2016-06-30": "-130.98200", "2016-03-31": "-199.51800", "2015-12-31": "-20.40900", "2015-09-30": "-160.61000", "2015-06-30": "-25.91700", "2015-03-31": "-167.06600", "2014-12-31": "-191.73000", "2014-09-30": "-49.06300", "2014-06-30": "-62.96900", "2014-03-31": "-30.37100", "2013-12-31": "0.87600", "2013-09-30": "-28.43800", "2013-06-30": "-18.82400", "2013-03-31": "-28.95700", "2012-12-31": "-34.07300", "2012-09-30": "-44.08100", "2012-06-30": "-38.13900", "2012-03-31": "-39.96100", "2011-12-31": "-34.47800", "2011-09-30": "-62.60400", "2011-06-30": "-59.59000", "2011-03-31": "-28.59300", "2010-12-31": "-24.81800", "2010-09-30": "-56.34700", "2010-06-30": "-39.85600", "2010-03-31": "-41.20400", "2009-12-31": "-8.53100", "2009-09-30": "-9.19700", "2009-06-30": "-8.31300", "2009-03-31": "-9.04200", "2008-12-31": "-10.95400", "2008-09-30": "-15.93800", "2008-06-30": "5.68200", "2008-03-31": "-45.51500", "2007-12-31": ""}, "Operating Expenses": {"2020-09-30": "-120.76100", "2020-06-30": "313.49700", "2020-03-31": "464.74700", "2019-12-31": "430.93900", "2019-09-30": "213.11700", "2019-06-30": "262.77200", "2019-03-31": "427.77900", "2018-12-31": "524.90800", "2018-09-30": "114.81100", "2018-06-30": "151.31300", "2018-03-31": "68.64700", "2017-12-31": "125.03500", "2017-09-30": "151.06500", "2017-06-30": "172.03300", "2017-03-31": "126.28900", "2016-12-31": "-14.68300", "2016-09-30": "92.79400", "2016-06-30": "142.17400", "2016-03-31": "209.24300", "2015-12-31": "29.16900", "2015-09-30": "177.18700", "2015-06-30": "45.37300", "2015-03-31": "182.15300", "2014-12-31": "209.75700", "2014-09-30": "60.98200", "2014-06-30": "75.66400", "2014-03-31": "40.64700", "2013-12-31": "5.97600", "2013-09-30": "38.63200", "2013-06-30": "30.51900", "2013-03-31": "40.25300", "2012-12-31": "49.53300", "2012-09-30": "61.79000", "2012-06-30": "53.58300", "2012-03-31": "54.85900", "2011-12-31": "49.42300", "2011-09-30": "77.68600", "2011-06-30": "74.56200", "2011-03-31": "42.83000", "2010-12-31": "38.69500", "2010-09-30": "69.46300", "2010-06-30": "50.52800", "2010-03-31": "50.47800", "2009-12-31": "18.28600", "2009-09-30": "18.90300", "2009-06-30": "15.12900", "2009-03-31": "12.53000", "2008-12-31": "12.75700", "2008-09-30": "18.43500", "2008-06-30": "-2.28700", "2008-03-31": "50.30700", "2007-12-31": ""}, "Operating Income": {"2020-09-30": "368.66600", "2020-06-30": "-67.57500", "2020-03-31": "-164.48100", "2019-12-31": "-90.27610", "2019-09-30": "117.02700", "2019-06-30": "77.14200", "2019-03-31": "-77.39000", "2018-12-31": "-176.87490", "2018-09-30": "206.90400", "2018-06-30": "155.12300", "2018-03-31": "228.48500", "2017-12-31": "176.92200", "2017-09-30": "145.74800", "2017-06-30": "116.61100", "2017-03-31": "125.05500", "2016-12-31": "275.50800", "2016-09-30": "158.15900", "2016-06-30": "78.92200", "2016-03-31": "-8.04900", "2015-12-31": "172.74300", "2015-09-30": "34.68900", "2015-06-30": "170.43100", "2015-03-31": "60.99200", "2014-12-31": "32.69800", "2014-09-30": "129.37300", "2014-06-30": "58.65400", "2014-03-31": "80.02000", "2013-12-31": "122.08600", "2013-09-30": "91.72900", "2013-06-30": "97.04600", "2013-03-31": "85.54200", "2012-12-31": "84.01900", "2012-09-30": "82.90600", "2012-06-30": "107.94100", "2012-03-31": "94.80900", "2011-12-31": "118.11800", "2011-09-30": "107.89500", "2011-06-30": "105.29700", "2011-03-31": "129.21300", "2010-12-31": "-20.56200", "2010-09-30": "125.30800", "2010-06-30": "132.82300", "2010-03-31": "129.36700", "2009-12-31": "71.62300", "2009-09-30": "85.78700", "2009-06-30": "49.94800", "2009-03-31": "15.47700", "2008-12-31": "10.89900", "2008-09-30": "5.02300", "2008-06-30": "32.23800", "2008-03-31": "-22.11300", "2007-12-31": ""}, "Total Non-Operating Income/Expense": {"2020-09-30": "-1.27500", "2020-06-30": "12.65600", "2020-03-31": "-206.24200", "2019-12-31": "220.63100", "2019-09-30": "-10.70000", "2019-06-30": "-18.22700", "2019-03-31": "195.53700", "2018-12-31": "74.09000", "2018-09-30": "-49.57600", "2018-06-30": "-36.97900", "2018-03-31": "10.55600", "2017-12-31": "-69.37500", "2017-09-30": "-6.49800", "2017-06-30": "-1.45500", "2017-03-31": "37.76800", "2016-12-31": "-53.58900", "2016-09-30": "14.67100", "2016-06-30": "-4.77200", "2016-03-31": "91.17600", "2015-12-31": "-57.36300", "2015-09-30": "-82.94800", "2015-06-30": "-54.24400", "2015-03-31": "6.05000", "2014-12-31": "-26.21000", "2014-09-30": "248.20700", "2014-06-30": "46.11500", "2014-03-31": "20.35000", "2013-12-31": "-49.77500", "2013-09-30": "-24.36200", "2013-06-30": "46.16100", "2013-03-31": "-5.73900", "2012-12-31": "-5.33500", "2012-09-30": "45.16200", "2012-06-30": "-67.16000", "2012-03-31": "-14.57400", "2011-12-31": "-75.40900", "2011-09-30": "-168.10200", "2011-06-30": "-51.20000", "2011-03-31": "-27.87700", "2010-12-31": "-97.51500", "2010-09-30": "-8.26000", "2010-06-30": "-8.24300", "2010-03-31": "-3.75700", "2009-12-31": "-69.44200", "2009-09-30": "72.21500", "2009-06-30": "1.69600", "2009-03-31": "3.39300", "2008-12-31": "-2.11700", "2008-09-30": "-112.56700", "2008-06-30": "1.65900", "2008-03-31": "-32.81900", "2007-12-31": ""}, "Pre-Tax Income": {"2020-09-30": "367.39100", "2020-06-30": "-54.91900", "2020-03-31": "-370.72300", "2019-12-31": "130.35500", "2019-09-30": "106.32700", "2019-06-30": "58.91500", "2019-03-31": "118.14700", "2018-12-31": "-102.78500", "2018-09-30": "157.32800", "2018-06-30": "118.14400", "2018-03-31": "239.04100", "2017-12-31": "107.54700", "2017-09-30": "139.25000", "2017-06-30": "115.15600", "2017-03-31": "162.82300", "2016-12-31": "221.91900", "2016-09-30": "172.83000", "2016-06-30": "74.15000", "2016-03-31": "83.12700", "2015-12-31": "115.38000", "2015-09-30": "-48.25900", "2015-06-30": "116.18700", "2015-03-31": "67.04200", "2014-12-31": "6.48800", "2014-09-30": "377.58000", "2014-06-30": "104.76900", "2014-03-31": "100.37000", "2013-12-31": "72.31100", "2013-09-30": "67.36700", "2013-06-30": "143.20700", "2013-03-31": "79.80300", "2012-12-31": "78.68400", "2012-09-30": "128.06800", "2012-06-30": "40.78100", "2012-03-31": "80.23500", "2011-12-31": "42.70900", "2011-09-30": "-60.20700", "2011-06-30": "54.09700", "2011-03-31": "101.33600", "2010-12-31": "-118.07700", "2010-09-30": "117.04800", "2010-06-30": "124.58000", "2010-03-31": "125.61000", "2009-12-31": "2.18100", "2009-09-30": "158.00200", "2009-06-30": "51.64400", "2009-03-31": "18.87000", "2008-12-31": "8.78200", "2008-09-30": "-107.54400", "2008-06-30": "33.89700", "2008-03-31": "-54.93200", "2007-12-31": ""}, "Income Taxes": {"2020-09-30": "0.06200", "2020-06-30": "0.03600", "2020-03-31": "0.03200", "2019-12-31": "0.03700", "2019-09-30": "0.00100", "2019-06-30": "0.15500", "2019-03-31": "", "2018-12-31": "0.01400", "2018-09-30": "0.00700", "2018-06-30": "0.03600", "2018-03-31": "0.03400", "2017-12-31": "-0.06500", "2017-09-30": "0.01800", "2017-06-30": "0.13900", "2017-03-31": "0.01600", "2016-12-31": "0.01800", "2016-09-30": "0.01300", "2016-06-30": "0.02300", "2016-03-31": "0.02900", "2015-12-31": "", "2015-09-30": "", "2015-06-30": "", "2015-03-31": "0.00100", "2014-12-31": "-0.00200", "2014-09-30": "", "2014-06-30": "", "2014-03-31": "0.00200", "2013-12-31": "", "2013-09-30": "", "2013-06-30": "0.00000", "2013-03-31": "0.00200", "2012-12-31": "-0.00100", "2012-09-30": "0.00000", "2012-06-30": "0.00000", "2012-03-31": "0.00200", "2011-12-31": "-0.03900", "2011-09-30": "-0.17100", "2011-06-30": "0.11800", "2011-03-31": "0.69800", "2010-12-31": "0.00300", "2010-09-30": "0.75200", "2010-06-30": "0.00100", "2010-03-31": "0.00000", "2009-12-31": "", "2009-09-30": "", "2009-06-30": "", "2009-03-31": "0.00100", "2008-12-31": "-0.00300", "2008-09-30": "0.01200", "2008-06-30": "", "2008-03-31": "0.00300", "2007-12-31": ""}, "Income After Taxes": {"2020-09-30": "367.32900", "2020-06-30": "-54.95500", "2020-03-31": "-370.75500", "2019-12-31": "130.31800", "2019-09-30": "106.32600", "2019-06-30": "58.76000", "2019-03-31": "118.14700", "2018-12-31": "-102.79900", "2018-09-30": "157.32100", "2018-06-30": "118.10800", "2018-03-31": "239.00700", "2017-12-31": "107.61200", "2017-09-30": "139.23200", "2017-06-30": "115.01700", "2017-03-31": "162.80700", "2016-12-31": "221.90100", "2016-09-30": "172.81700", "2016-06-30": "74.12700", "2016-03-31": "83.09800", "2015-12-31": "115.38000", "2015-09-30": "-48.25900", "2015-06-30": "116.18700", "2015-03-31": "67.04100", "2014-12-31": "6.49000", "2014-09-30": "377.58000", "2014-06-30": "104.76900", "2014-03-31": "100.36800", "2013-12-31": "72.31100", "2013-09-30": "67.36700", "2013-06-30": "143.20700", "2013-03-31": "79.80100", "2012-12-31": "78.68500", "2012-09-30": "128.06800", "2012-06-30": "40.78100", "2012-03-31": "80.23300", "2011-12-31": "42.74800", "2011-09-30": "-60.03600", "2011-06-30": "53.97900", "2011-03-31": "100.63800", "2010-12-31": "-118.08000", "2010-09-30": "116.29600", "2010-06-30": "124.57900", "2010-03-31": "125.61000", "2009-12-31": "2.18100", "2009-09-30": "158.00200", "2009-06-30": "51.64400", "2009-03-31": "18.86900", "2008-12-31": "8.78500", "2008-09-30": "-107.55600", "2008-06-30": "33.89700", "2008-03-31": "-54.93500", "2007-12-31": ""}, "Other Income": {"2020-09-30": "", "2020-06-30": "", "2020-03-31": "", "2019-12-31": "", "2019-09-30": "", "2019-06-30": "", "2019-03-31": "", "2018-12-31": "", "2018-09-30": "", "2018-06-30": "", "2018-03-31": "", "2017-12-31": "", "2017-09-30": "", "2017-06-30": "", "2017-03-31": "", "2016-12-31": "", "2016-09-30": "", "2016-06-30": "", "2016-03-31": "", "2015-12-31": "", "2015-09-30": "", "2015-06-30": "", "2015-03-31": "", "2014-12-31": "", "2014-09-30": "", "2014-06-30": "", "2014-03-31": "", "2013-12-31": "", "2013-09-30": "", "2013-06-30": "", "2013-03-31": "", "2012-12-31": "", "2012-09-30": "", "2012-06-30": "", "2012-03-31": "", "2011-12-31": "", "2011-09-30": "", "2011-06-30": "", "2011-03-31": "", "2010-12-31": "", "2010-09-30": "", "2010-06-30": "", "2010-03-31": "", "2009-12-31": "", "2009-09-30": "", "2009-06-30": "", "2009-03-31": "", "2008-12-31": "", "2008-09-30": "", "2008-06-30": "", "2008-03-31": "", "2007-12-31": ""}, "Income From Continuous Operations": {"2020-09-30": "367.32900", "2020-06-30": "-54.95500", "2020-03-31": "-370.75500", "2019-12-31": "130.31800", "2019-09-30": "106.32600", "2019-06-30": "58.76000", "2019-03-31": "118.14700", "2018-12-31": "-102.79900", "2018-09-30": "157.32100", "2018-06-30": "118.10800", "2018-03-31": "239.00700", "2017-12-31": "107.61200", "2017-09-30": "139.23200", "2017-06-30": "115.01700", "2017-03-31": "162.80700", "2016-12-31": "221.90100", "2016-09-30": "172.81700", "2016-06-30": "74.12700", "2016-03-31": "83.09800", "2015-12-31": "115.38000", "2015-09-30": "-48.25900", "2015-06-30": "116.18700", "2015-03-31": "67.04100", "2014-12-31": "6.49000", "2014-09-30": "377.58000", "2014-06-30": "104.76900", "2014-03-31": "100.36800", "2013-12-31": "72.31100", "2013-09-30": "67.36700", "2013-06-30": "143.20700", "2013-03-31": "79.80100", "2012-12-31": "78.68500", "2012-09-30": "128.06800", "2012-06-30": "40.78100", "2012-03-31": "80.23300", "2011-12-31": "42.74800", "2011-09-30": "-60.03600", "2011-06-30": "53.97900", "2011-03-31": "100.63800", "2010-12-31": "-118.08000", "2010-09-30": "116.29600", "2010-06-30": "124.57900", "2010-03-31": "125.61000", "2009-12-31": "2.18100", "2009-09-30": "158.00200", "2009-06-30": "51.64400", "2009-03-31": "18.86900", "2008-12-31": "8.78500", "2008-09-30": "-107.55600", "2008-06-30": "33.89700", "2008-03-31": "-54.93500", "2007-12-31": ""}, "Income From Discontinued Operations": {"2020-09-30": "", "2020-06-30": "", "2020-03-31": "", "2019-12-31": "", "2019-09-30": "", "2019-06-30": "", "2019-03-31": "", "2018-12-31": "", "2018-09-30": "", "2018-06-30": "", "2018-03-31": "", "2017-12-31": "", "2017-09-30": "", "2017-06-30": "", "2017-03-31": "", "2016-12-31": "", "2016-09-30": "", "2016-06-30": "", "2016-03-31": "", "2015-12-31": "", "2015-09-30": "", "2015-06-30": "", "2015-03-31": "", "2014-12-31": "", "2014-09-30": "", "2014-06-30": "", "2014-03-31": "", "2013-12-31": "", "2013-09-30": "", "2013-06-30": "", "2013-03-31": "", "2012-12-31": "", "2012-09-30": "", "2012-06-30": "", "2012-03-31": "", "2011-12-31": "", "2011-09-30": "", "2011-06-30": "", "2011-03-31": "", "2010-12-31": "", "2010-09-30": "", "2010-06-30": "", "2010-03-31": "", "2009-12-31": "", "2009-09-30": "", "2009-06-30": "", "2009-03-31": "", "2008-12-31": "", "2008-09-30": "", "2008-06-30": "", "2008-03-31": "", "2007-12-31": ""}, "Net Income": {"2020-09-30": "348.89100", "2020-06-30": "-73.39300", "2020-03-31": "-389.19300", "2019-12-31": "111.88200", "2019-09-30": "87.88800", "2019-06-30": "40.32200", "2019-03-31": "100.75500", "2018-12-31": "-117.23600", "2018-09-30": "147.36100", "2018-06-30": "108.70800", "2018-03-31": "229.60700", "2017-12-31": "98.21100", "2017-09-30": "129.83200", "2017-06-30": "105.61700", "2017-03-31": "157.52400", "2016-12-31": "219.45200", "2016-09-30": "172.81700", "2016-06-30": "74.12700", "2016-03-31": "83.09800", "2015-12-31": "115.38000", "2015-09-30": "-48.25900", "2015-06-30": "116.18700", "2015-03-31": "67.04100", "2014-12-31": "6.48800", "2014-09-30": "377.58000", "2014-06-30": "104.76900", "2014-03-31": "100.36800", "2013-12-31": "72.31100", "2013-09-30": "67.36700", "2013-06-30": "143.20700", "2013-03-31": "79.80100", "2012-12-31": "78.68500", "2012-09-30": "128.06800", "2012-06-30": "40.78100", "2012-03-31": "80.23300", "2011-12-31": "42.74800", "2011-09-30": "-60.03600", "2011-06-30": "53.97900", "2011-03-31": "100.63800", "2010-12-31": "-118.08000", "2010-09-30": "116.29600", "2010-06-30": "124.57900", "2010-03-31": "125.61000", "2009-12-31": "2.18100", "2009-09-30": "158.00200", "2009-06-30": "51.64400", "2009-03-31": "18.86900", "2008-12-31": "8.78500", "2008-09-30": "-107.55600", "2008-06-30": "33.89700", "2008-03-31": "-54.93500", "2007-12-31": ""}, "EBITDA": {"2020-09-30": "395.10300", "2020-06-30": "-59.75000", "2020-03-31": "-146.48000", "2019-12-31": "-90.59010", "2019-09-30": "131.77800", "2019-06-30": "92.69600", "2019-03-31": "-77.15500", "2018-12-31": "-173.66990", "2018-09-30": "214.13700", "2018-06-30": "159.11500", "2018-03-31": "231.04000", "2017-12-31": "170.31600", "2017-09-30": "136.17500", "2017-06-30": "126.33200", "2017-03-31": "119.75500", "2016-12-31": "277.03800", "2016-09-30": "148.95600", "2016-06-30": "80.86400", "2016-03-31": "2.65700", "2015-12-31": "185.57190", "2015-09-30": "50.15500", "2015-06-30": "174.60700", "2015-03-31": "49.47900", "2014-12-31": "13.51000", "2014-09-30": "121.22800", "2014-06-30": "41.84800", "2014-03-31": "63.14200", "2013-12-31": "101.20300", "2013-09-30": "81.69700", "2013-06-30": "80.17100", "2013-03-31": "70.41700", "2012-12-31": "67.08400", "2012-09-30": "72.06800", "2012-06-30": "83.01400", "2012-03-31": "95.77800", "2011-12-31": "102.63800", "2011-09-30": "88.85900", "2011-06-30": "97.04100", "2011-03-31": "123.83100", "2010-12-31": "118.54800", "2010-09-30": "55.18100", "2010-06-30": "67.85400", "2010-03-31": "75.52500", "2009-12-31": "71.76900", "2009-09-30": "62.11100", "2009-06-30": "36.33900", "2009-03-31": "14.22300", "2008-12-31": "11.21800", "2008-09-30": "5.93100", "2008-06-30": "31.92000", "2008-03-31": "-22.72800", "2007-12-31": ""}, "EBIT": {"2020-09-30": "368.66600", "2020-06-30": "-67.57500", "2020-03-31": "-164.48100", "2019-12-31": "-90.27600", "2019-09-30": "117.02700", "2019-06-30": "77.14200", "2019-03-31": "-77.39000", "2018-12-31": "-176.87500", "2018-09-30": "206.90400", "2018-06-30": "155.12300", "2018-03-31": "228.48500", "2017-12-31": "176.92210", "2017-09-30": "145.74800", "2017-06-30": "116.61100", "2017-03-31": "125.05500", "2016-12-31": "275.50800", "2016-09-30": "158.15900", "2016-06-30": "78.92200", "2016-03-31": "-8.04900", "2015-12-31": "172.74300", "2015-09-30": "34.68900", "2015-06-30": "170.43100", "2015-03-31": "60.99200", "2014-12-31": "32.69800", "2014-09-30": "129.37300", "2014-06-30": "58.65400", "2014-03-31": "80.02000", "2013-12-31": "122.08600", "2013-09-30": "91.72900", "2013-06-30": "97.04600", "2013-03-31": "85.54200", "2012-12-31": "84.01900", "2012-09-30": "82.90600", "2012-06-30": "107.94100", "2012-03-31": "94.80900", "2011-12-31": "118.11800", "2011-09-30": "107.89500", "2011-06-30": "105.29700", "2011-03-31": "129.21300", "2010-12-31": "-20.56200", "2010-09-30": "125.30800", "2010-06-30": "132.82300", "2010-03-31": "129.36700", "2009-12-31": "71.62300", "2009-09-30": "85.78700", "2009-06-30": "49.94800", "2009-03-31": "15.47700", "2008-12-31": "10.89900", "2008-09-30": "5.02300", "2008-06-30": "32.23800", "2008-03-31": "-22.11300", "2007-12-31": ""}, "Basic Shares Outstanding": {"2020-09-30": "232.12700", "2020-06-30": "199.28200", "2020-03-31": "187.01900", "2019-12-31": "187.15700", "2019-09-30": "187.15800", "2019-06-30": "187.15300", "2019-03-31": "187.11200", "2018-12-31": "187.14600", "2018-09-30": "187.00700", "2018-06-30": "186.99500", "2018-03-31": "187.55330", "2017-12-31": "187.78000", "2017-09-30": "187.77980", "2017-06-30": "187.77900", "2017-03-31": "187.76200", "2016-12-31": "187.72900", "2016-09-30": "187.73000", "2016-06-30": "187.73000", "2016-03-31": "187.72350", "2015-12-31": "199.56300", "2015-09-30": "197.78800", "2015-06-30": "205.49200", "2015-03-31": "205.52700", "2014-12-31": "205.45000", "2014-09-30": "205.43700", "2014-06-30": "205.44200", "2014-03-31": "205.45300", "2013-12-31": "205.41900", "2013-09-30": "205.42420", "2013-06-30": "205.41320", "2013-03-31": "205.40200", "2012-12-31": "205.36620", "2012-09-30": "205.36820", "2012-06-30": "205.36200", "2012-03-31": "205.35240", "2011-12-31": "205.27300", "2011-09-30": "205.28080", "2011-06-30": "205.26180", "2011-03-31": "205.24180", "2010-12-31": "164.33520", "2010-09-30": "176.62960", "2010-06-30": "153.09500", "2010-03-31": "134.07420", "2009-12-31": "101.19200", "2009-09-30": "134.06500", "2009-06-30": "100.62200", "2009-03-31": "35.43940", "2008-12-31": "12.63120", "2008-09-30": "7.79860", "2008-06-30": "7.79980", "2008-03-31": "7.54880", "2007-12-31": ""}, "Shares Outstanding": {"2020-09-30": "265.34600", "2020-06-30": "199.28300", "2020-03-31": "187.01900", "2019-12-31": "188.40600", "2019-09-30": "188.44000", "2019-06-30": "188.27100", "2019-03-31": "188.20000", "2018-12-31": "187.74900", "2018-09-30": "187.58500", "2018-06-30": "187.42200", "2018-03-31": "188.17680", "2017-12-31": "188.28700", "2017-09-30": "188.19210", "2017-06-30": "188.14300", "2017-03-31": "188.19500", "2016-12-31": "188.02500", "2016-09-30": "187.92000", "2016-06-30": "187.92500", "2016-03-31": "187.84020", "2015-12-31": "199.65000", "2015-09-30": "197.87500", "2015-06-30": "205.58000", "2015-03-31": "205.56700", "2014-12-31": "205.50900", "2014-09-30": "205.50200", "2014-06-30": "205.50700", "2014-03-31": "205.51800", "2013-12-31": "205.51400", "2013-09-30": "205.51180", "2013-06-30": "205.51860", "2013-03-31": "205.51920", "2012-12-31": "205.49980", "2012-09-30": "205.50100", "2012-06-30": "205.50100", "2012-03-31": "205.49800", "2011-12-31": "205.43420", "2011-09-30": "205.43900", "2011-06-30": "205.42600", "2011-03-31": "205.41260", "2010-12-31": "164.52340", "2010-09-30": "176.62960", "2010-06-30": "153.09500", "2010-03-31": "134.07420", "2009-12-31": "101.40840", "2009-09-30": "134.06500", "2009-06-30": "100.62200", "2009-03-31": "35.43940", "2008-12-31": "12.63120", "2008-09-30": "7.79860", "2008-06-30": "7.79980", "2008-03-31": "7.54880", "2007-12-31": ""}, "Basic EPS": {"2020-09-30": "1.50000", "2020-06-30": "-0.37000", "2020-03-31": "-2.08000", "2019-12-31": "0.59000", "2019-09-30": "0.47000", "2019-06-30": "0.22000", "2019-03-31": "0.54000", "2018-12-31": "-0.62000", "2018-09-30": "0.79000", "2018-06-30": "0.58000", "2018-03-31": "1.22000", "2017-12-31": "0.53000", "2017-09-30": "0.69000", "2017-06-30": "0.56000", "2017-03-31": "0.84000", "2016-12-31": "1.18000", "2016-09-30": "0.92000", "2016-06-30": "0.39000", "2016-03-31": "0.44000", "2015-12-31": "0.59000", "2015-09-30": "-0.24000", "2015-06-30": "0.57000", "2015-03-31": "0.33000", "2014-12-31": "0.01000", "2014-09-30": "1.85000", "2014-06-30": "0.51000", "2014-03-31": "0.50000", "2013-12-31": "0.32000", "2013-09-30": "0.35000", "2013-06-30": "0.70000", "2013-03-31": "0.40000", "2012-12-31": "0.40000", "2012-09-30": "0.60000", "2012-06-30": "0.20000", "2012-03-31": "0.40000", "2011-12-31": "0.20000", "2011-09-30": "-0.30000", "2011-06-30": "0.25000", "2011-03-31": "0.50000", "2010-12-31": "-0.90000", "2010-09-30": "0.65000", "2010-06-30": "0.80000", "2010-03-31": "0.95000", "2009-12-31": "0.05000", "2009-09-30": "1.20000", "2009-06-30": "0.50000", "2009-03-31": "0.55000", "2008-12-31": "7.25000", "2008-09-30": "-13.80000", "2008-06-30": "4.35000", "2008-03-31": "-7.30000", "2007-12-31": ""}, "EPS - Earnings Per Share": {"2020-09-30": "1.32000", "2020-06-30": "-0.37000", "2020-03-31": "-2.08000", "2019-12-31": "0.59000", "2019-09-30": "0.47000", "2019-06-30": "0.21000", "2019-03-31": "0.54000", "2018-12-31": "-0.63000", "2018-09-30": "0.79000", "2018-06-30": "0.58000", "2018-03-31": "1.22000", "2017-12-31": "0.52000", "2017-09-30": "0.69000", "2017-06-30": "0.56000", "2017-03-31": "0.84000", "2016-12-31": "1.17000", "2016-09-30": "0.92000", "2016-06-30": "0.39000", "2016-03-31": "0.44000", "2015-12-31": "0.59000", "2015-09-30": "-0.24000", "2015-06-30": "0.57000", "2015-03-31": "0.33000", "2014-12-31": "0.01000", "2014-09-30": "1.85000", "2014-06-30": "0.51000", "2014-03-31": "0.50000", "2013-12-31": "0.31000", "2013-09-30": "0.35000", "2013-06-30": "0.70000", "2013-03-31": "0.40000", "2012-12-31": "0.40000", "2012-09-30": "0.60000", "2012-06-30": "0.20000", "2012-03-31": "0.40000", "2011-12-31": "0.20000", "2011-09-30": "-0.30000", "2011-06-30": "0.25000", "2011-03-31": "0.50000", "2010-12-31": "-0.90000", "2010-09-30": "0.65000", "2010-06-30": "0.80000", "2010-03-31": "0.95000", "2009-12-31": "0.00000", "2009-09-30": "1.20000", "2009-06-30": "0.50000", "2009-03-31": "0.55000", "2008-12-31": "7.25000", "2008-09-30": "-13.80000", "2008-06-30": "4.35000", "2008-03-31": "-7.30000", "2007-12-31": "0.00000"}}, "balance sheet": {"Cash On Hand": {"2019-12-31": "109.87800", "2018-12-31": "47.48600", "2017-12-31": "63.56900", "2016-12-31": "177.71400", "2015-12-31": "114.06200", "2014-12-31": "164.62000", "2013-12-31": "77.62900", "2012-12-31": "621.15300", "2011-12-31": "206.29900", "2010-12-31": "7.17300", "2009-12-31": "24.27900", "2008-12-31": "27.48000", "2007-12-31": "272.37600"}, "Receivables": {"2019-12-31": "562.64800", "2018-12-31": "123.44200", "2017-12-31": "100.78900", "2016-12-31": "79.69700", "2015-12-31": "66.24700", "2014-12-31": "1643.15500", "2013-12-31": "286.53500", "2012-12-31": "39.33000", "2011-12-31": "49.32500", "2010-12-31": "49.08800", "2009-12-31": "33.12800", "2008-12-31": "9.95100", "2007-12-31": "6.03600"}, "Inventory": {"2019-12-31": "", "2018-12-31": "", "2017-12-31": "", "2016-12-31": "", "2015-12-31": "", "2014-12-31": "", "2013-12-31": "", "2012-12-31": "", "2011-12-31": "", "2010-12-31": "", "2009-12-31": "", "2008-12-31": "", "2007-12-31": ""}, "Pre-Paid Expenses": {"2019-12-31": "", "2018-12-31": "", "2017-12-31": "", "2016-12-31": "", "2015-12-31": "", "2014-12-31": "", "2013-12-31": "", "2012-12-31": "", "2011-12-31": "", "2010-12-31": "", "2009-12-31": "", "2008-12-31": "", "2007-12-31": ""}, "Other Current Assets": {"2019-12-31": "", "2018-12-31": "", "2017-12-31": "", "2016-12-31": "", "2015-12-31": "", "2014-12-31": "", "2013-12-31": "", "2012-12-31": "", "2011-12-31": "", "2010-12-31": "", "2009-12-31": "", "2008-12-31": "", "2007-12-31": ""}, "Total Current Assets": {"2019-12-31": "672.52600", "2018-12-31": "170.92800", "2017-12-31": "164.35800", "2016-12-31": "257.41100", "2015-12-31": "180.30900", "2014-12-31": "1807.77500", "2013-12-31": "364.16400", "2012-12-31": "660.48300", "2011-12-31": "255.62400", "2010-12-31": "56.26100", "2009-12-31": "57.40700", "2008-12-31": "37.43100", "2007-12-31": "278.41200"}, "Property, Plant, And Equipment": {"2019-12-31": "", "2018-12-31": "", "2017-12-31": "", "2016-12-31": "", "2015-12-31": "", "2014-12-31": "", "2013-12-31": "", "2012-12-31": "", "2011-12-31": "", "2010-12-31": "", "2009-12-31": "", "2008-12-31": "", "2007-12-31": ""}, "Long-Term Investments": {"2019-12-31": "", "2018-12-31": "", "2017-12-31": "", "2016-12-31": "", "2015-12-31": "", "2014-12-31": "", "2013-12-31": "", "2012-12-31": "", "2011-12-31": "", "2010-12-31": "", "2009-12-31": "", "2008-12-31": "", "2007-12-31": ""}, "Goodwill And Intangible Assets": {"2019-12-31": "", "2018-12-31": "", "2017-12-31": "", "2016-12-31": "", "2015-12-31": "", "2014-12-31": "", "2013-12-31": "", "2012-12-31": "", "2011-12-31": "", "2010-12-31": "", "2009-12-31": "", "2008-12-31": "", "2007-12-31": ""}, "Other Long-Term Assets": {"2019-12-31": "26446.15000", "2018-12-31": "27537.71000", "2017-12-31": "21057.71000", "2016-12-31": "16427.50000", "2015-12-31": "15164.34000", "2014-12-31": "17347.23000", "2013-12-31": "6571.91700", "2012-12-31": "7082.00600", "2011-12-31": "7491.51100", "2010-12-31": "8013.01900", "2009-12-31": "4560.92100", "2008-12-31": "1440.07000", "2007-12-31": "1287.22400"}, "Total Long-Term Assets": {"2019-12-31": "26446.15000", "2018-12-31": "27537.71000", "2017-12-31": "21057.71000", "2016-12-31": "16427.50000", "2015-12-31": "15164.34000", "2014-12-31": "17347.23000", "2013-12-31": "6571.91700", "2012-12-31": "7082.00600", "2011-12-31": "7491.51100", "2010-12-31": "8013.01900", "2009-12-31": "4560.92100", "2008-12-31": "1440.07000", "2007-12-31": "1287.22400"}, "Total Assets": {"2019-12-31": "27118.67000", "2018-12-31": "27708.64000", "2017-12-31": "21222.07000", "2016-12-31": "16684.91000", "2015-12-31": "15344.65000", "2014-12-31": "19155.01000", "2013-12-31": "6936.08100", "2012-12-31": "7742.48900", "2011-12-31": "7747.13500", "2010-12-31": "8069.28000", "2009-12-31": "4618.32800", "2008-12-31": "1477.50100", "2007-12-31": "1565.63600"}, "Total Current Liabilities": {"2019-12-31": "13497.31000", "2018-12-31": "14157.34000", "2017-12-31": "7329.53100", "2016-12-31": "5666.26700", "2015-12-31": "8017.59000", "2014-12-31": "8489.73800", "2013-12-31": "1667.09700", "2012-12-31": "1539.99400", "2011-12-31": "2686.10000", "2010-12-31": "1820.83100", "2009-12-31": "1979.10900", "2008-12-31": "564.97100", "2007-12-31": "272.72800"}, "Long Term Debt": {"2019-12-31": "8313.16500", "2018-12-31": "8615.33100", "2017-12-31": "9594.43800", "2016-12-31": "7275.22100", "2015-12-31": "3720.49600", "2014-12-31": "5095.27800", "2013-12-31": "1603.71300", "2012-12-31": "2505.97100", "2011-12-31": "1843.05400", "2010-12-31": "2245.31500", "2009-12-31": "390.35000", "2008-12-31": "488.74300", "2007-12-31": ""}, "Other Non-Current Liabilities": {"2019-12-31": "1354.90500", "2018-12-31": "1232.14300", "2017-12-31": "663.12500", "2016-12-31": "619.88700", "2015-12-31": "660.37200", "2014-12-31": "1962.29900", "2013-12-31": "333.76100", "2012-12-31": "154.04500", "2011-12-31": "170.36200", "2010-12-31": "324.54800", "2009-12-31": "122.30700", "2008-12-31": "9.33200", "2007-12-31": "754.01900"}, "Total Long Term Liabilities": {"2019-12-31": "9668.07000", "2018-12-31": "9847.47400", "2017-12-31": "10257.56000", "2016-12-31": "7895.10800", "2015-12-31": "4380.86800", "2014-12-31": "7057.57700", "2013-12-31": "1937.47400", "2012-12-31": "2660.01600", "2011-12-31": "2013.41600", "2010-12-31": "2569.86300", "2009-12-31": "512.65700", "2008-12-31": "498.07500", "2007-12-31": "754.01900"}, "Total Liabilities": {"2019-12-31": "23165.38000", "2018-12-31": "24004.81000", "2017-12-31": "17587.09000", "2016-12-31": "13561.38000", "2015-12-31": "12398.46000", "2014-12-31": "15547.32000", "2013-12-31": "3604.57100", "2012-12-31": "4200.01000", "2011-12-31": "4699.51600", "2010-12-31": "4390.69400", "2009-12-31": "2491.76600", "2008-12-31": "1063.04600", "2007-12-31": "1026.74700"}, "Common Stock Net": {"2019-12-31": "1.87300", "2018-12-31": "1.87100", "2017-12-31": "1.87800", "2016-12-31": "1.87700", "2015-12-31": "1.87700", "2014-12-31": "2.05500", "2013-12-31": "10.27200", "2012-12-31": "10.26800", "2011-12-31": "10.26700", "2010-12-31": "10.26100", "2009-12-31": "6.69300", "2008-12-31": "1.76000", "2007-12-31": "0.37700"}, "Retained Earnings (Accumulated Deficit)": {"2019-12-31": "-1033.25100", "2018-12-31": "-997.25900", "2017-12-31": "-990.68190", "2016-12-31": "-1105.28700", "2015-12-31": "-1196.04800", "2014-12-31": "-1055.45600", "2013-12-31": "-1274.80600", "2012-12-31": "-1062.27900", "2011-12-31": "-999.84000", "2010-12-31": "-613.68800", "2009-12-31": "-70.99100", "2008-12-31": "-152.60300", "2007-12-31": "-3.84900"}, "Comprehensive Income": {"2019-12-31": "708.33600", "2018-12-31": "626.83200", "2017-12-31": "796.90200", "2016-12-31": "718.10600", "2015-12-31": "773.79100", "2014-12-31": "1046.68000", "2013-12-31": "990.80300", "2012-12-31": "989.93600", "2011-12-31": "433.45300", "2010-12-31": "680.12300", "2009-12-31": "-99.75400", "2008-12-31": "-266.66800", "2007-12-31": "10.15300"}, "Other Share Holders Equity": {"2019-12-31": "", "2018-12-31": "", "2017-12-31": "", "2016-12-31": "", "2015-12-31": "", "2014-12-31": "", "2013-12-31": "", "2012-12-31": "", "2011-12-31": "", "2010-12-31": "", "2009-12-31": "", "2008-12-31": "", "2007-12-31": ""}, "Share Holder Equity": {"2019-12-31": "3953.29300", "2018-12-31": "3703.82900", "2017-12-31": "3634.97700", "2016-12-31": "3123.53300", "2015-12-31": "2946.18800", "2014-12-31": "3607.69000", "2013-12-31": "3331.51000", "2012-12-31": "3542.47900", "2011-12-31": "3047.61900", "2010-12-31": "3678.58600", "2009-12-31": "2126.56200", "2008-12-31": "414.45500", "2007-12-31": "538.88900"}, "Total Liabilities And Share Holders Equity": {"2019-12-31": "27118.67000", "2018-12-31": "27708.64000", "2017-12-31": "21222.07000", "2016-12-31": "16684.91000", "2015-12-31": "15344.65000", "2014-12-31": "19155.01000", "2013-12-31": "6936.08100", "2012-12-31": "7742.48900", "2011-12-31": "7747.13500", "2010-12-31": "8069.28000", "2009-12-31": "4618.32800", "2008-12-31": "1477.50100", "2007-12-31": "1565.63600"}}, "balance sheet, quarterly": {"Cash On Hand": {"2020-09-30": "325.71700", "2020-06-30": "302.55300", "2020-03-31": "261.49100", "2019-12-31": "109.87800", "2019-09-30": "160.89400", "2019-06-30": "54.03400", "2019-03-31": "122.85000", "2018-12-31": "47.48600", "2018-09-30": "121.04600", "2018-06-30": "90.67100", "2018-03-31": "100.75200", "2017-12-31": "63.56900", "2017-09-30": "38.05500", "2017-06-30": "168.74300", "2017-03-31": "82.55600", "2016-12-31": "177.71400", "2016-09-30": "156.60800", "2016-06-30": "67.42100", "2016-03-31": "190.45300", "2015-12-31": "114.06200", "2015-09-30": "40.09700", "2015-06-30": "49.54800", "2015-03-31": "119.51700", "2014-12-31": "164.62000", "2014-09-30": "241.64300", "2014-06-30": "73.87100", "2014-03-31": "40.60200", "2013-12-31": "77.62900", "2013-09-30": "125.49100", "2013-06-30": "168.15300", "2013-03-31": "649.52600", "2012-12-31": "621.15300", "2012-09-30": "458.10700", "2012-06-30": "116.22700", "2012-03-31": "131.27300", "2011-12-31": "206.29900", "2011-09-30": "9.82400", "2011-06-30": "16.08000", "2011-03-31": "16.29500", "2010-12-31": "7.17300", "2010-09-30": "11.94900", "2010-06-30": "236.21400", "2010-03-31": "44.20000", "2009-12-31": "24.27900", "2009-09-30": "21.02300", "2009-06-30": "13.12100", "2009-03-31": "12.20000", "2008-12-31": "27.48000", "2008-09-30": "6.16700", "2008-06-30": "79.39600", "2008-03-31": "194.20400", "2007-12-31": ""}, "Receivables": {"2020-09-30": "86.72700", "2020-06-30": "89.38700", "2020-03-31": "93.34300", "2019-12-31": "562.64800", "2019-09-30": "125.60100", "2019-06-30": "196.45200", "2019-03-31": "1537.22400", "2018-12-31": "123.44200", "2018-09-30": "114.79800", "2018-06-30": "106.87700", "2018-03-31": "98.66900", "2017-12-31": "100.78900", "2017-09-30": "110.65600", "2017-06-30": "98.07900", "2017-03-31": "99.66900", "2016-12-31": "79.69700", "2016-09-30": "84.32800", "2016-06-30": "109.64400", "2016-03-31": "65.05300", "2015-12-31": "66.24700", "2015-09-30": "127.45400", "2015-06-30": "71.58400", "2015-03-31": "1036.71700", "2014-12-31": "1643.15500", "2014-09-30": "73.22700", "2014-06-30": "45.78600", "2014-03-31": "119.65800", "2013-12-31": "286.53500", "2013-09-30": "234.74000", "2013-06-30": "37.53500", "2013-03-31": "36.47300", "2012-12-31": "39.33000", "2012-09-30": "42.98200", "2012-06-30": "49.16600", "2012-03-31": "49.72900", "2011-12-31": "49.32500", "2011-09-30": "55.53900", "2011-06-30": "57.94600", "2011-03-31": "64.76200", "2010-12-31": "49.08800", "2010-09-30": "47.76700", "2010-06-30": "45.68200", "2010-03-31": "86.82200", "2009-12-31": "33.12800", "2009-09-30": "29.44400", "2009-06-30": "27.05500", "2009-03-31": "11.21200", "2008-12-31": "9.95100", "2008-09-30": "8.21200", "2008-06-30": "9.86300", "2008-03-31": "123.57400", "2007-12-31": ""}, "Inventory": {"2020-09-30": "", "2020-06-30": "", "2020-03-31": "", "2019-12-31": "", "2019-09-30": "", "2019-06-30": "", "2019-03-31": "", "2018-12-31": "", "2018-09-30": "", "2018-06-30": "", "2018-03-31": "", "2017-12-31": "", "2017-09-30": "", "2017-06-30": "", "2017-03-31": "", "2016-12-31": "", "2016-09-30": "", "2016-06-30": "", "2016-03-31": "", "2015-12-31": "", "2015-09-30": "", "2015-06-30": "", "2015-03-31": "", "2014-12-31": "", "2014-09-30": "", "2014-06-30": "", "2014-03-31": "", "2013-12-31": "", "2013-09-30": "", "2013-06-30": "", "2013-03-31": "", "2012-12-31": "", "2012-09-30": "", "2012-06-30": "", "2012-03-31": "", "2011-12-31": "", "2011-09-30": "", "2011-06-30": "", "2011-03-31": "", "2010-12-31": "", "2010-09-30": "", "2010-06-30": "", "2010-03-31": "", "2009-12-31": "", "2009-09-30": "", "2009-06-30": "", "2009-03-31": "", "2008-12-31": "", "2008-09-30": "", "2008-06-30": "", "2008-03-31": "", "2007-12-31": ""}, "Pre-Paid Expenses": {"2020-09-30": "", "2020-06-30": "", "2020-03-31": "", "2019-12-31": "", "2019-09-30": "", "2019-06-30": "", "2019-03-31": "", "2018-12-31": "", "2018-09-30": "", "2018-06-30": "", "2018-03-31": "", "2017-12-31": "", "2017-09-30": "", "2017-06-30": "", "2017-03-31": "", "2016-12-31": "", "2016-09-30": "", "2016-06-30": "", "2016-03-31": "", "2015-12-31": "", "2015-09-30": "", "2015-06-30": "", "2015-03-31": "", "2014-12-31": "", "2014-09-30": "", "2014-06-30": "", "2014-03-31": "", "2013-12-31": "", "2013-09-30": "", "2013-06-30": "", "2013-03-31": "", "2012-12-31": "", "2012-09-30": "", "2012-06-30": "", "2012-03-31": "", "2011-12-31": "", "2011-09-30": "", "2011-06-30": "", "2011-03-31": "", "2010-12-31": "", "2010-09-30": "", "2010-06-30": "", "2010-03-31": "", "2009-12-31": "", "2009-09-30": "", "2009-06-30": "", "2009-03-31": "", "2008-12-31": "", "2008-09-30": "", "2008-06-30": "", "2008-03-31": "", "2007-12-31": ""}, "Other Current Assets": {"2020-09-30": "", "2020-06-30": "", "2020-03-31": "", "2019-12-31": "", "2019-09-30": "", "2019-06-30": "", "2019-03-31": "", "2018-12-31": "", "2018-09-30": "", "2018-06-30": "", "2018-03-31": "", "2017-12-31": "", "2017-09-30": "", "2017-06-30": "", "2017-03-31": "", "2016-12-31": "", "2016-09-30": "", "2016-06-30": "", "2016-03-31": "", "2015-12-31": "", "2015-09-30": "", "2015-06-30": "", "2015-03-31": "", "2014-12-31": "", "2014-09-30": "", "2014-06-30": "", "2014-03-31": "", "2013-12-31": "", "2013-09-30": "", "2013-06-30": "", "2013-03-31": "", "2012-12-31": "", "2012-09-30": "", "2012-06-30": "", "2012-03-31": "", "2011-12-31": "", "2011-09-30": "", "2011-06-30": "", "2011-03-31": "", "2010-12-31": "", "2010-09-30": "", "2010-06-30": "", "2010-03-31": "", "2009-12-31": "", "2009-09-30": "", "2009-06-30": "", "2009-03-31": "", "2008-12-31": "", "2008-09-30": "", "2008-06-30": "", "2008-03-31": "", "2007-12-31": ""}, "Total Current Assets": {"2020-09-30": "412.44400", "2020-06-30": "391.94000", "2020-03-31": "354.83400", "2019-12-31": "672.52600", "2019-09-30": "286.49500", "2019-06-30": "250.48600", "2019-03-31": "1660.07400", "2018-12-31": "170.92800", "2018-09-30": "235.84400", "2018-06-30": "197.54800", "2018-03-31": "199.42100", "2017-12-31": "164.35800", "2017-09-30": "148.71100", "2017-06-30": "266.82200", "2017-03-31": "182.22500", "2016-12-31": "257.41100", "2016-09-30": "240.93600", "2016-06-30": "177.06500", "2016-03-31": "255.50600", "2015-12-31": "180.30900", "2015-09-30": "167.55100", "2015-06-30": "121.13200", "2015-03-31": "1156.23400", "2014-12-31": "1807.77500", "2014-09-30": "314.87000", "2014-06-30": "119.65700", "2014-03-31": "160.26000", "2013-12-31": "364.16400", "2013-09-30": "360.23100", "2013-06-30": "205.68800", "2013-03-31": "685.99900", "2012-12-31": "660.48300", "2012-09-30": "501.08900", "2012-06-30": "165.39300", "2012-03-31": "181.00200", "2011-12-31": "255.62400", "2011-09-30": "65.36300", "2011-06-30": "74.02600", "2011-03-31": "81.05700", "2010-12-31": "56.26100", "2010-09-30": "59.71600", "2010-06-30": "281.89600", "2010-03-31": "131.02200", "2009-12-31": "57.40700", "2009-09-30": "50.46700", "2009-06-30": "40.17600", "2009-03-31": "23.41200", "2008-12-31": "37.43100", "2008-09-30": "14.37900", "2008-06-30": "89.25900", "2008-03-31": "317.77800", "2007-12-31": ""}, "Property, Plant, And Equipment": {"2020-09-30": "", "2020-06-30": "", "2020-03-31": "", "2019-12-31": "", "2019-09-30": "", "2019-06-30": "", "2019-03-31": "", "2018-12-31": "", "2018-09-30": "", "2018-06-30": "", "2018-03-31": "", "2017-12-31": "", "2017-09-30": "", "2017-06-30": "", "2017-03-31": "", "2016-12-31": "", "2016-09-30": "", "2016-06-30": "", "2016-03-31": "", "2015-12-31": "", "2015-09-30": "", "2015-06-30": "", "2015-03-31": "", "2014-12-31": "", "2014-09-30": "", "2014-06-30": "", "2014-03-31": "", "2013-12-31": "", "2013-09-30": "", "2013-06-30": "", "2013-03-31": "", "2012-12-31": "", "2012-09-30": "", "2012-06-30": "", "2012-03-31": "", "2011-12-31": "", "2011-09-30": "", "2011-06-30": "", "2011-03-31": "", "2010-12-31": "", "2010-09-30": "", "2010-06-30": "", "2010-03-31": "", "2009-12-31": "", "2009-09-30": "", "2009-06-30": "", "2009-03-31": "", "2008-12-31": "", "2008-09-30": "", "2008-06-30": "", "2008-03-31": "", "2007-12-31": ""}, "Long-Term Investments": {"2020-09-30": "", "2020-06-30": "", "2020-03-31": "", "2019-12-31": "", "2019-09-30": "", "2019-06-30": "", "2019-03-31": "", "2018-12-31": "", "2018-09-30": "", "2018-06-30": "", "2018-03-31": "", "2017-12-31": "", "2017-09-30": "", "2017-06-30": "", "2017-03-31": "", "2016-12-31": "", "2016-09-30": "", "2016-06-30": "", "2016-03-31": "", "2015-12-31": "", "2015-09-30": "", "2015-06-30": "", "2015-03-31": "", "2014-12-31": "", "2014-09-30": "", "2014-06-30": "", "2014-03-31": "", "2013-12-31": "", "2013-09-30": "", "2013-06-30": "", "2013-03-31": "", "2012-12-31": "", "2012-09-30": "", "2012-06-30": "", "2012-03-31": "", "2011-12-31": "", "2011-09-30": "", "2011-06-30": "", "2011-03-31": "", "2010-12-31": "", "2010-09-30": "", "2010-06-30": "", "2010-03-31": "", "2009-12-31": "", "2009-09-30": "", "2009-06-30": "", "2009-03-31": "", "2008-12-31": "", "2008-09-30": "", "2008-06-30": "", "2008-03-31": "", "2007-12-31": ""}, "Goodwill And Intangible Assets": {"2020-09-30": "", "2020-06-30": "", "2020-03-31": "", "2019-12-31": "", "2019-09-30": "", "2019-06-30": "", "2019-03-31": "", "2018-12-31": "", "2018-09-30": "", "2018-06-30": "", "2018-03-31": "", "2017-12-31": "", "2017-09-30": "", "2017-06-30": "", "2017-03-31": "", "2016-12-31": "", "2016-09-30": "", "2016-06-30": "", "2016-03-31": "", "2015-12-31": "", "2015-09-30": "", "2015-06-30": "", "2015-03-31": "", "2014-12-31": "", "2014-09-30": "", "2014-06-30": "", "2014-03-31": "", "2013-12-31": "", "2013-09-30": "", "2013-06-30": "", "2013-03-31": "", "2012-12-31": "", "2012-09-30": "", "2012-06-30": "", "2012-03-31": "", "2011-12-31": "", "2011-09-30": "", "2011-06-30": "", "2011-03-31": "", "2010-12-31": "", "2010-09-30": "", "2010-06-30": "", "2010-03-31": "", "2009-12-31": "", "2009-09-30": "", "2009-06-30": "", "2009-03-31": "", "2008-12-31": "", "2008-09-30": "", "2008-06-30": "", "2008-03-31": "", "2007-12-31": ""}, "Other Long-Term Assets": {"2020-09-30": "17681.42000", "2020-06-30": "18056.21000", "2020-03-31": "18887.03000", "2019-12-31": "26446.14000", "2019-09-30": "28345.79000", "2019-06-30": "27387.24000", "2019-03-31": "27677.83000", "2018-12-31": "27537.71000", "2018-09-30": "24944.08000", "2018-06-30": "23065.21000", "2018-03-31": "21131.31000", "2017-12-31": "21057.71000", "2017-09-30": "21038.67000", "2017-06-30": "20551.65000", "2017-03-31": "20244.43000", "2016-12-31": "16427.50000", "2016-09-30": "16927.77000", "2016-06-30": "17413.17000", "2016-03-31": "15051.45000", "2015-12-31": "15164.34000", "2015-09-30": "15772.09000", "2015-06-30": "15630.51000", "2015-03-31": "16184.43000", "2014-12-31": "17347.23000", "2014-09-30": "17176.10000", "2014-06-30": "12446.26000", "2014-03-31": "6546.77000", "2013-12-31": "6571.91700", "2013-09-30": "6668.02300", "2013-06-30": "6977.95000", "2013-03-31": "6746.05600", "2012-12-31": "7082.00600", "2012-09-30": "7037.90300", "2012-06-30": "8141.19100", "2012-03-31": "8073.56000", "2011-12-31": "7491.51100", "2011-09-30": "9648.84200", "2011-06-30": "10015.08000", "2011-03-31": "10177.38000", "2010-12-31": "8013.01900", "2010-09-30": "7173.73600", "2010-06-30": "6596.28600", "2010-03-31": "6025.17300", "2009-12-31": "4560.92100", "2009-09-30": "4319.01300", "2009-06-30": "4167.52900", "2009-03-31": "1652.63600", "2008-12-31": "1440.07000", "2008-09-30": "1357.84800", "2008-06-30": "1881.89700", "2008-03-31": "1592.26600", "2007-12-31": ""}, "Total Long-Term Assets": {"2020-09-30": "17681.42000", "2020-06-30": "18056.21000", "2020-03-31": "18887.03000", "2019-12-31": "26446.14000", "2019-09-30": "28345.79000", "2019-06-30": "27387.24000", "2019-03-31": "27677.83000", "2018-12-31": "27537.71000", "2018-09-30": "24944.08000", "2018-06-30": "23065.21000", "2018-03-31": "21131.31000", "2017-12-31": "21057.71000", "2017-09-30": "21038.67000", "2017-06-30": "20551.65000", "2017-03-31": "20244.43000", "2016-12-31": "16427.50000", "2016-09-30": "16927.77000", "2016-06-30": "17413.17000", "2016-03-31": "15051.45000", "2015-12-31": "15164.34000", "2015-09-30": "15772.09000", "2015-06-30": "15630.51000", "2015-03-31": "16184.43000", "2014-12-31": "17347.23000", "2014-09-30": "17176.10000", "2014-06-30": "12446.26000", "2014-03-31": "6546.77000", "2013-12-31": "6571.91700", "2013-09-30": "6668.02300", "2013-06-30": "6977.95000", "2013-03-31": "6746.05600", "2012-12-31": "7082.00600", "2012-09-30": "7037.90300", "2012-06-30": "8141.19100", "2012-03-31": "8073.56000", "2011-12-31": "7491.51100", "2011-09-30": "9648.84200", "2011-06-30": "10015.08000", "2011-03-31": "10177.38000", "2010-12-31": "8013.01900", "2010-09-30": "7173.73600", "2010-06-30": "6596.28600", "2010-03-31": "6025.17300", "2009-12-31": "4560.92100", "2009-09-30": "4319.01300", "2009-06-30": "4167.52900", "2009-03-31": "1652.63600", "2008-12-31": "1440.07000", "2008-09-30": "1357.84800", "2008-06-30": "1881.89700", "2008-03-31": "1592.26600", "2007-12-31": ""}, "Total Assets": {"2020-09-30": "18093.87000", "2020-06-30": "18448.15000", "2020-03-31": "19241.86000", "2019-12-31": "27118.67000", "2019-09-30": "28632.29000", "2019-06-30": "27637.73000", "2019-03-31": "29337.90000", "2018-12-31": "27708.64000", "2018-09-30": "25179.93000", "2018-06-30": "23262.76000", "2018-03-31": "21330.73000", "2017-12-31": "21222.07000", "2017-09-30": "21187.38000", "2017-06-30": "20818.47000", "2017-03-31": "20426.65000", "2016-12-31": "16684.91000", "2016-09-30": "17168.70000", "2016-06-30": "17590.24000", "2016-03-31": "15306.96000", "2015-12-31": "15344.65000", "2015-09-30": "15939.64000", "2015-06-30": "15751.64000", "2015-03-31": "17340.66000", "2014-12-31": "19155.01000", "2014-09-30": "17490.97000", "2014-06-30": "12565.92000", "2014-03-31": "6707.03000", "2013-12-31": "6936.08100", "2013-09-30": "7028.25500", "2013-06-30": "7183.63800", "2013-03-31": "7432.05500", "2012-12-31": "7742.48900", "2012-09-30": "7538.99200", "2012-06-30": "8306.58500", "2012-03-31": "8254.56200", "2011-12-31": "7747.13500", "2011-09-30": "9714.20500", "2011-06-30": "10089.11000", "2011-03-31": "10258.43000", "2010-12-31": "8069.28000", "2010-09-30": "7233.45200", "2010-06-30": "6878.18200", "2010-03-31": "6156.19500", "2009-12-31": "4618.32800", "2009-09-30": "4369.48000", "2009-06-30": "4207.70500", "2009-03-31": "1676.04800", "2008-12-31": "1477.50100", "2008-09-30": "1372.22700", "2008-06-30": "1971.15600", "2008-03-31": "1910.04400", "2007-12-31": "0.00000"}, "Total Current Liabilities": {"2020-09-30": "4760.38700", "2020-06-30": "6003.82300", "2020-03-31": "7207.53200", "2019-12-31": "13497.31000", "2019-09-30": "15114.72000", "2019-06-30": "14623.96000", "2019-03-31": "15494.08000", "2018-12-31": "14157.34000", "2018-09-30": "11271.91000", "2018-06-30": "9212.27100", "2018-03-31": "7282.27900", "2017-12-31": "7329.53100", "2017-09-30": "6795.43200", "2017-06-30": "6322.45100", "2017-03-31": "6231.36500", "2016-12-31": "5666.26700", "2016-09-30": "5882.57100", "2016-06-30": "5926.69100", "2016-03-31": "7597.09800", "2015-12-31": "8017.59000", "2015-09-30": "7202.17900", "2015-06-30": "6842.56200", "2015-03-31": "8336.31000", "2014-12-31": "8489.73800", "2014-09-30": "7881.15100", "2014-06-30": "5579.21100", "2014-03-31": "1570.25500", "2013-12-31": "1667.09700", "2013-09-30": "1599.67400", "2013-06-30": "2616.98300", "2013-03-31": "1433.06600", "2012-12-31": "1539.99400", "2012-09-30": "1671.10600", "2012-06-30": "2375.73000", "2012-03-31": "2516.76400", "2011-12-31": "2686.10000", "2011-09-30": "4184.31100", "2011-06-30": "4333.37100", "2011-03-31": "3884.18400", "2010-12-31": "1820.83100", "2010-09-30": "1580.19700", "2010-06-30": "1350.62900", "2010-03-31": "1696.41700", "2009-12-31": "1979.10900", "2009-09-30": "1601.27000", "2009-06-30": "1503.91900", "2009-03-31": "565.51500", "2008-12-31": "564.97100", "2008-09-30": "624.54900", "2008-06-30": "916.14700", "2008-03-31": "1445.26900", "2007-12-31": ""}, "Long Term Debt": {"2020-09-30": "8945.99300", "2020-06-30": "8726.12500", "2020-03-31": "7992.87900", "2019-12-31": "8313.16500", "2019-09-30": "7939.94900", "2019-06-30": "8026.21700", "2019-03-31": "8277.93900", "2018-12-31": "8615.33100", "2018-09-30": "8994.59700", "2018-06-30": "9520.11000", "2018-03-31": "9516.12100", "2017-12-31": "9594.43800", "2017-09-30": "9916.17500", "2017-06-30": "9776.09500", "2017-03-31": "10111.29000", "2016-12-31": "7275.22100", "2016-09-30": "7572.17700", "2016-06-30": "7958.87300", "2016-03-31": "4109.40100", "2015-12-31": "3720.49600", "2015-09-30": "4793.14800", "2015-06-30": "4890.48900", "2015-03-31": "4869.79600", "2014-12-31": "5095.27800", "2014-09-30": "5053.23800", "2014-06-30": "1391.81700", "2014-03-31": "1465.85300", "2013-12-31": "1603.71300", "2013-09-30": "1719.56800", "2013-06-30": "805.22900", "2013-03-31": "2200.89900", "2012-12-31": "2505.97100", "2012-09-30": "2286.67700", "2012-06-30": "2575.25400", "2012-03-31": "2397.64200", "2011-12-31": "1843.05400", "2011-09-30": "1983.99500", "2011-06-30": "2150.92000", "2011-03-31": "2357.73400", "2010-12-31": "2245.31500", "2010-09-30": "2276.21700", "2010-06-30": "2463.68000", "2010-03-31": "2001.10200", "2009-12-31": "390.35000", "2009-09-30": "414.33900", "2009-06-30": "442.78200", "2009-03-31": "473.16800", "2008-12-31": "488.74300", "2008-09-30": "500.68800", "2008-06-30": "504.39700", "2008-03-31": "", "2007-12-31": ""}, "Other Non-Current Liabilities": {"2020-09-30": "690.94500", "2020-06-30": "322.32400", "2020-03-31": "797.59800", "2019-12-31": "1354.90500", "2019-09-30": "1582.57800", "2019-06-30": "1018.59800", "2019-03-31": "1612.70700", "2018-12-31": "1232.14300", "2018-09-30": "1000.23300", "2018-06-30": "880.23200", "2018-03-31": "861.58500", "2017-12-31": "663.12500", "2017-09-30": "829.34600", "2017-06-30": "1143.23600", "2017-03-31": "571.90400", "2016-12-31": "619.88700", "2016-09-30": "677.15300", "2016-06-30": "741.59500", "2016-03-31": "686.82300", "2015-12-31": "660.37200", "2015-09-30": "825.60100", "2015-06-30": "578.52300", "2015-03-31": "611.35800", "2014-12-31": "1962.29900", "2014-09-30": "965.35400", "2014-06-30": "2154.18800", "2014-03-31": "300.77200", "2013-12-31": "333.76100", "2013-09-30": "141.71400", "2013-06-30": "133.59300", "2013-03-31": "144.41700", "2012-12-31": "154.04500", "2012-09-30": "163.02000", "2012-06-30": "174.88700", "2012-03-31": "169.56400", "2011-12-31": "170.36200", "2011-09-30": "191.83000", "2011-06-30": "166.27900", "2011-03-31": "474.12600", "2010-12-31": "324.54800", "2010-09-30": "474.69100", "2010-06-30": "151.01400", "2010-03-31": "163.72900", "2009-12-31": "122.30700", "2009-09-30": "162.84200", "2009-06-30": "314.39500", "2009-03-31": "204.53900", "2008-12-31": "9.33200", "2008-09-30": "6.04800", "2008-06-30": "162.93300", "2008-03-31": "45.46300", "2007-12-31": ""}, "Total Long Term Liabilities": {"2020-09-30": "9636.93800", "2020-06-30": "9048.44900", "2020-03-31": "8790.47700", "2019-12-31": "9668.07000", "2019-09-30": "9522.52700", "2019-06-30": "9044.81400", "2019-03-31": "9890.64600", "2018-12-31": "9847.47400", "2018-09-30": "9994.83000", "2018-06-30": "10400.34000", "2018-03-31": "10377.71000", "2017-12-31": "10257.56000", "2017-09-30": "10745.52000", "2017-06-30": "10919.33000", "2017-03-31": "10683.20000", "2016-12-31": "7895.10800", "2016-09-30": "8249.33000", "2016-06-30": "8700.46800", "2016-03-31": "4796.22400", "2015-12-31": "4380.86800", "2015-09-30": "5618.74900", "2015-06-30": "5469.01200", "2015-03-31": "5481.15400", "2014-12-31": "7057.57700", "2014-09-30": "6018.59200", "2014-06-30": "3546.00500", "2014-03-31": "1766.62500", "2013-12-31": "1937.47400", "2013-09-30": "1861.28200", "2013-06-30": "938.82200", "2013-03-31": "2345.31600", "2012-12-31": "2660.01600", "2012-09-30": "2449.69700", "2012-06-30": "2750.14100", "2012-03-31": "2567.20600", "2011-12-31": "2013.41600", "2011-09-30": "2175.82500", "2011-06-30": "2317.19900", "2011-03-31": "2831.86000", "2010-12-31": "2569.86300", "2010-09-30": "2750.90800", "2010-06-30": "2614.69400", "2010-03-31": "2164.83100", "2009-12-31": "512.65700", "2009-09-30": "577.18100", "2009-06-30": "757.17700", "2009-03-31": "677.70700", "2008-12-31": "498.07500", "2008-09-30": "506.73600", "2008-06-30": "667.33000", "2008-03-31": "45.46300", "2007-12-31": ""}, "Total Liabilities": {"2020-09-30": "14397.33000", "2020-06-30": "15052.27000", "2020-03-31": "15998.01000", "2019-12-31": "23165.38000", "2019-09-30": "24637.24000", "2019-06-30": "23668.78000", "2019-03-31": "25384.73000", "2018-12-31": "24004.81000", "2018-09-30": "21266.74000", "2018-06-30": "19612.61000", "2018-03-31": "17659.98000", "2017-12-31": "17587.09000", "2017-09-30": "17540.95000", "2017-06-30": "17241.78000", "2017-03-31": "16914.56000", "2016-12-31": "13561.38000", "2016-09-30": "14131.90000", "2016-06-30": "14627.16000", "2016-03-31": "12393.32000", "2015-12-31": "12398.46000", "2015-09-30": "12820.93000", "2015-06-30": "12311.57000", "2015-03-31": "13817.46000", "2014-12-31": "15547.32000", "2014-09-30": "13899.74000", "2014-06-30": "9125.21600", "2014-03-31": "3336.88000", "2013-12-31": "3604.57100", "2013-09-30": "3460.95600", "2013-06-30": "3555.80500", "2013-03-31": "3778.38200", "2012-12-31": "4200.01000", "2012-09-30": "4120.80300", "2012-06-30": "5125.87100", "2012-03-31": "5083.97000", "2011-12-31": "4699.51600", "2011-09-30": "6360.13600", "2011-06-30": "6650.57000", "2011-03-31": "6716.04400", "2010-12-31": "4390.69400", "2010-09-30": "4331.10500", "2010-06-30": "3965.32300", "2010-03-31": "3861.24800", "2009-12-31": "2491.76600", "2009-09-30": "2178.45100", "2009-06-30": "2261.09600", "2009-03-31": "1243.22200", "2008-12-31": "1063.04600", "2008-09-30": "1131.28500", "2008-06-30": "1583.47700", "2008-03-31": "1490.73200", "2007-12-31": ""}, "Common Stock Net": {"2020-09-30": "2.32200", "2020-06-30": "2.32000", "2020-03-31": "1.86000", "2019-12-31": "1.87300", "2019-09-30": "1.87200", "2019-06-30": "1.87200", "2019-03-31": "1.87100", "2018-12-31": "1.87100", "2018-09-30": "1.87000", "2018-06-30": "1.87000", "2018-03-31": "1.87000", "2017-12-31": "1.87800", "2017-09-30": "1.87800", "2017-06-30": "1.87800", "2017-03-31": "1.87800", "2016-12-31": "1.87700", "2016-09-30": "1.87700", "2016-06-30": "1.87700", "2016-03-31": "1.87700", "2015-12-31": "1.87700", "2015-09-30": "10.16300", "2015-06-30": "10.27700", "2015-03-31": "10.27700", "2014-12-31": "2.05500", "2014-09-30": "10.27300", "2014-06-30": "10.27300", "2014-03-31": "10.27300", "2013-12-31": "10.27200", "2013-09-30": "10.27100", "2013-06-30": "10.27100", "2013-03-31": "10.27000", "2012-12-31": "10.26800", "2012-09-30": "10.26800", "2012-06-30": "10.26800", "2012-03-31": "10.26800", "2011-12-31": "10.26700", "2011-09-30": "10.26400", "2011-06-30": "10.26300", "2011-03-31": "10.26200", "2010-12-31": "10.26100", "2010-09-30": "8.82200", "2010-06-30": "8.82200", "2010-03-31": "6.69400", "2009-12-31": "6.69300", "2009-09-30": "6.69300", "2009-06-30": "6.69200", "2009-03-31": "1.76100", "2008-12-31": "1.76000", "2008-09-30": "0.37800", "2008-06-30": "0.37800", "2008-03-31": "0.37700", "2007-12-31": ""}, "Retained Earnings (Accumulated Deficit)": {"2020-09-30": "-1378.95200", "2020-06-30": "-1659.36600", "2020-03-31": "-1515.92300", "2019-12-31": "-1033.25100", "2019-09-30": "-1050.99100", "2019-06-30": "-1044.38500", "2019-03-31": "-990.11700", "2018-12-31": "-997.25900", "2018-09-30": "-786.78490", "2018-06-30": "-840.19800", "2018-03-31": "-854.95010", "2017-12-31": "-990.68190", "2017-09-30": "-994.58510", "2017-06-30": "-1030.34200", "2017-03-31": "-1041.88600", "2016-12-31": "-1105.28700", "2016-09-30": "-1230.72300", "2016-06-30": "-1313.29200", "2016-03-31": "-1297.17700", "2015-12-31": "-1196.04800", "2015-09-30": "-1221.33100", "2015-06-30": "-1081.70400", "2015-03-31": "-1099.23100", "2014-12-31": "-1055.45600", "2014-09-30": "-969.45900", "2014-06-30": "-1254.57800", "2014-03-31": "-1266.89200", "2013-12-31": "-1274.80600", "2013-09-30": "-1049.21300", "2013-06-30": "-1024.14000", "2013-03-31": "-1074.91100", "2012-12-31": "-1062.27900", "2012-09-30": "-1048.53300", "2012-06-30": "-1084.18500", "2012-03-31": "-1032.55300", "2011-12-31": "-999.84000", "2011-09-30": "-289.20700", "2011-06-30": "-199.69200", "2011-03-31": "-184.11000", "2010-12-31": "-613.68800", "2010-09-30": "-185.57800", "2010-06-30": "-153.20200", "2010-03-31": "-147.36100", "2009-12-31": "-70.99100", "2009-09-30": "-52.67000", "2009-06-30": "-130.36100", "2009-03-31": "-144.30000", "2008-12-31": "-152.60300", "2008-09-30": "-154.34900", "2008-06-30": "-40.74500", "2008-03-31": "-68.59800", "2007-12-31": ""}, "Comprehensive Income": {"2020-09-30": "554.98100", "2020-06-30": "537.51000", "2020-03-31": "502.49100", "2019-12-31": "708.33600", "2019-09-30": "769.07000", "2019-06-30": "739.09000", "2019-03-31": "672.98800", "2018-12-31": "626.83200", "2018-09-30": "627.93600", "2018-06-30": "671.65100", "2018-03-31": "709.24400", "2017-12-31": "796.90200", "2017-09-30": "813.11800", "2017-06-30": "780.28300", "2017-03-31": "727.71100", "2016-12-31": "718.10600", "2016-09-30": "897.70300", "2016-06-30": "907.17300", "2016-03-31": "842.26500", "2015-12-31": "773.79100", "2015-09-30": "935.24800", "2015-06-30": "904.80700", "2015-03-31": "1005.50700", "2014-12-31": "1046.68000", "2014-09-30": "945.00600", "2014-06-30": "1079.64800", "2014-03-31": "1021.46300", "2013-12-31": "990.80300", "2013-09-30": "1001.45100", "2013-06-30": "1036.98800", "2013-03-31": "1113.68700", "2012-12-31": "989.93600", "2012-09-30": "852.35700", "2012-06-30": "650.60700", "2012-03-31": "588.94100", "2011-12-31": "433.45300", "2011-09-30": "29.97200", "2011-06-30": "25.29700", "2011-03-31": "113.89900", "2010-12-31": "680.12300", "2010-09-30": "22.44400", "2010-06-30": "0.67300", "2010-03-31": "144.97800", "2009-12-31": "-99.75400", "2009-09-30": "-53.32200", "2009-06-30": "-220.03000", "2009-03-31": "-256.70500", "2008-12-31": "-266.66800", "2008-09-30": "-138.30700", "2008-06-30": "-104.98000", "2008-03-31": "-45.28500", "2007-12-31": ""}, "Other Share Holders Equity": {"2020-09-30": "", "2020-06-30": "", "2020-03-31": "", "2019-12-31": "", "2019-09-30": "", "2019-06-30": "", "2019-03-31": "", "2018-12-31": "", "2018-09-30": "", "2018-06-30": "", "2018-03-31": "", "2017-12-31": "", "2017-09-30": "", "2017-06-30": "", "2017-03-31": "", "2016-12-31": "", "2016-09-30": "", "2016-06-30": "", "2016-03-31": "", "2015-12-31": "", "2015-09-30": "", "2015-06-30": "", "2015-03-31": "", "2014-12-31": "", "2014-09-30": "", "2014-06-30": "", "2014-03-31": "", "2013-12-31": "", "2013-09-30": "", "2013-06-30": "", "2013-03-31": "", "2012-12-31": "", "2012-09-30": "", "2012-06-30": "", "2012-03-31": "", "2011-12-31": "", "2011-09-30": "", "2011-06-30": "", "2011-03-31": "", "2010-12-31": "", "2010-09-30": "", "2010-06-30": "", "2010-03-31": "", "2009-12-31": "", "2009-09-30": "", "2009-06-30": "", "2009-03-31": "", "2008-12-31": "", "2008-09-30": "", "2008-06-30": "", "2008-03-31": "", "2007-12-31": ""}, "Share Holder Equity": {"2020-09-30": "3696.54200", "2020-06-30": "3395.87900", "2020-03-31": "3243.85400", "2019-12-31": "3953.29300", "2019-09-30": "3995.04400", "2019-06-30": "3968.95000", "2019-03-31": "3953.17700", "2018-12-31": "3703.82900", "2018-09-30": "3913.18100", "2018-06-30": "3650.14200", "2018-03-31": "3670.74300", "2017-12-31": "3634.97700", "2017-09-30": "3646.43100", "2017-06-30": "3576.68700", "2017-03-31": "3512.08800", "2016-12-31": "3123.53300", "2016-09-30": "3036.80000", "2016-06-30": "2963.08000", "2016-03-31": "2913.63500", "2015-12-31": "2946.18800", "2015-09-30": "3118.71700", "2015-06-30": "3440.06500", "2015-03-31": "3523.19500", "2014-12-31": "3607.69000", "2014-09-30": "3591.22600", "2014-06-30": "3440.70100", "2014-03-31": "3370.15000", "2013-12-31": "3331.51000", "2013-09-30": "3567.29900", "2013-06-30": "3627.83300", "2013-03-31": "3653.67300", "2012-12-31": "3542.47900", "2012-09-30": "3418.18900", "2012-06-30": "3180.71400", "2012-03-31": "3170.59200", "2011-12-31": "3047.61900", "2011-09-30": "3354.06900", "2011-06-30": "3438.53900", "2011-03-31": "3542.39000", "2010-12-31": "3678.58600", "2010-09-30": "2902.34700", "2010-06-30": "2912.85900", "2010-03-31": "2294.94700", "2009-12-31": "2126.56200", "2009-09-30": "2191.02900", "2009-06-30": "1946.60900", "2009-03-31": "432.82600", "2008-12-31": "414.45500", "2008-09-30": "240.94200", "2008-06-30": "387.67900", "2008-03-31": "419.31200", "2007-12-31": ""}, "Total Liabilities And Share Holders Equity": {"2020-09-30": "18093.87000", "2020-06-30": "18448.15000", "2020-03-31": "19241.86000", "2019-12-31": "27118.67000", "2019-09-30": "28632.29000", "2019-06-30": "27637.73000", "2019-03-31": "29337.90000", "2018-12-31": "27708.64000", "2018-09-30": "25179.93000", "2018-06-30": "23262.76000", "2018-03-31": "21330.73000", "2017-12-31": "21222.07000", "2017-09-30": "21187.38000", "2017-06-30": "20818.47000", "2017-03-31": "20426.65000", "2016-12-31": "16684.91000", "2016-09-30": "17168.70000", "2016-06-30": "17590.24000", "2016-03-31": "15306.96000", "2015-12-31": "15344.65000", "2015-09-30": "15939.64000", "2015-06-30": "15751.64000", "2015-03-31": "17340.66000", "2014-12-31": "19155.01000", "2014-09-30": "17490.97000", "2014-06-30": "12565.92000", "2014-03-31": "6707.03000", "2013-12-31": "6936.08100", "2013-09-30": "7028.25500", "2013-06-30": "7183.63800", "2013-03-31": "7432.05500", "2012-12-31": "7742.48900", "2012-09-30": "7538.99200", "2012-06-30": "8306.58500", "2012-03-31": "8254.56200", "2011-12-31": "7747.13500", "2011-09-30": "9714.20500", "2011-06-30": "10089.11000", "2011-03-31": "10258.43000", "2010-12-31": "8069.28000", "2010-09-30": "7233.45200", "2010-06-30": "6878.18200", "2010-03-31": "6156.19500", "2009-12-31": "4618.32800", "2009-09-30": "4369.48000", "2009-06-30": "4207.70500", "2009-03-31": "1676.04800", "2008-12-31": "1477.50100", "2008-09-30": "1372.22700", "2008-06-30": "1971.15600", "2008-03-31": "1910.04400", "2007-12-31": ""}}, "cash flow statement": {"Net Income/Loss": {"2019-12-31": "413.55100", "2018-12-31": "411.63700", "2017-12-31": "524.66800", "2016-12-31": "551.94300", "2015-12-31": "250.34900", "2014-12-31": "589.20500", "2013-12-31": "362.68600", "2012-12-31": "327.76700", "2011-12-31": "137.32900", "2010-12-31": "248.40500", "2009-12-31": "230.69600", "2008-12-31": "-119.80900", "2007-12-31": "-2.90600"}, "Total Depreciation And Amortization - Cash Flow": {"2019-12-31": "30.22600", "2018-12-31": "16.98500", "2017-12-31": "-11.75800", "2016-12-31": "4.97500", "2015-12-31": "20.95800", "2014-12-31": "-61.01700", "2013-12-31": "-62.91500", "2012-12-31": "-51.73100", "2011-12-31": "-48.15400", "2010-12-31": "-49.82800", "2009-12-31": "-38.39300", "2008-12-31": "0.29400", "2007-12-31": "-0.09800"}, "Other Non-Cash Items": {"2019-12-31": "-310.41600", "2018-12-31": "-219.41400", "2017-12-31": "-36.32300", "2016-12-31": "-11.08200", "2015-12-31": "158.75900", "2014-12-31": "-354.83200", "2013-12-31": "4.17600", "2012-12-31": "56.54100", "2011-12-31": "357.77900", "2010-12-31": "128.48000", "2009-12-31": "-7.29000", "2008-12-31": "153.48500", "2007-12-31": "4.23700"}, "Total Non-Cash Items": {"2019-12-31": "-280.19000", "2018-12-31": "-202.42900", "2017-12-31": "-48.08100", "2016-12-31": "-6.10700", "2015-12-31": "179.71700", "2014-12-31": "-415.84900", "2013-12-31": "-58.73900", "2012-12-31": "4.81000", "2011-12-31": "309.62500", "2010-12-31": "78.65200", "2009-12-31": "-45.68300", "2008-12-31": "153.77900", "2007-12-31": "4.13900"}, "Change In Accounts Receivable": {"2019-12-31": "6.33400", "2018-12-31": "-22.65200", "2017-12-31": "-21.09100", "2016-12-31": "-13.45000", "2015-12-31": "4.85200", "2014-12-31": "-37.57000", "2013-12-31": "6.33600", "2012-12-31": "9.11100", "2011-12-31": "-0.67200", "2010-12-31": "-17.57000", "2009-12-31": "-23.17700", "2008-12-31": "-5.61300", "2007-12-31": "-4.33700"}, "Change In Inventories": {"2019-12-31": "", "2018-12-31": "", "2017-12-31": "", "2016-12-31": "", "2015-12-31": "", "2014-12-31": "", "2013-12-31": "", "2012-12-31": "", "2011-12-31": "", "2010-12-31": "", "2009-12-31": "", "2008-12-31": "", "2007-12-31": ""}, "Change In Accounts Payable": {"2019-12-31": "", "2018-12-31": "", "2017-12-31": "", "2016-12-31": "", "2015-12-31": "", "2014-12-31": "", "2013-12-31": "", "2012-12-31": "", "2011-12-31": "", "2010-12-31": "", "2009-12-31": "", "2008-12-31": "", "2007-12-31": ""}, "Change In Assets/Liabilities": {"2019-12-31": "-20.04900", "2018-12-31": "63.23500", "2017-12-31": "18.08000", "2016-12-31": "3.99400", "2015-12-31": "-53.09500", "2014-12-31": "21.17000", "2013-12-31": "-2.03000", "2012-12-31": "-5.63100", "2011-12-31": "0.34600", "2010-12-31": "4.18500", "2009-12-31": "5.99000", "2008-12-31": "0.38200", "2007-12-31": "0.65400"}, "Total Change In Assets/Liabilities": {"2019-12-31": "-68.32500", "2018-12-31": "88.37600", "2017-12-31": "10.70400", "2016-12-31": "7.07100", "2015-12-31": "-33.76400", "2014-12-31": "9.42100", "2013-12-31": "0.87300", "2012-12-31": "2.33800", "2011-12-31": "0.75100", "2010-12-31": "-5.05800", "2009-12-31": "-16.33200", "2008-12-31": "-3.30700", "2007-12-31": "-2.75600"}, "Cash Flow From Operating Activities": {"2019-12-31": "65.03600", "2018-12-31": "297.58400", "2017-12-31": "487.29100", "2016-12-31": "552.90700", "2015-12-31": "396.30200", "2014-12-31": "182.77700", "2013-12-31": "304.82000", "2012-12-31": "334.91500", "2011-12-31": "447.70500", "2010-12-31": "321.99900", "2009-12-31": "168.68100", "2008-12-31": "30.66300", "2007-12-31": "-1.52300"}, "Net Change In Property, Plant, And Equipment": {"2019-12-31": "", "2018-12-31": "", "2017-12-31": "", "2016-12-31": "", "2015-12-31": "", "2014-12-31": "", "2013-12-31": "", "2012-12-31": "", "2011-12-31": "", "2010-12-31": "", "2009-12-31": "", "2008-12-31": "", "2007-12-31": ""}, "Net Change In Intangible Assets": {"2019-12-31": "", "2018-12-31": "", "2017-12-31": "", "2016-12-31": "", "2015-12-31": "", "2014-12-31": "", "2013-12-31": "", "2012-12-31": "", "2011-12-31": "", "2010-12-31": "", "2009-12-31": "", "2008-12-31": "", "2007-12-31": ""}, "Net Acquisitions/Divestitures": {"2019-12-31": "", "2018-12-31": "", "2017-12-31": "", "2016-12-31": "", "2015-12-31": "", "2014-12-31": "", "2013-12-31": "", "2012-12-31": "", "2011-12-31": "", "2010-12-31": "", "2009-12-31": "", "2008-12-31": "", "2007-12-31": ""}, "Net Change In Short-term Investments": {"2019-12-31": "", "2018-12-31": "", "2017-12-31": "", "2016-12-31": "", "2015-12-31": "", "2014-12-31": "", "2013-12-31": "", "2012-12-31": "", "2011-12-31": "", "2010-12-31": "", "2009-12-31": "", "2008-12-31": "265.00000", "2007-12-31": "-265.00000"}, "Net Change In Long-Term Investments": {"2019-12-31": "1236.86000", "2018-12-31": "-6026.06700", "2017-12-31": "-3932.74800", "2016-12-31": "-1270.56000", "2015-12-31": "2145.18200", "2014-12-31": "-5004.20800", "2013-12-31": "305.09890", "2012-12-31": "988.80590", "2011-12-31": "-114.11230", "2010-12-31": "-1584.88700", "2009-12-31": "-2810.15900", "2008-12-31": "-1322.33300", "2007-12-31": "-529.27000"}, "Net Change In Investments - Total": {"2019-12-31": "1236.86000", "2018-12-31": "-6026.06700", "2017-12-31": "-3932.74800", "2016-12-31": "-1270.56000", "2015-12-31": "2145.18200", "2014-12-31": "-5004.20800", "2013-12-31": "305.09890", "2012-12-31": "988.80590", "2011-12-31": "-114.11230", "2010-12-31": "-1584.88700", "2009-12-31": "-2810.15900", "2008-12-31": "-1057.33300", "2007-12-31": "-794.27000"}, "Investing Activities - Other": {"2019-12-31": "", "2018-12-31": "", "2017-12-31": "-398.26100", "2016-12-31": "", "2015-12-31": "-107.27100", "2014-12-31": "-774.35000", "2013-12-31": "", "2012-12-31": "", "2011-12-31": "", "2010-12-31": "", "2009-12-31": "", "2008-12-31": "1.35000", "2007-12-31": "-1.35000"}, "Cash Flow From Investing Activities": {"2019-12-31": "1236.86000", "2018-12-31": "-6026.06700", "2017-12-31": "-4331.00900", "2016-12-31": "-1270.56000", "2015-12-31": "2037.91100", "2014-12-31": "-5778.55800", "2013-12-31": "305.09900", "2012-12-31": "988.80600", "2011-12-31": "-114.11200", "2010-12-31": "-1584.88700", "2009-12-31": "-2810.15900", "2008-12-31": "-1055.98300", "2007-12-31": "-795.62000"}, "Net Long-Term Debt": {"2019-12-31": "-382.32590", "2018-12-31": "-887.39710", "2017-12-31": "2177.29800", "2016-12-31": "2933.95100", "2015-12-31": "-837.53910", "2014-12-31": "-538.77300", "2013-12-31": "-914.23900", "2012-12-31": "655.93190", "2011-12-31": "-414.81200", "2010-12-31": "615.07200", "2009-12-31": "-102.39300", "2008-12-31": "488.74300", "2007-12-31": ""}, "Net Current Debt": {"2019-12-31": "-603.57810", "2018-12-31": "6780.69100", "2017-12-31": "1649.55100", "2016-12-31": "-1838.43800", "2015-12-31": "-1016.04300", "2014-12-31": "6796.82000", "2013-12-31": "130.53560", "2012-12-31": "-1144.96600", "2011-12-31": "864.19240", "2010-12-31": "-166.60450", "2009-12-31": "1413.28500", "2008-12-31": "291.53910", "2007-12-31": "270.58400"}, "Debt Issuance/Retirement Net - Total": {"2019-12-31": "-985.90410", "2018-12-31": "5893.29400", "2017-12-31": "3826.84900", "2016-12-31": "1095.51300", "2015-12-31": "-1853.58200", "2014-12-31": "6258.04700", "2013-12-31": "-783.70340", "2012-12-31": "-489.03440", "2011-12-31": "449.38040", "2010-12-31": "448.46750", "2009-12-31": "1310.89200", "2008-12-31": "780.28210", "2007-12-31": "270.58400"}, "Net Common Equity Issued/Repurchased": {"2019-12-31": "", "2018-12-31": "-14.83400", "2017-12-31": "", "2016-12-31": "", "2015-12-31": "-250.00000", "2014-12-31": "", "2013-12-31": "", "2012-12-31": "", "2011-12-31": "0.02200", "2010-12-31": "1313.62300", "2009-12-31": "1462.95900", "2008-12-31": "299.58400", "2007-12-31": "532.58500"}, "Net Total Equity Issued/Repurchased": {"2019-12-31": "193.36800", "2018-12-31": "236.70200", "2017-12-31": "314.42900", "2016-12-31": "140.06500", "2015-12-31": "-250.00000", "2014-12-31": "", "2013-12-31": "", "2012-12-31": "", "2011-12-31": "0.02200", "2010-12-31": "1313.62300", "2009-12-31": "1462.95900", "2008-12-31": "299.58400", "2007-12-31": "532.58500"}, "Total Common And Preferred Stock Dividends Paid": {"2019-12-31": "-446.96000", "2018-12-31": "-417.59300", "2017-12-31": "-411.70300", "2016-12-31": "-454.27500", "2015-12-31": "-381.18900", "2014-12-31": "-575.27600", "2013-12-31": "-369.74000", "2012-12-31": "-410.71200", "2011-12-31": "-584.98900", "2010-12-31": "-516.81200", "2009-12-31": "-135.62200", "2008-12-31": "-22.84800", "2007-12-31": ""}, "Financial Activities - Other": {"2019-12-31": "", "2018-12-31": "", "2017-12-31": "", "2016-12-31": "", "2015-12-31": "", "2014-12-31": "", "2013-12-31": "", "2012-12-31": "-9.12100", "2011-12-31": "1.12000", "2010-12-31": "0.50400", "2009-12-31": "0.05000", "2008-12-31": "-10.24000", "2007-12-31": ""}, "Cash Flow From Financial Activities": {"2019-12-31": "-1239.50400", "2018-12-31": "5712.40000", "2017-12-31": "3729.57300", "2016-12-31": "781.30500", "2015-12-31": "-2484.77100", "2014-12-31": "5682.77200", "2013-12-31": "-1153.44300", "2012-12-31": "-908.86700", "2011-12-31": "-134.46700", "2010-12-31": "1245.78200", "2009-12-31": "2638.27700", "2008-12-31": "1046.77400", "2007-12-31": "803.16900"}, "Net Cash Flow": {"2019-12-31": "62.39200", "2018-12-31": "-16.08300", "2017-12-31": "-114.14500", "2016-12-31": "63.65200", "2015-12-31": "-50.55800", "2014-12-31": "86.99100", "2013-12-31": "-543.52400", "2012-12-31": "414.85400", "2011-12-31": "199.12600", "2010-12-31": "-17.10600", "2009-12-31": "-3.20100", "2008-12-31": "21.45400", "2007-12-31": "6.02600"}, "Stock-Based Compensation": {"2019-12-31": "10.58400", "2018-12-31": "8.79700", "2017-12-31": "3.61400", "2016-12-31": "2.20400", "2015-12-31": "1.97900", "2014-12-31": "0.95600", "2013-12-31": "0.69100", "2012-12-31": "0.44900", "2011-12-31": "0.71300", "2010-12-31": "0.71600", "2009-12-31": "0.57200", "2008-12-31": "1.46000", "2007-12-31": ""}, "Common Stock Dividends Paid": {"2019-12-31": "-374.25600", "2018-12-31": "-374.39600", "2017-12-31": "-375.77100", "2016-12-31": "-454.27500", "2015-12-31": "-381.18900", "2014-12-31": "-575.27600", "2013-12-31": "-369.74000", "2012-12-31": "-410.71200", "2011-12-31": "-584.98900", "2010-12-31": "-516.81200", "2009-12-31": "-135.62200", "2008-12-31": "-22.84800", "2007-12-31": ""}}, "cash flow statement, quarterly": {"Net Income/Loss": {"2020-09-30": 367.329, "2020-06-30": -54.955, "2020-03-31": "-370.75500", "2019-12-31": 130.318, "2019-09-30": 106.326, "2019-06-30": 58.76, "2019-03-31": "118.14700", "2018-12-31": -102.798, "2018-09-30": 157.319, "2018-06-30": 118.109, "2018-03-31": "239.00700", "2017-12-31": 107.608, "2017-09-30": 139.236, "2017-06-30": 115.017, "2017-03-31": "162.80700", "2016-12-31": 221.901, "2016-09-30": 172.816, "2016-06-30": 74.128, "2016-03-31": "83.09800", "2015-12-31": 115.38, "2015-09-30": -48.259, "2015-06-30": 116.187, "2015-03-31": "67.04100", "2014-12-31": 6.488, "2014-09-30": 377.58, "2014-06-30": 104.769, "2014-03-31": "100.36800", "2013-12-31": 72.311, "2013-09-30": 67.367, "2013-06-30": 143.207, "2013-03-31": "79.80100", "2012-12-31": 78.685, "2012-09-30": 128.068, "2012-06-30": 40.781, "2012-03-31": "80.23300", "2011-12-31": 42.748, "2011-09-30": -60.036, "2011-06-30": 53.979, "2011-03-31": "100.63800", "2010-12-31": -101.183, "2010-09-30": 99.399, "2010-06-30": 124.579, "2010-03-31": "125.61000", "2009-12-31": 2.181, "2009-09-30": 158.002, "2009-06-30": 51.644, "2009-03-31": "18.86900", "2008-12-31": 8.786, "2008-09-30": -107.556, "2008-06-30": 33.896, "2008-03-31": "-54.93500", "2007-12-31": -2.9}, "Total Depreciation And Amortization - Cash Flow": {"2020-09-30": 26.437, "2020-06-30": 7.825, "2020-03-31": "18.00100", "2019-12-31": -0.314, "2019-09-30": 14.751, "2019-06-30": 15.554, "2019-03-31": "0.23500", "2018-12-31": 3.205, "2018-09-30": 7.233, "2018-06-30": 3.992, "2018-03-31": "2.55500", "2017-12-31": -6.606, "2017-09-30": -9.573, "2017-06-30": 9.721, "2017-03-31": "-5.30000", "2016-12-31": 1.53, "2016-09-30": -9.203, "2016-06-30": 1.942, "2016-03-31": "10.70600", "2015-12-31": 12.829, "2015-09-30": 15.466, "2015-06-30": 4.176, "2015-03-31": "-11.51300", "2014-12-31": -19.188, "2014-09-30": -8.145, "2014-06-30": -16.806, "2014-03-31": "-16.87800", "2013-12-31": -20.883, "2013-09-30": -10.032, "2013-06-30": -16.875, "2013-03-31": "-15.12500", "2012-12-31": -16.935, "2012-09-30": -10.838, "2012-06-30": -24.927, "2012-03-31": "0.96900", "2011-12-31": -15.48, "2011-09-30": -19.036, "2011-06-30": -8.256, "2011-03-31": "-5.38200", "2010-12-31": 139.11, "2010-09-30": -70.127, "2010-06-30": -64.969, "2010-03-31": "-53.84200", "2009-12-31": 0.146, "2009-09-30": -23.676, "2009-06-30": -13.609, "2009-03-31": "-1.25400", "2008-12-31": 0.319, "2008-09-30": 0.908, "2008-06-30": -0.318, "2008-03-31": "-0.61500", "2007-12-31": -0.09}, "Other Non-Cash Items": {"2020-09-30": -270.083, "2020-06-30": 141.977, "2020-03-31": "317.08400", "2019-12-31": 116.104, "2019-09-30": -110.398, "2019-06-30": -104.992, "2019-03-31": "-211.13000", "2018-12-31": -115.489, "2018-09-30": -22.511, "2018-06-30": -23.434, "2018-03-31": "-57.98000", "2017-12-31": 61.836, "2017-09-30": -21.736, "2017-06-30": -18.911, "2017-03-31": "-57.51200", "2016-12-31": 19.678, "2016-09-30": -19.848, "2016-06-30": -11.413, "2016-03-31": "0.50100", "2015-12-31": 46.337, "2015-09-30": 70.106, "2015-06-30": 60.995, "2015-03-31": "-18.67900", "2014-12-31": 33.783, "2014-09-30": -257.247, "2014-06-30": -114.59, "2014-03-31": "-16.77800", "2013-12-31": 32.352, "2013-09-30": 25.493, "2013-06-30": -55.936, "2013-03-31": "2.26700", "2012-12-31": 3.21, "2012-09-30": -38.752, "2012-06-30": 78.24, "2012-03-31": "13.84300", "2011-12-31": 75.259, "2011-09-30": 193.525, "2011-06-30": 70.821, "2011-03-31": "18.17400", "2010-12-31": 52.46, "2010-09-30": 52.537, "2010-06-30": 19.603, "2010-03-31": "3.88000", "2009-12-31": 69.693, "2009-09-30": -72.105, "2009-06-30": -1.589, "2009-03-31": "-3.28900", "2008-12-31": 11.448, "2008-09-30": 102.755, "2008-06-30": -26.906, "2008-03-31": "66.18800", "2007-12-31": 0}, "Total Non-Cash Items": {"2020-09-30": -243.646, "2020-06-30": 149.802, "2020-03-31": "335.08500", "2019-12-31": 115.79, "2019-09-30": -95.647, "2019-06-30": -89.438, "2019-03-31": "-210.89500", "2018-12-31": -112.284, "2018-09-30": -15.278, "2018-06-30": -19.442, "2018-03-31": "-55.42500", "2017-12-31": 55.23, "2017-09-30": -31.309, "2017-06-30": -9.19, "2017-03-31": "-62.81200", "2016-12-31": 21.208, "2016-09-30": -29.051, "2016-06-30": -9.471, "2016-03-31": "11.20700", "2015-12-31": 59.166, "2015-09-30": 85.572, "2015-06-30": 65.171, "2015-03-31": "-30.19200", "2014-12-31": 14.595, "2014-09-30": -265.392, "2014-06-30": -131.396, "2014-03-31": "-33.65600", "2013-12-31": 11.469, "2013-09-30": 15.461, "2013-06-30": -72.811, "2013-03-31": "-12.85800", "2012-12-31": -13.725, "2012-09-30": -49.59, "2012-06-30": 53.313, "2012-03-31": "14.81200", "2011-12-31": 59.779, "2011-09-30": 174.489, "2011-06-30": 62.565, "2011-03-31": "12.79200", "2010-12-31": 191.57, "2010-09-30": -17.59, "2010-06-30": -45.366, "2010-03-31": "-49.96200", "2009-12-31": 69.839, "2009-09-30": -95.781, "2009-06-30": -15.198, "2009-03-31": "-4.54300", "2008-12-31": 11.767, "2008-09-30": 103.663, "2008-06-30": -27.224, "2008-03-31": "65.57300", "2007-12-31": -0.09}, "Change In Accounts Receivable": {"2020-09-30": 2.663, "2020-06-30": 3.955, "2020-03-31": "23.76300", "2019-12-31": 8.494, "2019-09-30": -4.208, "2019-06-30": 2.71, "2019-03-31": "-0.66200", "2018-12-31": -8.643, "2018-09-30": -7.921, "2018-06-30": -8.208, "2018-03-31": "2.12000", "2017-12-31": -1.353, "2017-09-30": -1.356, "2017-06-30": 1.59, "2017-03-31": "-19.97200", "2016-12-31": 4.631, "2016-09-30": 25.316, "2016-06-30": -44.591, "2016-03-31": "1.19400", "2015-12-31": 3.527, "2015-09-30": 1.81, "2015-06-30": 3.012, "2015-03-31": "-3.49700", "2014-12-31": 2.128, "2014-09-30": -29.522, "2014-06-30": -14.85, "2014-03-31": "4.67400", "2013-12-31": 4.192, "2013-09-30": 0.349, "2013-06-30": -1.062, "2013-03-31": "2.85700", "2012-12-31": 3.652, "2012-09-30": 6.184, "2012-06-30": 0.563, "2012-03-31": "-1.28800", "2011-12-31": 5.919, "2011-09-30": 2.407, "2011-06-30": 0.165, "2011-03-31": "-9.16300", "2010-12-31": -2.931, "2010-09-30": -2.085, "2010-06-30": -6.045, "2010-03-31": "-6.50900", "2009-12-31": -3.684, "2009-09-30": -2.389, "2009-06-30": -15.843, "2009-03-31": "-1.26100", "2008-12-31": -1.739, "2008-09-30": 1.652, "2008-06-30": 0.345, "2008-03-31": "-5.87100", "2007-12-31": 0}, "Change In Inventories": {"2020-09-30": 0, "2020-06-30": 0, "2020-03-31": "", "2019-12-31": 0, "2019-09-30": 0, "2019-06-30": 0, "2019-03-31": "", "2018-12-31": 0, "2018-09-30": 0, "2018-06-30": 0, "2018-03-31": "", "2017-12-31": 0, "2017-09-30": 0, "2017-06-30": 0, "2017-03-31": "", "2016-12-31": 0, "2016-09-30": 0, "2016-06-30": 0, "2016-03-31": "", "2015-12-31": 0, "2015-09-30": 0, "2015-06-30": 0, "2015-03-31": "", "2014-12-31": 0, "2014-09-30": 0, "2014-06-30": 0, "2014-03-31": "", "2013-12-31": 0, "2013-09-30": 0, "2013-06-30": 0, "2013-03-31": "", "2012-12-31": 0, "2012-09-30": 0, "2012-06-30": 0, "2012-03-31": "", "2011-12-31": 0, "2011-09-30": 0, "2011-06-30": 0, "2011-03-31": "", "2010-12-31": 0, "2010-09-30": 0, "2010-06-30": 0, "2010-03-31": "", "2009-12-31": 0, "2009-09-30": 0, "2009-06-30": 0, "2009-03-31": "", "2008-12-31": 0, "2008-09-30": 0, "2008-06-30": 0, "2008-03-31": "", "2007-12-31": 0}, "Change In Accounts Payable": {"2020-09-30": 5.613, "2020-06-30": 5.706, "2020-03-31": "6.41700", "2019-12-31": -14.912, "2019-09-30": 12.266, "2019-06-30": -13.009, "2019-03-31": "15.65500", "2018-12-31": 0, "2018-09-30": 0, "2018-06-30": 0, "2018-03-31": "", "2017-12-31": 0, "2017-09-30": 0, "2017-06-30": 0, "2017-03-31": "", "2016-12-31": 0, "2016-09-30": 0, "2016-06-30": 0, "2016-03-31": "", "2015-12-31": 0, "2015-09-30": 0, "2015-06-30": 0, "2015-03-31": "", "2014-12-31": 0, "2014-09-30": 0, "2014-06-30": 0, "2014-03-31": "", "2013-12-31": 0, "2013-09-30": 0, "2013-06-30": -1.199, "2013-03-31": "1.19900", "2012-12-31": 0, "2012-09-30": 0, "2012-06-30": 0, "2012-03-31": "", "2011-12-31": 0, "2011-09-30": 0, "2011-06-30": 0, "2011-03-31": "", "2010-12-31": 0, "2010-09-30": 0, "2010-06-30": 0, "2010-03-31": "", "2009-12-31": 0, "2009-09-30": 0, "2009-06-30": 0, "2009-03-31": "", "2008-12-31": 0, "2008-09-30": 0, "2008-06-30": 0, "2008-03-31": "", "2007-12-31": 0}, "Change In Assets/Liabilities": {"2020-09-30": 33.639, "2020-06-30": 338.671, "2020-03-31": "-394.81700", "2019-12-31": -4.449, "2019-09-30": -13.434, "2019-06-30": -3.191, "2019-03-31": "1.02500", "2018-12-31": 38.667, "2018-09-30": 0.857, "2018-06-30": 11.21, "2018-03-31": "12.50100", "2017-12-31": 23.156, "2017-09-30": 2.045, "2017-06-30": 23.154, "2017-03-31": "-30.27500", "2016-12-31": 40.963, "2016-09-30": -1.609, "2016-06-30": -44.8, "2016-03-31": "9.44000", "2015-12-31": -33.19, "2015-09-30": -0.139, "2015-06-30": -14.695, "2015-03-31": "-5.07100", "2014-12-31": 12.816, "2014-09-30": 10.152, "2014-06-30": 5.358, "2014-03-31": "-7.15600", "2013-12-31": -0.595, "2013-09-30": -0.233, "2013-06-30": 2.917, "2013-03-31": "-4.11900", "2012-12-31": -5.156, "2012-09-30": -0.929, "2012-06-30": 0.447, "2012-03-31": "0.00700", "2011-12-31": -1.439, "2011-09-30": 0.646, "2011-06-30": 0.812, "2011-03-31": "0.32700", "2010-12-31": 0.159, "2010-09-30": 2.617, "2010-06-30": 1.771, "2010-03-31": "-0.36200", "2009-12-31": -1.716, "2009-09-30": 6.167, "2009-06-30": 0.939, "2009-03-31": "0.60000", "2008-12-31": 0.276, "2008-09-30": 0.179, "2008-06-30": 0.256, "2008-03-31": "-0.32900", "2007-12-31": 0}, "Total Change In Assets/Liabilities": {"2020-09-30": 38.838, "2020-06-30": 342.723, "2020-03-31": "-383.79300", "2019-12-31": -36.305, "2019-09-30": -8.392, "2019-06-30": -54.2, "2019-03-31": "30.57200", "2018-12-31": 22.923, "2018-09-30": 41.686, "2018-06-30": 8.871, "2018-03-31": "14.89600", "2017-12-31": 15.252, "2017-09-30": 18.018, "2017-06-30": 16.269, "2017-03-31": "-38.83500", "2016-12-31": 45.905, "2016-09-30": 5.891, "2016-06-30": -57.99, "2016-03-31": "13.26500", "2015-12-31": -32.185, "2015-09-30": 24.298, "2015-06-30": -23.038, "2015-03-31": "-2.83900", "2014-12-31": 6.313, "2014-09-30": 8.961, "2014-06-30": -3.17, "2014-03-31": "-2.68300", "2013-12-31": 1.784, "2013-09-30": 0.375, "2013-06-30": -0.746, "2013-03-31": "-0.54000", "2012-12-31": -1.735, "2012-09-30": 3.813, "2012-06-30": 0.758, "2012-03-31": "-0.49800", "2011-12-31": 4.47, "2011-09-30": 3.29, "2011-06-30": 0.084, "2011-03-31": "-7.09300", "2010-12-31": -2.712, "2010-09-30": -0.318, "2010-06-30": -1.63, "2010-03-31": "-0.39800", "2009-12-31": -5.644, "2009-09-30": 1.858, "2009-06-30": -12.04, "2009-03-31": "-0.50600", "2008-12-31": -2.288, "2008-09-30": 0.678, "2008-06-30": 0.912, "2008-03-31": "-2.60900", "2007-12-31": -2.75}, "Cash Flow From Operating Activities": {"2020-09-30": 162.521, "2020-06-30": 437.57, "2020-03-31": "-419.46300", "2019-12-31": 209.803, "2019-09-30": 2.287, "2019-06-30": -84.878, "2019-03-31": "-62.17600", "2018-12-31": -192.159, "2018-09-30": 183.727, "2018-06-30": 107.538, "2018-03-31": "198.47800", "2017-12-31": 178.09, "2017-09-30": 125.945, "2017-06-30": 122.096, "2017-03-31": "61.16000", "2016-12-31": 289.014, "2016-09-30": 149.656, "2016-06-30": 6.667, "2016-03-31": "107.57000", "2015-12-31": 142.361, "2015-09-30": 61.611, "2015-06-30": 158.32, "2015-03-31": "34.01000", "2014-12-31": 27.396, "2014-09-30": 121.149, "2014-06-30": -29.797, "2014-03-31": "64.02900", "2013-12-31": 85.564, "2013-09-30": 83.203, "2013-06-30": 69.65, "2013-03-31": "66.40300", "2012-12-31": 63.225, "2012-09-30": 82.291, "2012-06-30": 94.852, "2012-03-31": "94.54700", "2011-12-31": 106.997, "2011-09-30": 117.743, "2011-06-30": 116.628, "2011-03-31": "106.33700", "2010-12-31": 87.675, "2010-09-30": 81.491, "2010-06-30": 77.583, "2010-03-31": "75.25000", "2009-12-31": 66.376, "2009-09-30": 64.079, "2009-06-30": 24.406, "2009-03-31": "13.82000", "2008-12-31": 18.265, "2008-09-30": -3.215, "2008-06-30": 7.584, "2008-03-31": "8.02900", "2007-12-31": -1.52}, "Net Change In Property, Plant, And Equipment": {"2020-09-30": 0, "2020-06-30": 0, "2020-03-31": "", "2019-12-31": 0, "2019-09-30": 0, "2019-06-30": 0, "2019-03-31": "", "2018-12-31": 0, "2018-09-30": 0, "2018-06-30": 0, "2018-03-31": "", "2017-12-31": 0, "2017-09-30": 0, "2017-06-30": 0, "2017-03-31": "", "2016-12-31": 0, "2016-09-30": 0, "2016-06-30": 0, "2016-03-31": "", "2015-12-31": 0, "2015-09-30": 0, "2015-06-30": 0, "2015-03-31": "", "2014-12-31": 0, "2014-09-30": 0, "2014-06-30": 0, "2014-03-31": "", "2013-12-31": 0, "2013-09-30": 0, "2013-06-30": 0, "2013-03-31": "", "2012-12-31": 0, "2012-09-30": 0, "2012-06-30": 0, "2012-03-31": "", "2011-12-31": 0, "2011-09-30": 0, "2011-06-30": 0, "2011-03-31": "", "2010-12-31": 0, "2010-09-30": 0, "2010-06-30": 0, "2010-03-31": "", "2009-12-31": 0, "2009-09-30": 0, "2009-06-30": 0, "2009-03-31": "", "2008-12-31": 0, "2008-09-30": 0, "2008-06-30": 0, "2008-03-31": "", "2007-12-31": 0}, "Net Change In Intangible Assets": {"2020-09-30": 0, "2020-06-30": 0, "2020-03-31": "", "2019-12-31": 0, "2019-09-30": 0, "2019-06-30": 0, "2019-03-31": "", "2018-12-31": 0, "2018-09-30": 0, "2018-06-30": 0, "2018-03-31": "", "2017-12-31": 0, "2017-09-30": 0, "2017-06-30": 0, "2017-03-31": "", "2016-12-31": 0, "2016-09-30": 0, "2016-06-30": 0, "2016-03-31": "", "2015-12-31": 0, "2015-09-30": 0, "2015-06-30": 0, "2015-03-31": "", "2014-12-31": 0, "2014-09-30": 0, "2014-06-30": 0, "2014-03-31": "", "2013-12-31": 0, "2013-09-30": 0, "2013-06-30": 0, "2013-03-31": "", "2012-12-31": 0, "2012-09-30": 0, "2012-06-30": 0, "2012-03-31": "", "2011-12-31": 0, "2011-09-30": 0, "2011-06-30": 0, "2011-03-31": "", "2010-12-31": 0, "2010-09-30": 0, "2010-06-30": 0, "2010-03-31": "", "2009-12-31": 0, "2009-09-30": 0, "2009-06-30": 0, "2009-03-31": "", "2008-12-31": 0, "2008-09-30": 0, "2008-06-30": 0, "2008-03-31": "", "2007-12-31": 0}, "Net Acquisitions/Divestitures": {"2020-09-30": 0, "2020-06-30": 0, "2020-03-31": "", "2019-12-31": 0, "2019-09-30": 0, "2019-06-30": 0, "2019-03-31": "", "2018-12-31": 0, "2018-09-30": 0, "2018-06-30": 0, "2018-03-31": "", "2017-12-31": 0, "2017-09-30": 0, "2017-06-30": 0, "2017-03-31": "", "2016-12-31": 0, "2016-09-30": 0, "2016-06-30": 0, "2016-03-31": "", "2015-12-31": 0, "2015-09-30": 0, "2015-06-30": 0, "2015-03-31": "", "2014-12-31": 0, "2014-09-30": 0, "2014-06-30": 0, "2014-03-31": "", "2013-12-31": 0, "2013-09-30": 0, "2013-06-30": 0, "2013-03-31": "", "2012-12-31": 0, "2012-09-30": 0, "2012-06-30": 0, "2012-03-31": "", "2011-12-31": 0, "2011-09-30": 0, "2011-06-30": 0, "2011-03-31": "", "2010-12-31": 0, "2010-09-30": 0, "2010-06-30": 0, "2010-03-31": "", "2009-12-31": 0, "2009-09-30": 0, "2009-06-30": 0, "2009-03-31": "", "2008-12-31": 0, "2008-09-30": 0, "2008-06-30": 0, "2008-03-31": "", "2007-12-31": 0}, "Net Change In Short-term Investments": {"2020-09-30": 0, "2020-06-30": 0, "2020-03-31": "", "2019-12-31": 0, "2019-09-30": 0, "2019-06-30": 0, "2019-03-31": "", "2018-12-31": 0, "2018-09-30": 0, "2018-06-30": 0, "2018-03-31": "", "2017-12-31": 0, "2017-09-30": 0, "2017-06-30": 0, "2017-03-31": "", "2016-12-31": 0, "2016-09-30": 0, "2016-06-30": 0, "2016-03-31": "", "2015-12-31": 0, "2015-09-30": 0, "2015-06-30": 0, "2015-03-31": "", "2014-12-31": 0, "2014-09-30": 0, "2014-06-30": 0, "2014-03-31": "", "2013-12-31": 0, "2013-09-30": 0, "2013-06-30": 0, "2013-03-31": "", "2012-12-31": 0, "2012-09-30": 0, "2012-06-30": 0, "2012-03-31": "", "2011-12-31": 0, "2011-09-30": 0, "2011-06-30": 0, "2011-03-31": "", "2010-12-31": 0, "2010-09-30": 0, "2010-06-30": 0, "2010-03-31": "", "2009-12-31": 0, "2009-09-30": 0, "2009-06-30": 0, "2009-03-31": "", "2008-12-31": 0, "2008-09-30": 0, "2008-06-30": 0, "2008-03-31": "265.00000", "2007-12-31": 0}, "Net Change In Long-Term Investments": {"2020-09-30": 1108.075, "2020-06-30": 383.451, "2020-03-31": "6645.54000", "2019-12-31": 1025.5993, "2019-09-30": -250.8299, "2019-06-30": 1342.9005, "2019-03-31": "-880.80990", "2018-12-31": -2302.364, "2018-09-30": -1831.335, "2018-06-30": -1955.594, "2018-03-31": "63.22600", "2017-12-31": 122.264, "2017-09-30": -712.38, "2017-06-30": 373.935, "2017-03-31": "-3716.56700", "2016-12-31": 224.422, "2016-09-30": 491.256, "2016-06-30": -2166.936, "2016-03-31": "180.69800", "2015-12-31": 187.426, "2015-09-30": 209.976, "2015-06-30": 1351.4023, "2015-03-31": "396.37770", "2014-12-31": 467.73, "2014-09-30": -2137.232, "2014-06-30": -3770.437, "2014-03-31": "435.73100", "2013-12-31": 8.6498, "2013-09-30": 74.011, "2013-06-30": -246.4979, "2013-03-31": "468.93600", "2012-12-31": 108.5068, "2012-09-30": 1348.1231, "2012-06-30": -39.065, "2012-03-31": "-428.75900", "2011-12-31": 1864.8127, "2011-09-30": 328.338, "2011-06-30": -213.494, "2011-03-31": "-2093.76900", "2010-12-31": -681.857, "2010-09-30": -209.382, "2010-06-30": -653.858, "2010-03-31": "-39.79000", "2009-12-31": -335.914, "2009-09-30": -85.352, "2009-06-30": -2384.996, "2009-03-31": "-3.89700", "2008-12-31": -211.042, "2008-09-30": 229.234, "2008-06-30": -86.404, "2008-03-31": "-1254.12100", "2007-12-31": 0}, "Net Change In Investments - Total": {"2020-09-30": 1108.075, "2020-06-30": 383.451, "2020-03-31": "6645.54000", "2019-12-31": 1025.5993, "2019-09-30": -250.8299, "2019-06-30": 1342.9005, "2019-03-31": "-880.80990", "2018-12-31": -2302.364, "2018-09-30": -1831.335, "2018-06-30": -1955.594, "2018-03-31": "63.22600", "2017-12-31": 122.264, "2017-09-30": -712.38, "2017-06-30": 373.935, "2017-03-31": "-3716.56700", "2016-12-31": 224.422, "2016-09-30": 491.256, "2016-06-30": -2166.936, "2016-03-31": "180.69800", "2015-12-31": 187.426, "2015-09-30": 209.976, "2015-06-30": 1351.4023, "2015-03-31": "396.37770", "2014-12-31": 467.73, "2014-09-30": -2137.232, "2014-06-30": -3770.437, "2014-03-31": "435.73100", "2013-12-31": 8.6498, "2013-09-30": 74.011, "2013-06-30": -246.4979, "2013-03-31": "468.93600", "2012-12-31": 108.5068, "2012-09-30": 1348.1231, "2012-06-30": -39.065, "2012-03-31": "-428.75900", "2011-12-31": 1864.8127, "2011-09-30": 328.338, "2011-06-30": -213.494, "2011-03-31": "-2093.76900", "2010-12-31": -681.857, "2010-09-30": -209.382, "2010-06-30": -653.858, "2010-03-31": "-39.79000", "2009-12-31": -335.914, "2009-09-30": -85.352, "2009-06-30": -2384.996, "2009-03-31": "-3.89700", "2008-12-31": -211.042, "2008-09-30": 229.234, "2008-06-30": -86.404, "2008-03-31": "-989.12100", "2007-12-31": -529.27}, "Investing Activities - Other": {"2020-09-30": 0, "2020-06-30": 0, "2020-03-31": "", "2019-12-31": 0, "2019-09-30": 0, "2019-06-30": 0, "2019-03-31": "", "2018-12-31": 0, "2018-09-30": 0, "2018-06-30": 0, "2018-03-31": "", "2017-12-31": -398.261, "2017-09-30": 0, "2017-06-30": 0, "2017-03-31": "", "2016-12-31": 0, "2016-09-30": 0, "2016-06-30": 0, "2016-03-31": "", "2015-12-31": -107.271, "2015-09-30": 0, "2015-06-30": 0, "2015-03-31": "", "2014-12-31": -774.35, "2014-09-30": 0, "2014-06-30": 0, "2014-03-31": "", "2013-12-31": 0, "2013-09-30": 0, "2013-06-30": 0, "2013-03-31": "", "2012-12-31": 0, "2012-09-30": 0, "2012-06-30": 0, "2012-03-31": "", "2011-12-31": 0, "2011-09-30": 0, "2011-06-30": 0, "2011-03-31": "", "2010-12-31": 0, "2010-09-30": 0, "2010-06-30": 0, "2010-03-31": "", "2009-12-31": 0, "2009-09-30": 0, "2009-06-30": 0, "2009-03-31": "", "2008-12-31": 0, "2008-09-30": 29.507, "2008-06-30": 73.327, "2008-03-31": "-101.48400", "2007-12-31": -266.35}, "Cash Flow From Investing Activities": {"2020-09-30": 1108.075, "2020-06-30": 383.451, "2020-03-31": "6645.54000", "2019-12-31": 1025.599, "2019-09-30": -250.829, "2019-06-30": 1342.9, "2019-03-31": "-880.81000", "2018-12-31": -2302.364, "2018-09-30": -1831.335, "2018-06-30": -1955.594, "2018-03-31": "63.22600", "2017-12-31": -275.997, "2017-09-30": -712.38, "2017-06-30": 373.935, "2017-03-31": "-3716.56700", "2016-12-31": 224.422, "2016-09-30": 491.256, "2016-06-30": -2166.936, "2016-03-31": "180.69800", "2015-12-31": 80.155, "2015-09-30": 209.976, "2015-06-30": 1351.402, "2015-03-31": "396.37800", "2014-12-31": -306.621, "2014-09-30": -2137.231, "2014-06-30": -3770.437, "2014-03-31": "435.73100", "2013-12-31": 8.65, "2013-09-30": 74.011, "2013-06-30": -246.498, "2013-03-31": "468.93600", "2012-12-31": 108.507, "2012-09-30": 1348.123, "2012-06-30": -39.065, "2012-03-31": "-428.75900", "2011-12-31": 1864.813, "2011-09-30": 328.338, "2011-06-30": -213.494, "2011-03-31": "-2093.76900", "2010-12-31": -681.857, "2010-09-30": -209.382, "2010-06-30": -653.858, "2010-03-31": "-39.79000", "2009-12-31": -335.914, "2009-09-30": -85.352, "2009-06-30": -2384.996, "2009-03-31": "-3.89700", "2008-12-31": -211.042, "2008-09-30": 258.741, "2008-06-30": -13.077, "2008-03-31": "-1090.60500", "2007-12-31": -795.62}, "Net Long-Term Debt": {"2020-09-30": 134.2049, "2020-06-30": 521.159, "2020-03-31": "340.20200", "2019-12-31": 400.1581, "2019-09-30": -19.743, "2019-06-30": -402.475, "2019-03-31": "-360.26600", "2018-12-31": -357.6751, "2018-09-30": -486.4799, "2018-06-30": 16.9619, "2018-03-31": "-60.20400", "2017-12-31": -313.871, "2017-09-30": 103.367, "2017-06-30": -707.123, "2017-03-31": "3094.92500", "2016-12-31": -325.672, "2016-09-30": -422.876, "2016-06-30": 3816.711, "2016-03-31": "-134.21200", "2015-12-31": -308.298, "2015-09-30": -306.7541, "2015-06-30": 1.364, "2015-03-31": "-223.85100", "2014-12-31": -322.553, "2014-09-30": 2.699, "2014-06-30": -76.677, "2014-03-31": "-142.24200", "2013-12-31": -118.872, "2013-09-30": -218.624, "2013-06-30": -269.858, "2013-03-31": "-306.88500", "2012-12-31": 215.7778, "2012-09-30": -292.9389, "2012-06-30": 186.599, "2012-03-31": "546.49400", "2011-12-31": -144.04, "2011-09-30": -169.874, "2011-06-30": -209.965, "2011-03-31": "109.06700", "2010-12-31": -38.6681, "2010-09-30": -196.3529, "2010-06-30": 462.579, "2010-03-31": "387.51400", "2009-12-31": -25.014, "2009-09-30": -29.72, "2009-06-30": -31.689, "2009-03-31": "-15.97000", "2008-12-31": -11.945, "2008-09-30": -3.711, "2008-06-30": 504.399, "2008-03-31": "", "2007-12-31": 0}, "Net Current Debt": {"2020-09-30": -1295.527, "2020-06-30": -1189.75, "2020-03-31": "-6280.55100", "2019-12-31": -1574.5469, "2019-09-30": 487.1602, "2019-06-30": -809.3794, "2019-03-31": "1293.18800", "2018-12-31": 2887.144, "2018-09-30": 2015.828, "2018-06-30": 1923.8967, "2018-03-31": "-46.17770", "2017-12-31": 540.633, "2017-09-30": 455.669, "2017-06-30": 402.9487, "2017-03-31": "250.30030", "2016-12-31": -216.618, "2016-09-30": -38.744, "2016-06-30": -1689.368, "2016-03-31": "106.29200", "2015-12-31": 288.518, "2015-09-30": 336.99, "2015-06-30": -1482.3938, "2015-03-31": "-159.15720", "2014-12-31": 617.216, "2014-09-30": 2273.61, "2014-06-30": 4002.635, "2014-03-31": "-96.64100", "2013-12-31": 69.2358, "2013-09-30": 111.1838, "2013-06-30": 57.7659, "2013-03-31": "-107.64990", "2012-12-31": -130.883, "2012-09-30": -703.1821, "2012-06-30": -140.782, "2012-03-31": "-170.11890", "2011-12-31": -1498.2016, "2011-09-30": -149.296, "2011-06-30": 450.08, "2011-03-31": "2061.61000", "2010-12-31": 240.5752, "2010-09-30": 230.417, "2010-06-30": -348.4317, "2010-03-31": "-289.16500", "2009-12-31": 378.086, "2009-09-30": 96.6873, "2009-06-30": 940.7051, "2009-03-31": "-2.19340", "2008-12-31": -57.5312, "2008-09-30": -289.4356, "2008-06-30": -530.4441, "2008-03-31": "1168.95000", "2007-12-31": 0}, "Debt Issuance/Retirement Net - Total": {"2020-09-30": -1161.322, "2020-06-30": -668.591, "2020-03-31": "-5940.34900", "2019-12-31": -1174.3888, "2019-09-30": 467.4171, "2019-06-30": -1211.8539, "2019-03-31": "932.92150", "2018-12-31": 2529.469, "2018-09-30": 1529.348, "2018-06-30": 1940.8587, "2018-03-31": "-106.38170", "2017-12-31": 226.762, "2017-09-30": 559.036, "2017-06-30": -304.174, "2017-03-31": "3345.22500", "2016-12-31": -542.29, "2016-09-30": -461.62, "2016-06-30": 2127.343, "2016-03-31": "-27.92000", "2015-12-31": -19.78, "2015-09-30": 30.236, "2015-06-30": -1481.0298, "2015-03-31": "-383.00820", "2014-12-31": 294.663, "2014-09-30": 2276.309, "2014-06-30": 3925.958, "2014-03-31": "-238.88300", "2013-12-31": -49.6362, "2013-09-30": -107.4402, "2013-06-30": -212.0921, "2013-03-31": "-414.53490", "2012-12-31": 84.8946, "2012-09-30": -996.1211, "2012-06-30": 45.817, "2012-03-31": "376.37510", "2011-12-31": -1642.2416, "2011-09-30": -319.17, "2011-06-30": 240.115, "2011-03-31": "2170.67700", "2010-12-31": 201.9071, "2010-09-30": 34.0641, "2010-06-30": 114.1473, "2010-03-31": "98.34900", "2009-12-31": 353.0718, "2009-09-30": 66.9675, "2009-06-30": 909.0161, "2009-03-31": "-18.16340", "2008-12-31": -69.4762, "2008-09-30": -293.1467, "2008-06-30": -26.045, "2008-03-31": "1168.95000", "2007-12-31": 0}, "Net Common Equity Issued/Repurchased": {"2020-09-30": 0, "2020-06-30": 0, "2020-03-31": "-22.06600", "2019-12-31": 0, "2019-09-30": 0, "2019-06-30": 0, "2019-03-31": "", "2018-12-31": 0, "2018-09-30": 0, "2018-06-30": 0, "2018-03-31": "-14.83400", "2017-12-31": 0, "2017-09-30": 0, "2017-06-30": 0, "2017-03-31": "", "2016-12-31": 0, "2016-09-30": 0, "2016-06-30": 0, "2016-03-31": "", "2015-12-31": -37.388, "2015-09-30": -212.612, "2015-06-30": 0, "2015-03-31": "", "2014-12-31": 0, "2014-09-30": 0, "2014-06-30": 0, "2014-03-31": "", "2013-12-31": 0, "2013-09-30": 0, "2013-06-30": 0, "2013-03-31": "", "2012-12-31": 0, "2012-09-30": 0, "2012-06-30": 0, "2012-03-31": "", "2011-12-31": 0.015, "2011-09-30": 0.015, "2011-06-30": -0.019, "2011-03-31": "0.01100", "2010-12-31": 546.07, "2010-09-30": -0.159, "2010-06-30": 767.812, "2010-03-31": "-0.10000", "2009-12-31": -0.014, "2009-09-30": -0.088, "2009-06-30": 1463.061, "2009-03-31": "", "2008-12-31": 299.861, "2008-09-30": -0.061, "2008-06-30": -0.129, "2008-03-31": "-0.08700", "2007-12-31": 0}, "Net Total Equity Issued/Repurchased": {"2020-09-30": 0, "2020-06-30": 0, "2020-03-31": "-22.06600", "2019-12-31": 0, "2019-09-30": 0, "2019-06-30": 0, "2019-03-31": "193.36800", "2018-12-31": 0, "2018-09-30": 251.536, "2018-06-30": 0, "2018-03-31": "-14.83400", "2017-12-31": 0, "2017-09-30": 0, "2017-06-30": 0, "2017-03-31": "314.42900", "2016-12-31": 140.065, "2016-09-30": 0, "2016-06-30": 0, "2016-03-31": "", "2015-12-31": -37.388, "2015-09-30": -212.612, "2015-06-30": 0, "2015-03-31": "", "2014-12-31": 0, "2014-09-30": 0, "2014-06-30": 0, "2014-03-31": "", "2013-12-31": 0, "2013-09-30": 0, "2013-06-30": 0, "2013-03-31": "", "2012-12-31": 0, "2012-09-30": 0, "2012-06-30": 0, "2012-03-31": "", "2011-12-31": 0.015, "2011-09-30": 0.015, "2011-06-30": -0.019, "2011-03-31": "0.01100", "2010-12-31": 546.07, "2010-09-30": -0.159, "2010-06-30": 767.812, "2010-03-31": "-0.10000", "2009-12-31": -0.014, "2009-09-30": -0.088, "2009-06-30": 1463.061, "2009-03-31": "", "2008-12-31": 299.861, "2008-09-30": -0.061, "2008-06-30": -0.129, "2008-03-31": "-0.08700", "2007-12-31": 532.58}, "Total Common And Preferred Stock Dividends Paid": {"2020-09-30": -86.109, "2020-06-30": -111.367, "2020-03-31": "-112.05100", "2019-12-31": -112.016, "2019-09-30": -112.017, "2019-06-30": -114.987, "2019-03-31": "-107.94000", "2018-12-31": -108.5, "2018-09-30": -102.903, "2018-06-30": -102.885, "2018-03-31": "-103.30500", "2017-12-31": -103.339, "2017-09-30": -103.289, "2017-06-30": -105.67, "2017-03-31": "-99.40500", "2016-12-31": -90.107, "2016-09-30": -90.106, "2016-06-30": -90.105, "2016-03-31": "-183.95700", "2015-12-31": -91.382, "2015-09-30": -98.662, "2015-06-30": -98.662, "2015-03-31": "-92.48300", "2014-12-31": -92.463, "2014-09-30": -92.455, "2014-06-30": -92.454, "2014-03-31": "-297.90400", "2013-12-31": -92.44, "2013-09-30": -92.436, "2013-06-30": -92.433, "2013-03-31": "-92.43100", "2012-12-31": -92.416, "2012-09-30": -92.413, "2012-06-30": -112.946, "2012-03-31": "-112.93700", "2011-12-31": -133.443, "2011-09-30": -133.425, "2011-06-30": -143.676, "2011-03-31": "-174.44500", "2010-12-31": -158.811, "2010-09-30": -130.42, "2010-06-30": -113.793, "2010-03-31": "-113.78800", "2009-12-31": -80.311, "2009-09-30": -37.705, "2009-06-30": -10.566, "2009-03-31": "-7.04000", "2008-12-31": -6.048, "2008-09-30": -6.044, "2008-06-30": -9.813, "2008-03-31": "-0.94300", "2007-12-31": 0}, "Financial Activities - Other": {"2020-09-30": 0, "2020-06-30": 0, "2020-03-31": "", "2019-12-31": 0, "2019-09-30": 0, "2019-06-30": 0, "2019-03-31": "", "2018-12-31": 0, "2018-09-30": 0, "2018-06-30": 0, "2018-03-31": "", "2017-12-31": 0, "2017-09-30": 0, "2017-06-30": 0, "2017-03-31": "", "2016-12-31": 0, "2016-09-30": 0, "2016-06-30": 0, "2016-03-31": "", "2015-12-31": 0, "2015-09-30": 0, "2015-06-30": 0, "2015-03-31": "", "2014-12-31": 0, "2014-09-30": 0, "2014-06-30": 0, "2014-03-31": "", "2013-12-31": 0, "2013-09-30": 0, "2013-06-30": 0, "2013-03-31": "", "2012-12-31": -1.165, "2012-09-30": 0, "2012-06-30": -3.704, "2012-03-31": "-4.25200", "2011-12-31": 0.334, "2011-09-30": 0.244, "2011-06-30": 0.231, "2011-03-31": "0.31100", "2010-12-31": 0.241, "2010-09-30": 0.14, "2010-06-30": 0.123, "2010-03-31": "", "2009-12-31": 0.05, "2009-09-30": 0, "2009-06-30": 0, "2009-03-31": "", "2008-12-31": -10.24, "2008-09-30": 0, "2008-06-30": 0, "2008-03-31": "", "2007-12-31": 270.58}, "Cash Flow From Financial Activities": {"2020-09-30": -1247.432, "2020-06-30": -779.959, "2020-03-31": "-6074.46400", "2019-12-31": -1286.418, "2019-09-30": 355.402, "2019-06-30": -1326.838, "2019-03-31": "1018.35000", "2018-12-31": 2420.963, "2018-09-30": 1677.983, "2018-06-30": 1837.975, "2018-03-31": "-224.52100", "2017-12-31": 123.421, "2017-09-30": 455.747, "2017-06-30": -409.844, "2017-03-31": "3560.24900", "2016-12-31": -492.33, "2016-09-30": -551.725, "2016-06-30": 2037.237, "2016-03-31": "-211.87700", "2015-12-31": -148.551, "2015-09-30": -281.038, "2015-06-30": -1579.691, "2015-03-31": "-475.49100", "2014-12-31": 202.202, "2014-09-30": 2183.854, "2014-06-30": 3833.503, "2014-03-31": "-536.78700", "2013-12-31": -142.076, "2013-09-30": -199.876, "2013-06-30": -304.525, "2013-03-31": "-506.96600", "2012-12-31": -8.686, "2012-09-30": -1088.534, "2012-06-30": -70.833, "2012-03-31": "259.18600", "2011-12-31": -1775.335, "2011-09-30": -452.337, "2011-06-30": 96.651, "2011-03-31": "1996.55400", "2010-12-31": 589.406, "2010-09-30": -96.374, "2010-06-30": 768.289, "2010-03-31": "-15.53900", "2009-12-31": 272.794, "2009-09-30": 29.175, "2009-06-30": 2361.511, "2009-03-31": "-25.20300", "2008-12-31": 214.09, "2008-09-30": -299.248, "2008-06-30": -35.988, "2008-03-31": "1167.92000", "2007-12-31": 803.16}, "Net Cash Flow": {"2020-09-30": 23.164, "2020-06-30": 41.062, "2020-03-31": "151.61300", "2019-12-31": -51.016, "2019-09-30": 106.86, "2019-06-30": -68.816, "2019-03-31": "75.36400", "2018-12-31": -73.56, "2018-09-30": 30.375, "2018-06-30": -10.081, "2018-03-31": "37.18300", "2017-12-31": 25.514, "2017-09-30": -130.688, "2017-06-30": 86.187, "2017-03-31": "-95.15800", "2016-12-31": 21.106, "2016-09-30": 89.187, "2016-06-30": -123.032, "2016-03-31": "76.39100", "2015-12-31": 73.965, "2015-09-30": -9.451, "2015-06-30": -69.969, "2015-03-31": "-45.10300", "2014-12-31": -77.023, "2014-09-30": 167.772, "2014-06-30": 33.269, "2014-03-31": "-37.02700", "2013-12-31": -47.862, "2013-09-30": -42.662, "2013-06-30": -481.373, "2013-03-31": "28.37300", "2012-12-31": 163.046, "2012-09-30": 341.88, "2012-06-30": -15.046, "2012-03-31": "-75.02600", "2011-12-31": 196.475, "2011-09-30": -6.256, "2011-06-30": -0.215, "2011-03-31": "9.12200", "2010-12-31": -4.776, "2010-09-30": -224.265, "2010-06-30": 192.014, "2010-03-31": "19.92100", "2009-12-31": 3.256, "2009-09-30": 7.902, "2009-06-30": 0.921, "2009-03-31": "-15.28000", "2008-12-31": 21.313, "2008-09-30": -43.722, "2008-06-30": -41.481, "2008-03-31": "85.34400", "2007-12-31": 6.02}, "Stock-Based Compensation": {"2020-09-30": 1.578, "2020-06-30": 1.391, "2020-03-31": "1.14300", "2019-12-31": 1.243, "2019-09-30": 2.72, "2019-06-30": 3.939, "2019-03-31": "2.68200", "2018-12-31": 2.226, "2018-09-30": 1.805, "2018-06-30": 2.24, "2018-03-31": "2.52600", "2017-12-31": 0.859, "2017-09-30": 1.152, "2017-06-30": 0.484, "2017-03-31": "1.11900", "2016-12-31": 0.829, "2016-09-30": 0.621, "2016-06-30": 0.652, "2016-03-31": "0.10200", "2015-12-31": 1.033, "2015-09-30": 0.45, "2015-06-30": 0.043, "2015-03-31": "0.45300", "2014-12-31": 0.787, "2014-09-30": 0.051, "2014-06-30": 0.052, "2014-03-31": "0.06600", "2013-12-31": 0.452, "2013-09-30": 0.076, "2013-06-30": 0.088, "2013-03-31": "0.07500", "2012-12-31": 0.207, "2012-09-30": 0.073, "2012-06-30": 0.088, "2012-03-31": "0.08100", "2011-12-31": 0.353, "2011-09-30": 0.111, "2011-06-30": 0.121, "2011-03-31": "0.12800", "2010-12-31": 0.358, "2010-09-30": 0.112, "2010-06-30": 0.123, "2010-03-31": "0.12300", "2009-12-31": 0.25, "2009-09-30": 0.11, "2009-06-30": 0.108, "2009-03-31": "0.10400", "2008-12-31": 0.171, "2008-09-30": 0.254, "2008-06-30": 0.338, "2008-03-31": "0.69700", "2007-12-31": 0}, "Common Stock Dividends Paid": {"2020-09-30": -67.671, "2020-06-30": -92.93, "2020-03-31": "-93.61300", "2019-12-31": -93.579, "2019-09-30": -93.579, "2019-06-30": -93.572, "2019-03-31": "-93.52600", "2018-12-31": -93.503, "2018-09-30": -93.503, "2018-06-30": -93.485, "2018-03-31": "-93.90500", "2017-12-31": -93.939, "2017-09-30": -93.889, "2017-06-30": -93.887, "2017-03-31": "-94.05600", "2016-12-31": -90.107, "2016-09-30": -90.106, "2016-06-30": -90.105, "2016-03-31": "-183.95700", "2015-12-31": -91.382, "2015-09-30": -98.662, "2015-06-30": -98.662, "2015-03-31": "-92.48300", "2014-12-31": -92.463, "2014-09-30": -92.455, "2014-06-30": -92.454, "2014-03-31": "-297.90400", "2013-12-31": -92.44, "2013-09-30": -92.436, "2013-06-30": -92.433, "2013-03-31": "-92.43100", "2012-12-31": -92.416, "2012-09-30": -92.413, "2012-06-30": -112.946, "2012-03-31": "-112.93700", "2011-12-31": -133.443, "2011-09-30": -133.425, "2011-06-30": -143.676, "2011-03-31": "-174.44500", "2010-12-31": -158.811, "2010-09-30": -130.42, "2010-06-30": -113.793, "2010-03-31": "-113.78800", "2009-12-31": -80.311, "2009-09-30": -37.705, "2009-06-30": -10.566, "2009-03-31": "-7.04000", "2008-12-31": -6.048, "2008-09-30": -6.044, "2008-06-30": -9.813, "2008-03-31": "-0.94300", "2007-12-31": 0}}, "financial ratios": {"Current Ratio": {"2019-12-31": "", "2018-12-31": "", "2017-12-31": "", "2016-12-31": "", "2015-12-31": "", "2014-12-31": "", "2013-12-31": "", "2012-12-31": "", "2011-12-31": "", "2010-12-31": "", "2009-12-31": "", "2008-12-31": "", "2007-12-31": ""}, "Long-term Debt / Capital": {"2019-12-31": "0.67770", "2018-12-31": "0.69930", "2017-12-31": "0.72520", "2016-12-31": "0.69960", "2015-12-31": "0.55810", "2014-12-31": "0.58550", "2013-12-31": "0.32500", "2012-12-31": "0.41430", "2011-12-31": "0.37690", "2010-12-31": "0.37900", "2009-12-31": "0.15510", "2008-12-31": "0.54110", "2007-12-31": ""}, "Debt/Equity Ratio": {"2019-12-31": "5.49940", "2018-12-31": "6.11420", "2017-12-31": "4.63410", "2016-12-31": "4.12230", "2015-12-31": "3.96760", "2014-12-31": "3.75600", "2013-12-31": "0.97920", "2012-12-31": "1.13870", "2011-12-31": "1.48180", "2010-12-31": "1.10210", "2009-12-31": "1.11250", "2008-12-31": "2.53550", "2007-12-31": "0.50210"}, "Gross Margin": {"2019-12-31": "", "2018-12-31": "", "2017-12-31": "", "2016-12-31": "", "2015-12-31": "", "2014-12-31": "", "2013-12-31": "", "2012-12-31": "", "2011-12-31": "", "2010-12-31": "", "2009-12-31": "", "2008-12-31": "", "2007-12-31": ""}, "Operating Margin": {"2019-12-31": "1.94720", "2018-12-31": "32.48500", "2017-12-31": "49.55720", "2016-12-31": "54.01530", "2015-12-31": "50.28490", "2014-12-31": "43.72600", "2013-12-31": "77.45530", "2012-12-31": "62.71630", "2011-12-31": "65.32020", "2010-12-31": "63.69310", "2009-12-31": "77.45850", "2008-12-31": "24.74560", "2007-12-31": "-80.75600"}, "EBIT Margin": {"2019-12-31": "1.94720", "2018-12-31": "32.48500", "2017-12-31": "49.55720", "2016-12-31": "54.01530", "2015-12-31": "50.28490", "2014-12-31": "43.72600", "2013-12-31": "77.45530", "2012-12-31": "62.71630", "2011-12-31": "65.32020", "2010-12-31": "63.69310", "2009-12-31": "77.45850", "2008-12-31": "24.74560", "2007-12-31": "-80.75600"}, "EBITDA Margin": {"2019-12-31": "4.16790", "2018-12-31": "33.81890", "2017-12-31": "48.52460", "2016-12-31": "54.54800", "2015-12-31": "52.68630", "2014-12-31": "34.85460", "2013-12-31": "65.16200", "2012-12-31": "53.94000", "2011-12-31": "58.49010", "2010-12-31": "55.04390", "2009-12-31": "64.11290", "2008-12-31": "25.02490", "2007-12-31": "-83.56240"}, "Pre-Tax Profit Margin": {"2019-12-31": "30.39750", "2018-12-31": "32.33510", "2017-12-31": "46.08320", "2016-12-31": "59.09910", "2015-12-31": "28.68560", "2014-12-31": "85.66610", "2013-12-31": "70.86750", "2012-12-31": "55.60670", "2011-12-31": "19.56460", "2010-12-31": "43.24960", "2009-12-31": "80.19140", "2008-12-31": "-113.81160", "2007-12-31": "-83.07560"}, "Net Profit Margin": {"2019-12-31": "25.04180", "2018-12-31": "28.93550", "2017-12-31": "43.13330", "2016-12-31": "58.82810", "2015-12-31": "28.68550", "2014-12-31": "85.66580", "2013-12-31": "70.86710", "2012-12-31": "55.60650", "2011-12-31": "19.47860", "2010-12-31": "43.11840", "2009-12-31": "80.19100", "2008-12-31": "-113.82300", "2007-12-31": "-83.21880"}, "Asset Turnover": {"2019-12-31": "0.05020", "2018-12-31": "0.04600", "2017-12-31": "0.05370", "2016-12-31": "0.05600", "2015-12-31": "0.05690", "2014-12-31": "0.03590", "2013-12-31": "0.07380", "2012-12-31": "0.07610", "2011-12-31": "0.09100", "2010-12-31": "0.07140", "2009-12-31": "0.06230", "2008-12-31": "0.07120", "2007-12-31": "0.00220"}, "Inventory Turnover Ratio": {"2019-12-31": "", "2018-12-31": "", "2017-12-31": "", "2016-12-31": "", "2015-12-31": "", "2014-12-31": "", "2013-12-31": "", "2012-12-31": "", "2011-12-31": "", "2010-12-31": "", "2009-12-31": "", "2008-12-31": "", "2007-12-31": ""}, "Receiveable Turnover": {"2019-12-31": "", "2018-12-31": "", "2017-12-31": "", "2016-12-31": "", "2015-12-31": "", "2014-12-31": "", "2013-12-31": "", "2012-12-31": "", "2011-12-31": "", "2010-12-31": "", "2009-12-31": "", "2008-12-31": "", "2007-12-31": ""}, "Days Sales In Receivables": {"2019-12-31": "", "2018-12-31": "", "2017-12-31": "", "2016-12-31": "", "2015-12-31": "", "2014-12-31": "", "2013-12-31": "", "2012-12-31": "", "2011-12-31": "", "2010-12-31": "", "2009-12-31": "", "2008-12-31": "", "2007-12-31": ""}, "ROE - Return On Equity": {"2019-12-31": "10.46190", "2018-12-31": "11.11470", "2017-12-31": "14.43460", "2016-12-31": "17.67080", "2015-12-31": "8.49740", "2014-12-31": "16.33200", "2013-12-31": "10.88650", "2012-12-31": "9.25250", "2011-12-31": "4.50610", "2010-12-31": "6.75270", "2009-12-31": "10.84830", "2008-12-31": "-28.90760", "2007-12-31": "-0.53930"}, "Return On Tangible Equity": {"2019-12-31": "10.46090", "2018-12-31": "11.11380", "2017-12-31": "14.43390", "2016-12-31": "17.67050", "2015-12-31": "8.49740", "2014-12-31": "16.33200", "2013-12-31": "10.88650", "2012-12-31": "9.25250", "2011-12-31": "4.50610", "2010-12-31": "6.75270", "2009-12-31": "10.84830", "2008-12-31": "-28.90760", "2007-12-31": "-0.53930"}, "ROA - Return On Assets": {"2019-12-31": "1.52500", "2018-12-31": "1.48560", "2017-12-31": "2.47230", "2016-12-31": "3.30800", "2015-12-31": "1.63150", "2014-12-31": "3.07600", "2013-12-31": "5.22900", "2012-12-31": "4.23340", "2011-12-31": "1.77260", "2010-12-31": "3.07840", "2009-12-31": "4.99520", "2008-12-31": "-8.10890", "2007-12-31": "-0.18560"}, "ROI - Return On Investment": {"2019-12-31": "3.37140", "2018-12-31": "3.34140", "2017-12-31": "3.96590", "2016-12-31": "5.30780", "2015-12-31": "3.75520", "2014-12-31": "6.77020", "2013-12-31": "7.34890", "2012-12-31": "5.41900", "2011-12-31": "2.80800", "2010-12-31": "4.19330", "2009-12-31": "9.16580", "2008-12-31": "-13.26500", "2007-12-31": "-0.53930"}, "Book Value Per Share": {"2019-12-31": "21.11510", "2018-12-31": "19.80110", "2017-12-31": "19.35470", "2016-12-31": "16.63760", "2015-12-31": "15.69530", "2014-12-31": "17.55170", "2013-12-31": "16.20970", "2012-12-31": "17.23670", "2011-12-31": "14.83070", "2010-12-31": "17.90880", "2009-12-31": "15.86110", "2008-12-31": "11.69470", "2007-12-31": "71.45930"}, "Operating Cash Flow Per Share": {"2019-12-31": -1.2398, "2018-12-31": -1.003, "2017-12-31": -0.3526, "2016-12-31": 0.9556, "2015-12-31": 1.0956, "2014-12-31": -0.5938, "2013-12-31": -0.1466, "2012-12-31": -0.5495, "2011-12-31": 0.2221, "2010-12-31": 0.2938, "2009-12-31": -0.7642, "2008-12-31": 2.6312, "2007-12-31": -0.2036}, "Free Cash Flow Per Share": {"2019-12-31": -1.2398, "2018-12-31": -1.003, "2017-12-31": -0.3526, "2016-12-31": 0.9556, "2015-12-31": 1.0956, "2014-12-31": -0.5938, "2013-12-31": -0.1466, "2012-12-31": -0.5495, "2011-12-31": 0.2221, "2010-12-31": 0.2938, "2009-12-31": -0.7642, "2008-12-31": 2.6312, "2007-12-31": -0.2036}}, "financial ratios, quarterly": {"Current Ratio": {"2020-09-30": "", "2020-06-30": "", "2020-03-31": "", "2019-12-31": "", "2019-09-30": "", "2019-06-30": "", "2019-03-31": "", "2018-12-31": "", "2018-09-30": "", "2018-06-30": "", "2018-03-31": "", "2017-12-31": "", "2017-09-30": "", "2017-06-30": "", "2017-03-31": "", "2016-12-31": "", "2016-09-30": "", "2016-06-30": "", "2016-03-31": "", "2015-12-31": "", "2015-09-30": "", "2015-06-30": "", "2015-03-31": "", "2014-12-31": "", "2014-09-30": "", "2014-06-30": "", "2014-03-31": "", "2013-12-31": "", "2013-09-30": "", "2013-06-30": "", "2013-03-31": "", "2012-12-31": "", "2012-09-30": "", "2012-06-30": "", "2012-03-31": "", "2011-12-31": "", "2011-09-30": "", "2011-06-30": "", "2011-03-31": "", "2010-12-31": "", "2010-09-30": "", "2010-06-30": "", "2010-03-31": "", "2009-12-31": "", "2009-09-30": "", "2009-06-30": "", "2009-03-31": "", "2008-12-31": "", "2008-09-30": "", "2008-06-30": "", "2008-03-31": "", "2007-12-31": ""}, "Long-term Debt / Capital": {"2020-09-30": "0.70760", "2020-06-30": "0.71990", "2020-03-31": "0.71130", "2019-12-31": "0.67770", "2019-09-30": "0.66530", "2019-06-30": "0.66910", "2019-03-31": "0.67680", "2018-12-31": "0.69930", "2018-09-30": "0.69680", "2018-06-30": "0.72280", "2018-03-31": "0.72160", "2017-12-31": "0.72520", "2017-09-30": "0.73110", "2017-06-30": "0.73210", "2017-03-31": "0.74220", "2016-12-31": "0.69960", "2016-09-30": "0.71380", "2016-06-30": "0.72870", "2016-03-31": "0.58510", "2015-12-31": "0.55810", "2015-09-30": "0.60580", "2015-06-30": "0.58710", "2015-03-31": "0.58020", "2014-12-31": "0.58550", "2014-09-30": "0.58460", "2014-06-30": "0.28800", "2014-03-31": "0.30310", "2013-12-31": "0.32500", "2013-09-30": "0.32530", "2013-06-30": "0.18160", "2013-03-31": "0.37590", "2012-12-31": "0.41430", "2012-09-30": "0.40080", "2012-06-30": "0.44740", "2012-03-31": "0.43060", "2011-12-31": "0.37690", "2011-09-30": "0.37170", "2011-06-30": "0.38480", "2011-03-31": "0.39960", "2010-12-31": "0.37900", "2010-09-30": "0.43950", "2010-06-30": "0.45820", "2010-03-31": "0.46580", "2009-12-31": "0.15510", "2009-09-30": "0.15900", "2009-06-30": "0.18530", "2009-03-31": "0.52230", "2008-12-31": "0.54110", "2008-09-30": "0.67510", "2008-06-30": "0.56540", "2008-03-31": "", "2007-12-31": ""}, "Debt/Equity Ratio": {"2020-09-30": "3.69160", "2020-06-30": "4.32000", "2020-03-31": "4.66720", "2019-12-31": "5.49940", "2019-09-30": "5.74260", "2019-06-30": "5.67930", "2019-03-31": "5.97030", "2018-12-31": "6.11420", "2018-09-30": "5.14610", "2018-06-30": "5.10860", "2018-03-31": "4.55470", "2017-12-31": "4.63410", "2017-09-30": "4.55950", "2017-06-30": "4.48190", "2017-03-31": "4.63140", "2016-12-31": "4.12230", "2016-09-30": "4.40910", "2016-06-30": "4.66240", "2016-03-31": "4.00020", "2015-12-31": "3.96760", "2015-09-30": "3.82980", "2015-06-30": "3.40240", "2015-03-31": "3.73700", "2014-12-31": "3.75600", "2014-09-30": "3.58970", "2014-06-30": "2.02180", "2014-03-31": "0.89840", "2013-12-31": "0.97920", "2013-09-30": "0.92760", "2013-06-30": "0.94050", "2013-03-31": "0.99110", "2012-12-31": "1.13870", "2012-09-30": "1.15430", "2012-06-30": "1.55230", "2012-03-31": "1.54560", "2011-12-31": "1.48180", "2011-09-30": "1.83510", "2011-06-30": "1.88200", "2011-03-31": "1.75820", "2010-12-31": "1.10210", "2010-09-30": "1.32460", "2010-06-30": "1.30510", "2010-03-31": "1.60670", "2009-12-31": "1.11250", "2009-09-30": "0.91810", "2009-06-30": "0.99840", "2009-03-31": "2.38690", "2008-12-31": "2.53550", "2008-09-30": "4.64990", "2008-06-30": "3.64600", "2008-03-31": "3.43310", "2007-12-31": ""}, "Gross Margin": {"2020-09-30": "", "2020-06-30": "", "2020-03-31": "", "2019-12-31": "", "2019-09-30": "", "2019-06-30": "", "2019-03-31": "", "2018-12-31": "", "2018-09-30": "", "2018-06-30": "", "2018-03-31": "", "2017-12-31": "", "2017-09-30": "", "2017-06-30": "", "2017-03-31": "", "2016-12-31": "", "2016-09-30": "", "2016-06-30": "", "2016-03-31": "", "2015-12-31": "", "2015-09-30": "", "2015-06-30": "", "2015-03-31": "", "2014-12-31": "", "2014-09-30": "", "2014-06-30": "", "2014-03-31": "", "2013-12-31": "", "2013-09-30": "", "2013-06-30": "", "2013-03-31": "", "2012-12-31": "", "2012-09-30": "", "2012-06-30": "", "2012-03-31": "", "2011-12-31": "", "2011-09-30": "", "2011-06-30": "", "2011-03-31": "", "2010-12-31": "", "2010-09-30": "", "2010-06-30": "", "2010-03-31": "", "2009-12-31": "", "2009-09-30": "", "2009-06-30": "", "2009-03-31": "", "2008-12-31": "", "2008-09-30": "", "2008-06-30": "", "2008-03-31": "", "2007-12-31": ""}, "Operating Margin": {"2020-09-30": "148.71260", "2020-06-30": "-27.47820", "2020-03-31": "-54.77840", "2019-12-31": "-26.50010", "2019-09-30": "35.44730", "2019-06-30": "22.69460", "2019-03-31": "-22.08690", "2018-12-31": "-50.82130", "2018-09-30": "64.31280", "2018-06-30": "50.62170", "2018-03-31": "76.89680", "2017-12-31": "58.59180", "2017-09-30": "49.10430", "2017-06-30": "40.39960", "2017-03-31": "49.75450", "2016-12-31": "105.62950", "2016-09-30": "63.02340", "2016-06-30": "35.69580", "2016-03-31": "-4.00060", "2015-12-31": "85.55360", "2015-09-30": "16.37230", "2015-06-30": "78.97490", "2015-03-31": "25.08460", "2014-12-31": "13.48620", "2014-09-30": "67.96410", "2014-06-30": "43.66800", "2014-03-31": "66.31470", "2013-12-31": "95.33350", "2013-09-30": "70.36540", "2013-06-30": "76.07570", "2013-03-31": "68.00110", "2012-12-31": "62.91110", "2012-09-30": "57.29670", "2012-06-30": "66.82660", "2012-03-31": "63.34620", "2011-12-31": "70.50100", "2011-09-30": "58.13900", "2011-06-30": "58.54420", "2011-03-31": "75.10510", "2010-12-31": "-113.39570", "2010-09-30": "64.33610", "2010-06-30": "72.44190", "2010-03-31": "71.93250", "2009-12-31": "79.66170", "2009-09-30": "81.94380", "2009-06-30": "76.75220", "2009-03-31": "55.26120", "2008-12-31": "46.07290", "2008-09-30": "21.41270", "2008-06-30": "107.63580", "2008-03-31": "-78.43160", "2007-12-31": ""}, "EBIT Margin": {"2020-09-30": "148.71260", "2020-06-30": "-27.47820", "2020-03-31": "-54.77840", "2019-12-31": "-26.50010", "2019-09-30": "35.44730", "2019-06-30": "22.69460", "2019-03-31": "-22.08690", "2018-12-31": "-50.82130", "2018-09-30": "64.31280", "2018-06-30": "50.62170", "2018-03-31": "76.89680", "2017-12-31": "58.59180", "2017-09-30": "49.10430", "2017-06-30": "40.39960", "2017-03-31": "49.75450", "2016-12-31": "105.62950", "2016-09-30": "63.02340", "2016-06-30": "35.69580", "2016-03-31": "-4.00060", "2015-12-31": "85.55370", "2015-09-30": "16.37230", "2015-06-30": "78.97490", "2015-03-31": "25.08460", "2014-12-31": "13.48620", "2014-09-30": "67.96410", "2014-06-30": "43.66800", "2014-03-31": "66.31470", "2013-12-31": "95.33350", "2013-09-30": "70.36540", "2013-06-30": "76.07570", "2013-03-31": "68.00110", "2012-12-31": "62.91100", "2012-09-30": "57.29670", "2012-06-30": "66.82660", "2012-03-31": "63.34620", "2011-12-31": "70.50100", "2011-09-30": "58.13900", "2011-06-30": "58.54420", "2011-03-31": "75.10510", "2010-12-31": "-113.39570", "2010-09-30": "64.33610", "2010-06-30": "72.44190", "2010-03-31": "71.93250", "2009-12-31": "79.66170", "2009-09-30": "81.94380", "2009-06-30": "76.75220", "2009-03-31": "55.26120", "2008-12-31": "46.07290", "2008-09-30": "21.41270", "2008-06-30": "107.63580", "2008-03-31": "-78.43160", "2007-12-31": ""}, "EBITDA Margin": {"2020-09-30": "", "2020-06-30": "", "2020-03-31": "", "2019-12-31": "", "2019-09-30": "", "2019-06-30": "", "2019-03-31": "", "2018-12-31": "", "2018-09-30": "", "2018-06-30": "", "2018-03-31": "", "2017-12-31": "", "2017-09-30": "", "2017-06-30": "", "2017-03-31": "", "2016-12-31": "", "2016-09-30": "", "2016-06-30": "", "2016-03-31": "", "2015-12-31": "", "2015-09-30": "", "2015-06-30": "", "2015-03-31": "", "2014-12-31": "", "2014-09-30": "", "2014-06-30": "", "2014-03-31": "", "2013-12-31": "", "2013-09-30": "", "2013-06-30": "", "2013-03-31": "", "2012-12-31": "", "2012-09-30": "", "2012-06-30": "", "2012-03-31": "", "2011-12-31": "", "2011-09-30": "", "2011-06-30": "", "2011-03-31": "", "2010-12-31": "", "2010-09-30": "", "2010-06-30": "", "2010-03-31": "", "2009-12-31": "", "2009-09-30": "", "2009-06-30": "", "2009-03-31": "", "2008-12-31": "", "2008-09-30": "", "2008-06-30": "", "2008-03-31": "", "2007-12-31": ""}, "Pre-Tax Profit Margin": {"2020-09-30": "148.19830", "2020-06-30": "-22.33190", "2020-03-31": "-123.46490", "2019-12-31": "38.26510", "2019-09-30": "32.20630", "2019-06-30": "17.33230", "2019-03-31": "33.71880", "2018-12-31": "-29.53310", "2018-09-30": "48.90290", "2018-06-30": "38.55420", "2018-03-31": "80.44940", "2017-12-31": "35.61670", "2017-09-30": "46.91510", "2017-06-30": "39.89550", "2017-03-31": "64.78090", "2016-12-31": "85.08350", "2016-09-30": "68.86950", "2016-06-30": "33.53750", "2016-03-31": "41.31680", "2015-12-31": "57.14370", "2015-09-30": "-22.77700", "2015-06-30": "53.83910", "2015-03-31": "27.57290", "2014-12-31": "2.67600", "2014-09-30": "198.35570", "2014-06-30": "78.00070", "2014-03-31": "83.17930", "2013-12-31": "56.46560", "2013-09-30": "51.67730", "2013-06-30": "112.26200", "2013-03-31": "63.43890", "2012-12-31": "58.91640", "2012-09-30": "88.50830", "2012-06-30": "25.24760", "2012-03-31": "53.60870", "2011-12-31": "25.49170", "2011-09-30": "-32.44240", "2011-06-30": "30.07750", "2011-03-31": "58.90160", "2010-12-31": "-651.17260", "2010-09-30": "60.09520", "2010-06-30": "67.94620", "2010-03-31": "69.84350", "2009-12-31": "2.42580", "2009-09-30": "150.92370", "2009-06-30": "79.35830", "2009-03-31": "67.37600", "2008-12-31": "37.12380", "2008-09-30": "-458.45340", "2008-06-30": "113.17480", "2008-03-31": "-194.83580", "2007-12-31": ""}, "Net Profit Margin": {"2020-09-30": "140.73580", "2020-06-30": "-29.84400", "2020-03-31": "-129.61610", "2019-12-31": "32.84240", "2019-09-30": "26.62110", "2019-06-30": "11.86240", "2019-03-31": "28.75520", "2018-12-31": "-33.68530", "2018-09-30": "45.80480", "2018-06-30": "35.47500", "2018-03-31": "77.27440", "2017-12-31": "32.52480", "2017-09-30": "43.74200", "2017-06-30": "36.59080", "2017-03-31": "62.67270", "2016-12-31": "84.13760", "2016-09-30": "68.86430", "2016-06-30": "33.52710", "2016-03-31": "41.30240", "2015-12-31": "57.14370", "2015-09-30": "-22.77700", "2015-06-30": "53.83910", "2015-03-31": "27.57240", "2014-12-31": "2.67600", "2014-09-30": "198.35570", "2014-06-30": "78.00070", "2014-03-31": "83.17770", "2013-12-31": "56.46560", "2013-09-30": "51.67730", "2013-06-30": "112.26200", "2013-03-31": "63.43730", "2012-12-31": "58.91710", "2012-09-30": "88.50830", "2012-06-30": "25.24760", "2012-03-31": "53.60730", "2011-12-31": "25.51490", "2011-09-30": "-32.35030", "2011-06-30": "30.01180", "2011-03-31": "58.49580", "2010-12-31": "-651.18910", "2010-09-30": "59.70910", "2010-06-30": "67.94560", "2010-03-31": "69.84350", "2009-12-31": "2.42580", "2009-09-30": "150.92370", "2009-06-30": "79.35830", "2009-03-31": "67.37240", "2008-12-31": "37.13650", "2008-09-30": "-458.50450", "2008-06-30": "113.17480", "2008-03-31": "-194.84640", "2007-12-31": ""}, "Asset Turnover": {"2020-09-30": "0.01370", "2020-06-30": "0.01330", "2020-03-31": "0.01560", "2019-12-31": "0.01260", "2019-09-30": "0.01150", "2019-06-30": "0.01230", "2019-03-31": "0.01190", "2018-12-31": "0.01260", "2018-09-30": "0.01280", "2018-06-30": "0.01320", "2018-03-31": "0.01390", "2017-12-31": "0.01420", "2017-09-30": "0.01400", "2017-06-30": "0.01390", "2017-03-31": "0.01230", "2016-12-31": "0.01560", "2016-09-30": "0.01460", "2016-06-30": "0.01260", "2016-03-31": "0.01310", "2015-12-31": "0.01320", "2015-09-30": "0.01330", "2015-06-30": "0.01370", "2015-03-31": "0.01400", "2014-12-31": "0.01270", "2014-09-30": "0.01090", "2014-06-30": "0.01070", "2014-03-31": "0.01800", "2013-12-31": "0.01850", "2013-09-30": "0.01850", "2013-06-30": "0.01780", "2013-03-31": "0.01690", "2012-12-31": "0.01720", "2012-09-30": "0.01920", "2012-06-30": "0.01940", "2012-03-31": "0.01810", "2011-12-31": "0.02160", "2011-09-30": "0.01910", "2011-06-30": "0.01780", "2011-03-31": "0.01680", "2010-12-31": "0.00220", "2010-09-30": "0.02690", "2010-06-30": "0.02670", "2010-03-31": "0.02920", "2009-12-31": "0.01950", "2009-09-30": "0.02400", "2009-06-30": "0.01550", "2009-03-31": "0.01670", "2008-12-31": "0.01600", "2008-09-30": "0.01710", "2008-06-30": "0.01520", "2008-03-31": "0.01480", "2007-12-31": ""}, "Inventory Turnover Ratio": {"2020-09-30": "", "2020-06-30": "", "2020-03-31": "", "2019-12-31": "", "2019-09-30": "", "2019-06-30": "", "2019-03-31": "", "2018-12-31": "", "2018-09-30": "", "2018-06-30": "", "2018-03-31": "", "2017-12-31": "", "2017-09-30": "", "2017-06-30": "", "2017-03-31": "", "2016-12-31": "", "2016-09-30": "", "2016-06-30": "", "2016-03-31": "", "2015-12-31": "", "2015-09-30": "", "2015-06-30": "", "2015-03-31": "", "2014-12-31": "", "2014-09-30": "", "2014-06-30": "", "2014-03-31": "", "2013-12-31": "", "2013-09-30": "", "2013-06-30": "", "2013-03-31": "", "2012-12-31": "", "2012-09-30": "", "2012-06-30": "", "2012-03-31": "", "2011-12-31": "", "2011-09-30": "", "2011-06-30": "", "2011-03-31": "", "2010-12-31": "", "2010-09-30": "", "2010-06-30": "", "2010-03-31": "", "2009-12-31": "", "2009-09-30": "", "2009-06-30": "", "2009-03-31": "", "2008-12-31": "", "2008-09-30": "", "2008-06-30": "", "2008-03-31": "", "2007-12-31": ""}, "Receiveable Turnover": {"2020-09-30": "", "2020-06-30": "", "2020-03-31": "", "2019-12-31": "", "2019-09-30": "", "2019-06-30": "", "2019-03-31": "", "2018-12-31": "", "2018-09-30": "", "2018-06-30": "", "2018-03-31": "", "2017-12-31": "", "2017-09-30": "", "2017-06-30": "", "2017-03-31": "", "2016-12-31": "", "2016-09-30": "", "2016-06-30": "", "2016-03-31": "", "2015-12-31": "", "2015-09-30": "", "2015-06-30": "", "2015-03-31": "", "2014-12-31": "", "2014-09-30": "", "2014-06-30": "", "2014-03-31": "", "2013-12-31": "", "2013-09-30": "", "2013-06-30": "", "2013-03-31": "", "2012-12-31": "", "2012-09-30": "", "2012-06-30": "", "2012-03-31": "", "2011-12-31": "", "2011-09-30": "", "2011-06-30": "", "2011-03-31": "", "2010-12-31": "", "2010-09-30": "", "2010-06-30": "", "2010-03-31": "", "2009-12-31": "", "2009-09-30": "", "2009-06-30": "", "2009-03-31": "", "2008-12-31": "", "2008-09-30": "", "2008-06-30": "", "2008-03-31": "", "2007-12-31": ""}, "Days Sales In Receivables": {"2020-09-30": "", "2020-06-30": "", "2020-03-31": "", "2019-12-31": "", "2019-09-30": "", "2019-06-30": "", "2019-03-31": "", "2018-12-31": "", "2018-09-30": "", "2018-06-30": "", "2018-03-31": "", "2017-12-31": "", "2017-09-30": "", "2017-06-30": "", "2017-03-31": "", "2016-12-31": "", "2016-09-30": "", "2016-06-30": "", "2016-03-31": "", "2015-12-31": "", "2015-09-30": "", "2015-06-30": "", "2015-03-31": "", "2014-12-31": "", "2014-09-30": "", "2014-06-30": "", "2014-03-31": "", "2013-12-31": "", "2013-09-30": "", "2013-06-30": "", "2013-03-31": "", "2012-12-31": "", "2012-09-30": "", "2012-06-30": "", "2012-03-31": "", "2011-12-31": "", "2011-09-30": "", "2011-06-30": "", "2011-03-31": "", "2010-12-31": "", "2010-09-30": "", "2010-06-30": "", "2010-03-31": "", "2009-12-31": "", "2009-09-30": "", "2009-06-30": "", "2009-03-31": "", "2008-12-31": "", "2008-09-30": "", "2008-06-30": "", "2008-03-31": "", "2007-12-31": ""}, "ROE - Return On Equity": {"2020-09-30": "9.93810", "2020-06-30": "-1.61850", "2020-03-31": "-11.43080", "2019-12-31": "3.29680", "2019-09-30": "2.66170", "2019-06-30": "1.48060", "2019-03-31": "2.98890", "2018-12-31": "-2.77570", "2018-09-30": "4.02060", "2018-06-30": "3.23590", "2018-03-31": "6.51150", "2017-12-31": "2.96060", "2017-09-30": "3.81850", "2017-06-30": "3.21590", "2017-03-31": "4.63590", "2016-12-31": "7.10430", "2016-09-30": "5.69080", "2016-06-30": "2.50170", "2016-03-31": "2.85200", "2015-12-31": "3.91620", "2015-09-30": "-1.54740", "2015-06-30": "3.37750", "2015-03-31": "1.90280", "2014-12-31": "0.17990", "2014-09-30": "10.51400", "2014-06-30": "3.04500", "2014-03-31": "2.97810", "2013-12-31": "2.17050", "2013-09-30": "1.88850", "2013-06-30": "3.94750", "2013-03-31": "2.18410", "2012-12-31": "2.22120", "2012-09-30": "3.74670", "2012-06-30": "1.28210", "2012-03-31": "2.53050", "2011-12-31": "1.40270", "2011-09-30": "-1.78990", "2011-06-30": "1.56980", "2011-03-31": "2.84100", "2010-12-31": "-3.20990", "2010-09-30": "4.00700", "2010-06-30": "4.27690", "2010-03-31": "5.47330", "2009-12-31": "0.10260", "2009-09-30": "7.21130", "2009-06-30": "2.65300", "2009-03-31": "4.35950", "2008-12-31": "2.11970", "2008-09-30": "-44.63980", "2008-06-30": "8.74360", "2008-03-31": "-13.10120", "2007-12-31": ""}, "Return On Tangible Equity": {"2020-09-30": "9.93710", "2020-06-30": "-1.61830", "2020-03-31": "-11.42950", "2019-12-31": "3.29640", "2019-09-30": "2.66140", "2019-06-30": "1.48050", "2019-03-31": "2.98870", "2018-12-31": "-2.77550", "2018-09-30": "4.02030", "2018-06-30": "3.23570", "2018-03-31": "6.51110", "2017-12-31": "2.96050", "2017-09-30": "3.81830", "2017-06-30": "3.21570", "2017-03-31": "4.63560", "2016-12-31": "7.10420", "2016-09-30": "5.69080", "2016-06-30": "2.50170", "2016-03-31": "2.85200", "2015-12-31": "3.91620", "2015-09-30": "-1.54740", "2015-06-30": "3.37750", "2015-03-31": "1.90280", "2014-12-31": "0.17990", "2014-09-30": "10.51400", "2014-06-30": "3.04500", "2014-03-31": "2.97810", "2013-12-31": "2.17050", "2013-09-30": "1.88850", "2013-06-30": "3.94750", "2013-03-31": "2.18410", "2012-12-31": "2.22120", "2012-09-30": "3.74670", "2012-06-30": "1.28210", "2012-03-31": "2.53050", "2011-12-31": "1.40270", "2011-09-30": "-1.78990", "2011-06-30": "1.56980", "2011-03-31": "2.84100", "2010-12-31": "-3.20990", "2010-09-30": "4.00700", "2010-06-30": "4.27690", "2010-03-31": "5.47330", "2009-12-31": "0.10260", "2009-09-30": "7.21130", "2009-06-30": "2.65300", "2009-03-31": "4.35950", "2008-12-31": "2.11970", "2008-09-30": "-44.63980", "2008-06-30": "8.74360", "2008-03-31": "-13.10120", "2007-12-31": ""}, "ROA - Return On Assets": {"2020-09-30": "2.03010", "2020-06-30": "-0.29790", "2020-03-31": "-1.92680", "2019-12-31": "0.48050", "2019-09-30": "0.37140", "2019-06-30": "0.21260", "2019-03-31": "0.40270", "2018-12-31": "-0.37100", "2018-09-30": "0.62480", "2018-06-30": "0.50770", "2018-03-31": "1.12050", "2017-12-31": "0.50710", "2017-09-30": "0.65710", "2017-06-30": "0.55250", "2017-03-31": "0.79700", "2016-12-31": "1.33000", "2016-09-30": "1.00660", "2016-06-30": "0.42140", "2016-03-31": "0.54290", "2015-12-31": "0.75190", "2015-09-30": "-0.30280", "2015-06-30": "0.73760", "2015-03-31": "0.38660", "2014-12-31": "0.03390", "2014-09-30": "2.15870", "2014-06-30": "0.83380", "2014-03-31": "1.49650", "2013-12-31": "1.04250", "2013-09-30": "0.95850", "2013-06-30": "1.99350", "2013-03-31": "1.07370", "2012-12-31": "1.01630", "2012-09-30": "1.69870", "2012-06-30": "0.49090", "2012-03-31": "0.97200", "2011-12-31": "0.55180", "2011-09-30": "-0.61800", "2011-06-30": "0.53500", "2011-03-31": "0.98100", "2010-12-31": "-1.46330", "2010-09-30": "1.60780", "2010-06-30": "1.81120", "2010-03-31": "2.04040", "2009-12-31": "0.04720", "2009-09-30": "3.61600", "2009-06-30": "1.22740", "2009-03-31": "1.12580", "2008-12-31": "0.59460", "2008-09-30": "-7.83810", "2008-06-30": "1.71970", "2008-03-31": "-2.87610", "2007-12-31": ""}, "ROI - Return On Investment": {"2020-09-30": "2.90550", "2020-06-30": "-0.45330", "2020-03-31": "-3.29950", "2019-12-31": "1.06240", "2019-09-30": "0.89090", "2019-06-30": "0.48990", "2019-03-31": "0.96600", "2018-12-31": "-0.83450", "2018-09-30": "1.21880", "2018-06-30": "0.89680", "2018-03-31": "1.81250", "2017-12-31": "0.81340", "2017-09-30": "1.02660", "2017-06-30": "0.86140", "2017-03-31": "1.19510", "2016-12-31": "2.13390", "2016-09-30": "1.62900", "2016-06-30": "0.67870", "2016-03-31": "1.18320", "2015-12-31": "1.73070", "2015-09-30": "-0.61000", "2015-06-30": "1.39470", "2015-03-31": "0.79880", "2014-12-31": "0.07460", "2014-09-30": "4.36790", "2014-06-30": "2.16800", "2014-03-31": "2.07540", "2013-12-31": "1.46520", "2013-09-30": "1.27420", "2013-06-30": "3.23040", "2013-03-31": "1.36310", "2012-12-31": "1.30090", "2012-09-30": "2.24490", "2012-06-30": "0.70850", "2012-03-31": "1.44090", "2011-12-31": "0.87410", "2011-09-30": "-1.12470", "2011-06-30": "0.96570", "2011-03-31": "1.70570", "2010-12-31": "-1.99330", "2010-09-30": "2.24570", "2010-06-30": "2.31710", "2010-03-31": "2.92380", "2009-12-31": "0.08670", "2009-09-30": "6.06450", "2009-06-30": "2.16140", "2009-03-31": "2.08270", "2008-12-31": "0.97270", "2008-09-30": "-14.50270", "2008-06-30": "3.79980", "2008-03-31": "-13.10120", "2007-12-31": ""}, "Book Value Per Share": {"2020-09-30": "15.92030", "2020-06-30": "14.63720", "2020-03-31": "17.45320", "2019-12-31": "21.11510", "2019-09-30": "21.34570", "2019-06-30": "21.20650", "2019-03-31": "21.12370", "2018-12-31": "19.80110", "2018-09-30": "20.92530", "2018-06-30": "19.51890", "2018-03-31": "19.63280", "2017-12-31": "19.35470", "2017-09-30": "19.41850", "2017-06-30": "19.04730", "2017-03-31": "18.70330", "2016-12-31": "16.63760", "2016-09-30": "16.17640", "2016-06-30": "15.78370", "2016-03-31": "15.52040", "2015-12-31": "15.69530", "2015-09-30": "16.38030", "2015-06-30": "16.73370", "2015-03-31": "17.13810", "2014-12-31": "17.55170", "2014-09-30": "17.47540", "2014-06-30": "16.74250", "2014-03-31": "16.39840", "2013-12-31": "16.20970", "2013-09-30": "17.35810", "2013-06-30": "17.65210", "2013-03-31": "17.77780", "2012-12-31": "17.23670", "2012-09-30": "16.63340", "2012-06-30": "15.47790", "2012-03-31": "15.42860", "2011-12-31": "14.83070", "2011-09-30": "16.32550", "2011-06-30": "16.73800", "2011-03-31": "17.24450", "2010-12-31": "17.90880", "2010-09-30": "16.43140", "2010-06-30": "16.49130", "2010-03-31": "17.11700", "2009-12-31": "15.86110", "2009-09-30": "16.34300", "2009-06-30": "14.51990", "2009-03-31": "12.21310", "2008-12-31": "11.69470", "2008-09-30": "30.89550", "2008-06-30": "49.70370", "2008-03-31": "55.54540", "2007-12-31": ""}, "Operating Cash Flow Per Share": {"2020-09-30": 0.5898, "2020-06-30": 2.3338, "2020-03-31": "-2.24290", "2019-12-31": 1.1134, "2019-09-30": 0.0129, "2019-06-30": -0.4507, "2019-03-31": "-0.33040", "2018-12-31": -1.0258, "2018-09-30": 0.978, "2018-06-30": 0.5781, "2018-03-31": "1.05470", "2017-12-31": 0.945, "2017-09-30": 0.669, "2017-06-30": 0.649, "2017-03-31": "0.32500", "2016-12-31": 1.5363, "2016-09-30": 0.7964, "2016-06-30": 0.0352, "2016-03-31": "0.57270", "2015-12-31": 0.7017, "2015-09-30": 0.3478, "2015-06-30": 0.7701, "2015-03-31": "0.16540", "2014-12-31": 0.1333, "2014-09-30": 0.5895, "2014-06-30": -0.1449, "2014-03-31": "0.31150", "2013-12-31": 0.4163, "2013-09-30": 0.4049, "2013-06-30": 0.3389, "2013-03-31": "0.32310", "2012-12-31": 0.3077, "2012-09-30": 0.4005, "2012-06-30": 0.4615, "2012-03-31": "0.46010", "2011-12-31": 0.5209, "2011-09-30": 0.573, "2011-06-30": 0.5677, "2011-03-31": "0.51770", "2010-12-31": 0.6306, "2010-09-30": 0.3283, "2010-06-30": 0.437, "2010-03-31": "0.56130", "2009-12-31": 0.9003, "2009-09-30": 0.3832, "2009-06-30": -0.0101, "2009-03-31": "0.39000", "2008-12-31": 0.8378, "2008-09-30": -0.4119, "2008-06-30": 0.9381, "2008-03-31": "1.06360", "2007-12-31": 0}, "Free Cash Flow Per Share": {"2020-09-30": 0.5898, "2020-06-30": 2.3338, "2020-03-31": "-2.24290", "2019-12-31": 1.1134, "2019-09-30": 0.0129, "2019-06-30": -0.4507, "2019-03-31": "-0.33040", "2018-12-31": -1.0258, "2018-09-30": 0.978, "2018-06-30": 0.5781, "2018-03-31": "1.05470", "2017-12-31": 0.945, "2017-09-30": 0.669, "2017-06-30": 0.649, "2017-03-31": "0.32500", "2016-12-31": 1.5363, "2016-09-30": 0.7964, "2016-06-30": 0.0352, "2016-03-31": "0.57270", "2015-12-31": 0.7017, "2015-09-30": 0.3478, "2015-06-30": 0.7701, "2015-03-31": "0.16540", "2014-12-31": 0.1333, "2014-09-30": 0.5895, "2014-06-30": -0.1449, "2014-03-31": "0.31150", "2013-12-31": 0.4163, "2013-09-30": 0.4049, "2013-06-30": 0.3389, "2013-03-31": "0.32310", "2012-12-31": 0.3077, "2012-09-30": 0.4005, "2012-06-30": 0.4615, "2012-03-31": "0.46010", "2011-12-31": 0.5209, "2011-09-30": 0.573, "2011-06-30": 0.5677, "2011-03-31": "0.51770", "2010-12-31": 0.6306, "2010-09-30": 0.3283, "2010-06-30": 0.437, "2010-03-31": "0.56130", "2009-12-31": 0.9003, "2009-09-30": 0.3832, "2009-06-30": -0.0101, "2009-03-31": "0.39000", "2008-12-31": 0.8378, "2008-09-30": -0.4119, "2008-06-30": 0.9381, "2008-03-31": "1.06360", "2007-12-31": 0}}, "revenue": {"Chimera Investment Annual Revenue (Millions of US $)": {"2019": "$1,361", "2018": "$1,273", "2017": "$1,139", "2016": "$934", "2015": "$873", "2014": "$688", "2013": "$512", "2012": "$589", "2011": "$705", "2010": "$576", "2009": "$288", "2008": "$105", "2007": "$3"}, "Chimera Investment Quarterly Revenue (Millions of US $)": {"2020-09-30": "$248", "2020-06-30": "$246", "2020-03-31": "$300", "2019-12-31": "$341", "2019-09-30": "$330", "2019-06-30": "$340", "2019-03-31": "$350", "2018-12-31": "$348", "2018-09-30": "$322", "2018-06-30": "$306", "2018-03-31": "$297", "2017-12-31": "$302", "2017-09-30": "$297", "2017-06-30": "$289", "2017-03-31": "$251", "2016-12-31": "$261", "2016-09-30": "$251", "2016-06-30": "$221", "2016-03-31": "$201", "2015-12-31": "$202", "2015-09-30": "$212", "2015-06-30": "$216", "2015-03-31": "$243", "2014-12-31": "$242", "2014-09-30": "$190", "2014-06-30": "$134", "2014-03-31": "$121", "2013-12-31": "$128", "2013-09-30": "$130", "2013-06-30": "$128", "2013-03-31": "$126", "2012-12-31": "$134", "2012-09-30": "$145", "2012-06-30": "$162", "2012-03-31": "$150", "2011-12-31": "$168", "2011-09-30": "$186", "2011-06-30": "$180", "2011-03-31": "$172", "2010-12-31": "$18", "2010-09-30": "$195", "2010-06-30": "$183", "2010-03-31": "$180", "2009-12-31": "$90", "2009-09-30": "$105", "2009-06-30": "$65", "2009-03-31": "$28", "2008-12-31": "$24", "2008-09-30": "$23", "2008-06-30": "$30", "2008-03-31": "$28", "2007-12-31": ""}}, "gross-profit": {"Chimera Investment Annual Gross Profit (Millions of US $)": {"2019": "$1,361", "2018": "$1,273", "2017": "$1,139", "2016": "$934", "2015": "$873", "2014": "$688", "2013": "$512", "2012": "$589", "2011": "$705", "2010": "$576", "2009": "$288", "2008": "$105", "2007": "$3"}, "Chimera Investment Quarterly Gross Profit (Millions of US $)": {"2020-09-30": "$248", "2020-06-30": "$246", "2020-03-31": "$300", "2019-12-31": "$341", "2019-09-30": "$330", "2019-06-30": "$340", "2019-03-31": "$350", "2018-12-31": "$348", "2018-09-30": "$322", "2018-06-30": "$306", "2018-03-31": "$297", "2017-12-31": "$302", "2017-09-30": "$297", "2017-06-30": "$289", "2017-03-31": "$251", "2016-12-31": "$261", "2016-09-30": "$251", "2016-06-30": "$221", "2016-03-31": "$201", "2015-12-31": "$202", "2015-09-30": "$212", "2015-06-30": "$216", "2015-03-31": "$243", "2014-12-31": "$242", "2014-09-30": "$190", "2014-06-30": "$134", "2014-03-31": "$121", "2013-12-31": "$128", "2013-09-30": "$130", "2013-06-30": "$128", "2013-03-31": "$126", "2012-12-31": "$134", "2012-09-30": "$145", "2012-06-30": "$162", "2012-03-31": "$150", "2011-12-31": "$168", "2011-09-30": "$186", "2011-06-30": "$180", "2011-03-31": "$172", "2010-12-31": "$18", "2010-09-30": "$195", "2010-06-30": "$183", "2010-03-31": "$180", "2009-12-31": "$90", "2009-09-30": "$105", "2009-06-30": "$65", "2009-03-31": "$28", "2008-12-31": "$24", "2008-09-30": "$23", "2008-06-30": "$30", "2008-03-31": "$28", "2007-12-31": ""}}, "operating-income": {"Chimera Investment Annual Operating Income (Millions of US $)": {"2019": "$27", "2018": "$414", "2017": "$564", "2016": "$505", "2015": "$439", "2014": "$301", "2013": "$396", "2012": "$370", "2011": "$461", "2010": "$367", "2009": "$223", "2008": "$26", "2007": "$-3"}, "Chimera Investment Quarterly Operating Income (Millions of US $)": {"2020-09-30": "$369", "2020-06-30": "$-68", "2020-03-31": "$-164", "2019-12-31": "$-90", "2019-09-30": "$117", "2019-06-30": "$77", "2019-03-31": "$-77", "2018-12-31": "$-177", "2018-09-30": "$207", "2018-06-30": "$155", "2018-03-31": "$228", "2017-12-31": "$177", "2017-09-30": "$146", "2017-06-30": "$117", "2017-03-31": "$125", "2016-12-31": "$276", "2016-09-30": "$158", "2016-06-30": "$79", "2016-03-31": "$-8", "2015-12-31": "$173", "2015-09-30": "$35", "2015-06-30": "$170", "2015-03-31": "$61", "2014-12-31": "$33", "2014-09-30": "$129", "2014-06-30": "$59", "2014-03-31": "$80", "2013-12-31": "$122", "2013-09-30": "$92", "2013-06-30": "$97", "2013-03-31": "$86", "2012-12-31": "$84", "2012-09-30": "$83", "2012-06-30": "$108", "2012-03-31": "$95", "2011-12-31": "$118", "2011-09-30": "$108", "2011-06-30": "$105", "2011-03-31": "$129", "2010-12-31": "$-21", "2010-09-30": "$125", "2010-06-30": "$133", "2010-03-31": "$129", "2009-12-31": "$72", "2009-09-30": "$86", "2009-06-30": "$50", "2009-03-31": "$15", "2008-12-31": "$11", "2008-09-30": "$5", "2008-06-30": "$32", "2008-03-31": "$-22", "2007-12-31": ""}}, "ebitda": {"Chimera Investment Annual EBITDA (Millions of US $)": {"2019": "$57", "2018": "$431", "2017": "$553", "2016": "$510", "2015": "$460", "2014": "$240", "2013": "$333", "2012": "$318", "2011": "$412", "2010": "$317", "2009": "$184", "2008": "$26", "2007": "$-3"}, "Chimera Investment Quarterly EBITDA (Millions of US $)": {"2020-09-30": "$395", "2020-06-30": "$-60", "2020-03-31": "$-146", "2019-12-31": "$-91", "2019-09-30": "$132", "2019-06-30": "$93", "2019-03-31": "$-77", "2018-12-31": "$-174", "2018-09-30": "$214", "2018-06-30": "$159", "2018-03-31": "$231", "2017-12-31": "$170", "2017-09-30": "$136", "2017-06-30": "$126", "2017-03-31": "$120", "2016-12-31": "$277", "2016-09-30": "$149", "2016-06-30": "$81", "2016-03-31": "$3", "2015-12-31": "$186", "2015-09-30": "$50", "2015-06-30": "$175", "2015-03-31": "$49", "2014-12-31": "$14", "2014-09-30": "$121", "2014-06-30": "$42", "2014-03-31": "$63", "2013-12-31": "$101", "2013-09-30": "$82", "2013-06-30": "$80", "2013-03-31": "$70", "2012-12-31": "$67", "2012-09-30": "$72", "2012-06-30": "$83", "2012-03-31": "$96", "2011-12-31": "$103", "2011-09-30": "$89", "2011-06-30": "$97", "2011-03-31": "$124", "2010-12-31": "$119", "2010-09-30": "$55", "2010-06-30": "$68", "2010-03-31": "$76", "2009-12-31": "$72", "2009-09-30": "$62", "2009-06-30": "$36", "2009-03-31": "$14", "2008-12-31": "$11", "2008-09-30": "$6", "2008-06-30": "$32", "2008-03-31": "$-23", "2007-12-31": ""}}, "net-income": {"Chimera Investment Annual Net Income (Millions of US $)": {"2019": "$341", "2018": "$368", "2017": "$491", "2016": "$549", "2015": "$250", "2014": "$589", "2013": "$363", "2012": "$328", "2011": "$137", "2010": "$248", "2009": "$231", "2008": "$-120", "2007": "$-3"}, "Chimera Investment Quarterly Net Income (Millions of US $)": {"2020-09-30": "$349", "2020-06-30": "$-73", "2020-03-31": "$-389", "2019-12-31": "$112", "2019-09-30": "$88", "2019-06-30": "$40", "2019-03-31": "$101", "2018-12-31": "$-117", "2018-09-30": "$147", "2018-06-30": "$109", "2018-03-31": "$230", "2017-12-31": "$98", "2017-09-30": "$130", "2017-06-30": "$106", "2017-03-31": "$158", "2016-12-31": "$219", "2016-09-30": "$173", "2016-06-30": "$74", "2016-03-31": "$83", "2015-12-31": "$115", "2015-09-30": "$-48", "2015-06-30": "$116", "2015-03-31": "$67", "2014-12-31": "$6", "2014-09-30": "$378", "2014-06-30": "$105", "2014-03-31": "$100", "2013-12-31": "$72", "2013-09-30": "$67", "2013-06-30": "$143", "2013-03-31": "$80", "2012-12-31": "$79", "2012-09-30": "$128", "2012-06-30": "$41", "2012-03-31": "$80", "2011-12-31": "$43", "2011-09-30": "$-60", "2011-06-30": "$54", "2011-03-31": "$101", "2010-12-31": "$-118", "2010-09-30": "$116", "2010-06-30": "$125", "2010-03-31": "$126", "2009-12-31": "$2", "2009-09-30": "$158", "2009-06-30": "$52", "2009-03-31": "$19", "2008-12-31": "$9", "2008-09-30": "$-108", "2008-06-30": "$34", "2008-03-31": "$-55", "2007-12-31": ""}}, "eps-earnings-per-share-diluted": {"Chimera Investment Annual EPS": {"2019": "$1.81", "2018": "$1.96", "2017": "$2.61", "2016": "$2.92", "2015": "$1.25", "2014": "$2.87", "2013": "$1.76", "2012": "$1.60", "2011": "$0.65", "2010": "$1.50", "2009": "$2.25", "2008": "$-9.50", "2007": "$-0.40"}, "Chimera Investment Quarterly EPS": {"2020-09-30": "$1.32", "2020-06-30": "$-0.37", "2020-03-31": "$-2.08", "2019-12-31": "$0.59", "2019-09-30": "$0.47", "2019-06-30": "$0.21", "2019-03-31": "$0.54", "2018-12-31": "$-0.63", "2018-09-30": "$0.79", "2018-06-30": "$0.58", "2018-03-31": "$1.22", "2017-12-31": "$0.52", "2017-09-30": "$0.69", "2017-06-30": "$0.56", "2017-03-31": "$0.84", "2016-12-31": "$1.17", "2016-09-30": "$0.92", "2016-06-30": "$0.39", "2016-03-31": "$0.44", "2015-12-31": "$0.59", "2015-09-30": "$-0.24", "2015-06-30": "$0.57", "2015-03-31": "$0.33", "2014-12-31": "$0.01", "2014-09-30": "$1.85", "2014-06-30": "$0.51", "2014-03-31": "$0.50", "2013-12-31": "$0.31", "2013-09-30": "$0.35", "2013-06-30": "$0.70", "2013-03-31": "$0.40", "2012-12-31": "$0.40", "2012-09-30": "$0.60", "2012-06-30": "$0.20", "2012-03-31": "$0.40", "2011-12-31": "$0.20", "2011-09-30": "$-0.30", "2011-06-30": "$0.25", "2011-03-31": "$0.50", "2010-12-31": "$-0.90", "2010-09-30": "$0.65", "2010-06-30": "$0.80", "2010-03-31": "$0.95", "2009-12-31": "$0.00", "2009-09-30": "$1.20", "2009-06-30": "$0.50", "2009-03-31": "$0.55", "2008-12-31": "$7.25", "2008-09-30": "$-13.80", "2008-06-30": "$4.35", "2008-03-31": "$-7.30", "2007-12-31": "$0.00"}}, "shares-outstanding": {"Chimera Investment Annual Shares Outstanding (Millions of Shares)": {"2019": "188", "2018": "188", "2017": "188", "2016": "188", "2015": "200", "2014": "206", "2013": "206", "2012": "206", "2011": "205", "2010": "165", "2009": "101", "2008": "13", "2007": "7"}, "Chimera Investment Quarterly Shares Outstanding (Millions of Shares)": {"2020-09-30": "265", "2020-06-30": "199", "2020-03-31": "187", "2019-12-31": "188", "2019-09-30": "188", "2019-06-30": "188", "2019-03-31": "188", "2018-12-31": "188", "2018-09-30": "188", "2018-06-30": "187", "2018-03-31": "188", "2017-12-31": "188", "2017-09-30": "188", "2017-06-30": "188", "2017-03-31": "188", "2016-12-31": "188", "2016-09-30": "188", "2016-06-30": "188", "2016-03-31": "188", "2015-12-31": "200", "2015-09-30": "198", "2015-06-30": "206", "2015-03-31": "206", "2014-12-31": "206", "2014-09-30": "206", "2014-06-30": "206", "2014-03-31": "206", "2013-12-31": "206", "2013-09-30": "206", "2013-06-30": "206", "2013-03-31": "206", "2012-12-31": "206", "2012-09-30": "206", "2012-06-30": "206", "2012-03-31": "205", "2011-12-31": "205", "2011-09-30": "205", "2011-06-30": "205", "2011-03-31": "205", "2010-12-31": "165", "2010-09-30": "177", "2010-06-30": "153", "2010-03-31": "134", "2009-12-31": "101", "2009-09-30": "134", "2009-06-30": "101", "2009-03-31": "35", "2008-12-31": "13", "2008-09-30": "8", "2008-06-30": "8", "2008-03-31": "8", "2007-12-31": ""}}, "total-assets": {"Chimera Investment Annual Total Assets (Millions of US $)": {"2019": "$27,119", "2018": "$27,709", "2017": "$21,222", "2016": "$16,685", "2015": "$15,345", "2014": "$19,155", "2013": "$6,936", "2012": "$7,742", "2011": "$7,747", "2010": "$8,069", "2009": "$4,618", "2008": "$1,478", "2007": "$1,566"}, "Chimera Investment Quarterly Total Assets (Millions of US $)": {"2020-09-30": "$18,094", "2020-06-30": "$18,448", "2020-03-31": "$19,242", "2019-12-31": "$27,119", "2019-09-30": "$28,632", "2019-06-30": "$27,638", "2019-03-31": "$29,338", "2018-12-31": "$27,709", "2018-09-30": "$25,180", "2018-06-30": "$23,263", "2018-03-31": "$21,331", "2017-12-31": "$21,222", "2017-09-30": "$21,187", "2017-06-30": "$20,818", "2017-03-31": "$20,427", "2016-12-31": "$16,685", "2016-09-30": "$17,169", "2016-06-30": "$17,590", "2016-03-31": "$15,307", "2015-12-31": "$15,345", "2015-09-30": "$15,940", "2015-06-30": "$15,752", "2015-03-31": "$17,341", "2014-12-31": "$19,155", "2014-09-30": "$17,491", "2014-06-30": "$12,566", "2014-03-31": "$6,707", "2013-12-31": "$6,936", "2013-09-30": "$7,028", "2013-06-30": "$7,184", "2013-03-31": "$7,432", "2012-12-31": "$7,742", "2012-09-30": "$7,539", "2012-06-30": "$8,307", "2012-03-31": "$8,255", "2011-12-31": "$7,747", "2011-09-30": "$9,714", "2011-06-30": "$10,089", "2011-03-31": "$10,258", "2010-12-31": "$8,069", "2010-09-30": "$7,233", "2010-06-30": "$6,878", "2010-03-31": "$6,156", "2009-12-31": "$4,618", "2009-09-30": "$4,369", "2009-06-30": "$4,208", "2009-03-31": "$1,676", "2008-12-31": "$1,478", "2008-09-30": "$1,372", "2008-06-30": "$1,971", "2008-03-31": "$1,910", "2007-12-31": "$0"}}, "cash-on-hand": {"Chimera Investment Annual Cash on Hand (Millions of US $)": {"2019": "$110", "2018": "$47", "2017": "$64", "2016": "$178", "2015": "$114", "2014": "$165", "2013": "$78", "2012": "$621", "2011": "$206", "2010": "$7", "2009": "$24", "2008": "$27", "2007": "$272"}, "Chimera Investment Quarterly Cash on Hand (Millions of US $)": {"2020-09-30": "$326", "2020-06-30": "$303", "2020-03-31": "$261", "2019-12-31": "$110", "2019-09-30": "$161", "2019-06-30": "$54", "2019-03-31": "$123", "2018-12-31": "$47", "2018-09-30": "$121", "2018-06-30": "$91", "2018-03-31": "$101", "2017-12-31": "$64", "2017-09-30": "$38", "2017-06-30": "$169", "2017-03-31": "$83", "2016-12-31": "$178", "2016-09-30": "$157", "2016-06-30": "$67", "2016-03-31": "$190", "2015-12-31": "$114", "2015-09-30": "$40", "2015-06-30": "$50", "2015-03-31": "$120", "2014-12-31": "$165", "2014-09-30": "$242", "2014-06-30": "$74", "2014-03-31": "$41", "2013-12-31": "$78", "2013-09-30": "$125", "2013-06-30": "$168", "2013-03-31": "$650", "2012-12-31": "$621", "2012-09-30": "$458", "2012-06-30": "$116", "2012-03-31": "$131", "2011-12-31": "$206", "2011-09-30": "$10", "2011-06-30": "$16", "2011-03-31": "$16", "2010-12-31": "$7", "2010-09-30": "$12", "2010-06-30": "$236", "2010-03-31": "$44", "2009-12-31": "$24", "2009-09-30": "$21", "2009-06-30": "$13", "2009-03-31": "$12", "2008-12-31": "$27", "2008-09-30": "$6", "2008-06-30": "$79", "2008-03-31": "$194", "2007-12-31": ""}}, "long-term-debt": {"Chimera Investment Annual Long Term Debt (Millions of US $)": {"2019": "$8,313", "2018": "$8,615", "2017": "$9,594", "2016": "$7,275", "2015": "$3,720", "2014": "$5,095", "2013": "$1,604", "2012": "$2,506", "2011": "$1,843", "2010": "$2,245", "2009": "$390", "2008": "$489", "2007": "$"}, "Chimera Investment Quarterly Long Term Debt (Millions of US $)": {"2020-09-30": "$8,946", "2020-06-30": "$8,726", "2020-03-31": "$7,993", "2019-12-31": "$8,313", "2019-09-30": "$7,940", "2019-06-30": "$8,026", "2019-03-31": "$8,278", "2018-12-31": "$8,615", "2018-09-30": "$8,995", "2018-06-30": "$9,520", "2018-03-31": "$9,516", "2017-12-31": "$9,594", "2017-09-30": "$9,916", "2017-06-30": "$9,776", "2017-03-31": "$10,111", "2016-12-31": "$7,275", "2016-09-30": "$7,572", "2016-06-30": "$7,959", "2016-03-31": "$4,109", "2015-12-31": "$3,720", "2015-09-30": "$4,793", "2015-06-30": "$4,890", "2015-03-31": "$4,870", "2014-12-31": "$5,095", "2014-09-30": "$5,053", "2014-06-30": "$1,392", "2014-03-31": "$1,466", "2013-12-31": "$1,604", "2013-09-30": "$1,720", "2013-06-30": "$805", "2013-03-31": "$2,201", "2012-12-31": "$2,506", "2012-09-30": "$2,287", "2012-06-30": "$2,575", "2012-03-31": "$2,398", "2011-12-31": "$1,843", "2011-09-30": "$1,984", "2011-06-30": "$2,151", "2011-03-31": "$2,358", "2010-12-31": "$2,245", "2010-09-30": "$2,276", "2010-06-30": "$2,464", "2010-03-31": "$2,001", "2009-12-31": "$390", "2009-09-30": "$414", "2009-06-30": "$443", "2009-03-31": "$473", "2008-12-31": "$489", "2008-09-30": "$501", "2008-06-30": "$504", "2008-03-31": "", "2007-12-31": ""}}, "total-liabilities": {"Chimera Investment Annual Total Liabilities (Millions of US $)": {"2019": "$23,165", "2018": "$24,005", "2017": "$17,587", "2016": "$13,561", "2015": "$12,398", "2014": "$15,547", "2013": "$3,605", "2012": "$4,200", "2011": "$4,700", "2010": "$4,391", "2009": "$2,492", "2008": "$1,063", "2007": "$1,027"}, "Chimera Investment Quarterly Total Liabilities (Millions of US $)": {"2020-09-30": "$14,397", "2020-06-30": "$15,052", "2020-03-31": "$15,998", "2019-12-31": "$23,165", "2019-09-30": "$24,637", "2019-06-30": "$23,669", "2019-03-31": "$25,385", "2018-12-31": "$24,005", "2018-09-30": "$21,267", "2018-06-30": "$19,613", "2018-03-31": "$17,660", "2017-12-31": "$17,587", "2017-09-30": "$17,541", "2017-06-30": "$17,242", "2017-03-31": "$16,915", "2016-12-31": "$13,561", "2016-09-30": "$14,132", "2016-06-30": "$14,627", "2016-03-31": "$12,393", "2015-12-31": "$12,398", "2015-09-30": "$12,821", "2015-06-30": "$12,312", "2015-03-31": "$13,817", "2014-12-31": "$15,547", "2014-09-30": "$13,900", "2014-06-30": "$9,125", "2014-03-31": "$3,337", "2013-12-31": "$3,605", "2013-09-30": "$3,461", "2013-06-30": "$3,556", "2013-03-31": "$3,778", "2012-12-31": "$4,200", "2012-09-30": "$4,121", "2012-06-30": "$5,126", "2012-03-31": "$5,084", "2011-12-31": "$4,700", "2011-09-30": "$6,360", "2011-06-30": "$6,651", "2011-03-31": "$6,716", "2010-12-31": "$4,391", "2010-09-30": "$4,331", "2010-06-30": "$3,965", "2010-03-31": "$3,861", "2009-12-31": "$2,492", "2009-09-30": "$2,178", "2009-06-30": "$2,261", "2009-03-31": "$1,243", "2008-12-31": "$1,063", "2008-09-30": "$1,131", "2008-06-30": "$1,583", "2008-03-31": "$1,491", "2007-12-31": ""}}, "total-share-holder-equity": {"Chimera Investment Annual Share Holder Equity (Millions of US $)": {"2019": "$3,953", "2018": "$3,704", "2017": "$3,635", "2016": "$3,124", "2015": "$2,946", "2014": "$3,608", "2013": "$3,332", "2012": "$3,542", "2011": "$3,048", "2010": "$3,679", "2009": "$2,127", "2008": "$414", "2007": "$539"}, "Chimera Investment Quarterly Share Holder Equity (Millions of US $)": {"2020-09-30": "$3,697", "2020-06-30": "$3,396", "2020-03-31": "$3,244", "2019-12-31": "$3,953", "2019-09-30": "$3,995", "2019-06-30": "$3,969", "2019-03-31": "$3,953", "2018-12-31": "$3,704", "2018-09-30": "$3,913", "2018-06-30": "$3,650", "2018-03-31": "$3,671", "2017-12-31": "$3,635", "2017-09-30": "$3,646", "2017-06-30": "$3,577", "2017-03-31": "$3,512", "2016-12-31": "$3,124", "2016-09-30": "$3,037", "2016-06-30": "$2,963", "2016-03-31": "$2,914", "2015-12-31": "$2,946", "2015-09-30": "$3,119", "2015-06-30": "$3,440", "2015-03-31": "$3,523", "2014-12-31": "$3,608", "2014-09-30": "$3,591", "2014-06-30": "$3,441", "2014-03-31": "$3,370", "2013-12-31": "$3,332", "2013-09-30": "$3,567", "2013-06-30": "$3,628", "2013-03-31": "$3,654", "2012-12-31": "$3,542", "2012-09-30": "$3,418", "2012-06-30": "$3,181", "2012-03-31": "$3,171", "2011-12-31": "$3,048", "2011-09-30": "$3,354", "2011-06-30": "$3,439", "2011-03-31": "$3,542", "2010-12-31": "$3,679", "2010-09-30": "$2,902", "2010-06-30": "$2,913", "2010-03-31": "$2,295", "2009-12-31": "$2,127", "2009-09-30": "$2,191", "2009-06-30": "$1,947", "2009-03-31": "$433", "2008-12-31": "$414", "2008-09-30": "$241", "2008-06-30": "$388", "2008-03-31": "$419", "2007-12-31": ""}}, "profit-margins": {"current": "4.71%"}, "gross margin": {"2020-09-30": "100.00%", "2020-06-30": "100.00%", "2020-03-31": "100.00%", "2019-12-31": "100.00%", "2019-09-30": "100.00%", "2019-06-30": "100.00%", "2019-03-31": "100.00%", "2018-12-31": "100.00%", "2018-09-30": "100.00%", "2018-06-30": "100.00%", "2018-03-31": "100.00%", "2017-12-31": "100.00%", "2017-09-30": "100.00%", "2017-06-30": "100.00%", "2017-03-31": "100.00%", "2016-12-31": "100.00%", "2016-09-30": "100.00%", "2016-06-30": "100.00%", "2016-03-31": "100.00%", "2015-12-31": "100.00%", "2015-09-30": "100.00%", "2015-06-30": "100.00%", "2015-03-31": "100.00%", "2014-12-31": "100.00%", "2014-09-30": "100.00%", "2014-06-30": "100.00%", "2014-03-31": "100.00%", "2013-12-31": "100.00%", "2013-09-30": "100.00%", "2013-06-30": "100.00%", "2013-03-31": "100.00%", "2012-12-31": "100.00%", "2012-09-30": "100.00%", "2012-06-30": "100.00%", "2012-03-31": "100.00%", "2011-12-31": "100.00%", "2011-09-30": "100.00%", "2011-06-30": "100.00%", "2011-03-31": "100.00%", "2010-12-31": "100.00%", "2010-09-30": "100.00%", "2010-06-30": "100.00%", "2010-03-31": "100.00%", "2009-12-31": "100.00%", "2009-09-30": "100.00%", "2009-06-30": "100.00%", "2009-03-31": "100.00%", "2008-12-31": "100.00%"}, "operating margin": {"2020-09-30": "4.14%", "2020-06-30": "-16.84%", "2020-03-31": "-4.58%", "2019-12-31": "1.98%", "2019-09-30": "-4.39%", "2019-06-30": "2.21%", "2019-03-31": "8.14%", "2018-12-31": "32.44%", "2018-09-30": "62.51%", "2018-06-30": "58.74%", "2018-03-31": "56.37%", "2017-12-31": "49.60%", "2017-09-30": "60.47%", "2017-06-30": "64.26%", "2017-03-31": "64.84%", "2016-12-31": "54.07%", "2016-09-30": "45.94%", "2016-06-30": "33.37%", "2016-03-31": "44.52%", "2015-12-31": "50.29%", "2015-09-30": "32.75%", "2015-06-30": "44.11%", "2015-03-31": "34.86%", "2014-12-31": "43.81%", "2014-09-30": "68.06%", "2014-06-30": "68.81%", "2014-03-31": "77.12%", "2013-12-31": "77.54%", "2013-09-30": "69.31%", "2013-06-30": "65.67%", "2013-03-31": "63.67%", "2012-12-31": "62.61%", "2012-09-30": "64.64%", "2012-06-30": "64.41%", "2012-03-31": "62.28%", "2011-12-31": "65.16%", "2011-09-30": "57.73%", "2011-06-30": "59.82%", "2011-03-31": "64.44%", "2010-12-31": "63.54%", "2010-09-30": "70.83%", "2010-06-30": "75.27%", "2010-03-31": "76.59%", "2009-12-31": "77.43%", "2009-09-30": "72.97%", "2009-06-30": "57.86%", "2009-03-31": "60.00%", "2008-12-31": "24.76%"}, "ebitda margin": {"2020-09-30": "8.63%", "2020-06-30": "-13.56%", "2020-03-31": "-0.92%", "2019-12-31": "4.19%", "2019-09-30": "-1.90%", "2019-06-30": "4.12%", "2019-03-31": "9.20%", "2018-12-31": "33.78%", "2018-09-30": "63.08%", "2018-06-30": "57.90%", "2018-03-31": "55.95%", "2017-12-31": "48.46%", "2017-09-30": "60.02%", "2017-06-30": "63.88%", "2017-03-31": "63.72%", "2016-12-31": "54.60%", "2016-09-30": "47.89%", "2016-06-30": "38.28%", "2016-03-31": "49.82%", "2015-12-31": "52.69%", "2015-09-30": "31.54%", "2015-06-30": "40.29%", "2015-03-31": "27.94%", "2014-12-31": "34.93%", "2014-09-30": "57.07%", "2014-06-30": "56.14%", "2014-03-31": "64.30%", "2013-12-31": "65.04%", "2013-09-30": "57.72%", "2013-06-30": "54.22%", "2013-03-31": "51.50%", "2012-12-31": "53.81%", "2012-09-30": "56.64%", "2012-06-30": "55.71%", "2012-03-31": "56.29%", "2011-12-31": "58.50%", "2011-09-30": "77.16%", "2011-06-30": "69.91%", "2011-03-31": "64.44%", "2010-12-31": "55.21%", "2010-09-30": "41.82%", "2010-06-30": "49.82%", "2010-03-31": "55.91%", "2009-12-31": "63.89%", "2009-09-30": "55.41%", "2009-06-30": "47.86%", "2009-03-31": "60.00%", "2008-12-31": "24.76%"}, "pre tax profit margin": {"2020-09-30": "6.26%", "2020-06-30": "-15.61%", "2020-03-31": "-5.80%", "2019-12-31": "30.35%", "2019-09-30": "13.16%", "2019-06-30": "16.99%", "2019-03-31": "21.87%", "2018-12-31": "32.29%", "2018-09-30": "50.69%", "2018-06-30": "50.25%", "2018-03-31": "50.72%", "2017-12-31": "46.09%", "2017-09-30": "58.20%", "2017-06-30": "63.97%", "2017-03-31": "64.23%", "2016-12-31": "59.10%", "2016-09-30": "50.86%", "2016-06-30": "26.79%", "2016-03-31": "32.01%", "2015-12-31": "28.64%", "2015-09-30": "15.44%", "2015-06-30": "63.64%", "2015-03-31": "68.73%", "2014-12-31": "85.74%", "2014-09-30": "114.31%", "2014-06-30": "67.06%", "2014-03-31": "75.35%", "2013-12-31": "70.70%", "2013-09-30": "71.24%", "2013-06-30": "80.68%", "2013-03-31": "57.85%", "2012-12-31": "55.50%", "2012-09-30": "46.72%", "2012-06-30": "15.62%", "2012-03-31": "17.11%", "2011-12-31": "19.55%", "2011-09-30": "-4.14%", "2011-06-30": "27.26%", "2011-03-31": "39.61%", "2010-12-31": "43.40%", "2010-09-30": "57.10%", "2010-06-30": "73.66%", "2010-03-31": "76.82%", "2009-12-31": "80.21%", "2009-09-30": "107.21%", "2009-06-30": "-20.00%", "2009-03-31": "-43.81%", "2008-12-31": "-114.29%"}, "net profit margin": {"2020-09-30": "-0.09%", "2020-06-30": "-21.53%", "2020-03-31": "-11.37%", "2019-12-31": "25.06%", "2019-09-30": "8.19%", "2019-06-30": "12.57%", "2019-03-31": "18.10%", "2018-12-31": "28.99%", "2018-09-30": "47.60%", "2018-06-30": "47.17%", "2018-03-31": "47.59%", "2017-12-31": "43.20%", "2017-09-30": "55.83%", "2017-06-30": "62.36%", "2017-03-31": "63.41%", "2016-12-31": "58.78%", "2016-09-30": "50.86%", "2016-06-30": "26.79%", "2016-03-31": "32.01%", "2015-12-31": "28.64%", "2015-09-30": "15.44%", "2015-06-30": "63.64%", "2015-03-31": "68.73%", "2014-12-31": "85.74%", "2014-09-30": "114.31%", "2014-06-30": "67.06%", "2014-03-31": "75.35%", "2013-12-31": "70.70%", "2013-09-30": "71.24%", "2013-06-30": "80.68%", "2013-03-31": "57.85%", "2012-12-31": "55.50%", "2012-09-30": "46.72%", "2012-06-30": "15.62%", "2012-03-31": "17.11%", "2011-12-31": "19.55%", "2011-09-30": "-4.14%", "2011-06-30": "27.08%", "2011-03-31": "39.44%", "2010-12-31": "43.23%", "2010-09-30": "56.94%", "2010-06-30": "73.66%", "2010-03-31": "76.82%", "2009-12-31": "80.21%", "2009-09-30": "107.21%", "2009-06-30": "-20.00%", "2009-03-31": "-43.81%", "2008-12-31": "-114.29%"}, "pe ratio": {"current": "5.85", "2021-02-05": "0.00", "2020-09-30": "0.00", "2020-06-30": "0.00", "2020-03-31": "0.00", "2019-12-31": "9.83", "2019-09-30": "28.16", "2019-06-30": "17.18", "2019-03-31": "11.81", "2018-12-31": "7.15", "2018-09-30": "4.46", "2018-06-30": "4.52", "2018-03-31": "4.22", "2017-12-31": "4.99", "2017-09-30": "3.98", "2017-06-30": "3.57", "2017-03-31": "3.96", "2016-12-31": "3.70", "2016-09-30": "4.17", "2016-06-30": "7.85", "2016-03-31": "5.73", "2015-12-31": "5.81", "2015-09-30": "9.85", "2015-06-30": "2.47", "2015-03-31": "2.81", "2014-12-31": "2.60", "2014-09-30": "2.19", "2014-06-30": "4.21", "2014-03-31": "3.51", "2013-12-31": "4.40", "2013-09-30": "5.42", "2013-06-30": "8.03", "2013-03-31": "0.00", "2012-12-31": "0.00", "2012-09-30": "0.00", "2012-06-30": "13.04", "2012-03-31": "5.32", "2011-12-31": "2.34", "2011-09-30": "1.67", "2011-06-30": "1.71", "2011-03-31": "1.74", "2010-12-31": "1.66", "2010-09-30": "1.58", "2010-06-30": "1.19", "2010-03-31": "1.34", "2009-12-31": "1.46", "2009-09-30": "1.56", "2009-06-30": "0.00", "2009-03-31": "0.00", "2008-12-31": "0.00", "2008-09-30": "0.00"}, "price sales": {"2021-02-05": "1.95", "2020-09-30": "1.43", "2020-06-30": "1.41", "2020-03-31": "1.19", "2019-12-31": "2.48", "2019-09-30": "2.28", "2019-06-30": "2.16", "2019-03-31": "2.14", "2018-12-31": "2.07", "2018-09-30": "2.12", "2018-06-30": "2.13", "2018-03-31": "2.01", "2017-12-31": "2.15", "2017-09-30": "2.23", "2017-06-30": "2.23", "2017-03-31": "2.51", "2016-12-31": "2.18", "2016-09-30": "2.14", "2016-06-30": "2.17", "2016-03-31": "1.88", "2015-12-31": "1.71", "2015-09-30": "1.56", "2015-06-30": "1.60", "2015-03-31": "1.94", "2014-12-31": "2.25", "2014-09-30": "2.51", "2014-06-30": "2.86", "2014-03-31": "2.71", "2013-12-31": "2.47", "2013-09-30": "2.26", "2013-06-30": "2.17", "2013-03-31": "2.11", "2012-12-31": "1.61", "2012-09-30": "1.53", "2012-06-30": "1.21", "2012-03-31": "1.36", "2011-12-31": "1.12", "2011-09-30": "1.50", "2011-06-30": "1.67", "2011-03-31": "1.66", "2010-12-31": "1.44", "2010-09-30": "1.10", "2010-06-30": "1.04", "2010-03-31": "1.23", "2009-12-31": "1.39", "2009-09-30": "0.99", "2009-06-30": "0.57", "2009-03-31": "0.35", "2008-12-31": "0.27", "2008-09-30": "0.57"}, "price book": {"current": "0.68", "2021-02-05": "0.68", "2020-09-30": "0.50", "2020-06-30": "0.62", "2020-03-31": "0.48", "2019-12-31": "0.85", "2019-09-30": "0.78", "2019-06-30": "0.74", "2019-03-31": "0.72", "2018-12-31": "0.71", "2018-09-30": "0.66", "2018-06-30": "0.70", "2018-03-31": "0.64", "2017-12-31": "0.67", "2017-09-30": "0.67", "2017-06-30": "0.65", "2017-03-31": "0.70", "2016-12-31": "0.65", "2016-09-30": "0.61", "2016-06-30": "0.60", "2016-03-31": "0.51", "2015-12-31": "0.47", "2015-09-30": "0.43", "2015-06-30": "0.41", "2015-03-31": "0.45", "2014-12-31": "0.43", "2014-09-30": "0.40", "2014-06-30": "0.43", "2014-03-31": "0.41", "2013-12-31": "0.38", "2013-09-30": "0.33", "2013-06-30": "0.32", "2013-03-31": "0.33", "2012-12-31": "0.27", "2012-09-30": "0.28", "2012-06-30": "0.25", "2012-03-31": "0.29", "2011-12-31": "0.26", "2011-09-30": "0.25", "2011-06-30": "0.29", "2011-03-31": "0.31", "2010-12-31": "0.30", "2010-09-30": "0.30", "2010-06-30": "0.26", "2010-03-31": "0.26", "2009-12-31": "0.27", "2009-09-30": "0.25", "2009-06-30": "0.25", "2009-03-31": "0.27", "2008-12-31": "0.29", "2008-09-30": "0.20", "2008-06-30": "0.17", "2008-03-31": "0.21", "2007-12-31": "0.00"}, "price fcf": {"2021-02-05": "", "2020-09-30": "$1.79", "2020-06-30": "$1.22", "2020-03-31": "$-1.57", "2019-12-31": "$0.35", "2019-09-30": "$-1.79", "2019-06-30": "$-0.83", "2019-03-31": "$0.20", "2018-12-31": "$1.59", "2018-09-30": "$3.56", "2018-06-30": "$3.25", "2018-03-31": "$3.32", "2017-12-31": "$2.59", "2017-09-30": "$3.18", "2017-06-30": "$3.31", "2017-03-31": "$2.69", "2016-12-31": "$2.94", "2016-09-30": "$2.11", "2016-06-30": "$1.66", "2016-03-31": "$2.39", "2015-12-31": "$1.99", "2015-09-30": "$1.42", "2015-06-30": "$1.66", "2015-03-31": "$0.74", "2014-12-31": "$0.89", "2014-09-30": "$1.17", "2014-06-30": "$0.99", "2014-03-31": "$1.47", "2013-12-31": "$1.48", "2013-09-30": "$1.37", "2013-06-30": "$1.37", "2013-03-31": "$1.49", "2012-12-31": "$1.63", "2012-09-30": "$1.84", "2012-06-30": "$2.02", "2012-03-31": "$2.12", "2011-12-31": "$2.18", "2011-09-30": "$2.29", "2011-06-30": "$2.04", "2011-03-31": "$1.91", "2010-12-31": "$1.96", "2010-09-30": "$2.23", "2010-06-30": "$2.28", "2010-03-31": "$1.83", "2009-12-31": "$1.66", "2009-09-30": "$1.60", "2009-06-30": "$0.81", "2009-03-31": "$1.75", "2008-12-31": "$2.43", "2008-09-30": "$1.59"}, "net worth": {"value": "$2.55B"}, "current ratio": {"2020-09-30": "0.09", "2020-06-30": "0.07", "2020-03-31": "0.05", "2019-12-31": "0.05", "2019-09-30": "0.02", "2019-06-30": "0.02", "2019-03-31": "0.11", "2018-12-31": "0.01", "2018-09-30": "0.02", "2018-06-30": "0.02", "2018-03-31": "0.03", "2017-12-31": "0.02", "2017-09-30": "0.02", "2017-06-30": "0.04", "2017-03-31": "0.03", "2016-12-31": "0.05", "2016-09-30": "0.04", "2016-06-30": "0.03", "2016-03-31": "0.03", "2015-12-31": "0.02", "2015-09-30": "0.02", "2015-06-30": "0.02", "2015-03-31": "0.14", "2014-12-31": "0.21", "2014-09-30": "0.04", "2014-06-30": "0.02", "2014-03-31": "0.10", "2013-12-31": "0.22", "2013-09-30": "0.23", "2013-06-30": "0.08", "2013-03-31": "0.48", "2012-12-31": "0.43", "2012-09-30": "0.30", "2012-06-30": "0.07", "2012-03-31": "0.07", "2011-12-31": "0.10", "2011-09-30": "0.02", "2011-06-30": "0.02", "2011-03-31": "0.02", "2010-12-31": "0.03", "2010-09-30": "0.04", "2010-06-30": "0.21", "2010-03-31": "0.08", "2009-12-31": "0.03", "2009-09-30": "0.03", "2009-06-30": "0.03", "2009-03-31": "0.04", "2008-12-31": "0.07", "2008-09-30": "0.02", "2008-06-30": "0.10", "2008-03-31": "0.22", "2007-12-31": "0.00"}, "quick ratio": {"2020-09-30": "0.00", "2020-06-30": "0.00", "2020-03-31": "0.00", "2019-12-31": "0.00", "2019-09-30": "0.00", "2019-06-30": "0.00", "2019-03-31": "0.00", "2018-12-31": "0.00", "2018-09-30": "0.00", "2018-06-30": "0.00", "2018-03-31": "0.00", "2017-12-31": "0.00", "2017-09-30": "0.00", "2017-06-30": "0.00", "2017-03-31": "0.00", "2016-12-31": "0.00", "2016-09-30": "0.00", "2016-06-30": "0.00", "2016-03-31": "0.00", "2015-12-31": "0.00", "2015-09-30": "0.00", "2015-06-30": "0.00", "2015-03-31": "0.00", "2014-12-31": "0.00", "2014-09-30": "0.00", "2014-06-30": "0.00", "2014-03-31": "0.00", "2013-12-31": "0.00", "2013-09-30": "0.00", "2013-06-30": "0.00", "2013-03-31": "0.00", "2012-12-31": "0.00", "2012-09-30": "0.00", "2012-06-30": "0.00", "2012-03-31": "0.00", "2011-12-31": "0.00", "2011-09-30": "0.00", "2011-06-30": "0.00", "2011-03-31": "0.00", "2010-12-31": "0.00", "2010-09-30": "0.00", "2010-06-30": "0.00", "2010-03-31": "0.00", "2009-12-31": "0.00", "2009-09-30": "0.00", "2009-06-30": "0.00", "2009-03-31": "0.00", "2008-12-31": "0.00", "2008-09-30": "0.00", "2008-06-30": "0.00", "2008-03-31": "0.00", "2007-12-31": "0.00"}, "debt equity ratio": {"current": "2.42", "2020-09-30": "3.90", "2020-06-30": "4.43", "2020-03-31": "4.93", "2019-12-31": "5.86", "2019-09-30": "6.17", "2019-06-30": "5.96", "2019-03-31": "6.42", "2018-12-31": "6.48", "2018-09-30": "5.44", "2018-06-30": "5.37", "2018-03-31": "4.81", "2017-12-31": "4.84", "2017-09-30": "4.81", "2017-06-30": "4.82", "2017-03-31": "4.82", "2016-12-31": "4.34", "2016-09-30": "4.65", "2016-06-30": "4.94", "2016-03-31": "4.25", "2015-12-31": "4.21", "2015-09-30": "4.11", "2015-06-30": "3.58", "2015-03-31": "3.92", "2014-12-31": "4.31", "2014-09-30": "3.87", "2014-06-30": "2.65", "2014-03-31": "0.99", "2013-12-31": "1.08", "2013-09-30": "0.97", "2013-06-30": "0.98", "2013-03-31": "1.03", "2012-12-31": "1.19", "2012-09-30": "1.21", "2012-06-30": "1.61", "2012-03-31": "1.60", "2011-12-31": "1.54", "2011-09-30": "1.90", "2011-06-30": "1.93", "2011-03-31": "1.90", "2010-12-31": "1.19", "2010-09-30": "1.49", "2010-06-30": "1.36", "2010-03-31": "1.68", "2009-12-31": "1.17", "2009-09-30": "0.99", "2009-06-30": "1.16", "2009-03-31": "2.87", "2008-12-31": "2.57", "2008-09-30": "4.70", "2008-06-30": "4.09", "2008-03-31": "3.56", "2007-12-31": "0.00"}, "return on equity": {"2020-09-30": "-0.03%", "2020-06-30": "-7.18%", "2020-03-31": "-3.93%", "2019-12-31": "8.59%", "2019-09-30": "2.87%", "2019-06-30": "4.40%", "2019-03-31": "6.31%", "2018-12-31": "9.88%", "2018-09-30": "15.71%", "2018-06-30": "15.53%", "2018-03-31": "15.53%", "2017-12-31": "13.70%", "2017-09-30": "17.69%", "2017-06-30": "19.80%", "2017-03-31": "19.75%", "2016-12-31": "18.24%", "2016-09-30": "15.01%", "2016-06-30": "7.50%", "2016-03-31": "8.57%", "2015-12-31": "7.68%", "2015-09-30": "4.12%", "2015-06-30": "16.01%", "2015-03-31": "15.70%", "2014-12-31": "16.82%", "2014-09-30": "19.08%", "2014-06-30": "10.04%", "2014-03-31": "11.00%", "2013-12-31": "10.21%", "2013-09-30": "10.26%", "2013-06-30": "12.08%", "2013-03-31": "9.51%", "2012-12-31": "9.86%", "2012-09-30": "9.11%", "2012-06-30": "3.26%", "2012-03-31": "3.60%", "2011-12-31": "4.12%", "2011-09-30": "-0.66%", "2011-06-30": "4.51%", "2011-03-31": "6.87%", "2010-12-31": "8.45%", "2010-09-30": "14.42%", "2010-06-30": "17.26%", "2010-03-31": "15.79%", "2009-12-31": "13.80%", "2009-09-30": "19.10%", "2009-06-30": "-3.69%", "2009-03-31": "-12.47%", "2008-12-31": "-32.83%"}, "return on assets": {"2020-09-30": "0.00%", "2020-06-30": "-1.12%", "2020-03-31": "-0.58%", "2019-12-31": "1.21%", "2019-09-30": "0.40%", "2019-06-30": "0.62%", "2019-03-31": "0.91%", "2018-12-31": "1.51%", "2018-09-30": "2.57%", "2018-06-30": "2.61%", "2018-03-31": "2.67%", "2017-12-31": "2.35%", "2017-09-30": "3.10%", "2017-06-30": "3.49%", "2017-03-31": "3.47%", "2016-12-31": "3.29%", "2016-09-30": "2.72%", "2016-06-30": "1.40%", "2016-03-31": "1.71%", "2015-12-31": "1.55%", "2015-09-30": "0.83%", "2015-06-30": "3.25%", "2015-03-31": "3.34%", "2014-12-31": "4.21%", "2014-09-30": "6.00%", "2014-06-30": "4.14%", "2014-03-31": "5.49%", "2013-12-31": "5.07%", "2013-09-30": "5.02%", "2013-06-30": "5.75%", "2013-03-31": "4.23%", "2012-12-31": "4.12%", "2012-09-30": "3.67%", "2012-06-30": "1.22%", "2012-03-31": "1.31%", "2011-12-31": "1.46%", "2011-09-30": "-0.24%", "2011-06-30": "1.72%", "2011-03-31": "2.76%", "2010-12-31": "3.51%", "2010-09-30": "5.93%", "2010-06-30": "7.47%", "2010-03-31": "6.99%", "2009-12-31": "6.21%", "2009-09-30": "8.12%", "2009-06-30": "-1.28%", "2009-03-31": "-2.83%", "2008-12-31": "-7.13%"}, "return on investments": {"2020-09-30": "0.39%", "2020-06-30": "-1.72%", "2020-03-31": "-0.51%", "2019-12-31": "0.22%", "2019-09-30": "-0.50%", "2019-06-30": "0.24%", "2019-03-31": "0.85%", "2018-12-31": "3.20%", "2018-09-30": "5.84%", "2018-06-30": "5.31%", "2018-03-31": "5.01%", "2017-12-31": "4.20%", "2017-09-30": "5.21%", "2017-06-30": "5.64%", "2017-03-31": "5.60%", "2016-12-31": "5.19%", "2016-09-30": "4.57%", "2016-06-30": "3.43%", "2016-03-31": "4.94%", "2015-12-31": "5.61%", "2015-09-30": "3.59%", "2015-06-30": "4.61%", "2015-03-31": "3.69%", "2014-12-31": "4.46%", "2014-09-30": "6.71%", "2014-06-30": "7.10%", "2014-03-31": "8.02%", "2013-12-31": "7.74%", "2013-09-30": "6.64%", "2013-06-30": "6.35%", "2013-03-31": "6.18%", "2012-12-31": "6.41%", "2012-09-30": "7.37%", "2012-06-30": "7.96%", "2012-03-31": "7.97%", "2011-12-31": "8.47%", "2011-09-30": "5.64%", "2011-06-30": "5.98%", "2011-03-31": "6.54%", "2010-12-31": "7.05%", "2010-09-30": "10.57%", "2010-06-30": "11.36%", "2010-03-31": "11.42%", "2009-12-31": "10.60%", "2009-09-30": "9.53%", "2009-06-30": "6.56%", "2009-03-31": "7.32%", "2008-12-31": "4.10%"}, "return on tangible equity": {"2020-09-30": "-0.03%", "2020-06-30": "-7.18%", "2020-03-31": "-3.93%", "2019-12-31": "8.59%", "2019-09-30": "2.87%", "2019-06-30": "4.40%", "2019-03-31": "6.31%", "2018-12-31": "9.88%", "2018-09-30": "15.71%", "2018-06-30": "15.53%", "2018-03-31": "15.53%", "2017-12-31": "13.70%", "2017-09-30": "17.69%", "2017-06-30": "19.80%", "2017-03-31": "19.75%", "2016-12-31": "18.24%", "2016-09-30": "15.01%", "2016-06-30": "7.50%", "2016-03-31": "8.57%", "2015-12-31": "7.68%", "2015-09-30": "4.12%", "2015-06-30": "16.01%", "2015-03-31": "15.70%", "2014-12-31": "16.82%", "2014-09-30": "19.08%", "2014-06-30": "10.04%", "2014-03-31": "11.00%", "2013-12-31": "10.21%", "2013-09-30": "10.26%", "2013-06-30": "12.08%", "2013-03-31": "9.51%", "2012-12-31": "9.86%", "2012-09-30": "9.11%", "2012-06-30": "3.26%", "2012-03-31": "3.60%", "2011-12-31": "4.12%", "2011-09-30": "-0.66%", "2011-06-30": "4.51%", "2011-03-31": "6.87%", "2010-12-31": "8.45%", "2010-09-30": "14.42%", "2010-06-30": "17.26%", "2010-03-31": "15.79%", "2009-12-31": "13.80%", "2009-09-30": "19.10%", "2009-06-30": "-3.69%", "2009-03-31": "-12.47%", "2008-12-31": "-32.83%"}, "dividend yield history": {"last payout": "$1.20", "last yield": "11.02%"}}