{"ticker": "CHH", "price": {"title": "Choice Hotels Historical Annual Stock Price Data", "value": 106.74, "historical": {"2021": {"Average Stock Price": "104.8142", "Year Open": "104.4600", "Year High": "108.9900", "Year Low": "100.6400", "Year Close": "106.7400", "Annual % Change": "0.01%"}, "2020": {"Average Stock Price": "88.6254", "Year Open": "104.3500", "Year High": "108.3800", "Year Low": "53.5700", "Year Close": "106.7300", "Annual % Change": "3.19%"}, "2019": {"Average Stock Price": "86.0242", "Year Open": "71.3600", "Year High": "104.8500", "Year Low": "70.1000", "Year Close": "103.4300", "Annual % Change": "44.50%"}, "2018": {"Average Stock Price": "78.5484", "Year Open": "77.0000", "Year High": "84.6000", "Year Low": "66.8600", "Year Close": "71.5800", "Annual % Change": "-7.76%"}, "2017": {"Average Stock Price": "64.6419", "Year Open": "55.3000", "Year High": "78.7000", "Year Low": "53.5000", "Year Close": "77.6000", "Annual % Change": "38.45%"}, "2016": {"Average Stock Price": "48.6532", "Year Open": "49.4000", "Year High": "56.7000", "Year Low": "41.8500", "Year Close": "56.0500", "Annual % Change": "11.19%"}, "2015": {"Average Stock Price": "55.3608", "Year Open": "55.4800", "Year High": "64.8500", "Year Low": "46.6200", "Year Close": "50.4100", "Annual % Change": "-10.01%"}, "2014": {"Average Stock Price": "49.4008", "Year Open": "49.5400", "Year High": "57.3400", "Year Low": "43.7100", "Year Close": "56.0200", "Annual % Change": "14.07%"}, "2013": {"Average Stock Price": "41.4402", "Year Open": "34.6800", "Year High": "49.7100", "Year Low": "34.4900", "Year Close": "49.1100", "Annual % Change": "46.07%"}, "2012": {"Average Stock Price": "35.8958", "Year Open": "38.7100", "Year High": "44.2100", "Year Low": "30.8000", "Year Close": "33.6200", "Annual % Change": "-11.64%"}, "2011": {"Average Stock Price": "34.9710", "Year Open": "38.8200", "Year High": "41.2500", "Year Low": "26.5400", "Year Close": "38.0500", "Annual % Change": "-0.57%"}, "2010": {"Average Stock Price": "34.9251", "Year Open": "32.2200", "Year High": "39.5500", "Year Low": "29.5700", "Year Close": "38.2700", "Annual % Change": "20.88%"}, "2009": {"Average Stock Price": "28.5571", "Year Open": "30.8900", "Year High": "32.9400", "Year Low": "23.2500", "Year Close": "31.6600", "Annual % Change": "5.32%"}, "2008": {"Average Stock Price": "29.3374", "Year Open": "32.5300", "Year High": "35.6200", "Year Low": "20.1400", "Year Close": "30.0600", "Annual % Change": "-9.46%"}, "2007": {"Average Stock Price": "38.0855", "Year Open": "42.2200", "Year High": "44.2800", "Year Low": "33.2000", "Year Close": "33.2000", "Annual % Change": "-21.14%"}, "2006": {"Average Stock Price": "46.4257", "Year Open": "43.3300", "Year High": "61.6200", "Year Low": "35.6200", "Year Close": "42.1000", "Annual % Change": "0.81%"}, "2005": {"Average Stock Price": "32.2327", "Year Open": "28.5600", "Year High": "42.1400", "Year Low": "28.2050", "Year Close": "41.7600", "Annual % Change": "44.00%"}, "2004": {"Average Stock Price": "24.2241", "Year Open": "17.4550", "Year High": "29.8450", "Year Low": "17.2000", "Year Close": "29.0000", "Annual % Change": "64.54%"}, "2003": {"Average Stock Price": "14.0664", "Year Open": "11.5750", "Year High": "18.2050", "Year Low": "10.1550", "Year Close": "17.6250", "Annual % Change": "55.29%"}, "2002": {"Average Stock Price": "11.1529", "Year Open": "10.7350", "Year High": "13.3750", "Year Low": "8.7000", "Year Close": "11.3500", "Annual % Change": "2.48%"}, "2001": {"Average Stock Price": "8.2626", "Year Open": "6.2500", "Year High": "11.7750", "Year Low": "5.7000", "Year Close": "11.0750", "Annual % Change": "61.80%"}, "2000": {"Average Stock Price": "6.1398", "Year Open": "7.8750", "Year High": "8.6250", "Year Low": "3.8125", "Year Close": "6.8450", "Annual % Change": "-20.08%"}, "1999": {"Average Stock Price": "7.6501", "Year Open": "6.8150", "Year High": "9.8750", "Year Low": "6.1550", "Year Close": "8.5650", "Annual % Change": "25.13%"}, "1998": {"Average Stock Price": "7.0231", "Year Open": "7.9400", "Year High": "9.1900", "Year Low": "5.0300", "Year Close": "6.8450", "Annual % Change": "-14.44%"}, "1997": {"Average Stock Price": "8.2817", "Year Open": "8.3750", "Year High": "10.1250", "Year Low": "6.3750", "Year Close": "8.0000", "Annual % Change": "-9.19%"}}}, "market cap": {"value": "$5.92B"}, "income statement": {"Revenue": {"2019-12-31": "1114.82000", "2018-12-31": "1041.30400", "2017-12-31": "941.29700", "2016-12-31": "807.90900", "2015-12-31": "859.87800", "2014-12-31": "757.97000", "2013-12-31": "724.65000", "2012-12-31": "692.72800", "2011-12-31": "640.60200", "2010-12-31": "596.07600", "2009-12-31": "564.17800", "2008-12-31": "641.68000", "2007-12-31": "615.49400", "2006-12-31": "539.90300", "2005-12-31": "472.09800"}, "Cost Of Goods Sold": {"2019-12-31": "14.44800", "2018-12-31": "", "2017-12-31": "", "2016-12-31": "", "2015-12-31": "", "2014-12-31": "", "2013-12-31": "", "2012-12-31": "", "2011-12-31": "", "2010-12-31": "3.18600", "2009-12-31": "3.15300", "2008-12-31": "3.43400", "2007-12-31": "3.24100", "2006-12-31": "3.19400", "2005-12-31": "3.22500"}, "Gross Profit": {"2019-12-31": "1100.37200", "2018-12-31": "1041.30400", "2017-12-31": "941.29700", "2016-12-31": "807.90900", "2015-12-31": "859.87800", "2014-12-31": "757.97000", "2013-12-31": "724.65000", "2012-12-31": "692.72800", "2011-12-31": "640.60200", "2010-12-31": "592.89000", "2009-12-31": "561.02500", "2008-12-31": "638.24600", "2007-12-31": "612.25300", "2006-12-31": "536.70900", "2005-12-31": "468.87300"}, "Research And Development Expenses": {"2019-12-31": "", "2018-12-31": "", "2017-12-31": "", "2016-12-31": "", "2015-12-31": "", "2014-12-31": "", "2013-12-31": "", "2012-12-31": "", "2011-12-31": "", "2010-12-31": "", "2009-12-31": "", "2008-12-31": "", "2007-12-31": "", "2006-12-31": "", "2005-12-31": ""}, "SG&A Expenses": {"2019-12-31": "747.97200", "2018-12-31": "704.29300", "2017-12-31": "645.22100", "2016-12-31": "614.48500", "2015-12-31": "623.01700", "2014-12-31": "534.03700", "2013-12-31": "519.34600", "2012-12-31": "491.55700", "2011-12-31": "460.58800", "2010-12-31": "423.78600", "2009-12-31": "404.61600", "2008-12-31": "455.46600", "2007-12-31": "418.41700", "2006-12-31": "360.37900", "2005-12-31": "316.07200"}, "Other Operating Income Or Expenses": {"2019-12-31": "-11.83300", "2018-12-31": "0.08200", "2017-12-31": "0.25700", "2016-12-31": "0.62700", "2015-12-31": "", "2014-12-31": "", "2013-12-31": "", "2012-12-31": "", "2011-12-31": "", "2010-12-31": "", "2009-12-31": "", "2008-12-31": "", "2007-12-31": "", "2006-12-31": "", "2005-12-31": ""}, "Operating Expenses": {"2019-12-31": "796.17800", "2018-12-31": "722.83000", "2017-12-31": "651.64400", "2016-12-31": "620.85390", "2015-12-31": "634.55900", "2014-12-31": "543.40200", "2013-12-31": "528.40200", "2012-12-31": "499.24800", "2011-12-31": "468.08500", "2010-12-31": "435.31400", "2009-12-31": "416.10500", "2008-12-31": "467.08400", "2007-12-31": "430.29500", "2006-12-31": "373.27800", "2005-12-31": "328.34800"}, "Operating Income": {"2019-12-31": "318.64200", "2018-12-31": "318.47390", "2017-12-31": "289.65300", "2016-12-31": "187.05510", "2015-12-31": "225.31900", "2014-12-31": "214.56800", "2013-12-31": "196.24800", "2012-12-31": "193.48000", "2011-12-31": "172.51700", "2010-12-31": "160.76200", "2009-12-31": "148.07300", "2008-12-31": "174.59600", "2007-12-31": "185.19900", "2006-12-31": "166.62500", "2005-12-31": "143.75000"}, "Total Non-Operating Income/Expense": {"2019-12-31": "-48.71300", "2018-12-31": "-45.21600", "2017-12-31": "-40.43600", "2016-12-31": "-38.91500", "2015-12-31": "-41.33400", "2014-12-31": "-40.81000", "2013-12-31": "-37.57600", "2012-12-31": "-23.97400", "2011-12-31": "-13.80600", "2010-12-31": "-2.55100", "2009-12-31": "2.56100", "2008-12-31": "-17.27800", "2007-12-31": "-11.31300", "2006-12-31": "-11.34700", "2005-12-31": "-13.00800"}, "Pre-Tax Income": {"2019-12-31": "269.92900", "2018-12-31": "273.25800", "2017-12-31": "249.21700", "2016-12-31": "148.14000", "2015-12-31": "183.98500", "2014-12-31": "173.75800", "2013-12-31": "158.67200", "2012-12-31": "169.50600", "2011-12-31": "158.71100", "2010-12-31": "158.21100", "2009-12-31": "150.63400", "2008-12-31": "157.31800", "2007-12-31": "173.88600", "2006-12-31": "155.27800", "2005-12-31": "130.74200"}, "Income Taxes": {"2019-12-31": "47.05100", "2018-12-31": "56.90300", "2017-12-31": "126.89000", "2016-12-31": "41.42800", "2015-12-31": "55.95600", "2014-12-31": "52.28500", "2013-12-31": "45.32200", "2012-12-31": "48.22800", "2011-12-31": "47.87800", "2010-12-31": "50.77000", "2009-12-31": "52.38400", "2008-12-31": "57.10700", "2007-12-31": "62.58500", "2006-12-31": "42.49100", "2005-12-31": "43.17700"}, "Income After Taxes": {"2019-12-31": "222.87800", "2018-12-31": "216.35500", "2017-12-31": "122.32700", "2016-12-31": "106.71200", "2015-12-31": "128.02900", "2014-12-31": "121.47300", "2013-12-31": "113.35000", "2012-12-31": "121.27800", "2011-12-31": "110.83300", "2010-12-31": "107.44100", "2009-12-31": "98.25000", "2008-12-31": "100.21100", "2007-12-31": "111.30100", "2006-12-31": "112.78700", "2005-12-31": "87.56500"}, "Other Income": {"2019-12-31": "", "2018-12-31": "", "2017-12-31": "", "2016-12-31": "", "2015-12-31": "", "2014-12-31": "", "2013-12-31": "", "2012-12-31": "", "2011-12-31": "", "2010-12-31": "", "2009-12-31": "", "2008-12-31": "", "2007-12-31": "", "2006-12-31": "", "2005-12-31": ""}, "Income From Continuous Operations": {"2019-12-31": "222.87800", "2018-12-31": "216.35500", "2017-12-31": "122.32700", "2016-12-31": "106.71200", "2015-12-31": "128.02900", "2014-12-31": "121.47300", "2013-12-31": "113.35000", "2012-12-31": "121.27800", "2011-12-31": "110.83300", "2010-12-31": "107.44100", "2009-12-31": "98.25000", "2008-12-31": "100.21100", "2007-12-31": "111.30100", "2006-12-31": "112.78700", "2005-12-31": "87.56500"}, "Income From Discontinued Operations": {"2019-12-31": "", "2018-12-31": "", "2017-12-31": "", "2016-12-31": "", "2015-12-31": "", "2014-12-31": "1.68700", "2013-12-31": "0.35900", "2012-12-31": "0.33500", "2011-12-31": "0.22800", "2010-12-31": "", "2009-12-31": "", "2008-12-31": "", "2007-12-31": "", "2006-12-31": "", "2005-12-31": ""}, "Net Income": {"2019-12-31": "221.52600", "2018-12-31": "215.10700", "2017-12-31": "121.48200", "2016-12-31": "105.96500", "2015-12-31": "128.02900", "2014-12-31": "123.16000", "2013-12-31": "112.58200", "2012-12-31": "120.33200", "2011-12-31": "109.95500", "2010-12-31": "106.33200", "2009-12-31": "97.34400", "2008-12-31": "99.37400", "2007-12-31": "111.30100", "2006-12-31": "112.78700", "2005-12-31": "87.56500"}, "EBITDA": {"2019-12-31": "365.85300", "2018-12-31": "365.92890", "2017-12-31": "324.13300", "2016-12-31": "197.30400", "2015-12-31": "236.86100", "2014-12-31": "223.93300", "2013-12-31": "205.83000", "2012-12-31": "201.70600", "2011-12-31": "180.54100", "2010-12-31": "169.10400", "2009-12-31": "156.40900", "2008-12-31": "182.78000", "2007-12-31": "193.83600", "2006-12-31": "176.33000", "2005-12-31": "152.80100"}, "EBIT": {"2019-12-31": "318.64200", "2018-12-31": "318.47390", "2017-12-31": "289.65300", "2016-12-31": "187.05510", "2015-12-31": "225.31900", "2014-12-31": "214.56800", "2013-12-31": "196.24800", "2012-12-31": "193.48000", "2011-12-31": "172.51700", "2010-12-31": "160.76200", "2009-12-31": "148.07300", "2008-12-31": "174.59600", "2007-12-31": "185.19900", "2006-12-31": "166.62500", "2005-12-31": "143.75000"}, "Basic Shares Outstanding": {"2019-12-31": "55.35800", "2018-12-31": "56.13000", "2017-12-31": "56.11400", "2016-12-31": "55.87200", "2015-12-31": "56.81400", "2014-12-31": "57.73000", "2013-12-31": "57.92500", "2012-12-31": "57.46700", "2011-12-31": "58.86200", "2010-12-31": "58.95300", "2009-12-31": "59.51400", "2008-12-31": "61.85300", "2007-12-31": "64.76100", "2006-12-31": "65.38700", "2005-12-31": "64.42900"}, "Shares Outstanding": {"2019-12-31": "55.66800", "2018-12-31": "56.60100", "2017-12-31": "56.52600", "2016-12-31": "56.15500", "2015-12-31": "57.27300", "2014-12-31": "58.25600", "2013-12-31": "58.33500", "2012-12-31": "57.65300", "2011-12-31": "58.93400", "2010-12-31": "59.04100", "2009-12-31": "59.67000", "2008-12-31": "62.47300", "2007-12-31": "65.76600", "2006-12-31": "67.05000", "2005-12-31": "66.33600"}, "Basic EPS": {"2019-12-31": "4.00000", "2018-12-31": "3.83000", "2017-12-31": "2.16000", "2016-12-31": "1.90000", "2015-12-31": "2.24000", "2014-12-31": "2.11000", "2013-12-31": "1.94000", "2012-12-31": "2.09000", "2011-12-31": "1.87000", "2010-12-31": "1.80000", "2009-12-31": "1.64000", "2008-12-31": "1.61000", "2007-12-31": "1.72000", "2006-12-31": "1.72000", "2005-12-31": "1.36000"}, "EPS - Earnings Per Share": {"2019-12-31": "3.98000", "2018-12-31": "3.80000", "2017-12-31": "2.15000", "2016-12-31": "1.89000", "2015-12-31": "2.22000", "2014-12-31": "2.10000", "2013-12-31": "1.93000", "2012-12-31": "2.09000", "2011-12-31": "1.87000", "2010-12-31": "1.80000", "2009-12-31": "1.63000", "2008-12-31": "1.59000", "2007-12-31": "1.69000", "2006-12-31": "1.68000", "2005-12-31": "1.32000"}}, "income statement, quarterly": {"Revenue": {"2020-09-30": "210.77100", "2020-06-30": "151.73300", "2020-03-31": "218.17500", "2019-12-31": "268.08400", "2019-09-30": "310.73200", "2019-06-30": "317.68400", "2019-03-31": "218.32000", "2018-12-31": "244.97900", "2018-09-30": "291.49000", "2018-06-30": "295.44100", "2018-03-31": "209.39400", "2017-12-31": "221.48300", "2017-09-30": "269.93000", "2017-06-30": "261.01600", "2017-03-31": "188.86800", "2016-12-31": "91.46300", "2016-09-30": "267.57700", "2016-06-30": "241.75100", "2016-03-31": "207.11800", "2015-12-31": "210.95100", "2015-09-30": "241.52600", "2015-06-30": "232.15600", "2015-03-31": "175.24500", "2014-12-31": "185.40200", "2014-09-30": "215.16800", "2014-06-30": "197.66400", "2014-03-31": "159.73600", "2013-12-31": "168.83100", "2013-09-30": "216.71800", "2013-06-30": "190.93000", "2013-03-31": "148.17100", "2012-12-31": "178.30600", "2012-09-30": "205.27100", "2012-06-30": "173.62100", "2012-03-31": "129.16900", "2011-12-31": "165.89000", "2011-09-30": "192.32100", "2011-06-30": "165.30100", "2011-03-31": "115.28100", "2010-12-31": "155.00600", "2010-09-30": "183.80100", "2010-06-30": "149.84800", "2010-03-31": "107.42100", "2009-12-31": "140.70100", "2009-09-30": "165.97600", "2009-06-30": "143.34300", "2009-03-31": "114.15800", "2008-12-31": "154.49400", "2008-09-30": "191.21100", "2008-06-30": "167.12000", "2008-03-31": "128.85500", "2007-12-31": "168.97500", "2007-09-30": "175.09900", "2007-06-30": "156.49100", "2007-03-31": "114.92900", "2006-12-31": "138.94900", "2006-09-30": "150.99600", "2006-06-30": "140.54000", "2006-03-31": "109.41800", "2005-12-31": "116.68400", "2005-09-30": "141.95100", "2005-06-30": "122.29500", "2005-03-31": "91.16800"}, "Cost Of Goods Sold": {"2020-09-30": "3.81200", "2020-06-30": "2.97600", "2020-03-31": "6.03400", "2019-12-31": "8.43400", "2019-09-30": "6.01400", "2019-06-30": "", "2019-03-31": "", "2018-12-31": "", "2018-09-30": "", "2018-06-30": "", "2018-03-31": "", "2017-12-31": "", "2017-09-30": "", "2017-06-30": "", "2017-03-31": "", "2016-12-31": "", "2016-09-30": "", "2016-06-30": "", "2016-03-31": "", "2015-12-31": "", "2015-09-30": "", "2015-06-30": "", "2015-03-31": "", "2014-12-31": "", "2014-09-30": "", "2014-06-30": "", "2014-03-31": "", "2013-12-31": "", "2013-09-30": "", "2013-06-30": "", "2013-03-31": "", "2012-12-31": "0.89600", "2012-09-30": "", "2012-06-30": "0.86700", "2012-03-31": "0.80900", "2011-12-31": "0.87300", "2011-09-30": "0.90000", "2011-06-30": "0.86000", "2011-03-31": "0.83300", "2010-12-31": "0.79900", "2010-09-30": "0.82300", "2010-06-30": "0.80800", "2010-03-31": "0.75600", "2009-12-31": "0.77500", "2009-09-30": "0.76400", "2009-06-30": "0.82900", "2009-03-31": "0.78500", "2008-12-31": "0.89400", "2008-09-30": "0.91400", "2008-06-30": "0.86100", "2008-03-31": "0.76500", "2007-12-31": "0.83900", "2007-09-30": "0.86700", "2007-06-30": "0.79400", "2007-03-31": "0.74100", "2006-12-31": "0.82900", "2006-09-30": "0.82000", "2006-06-30": "0.80000", "2006-03-31": "0.74500", "2005-12-31": "0.84000", "2005-09-30": "0.82400", "2005-06-30": "0.81300", "2005-03-31": "0.74800"}, "Gross Profit": {"2020-09-30": "206.95900", "2020-06-30": "148.75700", "2020-03-31": "212.14100", "2019-12-31": "259.65000", "2019-09-30": "304.71800", "2019-06-30": "317.68400", "2019-03-31": "218.32000", "2018-12-31": "244.97900", "2018-09-30": "291.49000", "2018-06-30": "295.44100", "2018-03-31": "209.39400", "2017-12-31": "221.48300", "2017-09-30": "269.93000", "2017-06-30": "261.01600", "2017-03-31": "188.86800", "2016-12-31": "91.46300", "2016-09-30": "267.57700", "2016-06-30": "241.75100", "2016-03-31": "207.11800", "2015-12-31": "210.95100", "2015-09-30": "241.52600", "2015-06-30": "232.15600", "2015-03-31": "175.24500", "2014-12-31": "185.40200", "2014-09-30": "215.16800", "2014-06-30": "197.66400", "2014-03-31": "159.73600", "2013-12-31": "168.83100", "2013-09-30": "216.71800", "2013-06-30": "190.93000", "2013-03-31": "148.17100", "2012-12-31": "177.41000", "2012-09-30": "205.27100", "2012-06-30": "172.75400", "2012-03-31": "128.36000", "2011-12-31": "165.01700", "2011-09-30": "191.42100", "2011-06-30": "164.44100", "2011-03-31": "114.44800", "2010-12-31": "154.20700", "2010-09-30": "182.97800", "2010-06-30": "149.04000", "2010-03-31": "106.66500", "2009-12-31": "139.92600", "2009-09-30": "165.21200", "2009-06-30": "142.51400", "2009-03-31": "113.37300", "2008-12-31": "153.60000", "2008-09-30": "190.29700", "2008-06-30": "166.25900", "2008-03-31": "128.09000", "2007-12-31": "168.13600", "2007-09-30": "174.23200", "2007-06-30": "155.69700", "2007-03-31": "114.18800", "2006-12-31": "138.12000", "2006-09-30": "150.17600", "2006-06-30": "139.74000", "2006-03-31": "108.67300", "2005-12-31": "115.84400", "2005-09-30": "141.12700", "2005-06-30": "121.48200", "2005-03-31": "90.42000"}, "Research And Development Expenses": {"2020-09-30": "", "2020-06-30": "", "2020-03-31": "", "2019-12-31": "", "2019-09-30": "", "2019-06-30": "", "2019-03-31": "", "2018-12-31": "", "2018-09-30": "", "2018-06-30": "", "2018-03-31": "", "2017-12-31": "", "2017-09-30": "", "2017-06-30": "", "2017-03-31": "", "2016-12-31": "", "2016-09-30": "", "2016-06-30": "", "2016-03-31": "", "2015-12-31": "", "2015-09-30": "", "2015-06-30": "", "2015-03-31": "", "2014-12-31": "", "2014-09-30": "", "2014-06-30": "", "2014-03-31": "", "2013-12-31": "", "2013-09-30": "", "2013-06-30": "", "2013-03-31": "", "2012-12-31": "", "2012-09-30": "", "2012-06-30": "", "2012-03-31": "", "2011-12-31": "", "2011-09-30": "", "2011-06-30": "", "2011-03-31": "", "2010-12-31": "", "2010-09-30": "", "2010-06-30": "", "2010-03-31": "", "2009-12-31": "", "2009-09-30": "", "2009-06-30": "", "2009-03-31": "", "2008-12-31": "", "2008-09-30": "", "2008-06-30": "", "2008-03-31": "", "2007-12-31": "", "2007-09-30": "", "2007-06-30": "", "2007-03-31": "", "2006-12-31": "", "2006-09-30": "", "2006-06-30": "", "2006-03-31": "", "2005-12-31": "", "2005-09-30": "", "2005-06-30": "", "2005-03-31": ""}, "SG&A Expenses": {"2020-09-30": "145.22100", "2020-06-30": "125.42400", "2020-03-31": "159.28200", "2019-12-31": "184.85100", "2019-09-30": "196.73800", "2019-06-30": "207.03000", "2019-03-31": "159.35300", "2018-12-31": "184.85600", "2018-09-30": "176.50700", "2018-06-30": "182.83800", "2018-03-31": "160.09200", "2017-12-31": "155.43000", "2017-09-30": "175.23400", "2017-06-30": "172.81800", "2017-03-31": "141.73900", "2016-12-31": "92.77700", "2016-09-30": "186.37500", "2016-06-30": "173.85300", "2016-03-31": "161.48000", "2015-12-31": "161.00700", "2015-09-30": "164.61500", "2015-06-30": "166.24400", "2015-03-31": "131.15100", "2014-12-31": "136.68300", "2014-09-30": "145.88900", "2014-06-30": "135.17900", "2014-03-31": "116.28600", "2013-12-31": "125.33400", "2013-09-30": "151.21800", "2013-06-30": "133.80300", "2013-03-31": "108.99100", "2012-12-31": "129.93900", "2012-09-30": "141.03700", "2012-06-30": "119.18700", "2012-03-31": "95.27800", "2011-12-31": "124.30700", "2011-09-30": "126.94800", "2011-06-30": "117.37100", "2011-03-31": "86.81400", "2010-12-31": "113.89400", "2010-09-30": "126.02300", "2010-06-30": "103.21300", "2010-03-31": "80.65600", "2009-12-31": "103.75900", "2009-09-30": "114.98200", "2009-06-30": "102.37200", "2009-03-31": "83.50300", "2008-12-31": "117.48400", "2008-09-30": "126.39000", "2008-06-30": "119.61100", "2008-03-31": "91.98100", "2007-12-31": "117.81800", "2007-09-30": "109.71500", "2007-06-30": "106.19700", "2007-03-31": "84.68700", "2006-12-31": "95.86400", "2006-09-30": "93.28000", "2006-06-30": "94.98400", "2006-03-31": "76.25100", "2005-12-31": "77.31500", "2005-09-30": "91.15200", "2005-06-30": "81.80900", "2005-03-31": "65.79600"}, "Other Operating Income Or Expenses": {"2020-09-30": "-4.29000", "2020-06-30": "-7.84900", "2020-03-31": "", "2019-12-31": "0.07500", "2019-09-30": "0.00800", "2019-06-30": "-4.71200", "2019-03-31": "-7.20400", "2018-12-31": "", "2018-09-30": "", "2018-06-30": "0.08200", "2018-03-31": "", "2017-12-31": "0.28900", "2017-09-30": "-0.03200", "2017-06-30": "", "2017-03-31": "", "2016-12-31": "0.22500", "2016-09-30": "0.40200", "2016-06-30": "", "2016-03-31": "", "2015-12-31": "", "2015-09-30": "", "2015-06-30": "", "2015-03-31": "", "2014-12-31": "", "2014-09-30": "", "2014-06-30": "", "2014-03-31": "", "2013-12-31": "", "2013-09-30": "", "2013-06-30": "", "2013-03-31": "", "2012-12-31": "", "2012-09-30": "", "2012-06-30": "", "2012-03-31": "", "2011-12-31": "", "2011-09-30": "", "2011-06-30": "", "2011-03-31": "", "2010-12-31": "", "2010-09-30": "", "2010-06-30": "", "2010-03-31": "", "2009-12-31": "", "2009-09-30": "", "2009-06-30": "", "2009-03-31": "", "2008-12-31": "", "2008-09-30": "", "2008-06-30": "", "2008-03-31": "", "2007-12-31": "", "2007-09-30": "", "2007-06-30": "", "2007-03-31": "", "2006-12-31": "", "2006-09-30": "", "2006-06-30": "", "2006-03-31": "", "2005-12-31": "", "2005-09-30": "", "2005-06-30": "", "2005-03-31": ""}, "Operating Expenses": {"2020-09-30": "159.70500", "2020-06-30": "143.87300", "2020-03-31": "171.84500", "2019-12-31": "199.44900", "2019-09-30": "208.31200", "2019-06-30": "215.14700", "2019-03-31": "173.27000", "2018-12-31": "192.93810", "2018-09-30": "180.32200", "2018-06-30": "186.42500", "2018-03-31": "163.14500", "2017-12-31": "156.83500", "2017-09-30": "176.86700", "2017-06-30": "174.47700", "2017-03-31": "143.46500", "2016-12-31": "90.84100", "2016-09-30": "188.95900", "2016-06-30": "176.80900", "2016-03-31": "164.24500", "2015-12-31": "163.75600", "2015-09-30": "167.72300", "2015-06-30": "169.23900", "2015-03-31": "133.84100", "2014-12-31": "139.14500", "2014-09-30": "148.18200", "2014-06-30": "137.51100", "2014-03-31": "118.56400", "2013-12-31": "127.68900", "2013-09-30": "153.49000", "2013-06-30": "136.19100", "2013-03-31": "111.03200", "2012-12-31": "133.07200", "2012-09-30": "142.89700", "2012-06-30": "122.03100", "2012-03-31": "98.10400", "2011-12-31": "127.22800", "2011-09-30": "129.92100", "2011-06-30": "120.17900", "2011-03-31": "89.60200", "2010-12-31": "116.56500", "2010-09-30": "128.92400", "2010-06-30": "106.24100", "2010-03-31": "83.58400", "2009-12-31": "106.61800", "2009-09-30": "117.85100", "2009-06-30": "105.23300", "2009-03-31": "86.40300", "2008-12-31": "120.39700", "2008-09-30": "129.34200", "2008-06-30": "122.54200", "2008-03-31": "94.80300", "2007-12-31": "120.88400", "2007-09-30": "112.74000", "2007-06-30": "109.12800", "2007-03-31": "87.54300", "2006-12-31": "99.06300", "2006-09-30": "96.44400", "2006-06-30": "98.42600", "2006-03-31": "79.34500", "2005-12-31": "80.43700", "2005-09-30": "94.16400", "2005-06-30": "84.87800", "2005-03-31": "68.86900"}, "Operating Income": {"2020-09-30": "51.06600", "2020-06-30": "7.86000", "2020-03-31": "46.33000", "2019-12-31": "68.63500", "2019-09-30": "102.42000", "2019-06-30": "102.53700", "2019-03-31": "45.05000", "2018-12-31": "52.04090", "2018-09-30": "111.16800", "2018-06-30": "109.01600", "2018-03-31": "46.24900", "2017-12-31": "64.64800", "2017-09-30": "93.06300", "2017-06-30": "86.53900", "2017-03-31": "45.40300", "2016-12-31": "0.62210", "2016-09-30": "78.61800", "2016-06-30": "64.94200", "2016-03-31": "42.87300", "2015-12-31": "47.19500", "2015-09-30": "73.80300", "2015-06-30": "62.91700", "2015-03-31": "41.40400", "2014-12-31": "46.25700", "2014-09-30": "66.98600", "2014-06-30": "60.15300", "2014-03-31": "41.17200", "2013-12-31": "41.14200", "2013-09-30": "63.22800", "2013-06-30": "54.73900", "2013-03-31": "37.13900", "2012-12-31": "45.23400", "2012-09-30": "62.37400", "2012-06-30": "51.59000", "2012-03-31": "31.06500", "2011-12-31": "38.66200", "2011-09-30": "62.40000", "2011-06-30": "45.12200", "2011-03-31": "25.67900", "2010-12-31": "38.44100", "2010-09-30": "54.87700", "2010-06-30": "43.60700", "2010-03-31": "23.83700", "2009-12-31": "34.08300", "2009-09-30": "48.12500", "2009-06-30": "38.11000", "2009-03-31": "27.75500", "2008-12-31": "34.09700", "2008-09-30": "61.86900", "2008-06-30": "44.57800", "2008-03-31": "34.05200", "2007-12-31": "48.09100", "2007-09-30": "62.35900", "2007-06-30": "47.36300", "2007-03-31": "27.38600", "2006-12-31": "39.88600", "2006-09-30": "54.55200", "2006-06-30": "42.11400", "2006-03-31": "30.07300", "2005-12-31": "36.24690", "2005-09-30": "47.78700", "2005-06-30": "37.41700", "2005-03-31": "22.29900"}, "Total Non-Operating Income/Expense": {"2020-09-30": "-26.97200", "2020-06-30": "-10.73800", "2020-03-31": "-15.93100", "2019-12-31": "-15.26300", "2019-09-30": "-16.49600", "2019-06-30": "-8.38300", "2019-03-31": "-8.57100", "2018-12-31": "-11.71100", "2018-09-30": "-8.72500", "2018-06-30": "-8.99200", "2018-03-31": "-15.78800", "2017-12-31": "-9.86700", "2017-09-30": "-9.32000", "2017-06-30": "-10.12500", "2017-03-31": "-11.12400", "2016-12-31": "-8.67000", "2016-09-30": "-8.41800", "2016-06-30": "-9.33200", "2016-03-31": "-12.49500", "2015-12-31": "-9.39100", "2015-09-30": "-11.53500", "2015-06-30": "-10.03800", "2015-03-31": "-10.37000", "2014-12-31": "-10.21900", "2014-09-30": "-11.02800", "2014-06-30": "-9.91900", "2014-03-31": "-9.64400", "2013-12-31": "-8.82700", "2013-09-30": "-8.95700", "2013-06-30": "-10.23500", "2013-03-31": "-9.55700", "2012-12-31": "-10.05800", "2012-09-30": "-9.58500", "2012-06-30": "", "2012-03-31": "-0.83200", "2011-12-31": "-4.09400", "2011-09-30": "-5.43400", "2011-06-30": "-3.00800", "2011-03-31": "-3.75600", "2010-12-31": "-4.05800", "2010-09-30": "0.14900", "2010-06-30": "-1.58300", "2010-03-31": "0.80900", "2009-12-31": "0.21100", "2009-09-30": "2.37100", "2009-06-30": "2.13300", "2009-03-31": "-2.15400", "2008-12-31": "-6.20000", "2008-09-30": "-4.12300", "2008-06-30": "-2.35100", "2008-03-31": "-4.60400", "2007-12-31": "-4.80000", "2007-09-30": "-2.99600", "2007-06-30": "-1.31500", "2007-03-31": "-2.20200", "2006-12-31": "-1.55000", "2006-09-30": "-2.28900", "2006-06-30": "-4.43000", "2006-03-31": "-3.07800", "2005-12-31": "-3.71200", "2005-09-30": "-2.63000", "2005-06-30": "-3.26000", "2005-03-31": "-3.40600"}, "Pre-Tax Income": {"2020-09-30": "24.09400", "2020-06-30": "-2.87800", "2020-03-31": "30.39900", "2019-12-31": "53.37200", "2019-09-30": "85.92400", "2019-06-30": "94.15400", "2019-03-31": "36.47900", "2018-12-31": "40.33000", "2018-09-30": "102.44300", "2018-06-30": "100.02400", "2018-03-31": "30.46100", "2017-12-31": "54.78100", "2017-09-30": "83.74300", "2017-06-30": "76.41400", "2017-03-31": "34.27900", "2016-12-31": "-8.04800", "2016-09-30": "70.20000", "2016-06-30": "55.61000", "2016-03-31": "30.37800", "2015-12-31": "37.80400", "2015-09-30": "62.26800", "2015-06-30": "52.87900", "2015-03-31": "31.03400", "2014-12-31": "36.03800", "2014-09-30": "55.95800", "2014-06-30": "50.23400", "2014-03-31": "31.52800", "2013-12-31": "32.31500", "2013-09-30": "54.27100", "2013-06-30": "44.50400", "2013-03-31": "27.58200", "2012-12-31": "35.32800", "2012-09-30": "52.78900", "2012-06-30": "47.93900", "2012-03-31": "30.23300", "2011-12-31": "37.05400", "2011-09-30": "56.96600", "2011-06-30": "42.11400", "2011-03-31": "21.92300", "2010-12-31": "36.51500", "2010-09-30": "55.02600", "2010-06-30": "42.02400", "2010-03-31": "24.64600", "2009-12-31": "34.29400", "2009-09-30": "50.49600", "2009-06-30": "40.24300", "2009-03-31": "25.60100", "2008-12-31": "27.89700", "2008-09-30": "57.74600", "2008-06-30": "42.22700", "2008-03-31": "29.44800", "2007-12-31": "43.29100", "2007-09-30": "59.36300", "2007-06-30": "46.04800", "2007-03-31": "25.18400", "2006-12-31": "38.33600", "2006-09-30": "52.26300", "2006-06-30": "37.68400", "2006-03-31": "26.99500", "2005-12-31": "32.53500", "2005-09-30": "45.15700", "2005-06-30": "34.15700", "2005-03-31": "18.89300"}, "Income Taxes": {"2020-09-30": "9.59400", "2020-06-30": "-0.43700", "2020-03-31": "-25.06400", "2019-12-31": "11.20300", "2019-09-30": "9.68500", "2019-06-30": "19.76500", "2019-03-31": "6.39800", "2018-12-31": "8.85900", "2018-09-30": "22.48400", "2018-06-30": "20.18500", "2018-03-31": "5.37500", "2017-12-31": "64.59700", "2017-09-30": "26.55400", "2017-06-30": "25.72900", "2017-03-31": "10.01000", "2016-12-31": "-7.21000", "2016-09-30": "22.63500", "2016-06-30": "16.78800", "2016-03-31": "9.21500", "2015-12-31": "8.60100", "2015-09-30": "20.84900", "2015-06-30": "17.06600", "2015-03-31": "9.44000", "2014-12-31": "10.72900", "2014-09-30": "16.54200", "2014-06-30": "14.95500", "2014-03-31": "10.05900", "2013-12-31": "8.93800", "2013-09-30": "15.69800", "2013-06-30": "12.88000", "2013-03-31": "7.80600", "2012-12-31": "10.87700", "2012-09-30": "10.15200", "2012-06-30": "16.07700", "2012-03-31": "10.23600", "2011-12-31": "12.26800", "2011-09-30": "14.66400", "2011-06-30": "14.53600", "2011-03-31": "6.19300", "2010-12-31": "12.37200", "2010-09-30": "14.53200", "2010-06-30": "15.01300", "2010-03-31": "8.85300", "2009-12-31": "10.66300", "2009-09-30": "17.68800", "2009-06-30": "14.74000", "2009-03-31": "9.29300", "2008-12-31": "9.18600", "2008-09-30": "21.83100", "2008-06-30": "15.21900", "2008-03-31": "10.87100", "2007-12-31": "15.34400", "2007-09-30": "20.96900", "2007-06-30": "17.40300", "2007-03-31": "8.86900", "2006-12-31": "13.70700", "2006-09-30": "5.90600", "2006-06-30": "13.54800", "2006-03-31": "9.33000", "2005-12-31": "10.98300", "2005-09-30": "12.69100", "2005-06-30": "12.60900", "2005-03-31": "6.89400"}, "Income After Taxes": {"2020-09-30": "14.50000", "2020-06-30": "-2.44100", "2020-03-31": "55.46300", "2019-12-31": "42.16900", "2019-09-30": "76.23900", "2019-06-30": "74.38900", "2019-03-31": "30.08100", "2018-12-31": "31.47100", "2018-09-30": "79.95900", "2018-06-30": "79.83900", "2018-03-31": "25.08600", "2017-12-31": "-9.81600", "2017-09-30": "57.18900", "2017-06-30": "50.68500", "2017-03-31": "24.26900", "2016-12-31": "-0.83800", "2016-09-30": "47.56500", "2016-06-30": "38.82200", "2016-03-31": "21.16300", "2015-12-31": "29.20300", "2015-09-30": "41.41900", "2015-06-30": "35.81300", "2015-03-31": "21.59400", "2014-12-31": "25.30900", "2014-09-30": "39.41600", "2014-06-30": "35.27900", "2014-03-31": "21.46900", "2013-12-31": "23.37700", "2013-09-30": "38.57300", "2013-06-30": "31.62400", "2013-03-31": "19.77600", "2012-12-31": "24.45100", "2012-09-30": "42.63700", "2012-06-30": "31.86200", "2012-03-31": "19.99700", "2011-12-31": "24.78600", "2011-09-30": "42.30200", "2011-06-30": "27.57800", "2011-03-31": "15.73000", "2010-12-31": "24.14300", "2010-09-30": "40.49400", "2010-06-30": "27.01100", "2010-03-31": "15.79300", "2009-12-31": "23.63100", "2009-09-30": "32.80800", "2009-06-30": "25.50300", "2009-03-31": "16.30800", "2008-12-31": "18.71100", "2008-09-30": "35.91500", "2008-06-30": "27.00800", "2008-03-31": "18.57700", "2007-12-31": "27.94700", "2007-09-30": "38.39400", "2007-06-30": "28.64500", "2007-03-31": "16.31500", "2006-12-31": "24.62900", "2006-09-30": "46.35700", "2006-06-30": "24.13600", "2006-03-31": "17.66500", "2005-12-31": "21.55200", "2005-09-30": "32.46600", "2005-06-30": "21.54800", "2005-03-31": "11.99900"}, "Other Income": {"2020-09-30": "", "2020-06-30": "", "2020-03-31": "", "2019-12-31": "", "2019-09-30": "", "2019-06-30": "", "2019-03-31": "", "2018-12-31": "", "2018-09-30": "", "2018-06-30": "", "2018-03-31": "", "2017-12-31": "", "2017-09-30": "", "2017-06-30": "", "2017-03-31": "", "2016-12-31": "", "2016-09-30": "", "2016-06-30": "", "2016-03-31": "", "2015-12-31": "", "2015-09-30": "", "2015-06-30": "", "2015-03-31": "", "2014-12-31": "", "2014-09-30": "", "2014-06-30": "", "2014-03-31": "", "2013-12-31": "", "2013-09-30": "", "2013-06-30": "", "2013-03-31": "", "2012-12-31": "", "2012-09-30": "", "2012-06-30": "", "2012-03-31": "", "2011-12-31": "", "2011-09-30": "", "2011-06-30": "", "2011-03-31": "", "2010-12-31": "", "2010-09-30": "", "2010-06-30": "", "2010-03-31": "", "2009-12-31": "", "2009-09-30": "", "2009-06-30": "", "2009-03-31": "", "2008-12-31": "", "2008-09-30": "", "2008-06-30": "", "2008-03-31": "", "2007-12-31": "", "2007-09-30": "", "2007-06-30": "", "2007-03-31": "", "2006-12-31": "", "2006-09-30": "", "2006-06-30": "", "2006-03-31": "", "2005-12-31": "", "2005-09-30": "", "2005-06-30": "", "2005-03-31": ""}, "Income From Continuous Operations": {"2020-09-30": "14.50000", "2020-06-30": "-2.44100", "2020-03-31": "55.46300", "2019-12-31": "42.16900", "2019-09-30": "76.23900", "2019-06-30": "74.38900", "2019-03-31": "30.08100", "2018-12-31": "31.47100", "2018-09-30": "79.95900", "2018-06-30": "79.83900", "2018-03-31": "25.08600", "2017-12-31": "-9.81600", "2017-09-30": "57.18900", "2017-06-30": "50.68500", "2017-03-31": "24.26900", "2016-12-31": "-0.83800", "2016-09-30": "47.56500", "2016-06-30": "38.82200", "2016-03-31": "21.16300", "2015-12-31": "29.20300", "2015-09-30": "41.41900", "2015-06-30": "35.81300", "2015-03-31": "21.59400", "2014-12-31": "25.30900", "2014-09-30": "39.41600", "2014-06-30": "35.27900", "2014-03-31": "21.46900", "2013-12-31": "23.37700", "2013-09-30": "38.57300", "2013-06-30": "31.62400", "2013-03-31": "19.77600", "2012-12-31": "24.45100", "2012-09-30": "42.63700", "2012-06-30": "31.86200", "2012-03-31": "19.99700", "2011-12-31": "24.78600", "2011-09-30": "42.30200", "2011-06-30": "27.57800", "2011-03-31": "15.73000", "2010-12-31": "24.14300", "2010-09-30": "40.49400", "2010-06-30": "27.01100", "2010-03-31": "15.79300", "2009-12-31": "23.63100", "2009-09-30": "32.80800", "2009-06-30": "25.50300", "2009-03-31": "16.30800", "2008-12-31": "18.71100", "2008-09-30": "35.91500", "2008-06-30": "27.00800", "2008-03-31": "18.57700", "2007-12-31": "27.94700", "2007-09-30": "38.39400", "2007-06-30": "28.64500", "2007-03-31": "16.31500", "2006-12-31": "24.62900", "2006-09-30": "46.35700", "2006-06-30": "24.13600", "2006-03-31": "17.66500", "2005-12-31": "21.55200", "2005-09-30": "32.46600", "2005-06-30": "21.54800", "2005-03-31": "11.99900"}, "Income From Discontinued Operations": {"2020-09-30": "", "2020-06-30": "", "2020-03-31": "", "2019-12-31": "", "2019-09-30": "", "2019-06-30": "", "2019-03-31": "", "2018-12-31": "", "2018-09-30": "", "2018-06-30": "", "2018-03-31": "", "2017-12-31": "", "2017-09-30": "", "2017-06-30": "", "2017-03-31": "", "2016-12-31": "", "2016-09-30": "", "2016-06-30": "", "2016-03-31": "", "2015-12-31": "", "2015-09-30": "", "2015-06-30": "", "2015-03-31": "", "2014-12-31": "-0.02400", "2014-09-30": "-0.05100", "2014-06-30": "0.12100", "2014-03-31": "1.64100", "2013-12-31": "0.06600", "2013-09-30": "0.14300", "2013-06-30": "0.18300", "2013-03-31": "-0.03300", "2012-12-31": "0.22800", "2012-09-30": "0.10700", "2012-06-30": "", "2012-03-31": "", "2011-12-31": "", "2011-09-30": "", "2011-06-30": "", "2011-03-31": "", "2010-12-31": "", "2010-09-30": "", "2010-06-30": "", "2010-03-31": "", "2009-12-31": "", "2009-09-30": "", "2009-06-30": "", "2009-03-31": "", "2008-12-31": "", "2008-09-30": "", "2008-06-30": "", "2008-03-31": "", "2007-12-31": "", "2007-09-30": "", "2007-06-30": "", "2007-03-31": "", "2006-12-31": "", "2006-09-30": "", "2006-06-30": "", "2006-03-31": "", "2005-12-31": "", "2005-09-30": "", "2005-06-30": "", "2005-03-31": ""}, "Net Income": {"2020-09-30": "14.42200", "2020-06-30": "-2.42700", "2020-03-31": "55.14600", "2019-12-31": "41.92700", "2019-09-30": "75.77600", "2019-06-30": "73.92100", "2019-03-31": "29.90200", "2018-12-31": "31.28700", "2018-09-30": "79.51200", "2018-06-30": "79.37700", "2018-03-31": "24.93100", "2017-12-31": "-9.72600", "2017-09-30": "56.78700", "2017-06-30": "50.32600", "2017-03-31": "24.09500", "2016-12-31": "-1.31300", "2016-09-30": "47.56500", "2016-06-30": "38.55000", "2016-03-31": "21.16300", "2015-12-31": "29.88800", "2015-09-30": "41.14100", "2015-06-30": "35.57000", "2015-03-31": "21.43000", "2014-12-31": "26.15400", "2014-09-30": "39.02200", "2014-06-30": "35.07600", "2014-03-31": "22.90800", "2013-12-31": "23.21000", "2013-09-30": "38.33900", "2013-06-30": "31.49700", "2013-03-31": "19.53600", "2012-12-31": "24.45100", "2012-09-30": "42.29100", "2012-06-30": "31.51600", "2012-03-31": "19.79300", "2011-12-31": "24.78600", "2011-09-30": "41.88500", "2011-06-30": "27.30400", "2011-03-31": "15.57400", "2010-12-31": "24.14300", "2010-09-30": "40.06800", "2010-06-30": "27.01100", "2010-03-31": "15.79300", "2009-12-31": "22.72500", "2009-09-30": "32.80800", "2009-06-30": "25.50300", "2009-03-31": "16.30800", "2008-12-31": "17.87400", "2008-09-30": "35.91500", "2008-06-30": "27.00800", "2008-03-31": "18.57700", "2007-12-31": "27.94700", "2007-09-30": "38.39400", "2007-06-30": "28.64500", "2007-03-31": "16.31500", "2006-12-31": "24.62900", "2006-09-30": "46.35700", "2006-06-30": "24.13600", "2006-03-31": "17.66500", "2005-12-31": "21.55200", "2005-09-30": "32.46600", "2005-06-30": "21.54800", "2005-03-31": "11.99900"}, "EBITDA": {"2020-09-30": "65.64200", "2020-06-30": "21.70900", "2020-03-31": "60.55100", "2019-12-31": "80.26800", "2019-09-30": "114.23000", "2019-06-30": "112.38600", "2019-03-31": "58.96900", "2018-12-31": "67.60990", "2018-09-30": "121.90900", "2018-06-30": "119.88300", "2018-03-31": "56.52700", "2017-12-31": "73.49800", "2017-09-30": "101.84600", "2017-06-30": "94.88100", "2017-03-31": "53.90800", "2016-12-31": "2.16410", "2016-09-30": "81.60400", "2016-06-30": "67.89800", "2016-03-31": "45.63800", "2015-12-31": "49.94400", "2015-09-30": "76.91100", "2015-06-30": "65.91200", "2015-03-31": "44.09400", "2014-12-31": "48.71900", "2014-09-30": "69.27900", "2014-06-30": "62.48500", "2014-03-31": "43.45000", "2013-12-31": "43.63000", "2013-09-30": "65.62700", "2013-06-30": "57.25900", "2013-03-31": "39.31400", "2012-12-31": "47.47100", "2012-09-30": "64.36900", "2012-06-30": "53.56700", "2012-03-31": "33.08200", "2011-12-31": "40.71000", "2011-09-30": "64.47300", "2011-06-30": "47.07000", "2011-03-31": "27.63400", "2010-12-31": "40.31300", "2010-09-30": "56.95500", "2010-06-30": "45.82700", "2010-03-31": "26.00900", "2009-12-31": "36.16700", "2009-09-30": "50.23000", "2009-06-30": "40.14200", "2009-03-31": "29.87000", "2008-12-31": "36.11600", "2008-09-30": "63.90700", "2008-06-30": "46.64800", "2008-03-31": "36.10900", "2007-12-31": "50.31800", "2007-09-30": "64.51700", "2007-06-30": "49.50000", "2007-03-31": "29.50100", "2006-12-31": "42.25600", "2006-09-30": "56.89600", "2006-06-30": "44.75600", "2006-03-31": "32.42200", "2005-12-31": "38.52890", "2005-09-30": "49.97500", "2005-06-30": "39.67300", "2005-03-31": "24.62400"}, "EBIT": {"2020-09-30": "51.06600", "2020-06-30": "7.86000", "2020-03-31": "46.33000", "2019-12-31": "68.63500", "2019-09-30": "102.42000", "2019-06-30": "102.53700", "2019-03-31": "45.05000", "2018-12-31": "52.04090", "2018-09-30": "111.16800", "2018-06-30": "109.01600", "2018-03-31": "46.24900", "2017-12-31": "64.64800", "2017-09-30": "93.06300", "2017-06-30": "86.53900", "2017-03-31": "45.40300", "2016-12-31": "0.62200", "2016-09-30": "78.61800", "2016-06-30": "64.94200", "2016-03-31": "42.87300", "2015-12-31": "47.19500", "2015-09-30": "73.80300", "2015-06-30": "62.91700", "2015-03-31": "41.40400", "2014-12-31": "46.25700", "2014-09-30": "66.98600", "2014-06-30": "60.15300", "2014-03-31": "41.17200", "2013-12-31": "41.14200", "2013-09-30": "63.22800", "2013-06-30": "54.73900", "2013-03-31": "37.13900", "2012-12-31": "45.23400", "2012-09-30": "62.37400", "2012-06-30": "51.59000", "2012-03-31": "31.06500", "2011-12-31": "38.66200", "2011-09-30": "62.40000", "2011-06-30": "45.12200", "2011-03-31": "25.67900", "2010-12-31": "38.44100", "2010-09-30": "54.87700", "2010-06-30": "43.60700", "2010-03-31": "23.83700", "2009-12-31": "34.08300", "2009-09-30": "48.12500", "2009-06-30": "38.11000", "2009-03-31": "27.75500", "2008-12-31": "34.09700", "2008-09-30": "61.86900", "2008-06-30": "44.57800", "2008-03-31": "34.05200", "2007-12-31": "48.09100", "2007-09-30": "62.35900", "2007-06-30": "47.36300", "2007-03-31": "27.38600", "2006-12-31": "39.88600", "2006-09-30": "54.55200", "2006-06-30": "42.11400", "2006-03-31": "30.07300", "2005-12-31": "36.24700", "2005-09-30": "47.78700", "2005-06-30": "37.41700", "2005-03-31": "22.29900"}, "Basic Shares Outstanding": {"2020-09-30": "55.10600", "2020-06-30": "55.05400", "2020-03-31": "55.34300", "2019-12-31": "55.35800", "2019-09-30": "55.36600", "2019-06-30": "55.32300", "2019-03-31": "55.34700", "2018-12-31": "56.13000", "2018-09-30": "56.02500", "2018-06-30": "56.36400", "2018-03-31": "56.46400", "2017-12-31": "56.11400", "2017-09-30": "56.16100", "2017-06-30": "56.07300", "2017-03-31": "55.94100", "2016-12-31": "55.87200", "2016-09-30": "55.63000", "2016-06-30": "56.06000", "2016-03-31": "56.02500", "2015-12-31": "56.81400", "2015-09-30": "56.84300", "2015-06-30": "57.21200", "2015-03-31": "57.00300", "2014-12-31": "57.73000", "2014-09-30": "57.93200", "2014-06-30": "57.89300", "2014-03-31": "57.80700", "2013-12-31": "57.92500", "2013-09-30": "57.97800", "2013-06-30": "57.95300", "2013-03-31": "57.72000", "2012-12-31": "58.37700", "2012-09-30": "57.38800", "2012-06-30": "57.35700", "2012-03-31": "57.62200", "2011-12-31": "58.60800", "2011-09-30": "59.18200", "2011-06-30": "59.24300", "2011-03-31": "59.08100", "2010-12-31": "59.70600", "2010-09-30": "58.96500", "2010-06-30": "58.95400", "2010-03-31": "58.92400", "2009-12-31": "59.51400", "2009-09-30": "59.18200", "2009-06-30": "60.46700", "2009-03-31": "60.53200", "2008-12-31": "61.85300", "2008-09-30": "62.83600", "2008-06-30": "62.73900", "2008-03-31": "62.24000", "2007-12-31": "64.76100", "2007-09-30": "63.55600", "2007-06-30": "65.47500", "2007-03-31": "65.78200", "2006-12-31": "65.38700", "2006-09-30": "65.66800", "2006-06-30": "65.35600", "2006-03-31": "64.78100", "2005-12-31": "64.42900", "2005-09-30": "64.75600", "2005-06-30": "64.45200", "2005-03-31": "64.14100"}, "Shares Outstanding": {"2020-09-30": "55.41000", "2020-06-30": "55.05400", "2020-03-31": "55.67700", "2019-12-31": "55.66800", "2019-09-30": "55.62600", "2019-06-30": "55.56000", "2019-03-31": "55.65700", "2018-12-31": "56.60100", "2018-09-30": "56.43000", "2018-06-30": "56.83200", "2018-03-31": "57.11100", "2017-12-31": "56.52600", "2017-09-30": "56.50500", "2017-06-30": "56.42800", "2017-03-31": "56.28600", "2016-12-31": "56.15500", "2016-09-30": "55.91100", "2016-06-30": "56.35600", "2016-03-31": "56.30700", "2015-12-31": "57.27300", "2015-09-30": "57.22100", "2015-06-30": "57.68800", "2015-03-31": "57.58600", "2014-12-31": "58.25600", "2014-09-30": "58.45600", "2014-06-30": "58.38500", "2014-03-31": "58.30000", "2013-12-31": "58.33500", "2013-09-30": "58.37200", "2013-06-30": "58.33900", "2013-03-31": "58.08100", "2012-12-31": "58.37700", "2012-09-30": "57.61300", "2012-06-30": "57.45800", "2012-03-31": "57.72200", "2011-12-31": "58.60800", "2011-09-30": "59.21800", "2011-06-30": "59.32400", "2011-03-31": "59.23200", "2010-12-31": "59.70600", "2010-09-30": "59.03100", "2010-06-30": "59.03800", "2010-03-31": "59.01000", "2009-12-31": "59.67000", "2009-09-30": "59.26700", "2009-06-30": "60.59800", "2009-03-31": "60.85100", "2008-12-31": "62.47300", "2008-09-30": "63.39000", "2008-06-30": "63.36500", "2008-03-31": "63.03200", "2007-12-31": "65.76600", "2007-09-30": "64.60200", "2007-06-30": "66.59900", "2007-03-31": "67.04800", "2006-12-31": "67.05000", "2006-09-30": "67.15200", "2006-06-30": "67.10500", "2006-03-31": "66.72800", "2005-12-31": "66.33600", "2005-09-30": "66.96300", "2005-06-30": "66.67700", "2005-03-31": "66.64300"}, "Basic EPS": {"2020-09-30": "0.26000", "2020-06-30": "-0.04000", "2020-03-31": "1.00000", "2019-12-31": "0.75000", "2019-09-30": "1.37000", "2019-06-30": "1.34000", "2019-03-31": "0.54000", "2018-12-31": "0.56000", "2018-09-30": "1.42000", "2018-06-30": "1.41000", "2018-03-31": "0.44000", "2017-12-31": "-0.18000", "2017-09-30": "1.01000", "2017-06-30": "0.90000", "2017-03-31": "0.43000", "2016-12-31": "-0.02000", "2016-09-30": "0.85000", "2016-06-30": "0.69000", "2016-03-31": "0.38000", "2015-12-31": "0.52000", "2015-09-30": "0.72000", "2015-06-30": "0.62000", "2015-03-31": "0.38000", "2014-12-31": "0.43000", "2014-09-30": "0.67000", "2014-06-30": "0.61000", "2014-03-31": "0.40000", "2013-12-31": "0.40000", "2013-09-30": "0.66000", "2013-06-30": "0.54000", "2013-03-31": "0.34000", "2012-12-31": "0.42000", "2012-09-30": "0.74000", "2012-06-30": "0.55000", "2012-03-31": "0.34000", "2011-12-31": "0.42000", "2011-09-30": "0.71000", "2011-06-30": "0.46000", "2011-03-31": "0.26000", "2010-12-31": "0.41000", "2010-09-30": "0.68000", "2010-06-30": "0.45000", "2010-03-31": "0.27000", "2009-12-31": "0.40000", "2009-09-30": "0.55000", "2009-06-30": "0.42000", "2009-03-31": "0.27000", "2008-12-31": "0.31000", "2008-09-30": "0.57000", "2008-06-30": "0.43000", "2008-03-31": "0.30000", "2007-12-31": "0.43000", "2007-09-30": "0.60000", "2007-06-30": "0.44000", "2007-03-31": "0.25000", "2006-12-31": "0.37000", "2006-09-30": "0.71000", "2006-06-30": "0.37000", "2006-03-31": "0.27000", "2005-12-31": "0.34000", "2005-09-30": "0.50000", "2005-06-30": "0.33000", "2005-03-31": "0.19000"}, "EPS - Earnings Per Share": {"2020-09-30": "0.26000", "2020-06-30": "-0.04000", "2020-03-31": "0.99000", "2019-12-31": "0.75000", "2019-09-30": "1.36000", "2019-06-30": "1.33000", "2019-03-31": "0.54000", "2018-12-31": "0.55000", "2018-09-30": "1.41000", "2018-06-30": "1.40000", "2018-03-31": "0.44000", "2017-12-31": "-0.18000", "2017-09-30": "1.01000", "2017-06-30": "0.89000", "2017-03-31": "0.43000", "2016-12-31": "0.00000", "2016-09-30": "0.84000", "2016-06-30": "0.68000", "2016-03-31": "0.37000", "2015-12-31": "0.51000", "2015-09-30": "0.72000", "2015-06-30": "0.62000", "2015-03-31": "0.37000", "2014-12-31": "0.44000", "2014-09-30": "0.67000", "2014-06-30": "0.60000", "2014-03-31": "0.39000", "2013-12-31": "0.39000", "2013-09-30": "0.66000", "2013-06-30": "0.54000", "2013-03-31": "0.34000", "2012-12-31": "0.42000", "2012-09-30": "0.73000", "2012-06-30": "0.55000", "2012-03-31": "0.34000", "2011-12-31": "0.42000", "2011-09-30": "0.71000", "2011-06-30": "0.46000", "2011-03-31": "0.26000", "2010-12-31": "0.40000", "2010-09-30": "0.68000", "2010-06-30": "0.45000", "2010-03-31": "0.26000", "2009-12-31": "0.39000", "2009-09-30": "0.55000", "2009-06-30": "0.42000", "2009-03-31": "0.27000", "2008-12-31": "0.30000", "2008-09-30": "0.57000", "2008-06-30": "0.43000", "2008-03-31": "0.29000", "2007-12-31": "0.43000", "2007-09-30": "0.59000", "2007-06-30": "0.43000", "2007-03-31": "0.24000", "2006-12-31": "0.37000", "2006-09-30": "0.69000", "2006-06-30": "0.36000", "2006-03-31": "0.26000", "2005-12-31": "0.34000", "2005-09-30": "0.48000", "2005-06-30": "0.32000", "2005-03-31": "0.18000"}}, "balance sheet": {"Cash On Hand": {"2019-12-31": "33.76600", "2018-12-31": "26.64200", "2017-12-31": "235.33600", "2016-12-31": "202.46300", "2015-12-31": "193.44100", "2014-12-31": "214.87900", "2013-12-31": "168.19500", "2012-12-31": "137.66300", "2011-12-31": "119.15100", "2010-12-31": "91.25900", "2009-12-31": "67.87000", "2008-12-31": "52.68000", "2007-12-31": "47.37900", "2006-12-31": "35.84100", "2005-12-31": "16.92100"}, "Receivables": {"2019-12-31": "152.69200", "2018-12-31": "148.14000", "2017-12-31": "125.87000", "2016-12-31": "107.65200", "2015-12-31": "94.83800", "2014-12-31": "93.13900", "2013-12-31": "82.38500", "2012-12-31": "82.20000", "2011-12-31": "53.01200", "2010-12-31": "47.63800", "2009-12-31": "41.89800", "2008-12-31": "46.32200", "2007-12-31": "42.55300", "2006-12-31": "41.69400", "2005-12-31": "37.15500"}, "Inventory": {"2019-12-31": "", "2018-12-31": "", "2017-12-31": "", "2016-12-31": "", "2015-12-31": "", "2014-12-31": "", "2013-12-31": "", "2012-12-31": "", "2011-12-31": "", "2010-12-31": "", "2009-12-31": "", "2008-12-31": "", "2007-12-31": "", "2006-12-31": "", "2005-12-31": ""}, "Pre-Paid Expenses": {"2019-12-31": "", "2018-12-31": "", "2017-12-31": "", "2016-12-31": "", "2015-12-31": "", "2014-12-31": "", "2013-12-31": "", "2012-12-31": "", "2011-12-31": "", "2010-12-31": "", "2009-12-31": "", "2008-12-31": "", "2007-12-31": "", "2006-12-31": "", "2005-12-31": ""}, "Other Current Assets": {"2019-12-31": "24.72700", "2018-12-31": "32.24300", "2017-12-31": "25.96700", "2016-12-31": "26.88500", "2015-12-31": "17.56700", "2014-12-31": "13.45000", "2013-12-31": "29.71000", "2012-12-31": "36.66900", "2011-12-31": "22.63300", "2010-12-31": "24.25600", "2009-12-31": "10.11400", "2008-12-31": "12.99100", "2007-12-31": "13.63200", "2006-12-31": "7.75700", "2005-12-31": "6.30800"}, "Total Current Assets": {"2019-12-31": "236.58900", "2018-12-31": "243.78400", "2017-12-31": "400.42900", "2016-12-31": "344.87300", "2015-12-31": "310.95300", "2014-12-31": "325.42900", "2013-12-31": "306.97400", "2012-12-31": "282.73000", "2011-12-31": "194.79600", "2010-12-31": "163.58200", "2009-12-31": "127.86200", "2008-12-31": "120.21600", "2007-12-31": "105.95100", "2006-12-31": "87.08200", "2005-12-31": "63.00000"}, "Property, Plant, And Equipment": {"2019-12-31": "351.50200", "2018-12-31": "127.53500", "2017-12-31": "83.37400", "2016-12-31": "84.06100", "2015-12-31": "88.15800", "2014-12-31": "77.30900", "2013-12-31": "67.85200", "2012-12-31": "51.65100", "2011-12-31": "51.99200", "2010-12-31": "55.66200", "2009-12-31": "43.62700", "2008-12-31": "45.29100", "2007-12-31": "43.88700", "2006-12-31": "42.80200", "2005-12-31": "46.28100"}, "Long-Term Investments": {"2019-12-31": "103.63300", "2018-12-31": "128.41400", "2017-12-31": "155.06400", "2016-12-31": "111.81400", "2015-12-31": "84.71100", "2014-12-31": "68.14400", "2013-12-31": "15.95000", "2012-12-31": "12.75500", "2011-12-31": "11.67800", "2010-12-31": "23.36500", "2009-12-31": "20.93100", "2008-12-31": "25.36000", "2007-12-31": "33.48800", "2006-12-31": "31.52900", "2005-12-31": "23.33700"}, "Goodwill And Intangible Assets": {"2019-12-31": "449.61700", "2018-12-31": "440.18400", "2017-12-31": "181.24900", "2016-12-31": "94.64300", "2015-12-31": "91.27500", "2014-12-31": "74.72500", "2013-12-31": "75.76600", "2012-12-31": "79.28600", "2011-12-31": "83.26000", "2010-12-31": "86.86600", "2009-12-31": "90.37200", "2008-12-31": "93.57600", "2007-12-31": "97.79200", "2006-12-31": "101.32200", "2005-12-31": "104.09500"}, "Other Long-Term Assets": {"2019-12-31": "97.44200", "2018-12-31": "84.40000", "2017-12-31": "67.71500", "2016-12-31": "53.65700", "2015-12-31": "16.90700", "2014-12-31": "7.46300", "2013-12-31": "52.16400", "2012-12-31": "76.01300", "2011-12-31": "29.28400", "2010-12-31": "15.30500", "2009-12-31": "9.23000", "2008-12-31": "9.92600", "2007-12-31": "11.27900", "2006-12-31": "11.46100", "2005-12-31": "12.04400"}, "Total Long-Term Assets": {"2019-12-31": "1150.08300", "2018-12-31": "894.58600", "2017-12-31": "594.76200", "2016-12-31": "507.59500", "2015-12-31": "406.05700", "2014-12-31": "312.48800", "2013-12-31": "249.44800", "2012-12-31": "249.17200", "2011-12-31": "252.89300", "2010-12-31": "248.14000", "2009-12-31": "212.17500", "2008-12-31": "208.00300", "2007-12-31": "222.43300", "2006-12-31": "216.22700", "2005-12-31": "202.27100"}, "Total Assets": {"2019-12-31": "1386.67200", "2018-12-31": "1138.37000", "2017-12-31": "995.19100", "2016-12-31": "852.46800", "2015-12-31": "717.01000", "2014-12-31": "637.91700", "2013-12-31": "556.42200", "2012-12-31": "531.90200", "2011-12-31": "447.68900", "2010-12-31": "411.72200", "2009-12-31": "340.03700", "2008-12-31": "328.21900", "2007-12-31": "328.38400", "2006-12-31": "303.30900", "2005-12-31": "265.27100"}, "Total Current Liabilities": {"2019-12-31": "325.88800", "2018-12-31": "318.43900", "2017-12-31": "284.65100", "2016-12-31": "263.66800", "2015-12-31": "208.01600", "2014-12-31": "200.09800", "2013-12-31": "174.33800", "2012-12-31": "176.13700", "2011-12-31": "184.56500", "2010-12-31": "165.25800", "2009-12-31": "131.80600", "2008-12-31": "135.06700", "2007-12-31": "147.51600", "2006-12-31": "139.79100", "2005-12-31": "120.31600"}, "Long Term Debt": {"2019-12-31": "844.10200", "2018-12-31": "753.51400", "2017-12-31": "725.29200", "2016-12-31": "839.40900", "2015-12-31": "812.94500", "2014-12-31": "772.72900", "2013-12-31": "783.47100", "2012-12-31": "847.15000", "2011-12-31": "252.03200", "2010-12-31": "251.55400", "2009-12-31": "277.70000", "2008-12-31": "284.40000", "2007-12-31": "272.37800", "2006-12-31": "172.39000", "2005-12-31": "273.97200"}, "Other Non-Current Liabilities": {"2019-12-31": "76.31200", "2018-12-31": "115.69900", "2017-12-31": "119.78500", "2016-12-31": "38.85300", "2015-12-31": "68.58300", "2014-12-31": "69.90400", "2013-12-31": "23.80800", "2012-12-31": "15.99000", "2011-12-31": "16.06000", "2010-12-31": "17.27400", "2009-12-31": "9.78700", "2008-12-31": "12.96000", "2007-12-31": "22.41900", "2006-12-31": "13.40700", "2005-12-31": "9.17200"}, "Total Long Term Liabilities": {"2019-12-31": "1084.29500", "2018-12-31": "1003.70300", "2017-12-31": "969.14090", "2016-12-31": "900.14900", "2015-12-31": "904.89300", "2014-12-31": "866.62000", "2013-12-31": "834.95500", "2012-12-31": "894.40300", "2011-12-31": "288.68500", "2010-12-31": "304.53500", "2009-12-31": "322.44300", "2008-12-31": "330.82200", "2007-12-31": "337.92900", "2006-12-31": "225.89800", "2005-12-31": "312.13100"}, "Total Liabilities": {"2019-12-31": "1410.18300", "2018-12-31": "1322.14200", "2017-12-31": "1253.79200", "2016-12-31": "1163.81700", "2015-12-31": "1112.90900", "2014-12-31": "1066.71800", "2013-12-31": "1009.29300", "2012-12-31": "1070.54000", "2011-12-31": "473.25000", "2010-12-31": "469.79300", "2009-12-31": "454.24900", "2008-12-31": "465.88900", "2007-12-31": "485.44500", "2006-12-31": "365.68900", "2005-12-31": "432.44700"}, "Common Stock Net": {"2019-12-31": "0.95100", "2018-12-31": "0.95100", "2017-12-31": "0.95100", "2016-12-31": "0.95100", "2015-12-31": "0.95100", "2014-12-31": "0.57300", "2013-12-31": "0.58600", "2012-12-31": "0.58200", "2011-12-31": "0.58300", "2010-12-31": "0.59600", "2009-12-31": "0.59500", "2008-12-31": "0.60700", "2007-12-31": "0.62100", "2006-12-31": "0.66400", "2005-12-31": "0.65200"}, "Retained Earnings (Accumulated Deficit)": {"2019-12-31": "968.83300", "2018-12-31": "795.17800", "2017-12-31": "627.27200", "2016-12-31": "607.56000", "2015-12-31": "514.89700", "2014-12-31": "432.39900", "2013-12-31": "353.02300", "2012-12-31": "282.52600", "2011-12-31": "794.94700", "2010-12-31": "728.05700", "2009-12-31": "664.43100", "2008-12-31": "610.24000", "2007-12-31": "553.83900", "2006-12-31": "483.35000", "2005-12-31": "407.42200"}, "Comprehensive Income": {"2019-12-31": "-4.55000", "2018-12-31": "-5.44600", "2017-12-31": "-4.69900", "2016-12-31": "-8.52200", "2015-12-31": "-8.77800", "2014-12-31": "-6.97100", "2013-12-31": "-6.21700", "2012-12-31": "-4.21600", "2011-12-31": "-6.80100", "2010-12-31": "-7.19200", "2009-12-31": "0.33300", "2008-12-31": "-3.47200", "2007-12-31": "0.34600", "2006-12-31": "-0.77200", "2005-12-31": "0.85900"}, "Other Share Holders Equity": {"2019-12-31": "", "2018-12-31": "", "2017-12-31": "", "2016-12-31": "", "2015-12-31": "", "2014-12-31": "", "2013-12-31": "", "2012-12-31": "", "2011-12-31": "", "2010-12-31": "", "2009-12-31": "", "2008-12-31": "", "2007-12-31": "", "2006-12-31": "", "2005-12-31": ""}, "Share Holder Equity": {"2019-12-31": "-23.51100", "2018-12-31": "-183.77200", "2017-12-31": "-258.60100", "2016-12-31": "-311.34900", "2015-12-31": "-395.89900", "2014-12-31": "-428.80100", "2013-12-31": "-452.87100", "2012-12-31": "-538.63800", "2011-12-31": "-25.56100", "2010-12-31": "-58.07100", "2009-12-31": "-114.21200", "2008-12-31": "-137.67000", "2007-12-31": "-157.06100", "2006-12-31": "-62.38000", "2005-12-31": "-167.17600"}, "Total Liabilities And Share Holders Equity": {"2019-12-31": "1386.67200", "2018-12-31": "1138.37000", "2017-12-31": "995.19100", "2016-12-31": "852.46800", "2015-12-31": "717.01000", "2014-12-31": "637.91700", "2013-12-31": "556.42200", "2012-12-31": "531.90200", "2011-12-31": "447.68900", "2010-12-31": "411.72200", "2009-12-31": "340.03700", "2008-12-31": "328.21900", "2007-12-31": "328.38400", "2006-12-31": "303.30900", "2005-12-31": "265.27100"}}, "balance sheet, quarterly": {"Cash On Hand": {"2020-09-30": "191.96700", "2020-06-30": "314.13900", "2020-03-31": "321.95400", "2019-12-31": "33.76600", "2019-09-30": "31.56900", "2019-06-30": "34.40700", "2019-03-31": "31.81000", "2018-12-31": "26.64200", "2018-09-30": "30.91600", "2018-06-30": "37.14800", "2018-03-31": "36.83400", "2017-12-31": "235.33600", "2017-09-30": "238.84800", "2017-06-30": "197.95700", "2017-03-31": "187.47200", "2016-12-31": "202.46300", "2016-09-30": "205.95300", "2016-06-30": "207.88800", "2016-03-31": "194.07200", "2015-12-31": "193.44100", "2015-09-30": "199.43500", "2015-06-30": "230.82400", "2015-03-31": "200.72100", "2014-12-31": "214.87900", "2014-09-30": "244.60300", "2014-06-30": "211.71800", "2014-03-31": "175.05200", "2013-12-31": "168.19500", "2013-09-30": "161.52400", "2013-06-30": "144.16700", "2013-03-31": "140.60300", "2012-12-31": "137.66300", "2012-09-30": "118.73200", "2012-06-30": "490.57400", "2012-03-31": "96.55300", "2011-12-31": "119.15100", "2011-09-30": "124.73400", "2011-06-30": "90.96100", "2011-03-31": "76.40500", "2010-12-31": "91.25900", "2010-09-30": "79.54800", "2010-06-30": "70.92600", "2010-03-31": "65.59300", "2009-12-31": "67.87000", "2009-09-30": "63.64500", "2009-06-30": "61.81000", "2009-03-31": "57.39500", "2008-12-31": "52.68000", "2008-09-30": "73.20300", "2008-06-30": "65.49700", "2008-03-31": "51.55100", "2007-12-31": "47.37900", "2007-09-30": "47.35400", "2007-06-30": "47.33000", "2007-03-31": "35.38000", "2006-12-31": "35.84100", "2006-09-30": "27.07800", "2006-06-30": "21.65800", "2006-03-31": "19.93600", "2005-12-31": "16.92100", "2005-09-30": "37.25100", "2005-06-30": "32.96900", "2005-03-31": "28.62300"}, "Receivables": {"2020-09-30": "179.84500", "2020-06-30": "157.97100", "2020-03-31": "158.83400", "2019-12-31": "152.69200", "2019-09-30": "176.45300", "2019-06-30": "185.12600", "2019-03-31": "156.51000", "2018-12-31": "148.14000", "2018-09-30": "185.89400", "2018-06-30": "186.08400", "2018-03-31": "143.69200", "2017-12-31": "125.87000", "2017-09-30": "171.34800", "2017-06-30": "146.71200", "2017-03-31": "118.32400", "2016-12-31": "107.65200", "2016-09-30": "129.69900", "2016-06-30": "127.18900", "2016-03-31": "109.92000", "2015-12-31": "94.83800", "2015-09-30": "114.89000", "2015-06-30": "118.98900", "2015-03-31": "102.01300", "2014-12-31": "93.13900", "2014-09-30": "109.74800", "2014-06-30": "119.76300", "2014-03-31": "100.14700", "2013-12-31": "82.38500", "2013-09-30": "102.88700", "2013-06-30": "71.87900", "2013-03-31": "54.20200", "2012-12-31": "82.20000", "2012-09-30": "66.19600", "2012-06-30": "62.64300", "2012-03-31": "53.29000", "2011-12-31": "53.01200", "2011-09-30": "62.00900", "2011-06-30": "58.04400", "2011-03-31": "48.27900", "2010-12-31": "47.63800", "2010-09-30": "53.68200", "2010-06-30": "50.34200", "2010-03-31": "41.64200", "2009-12-31": "41.89800", "2009-09-30": "52.84600", "2009-06-30": "45.42200", "2009-03-31": "38.47500", "2008-12-31": "46.32200", "2008-09-30": "48.91900", "2008-06-30": "45.77600", "2008-03-31": "43.24300", "2007-12-31": "42.55300", "2007-09-30": "57.49400", "2007-06-30": "49.33800", "2007-03-31": "37.40600", "2006-12-31": "41.69400", "2006-09-30": "45.28000", "2006-06-30": "40.72400", "2006-03-31": "34.31300", "2005-12-31": "37.15500", "2005-09-30": "42.92600", "2005-06-30": "37.32400", "2005-03-31": "36.61600"}, "Inventory": {"2020-09-30": "", "2020-06-30": "", "2020-03-31": "", "2019-12-31": "", "2019-09-30": "", "2019-06-30": "", "2019-03-31": "", "2018-12-31": "", "2018-09-30": "", "2018-06-30": "", "2018-03-31": "", "2017-12-31": "", "2017-09-30": "", "2017-06-30": "", "2017-03-31": "", "2016-12-31": "", "2016-09-30": "", "2016-06-30": "", "2016-03-31": "", "2015-12-31": "", "2015-09-30": "", "2015-06-30": "", "2015-03-31": "", "2014-12-31": "", "2014-09-30": "", "2014-06-30": "", "2014-03-31": "", "2013-12-31": "", "2013-09-30": "", "2013-06-30": "", "2013-03-31": "", "2012-12-31": "", "2012-09-30": "", "2012-06-30": "", "2012-03-31": "", "2011-12-31": "", "2011-09-30": "", "2011-06-30": "", "2011-03-31": "", "2010-12-31": "", "2010-09-30": "", "2010-06-30": "", "2010-03-31": "", "2009-12-31": "", "2009-09-30": "", "2009-06-30": "", "2009-03-31": "", "2008-12-31": "", "2008-09-30": "", "2008-06-30": "", "2008-03-31": "", "2007-12-31": "", "2007-09-30": "", "2007-06-30": "", "2007-03-31": "", "2006-12-31": "", "2006-09-30": "", "2006-06-30": "", "2006-03-31": "", "2005-12-31": "", "2005-09-30": "", "2005-06-30": "", "2005-03-31": ""}, "Pre-Paid Expenses": {"2020-09-30": "", "2020-06-30": "", "2020-03-31": "", "2019-12-31": "", "2019-09-30": "", "2019-06-30": "", "2019-03-31": "", "2018-12-31": "", "2018-09-30": "", "2018-06-30": "", "2018-03-31": "", "2017-12-31": "", "2017-09-30": "", "2017-06-30": "", "2017-03-31": "", "2016-12-31": "", "2016-09-30": "", "2016-06-30": "", "2016-03-31": "", "2015-12-31": "", "2015-09-30": "", "2015-06-30": "", "2015-03-31": "", "2014-12-31": "", "2014-09-30": "", "2014-06-30": "", "2014-03-31": "", "2013-12-31": "", "2013-09-30": "", "2013-06-30": "", "2013-03-31": "", "2012-12-31": "", "2012-09-30": "", "2012-06-30": "", "2012-03-31": "", "2011-12-31": "", "2011-09-30": "", "2011-06-30": "", "2011-03-31": "", "2010-12-31": "", "2010-09-30": "", "2010-06-30": "", "2010-03-31": "", "2009-12-31": "", "2009-09-30": "", "2009-06-30": "", "2009-03-31": "", "2008-12-31": "", "2008-09-30": "", "2008-06-30": "", "2008-03-31": "", "2007-12-31": "", "2007-09-30": "", "2007-06-30": "", "2007-03-31": "", "2006-12-31": "", "2006-09-30": "", "2006-06-30": "", "2006-03-31": "", "2005-12-31": "", "2005-09-30": "", "2005-06-30": "", "2005-03-31": ""}, "Other Current Assets": {"2020-09-30": "18.15000", "2020-06-30": "22.45500", "2020-03-31": "26.33000", "2019-12-31": "24.72700", "2019-09-30": "23.23000", "2019-06-30": "23.31700", "2019-03-31": "27.93500", "2018-12-31": "32.24300", "2018-09-30": "31.16300", "2018-06-30": "30.68300", "2018-03-31": "34.06500", "2017-12-31": "25.96700", "2017-09-30": "34.33800", "2017-06-30": "25.19600", "2017-03-31": "29.41600", "2016-12-31": "26.88500", "2016-09-30": "28.56800", "2016-06-30": "34.73100", "2016-03-31": "25.93800", "2015-12-31": "17.56700", "2015-09-30": "19.01500", "2015-06-30": "21.03000", "2015-03-31": "28.86400", "2014-12-31": "13.45000", "2014-09-30": "24.81700", "2014-06-30": "23.78900", "2014-03-31": "36.20100", "2013-12-31": "29.71000", "2013-09-30": "30.00200", "2013-06-30": "35.52200", "2013-03-31": "40.83200", "2012-12-31": "36.66900", "2012-09-30": "29.74900", "2012-06-30": "30.65600", "2012-03-31": "28.63500", "2011-12-31": "22.63300", "2011-09-30": "22.58500", "2011-06-30": "22.03000", "2011-03-31": "22.75500", "2010-12-31": "24.25600", "2010-09-30": "23.98000", "2010-06-30": "20.98200", "2010-03-31": "17.08100", "2009-12-31": "10.11400", "2009-09-30": "11.09900", "2009-06-30": "11.53400", "2009-03-31": "12.60800", "2008-12-31": "12.99100", "2008-09-30": "16.69300", "2008-06-30": "15.85600", "2008-03-31": "14.69000", "2007-12-31": "13.63200", "2007-09-30": "12.04600", "2007-06-30": "11.74500", "2007-03-31": "6.93000", "2006-12-31": "7.75700", "2006-09-30": "6.00000", "2006-06-30": "6.72800", "2006-03-31": "5.50000", "2005-12-31": "6.30800", "2005-09-30": "4.26500", "2005-06-30": "3.76300", "2005-03-31": "5.50900"}, "Total Current Assets": {"2020-09-30": "415.57000", "2020-06-30": "524.47900", "2020-03-31": "531.27900", "2019-12-31": "236.58900", "2019-09-30": "260.26400", "2019-06-30": "276.86400", "2019-03-31": "250.67100", "2018-12-31": "243.78400", "2018-09-30": "280.61500", "2018-06-30": "283.15200", "2018-03-31": "231.84500", "2017-12-31": "400.42900", "2017-09-30": "455.32300", "2017-06-30": "380.22700", "2017-03-31": "342.86200", "2016-12-31": "344.87300", "2016-09-30": "371.92900", "2016-06-30": "378.04300", "2016-03-31": "338.11600", "2015-12-31": "310.95300", "2015-09-30": "359.53300", "2015-06-30": "397.57700", "2015-03-31": "357.27200", "2014-12-31": "325.42900", "2014-09-30": "405.42600", "2014-06-30": "385.00300", "2014-03-31": "339.82200", "2013-12-31": "306.97400", "2013-09-30": "321.78000", "2013-06-30": "255.70400", "2013-03-31": "239.77300", "2012-12-31": "282.73000", "2012-09-30": "214.67700", "2012-06-30": "583.87300", "2012-03-31": "178.47800", "2011-12-31": "194.79600", "2011-09-30": "209.75700", "2011-06-30": "171.46400", "2011-03-31": "147.86800", "2010-12-31": "163.58200", "2010-09-30": "165.19000", "2010-06-30": "150.23000", "2010-03-31": "132.29600", "2009-12-31": "127.86200", "2009-09-30": "135.81300", "2009-06-30": "126.98900", "2009-03-31": "116.70100", "2008-12-31": "120.21600", "2008-09-30": "145.48800", "2008-06-30": "129.11100", "2008-03-31": "111.65300", "2007-12-31": "105.95100", "2007-09-30": "119.95600", "2007-06-30": "111.47400", "2007-03-31": "82.77600", "2006-12-31": "87.08200", "2006-09-30": "80.98000", "2006-06-30": "71.73000", "2006-03-31": "62.35600", "2005-12-31": "63.00000", "2005-09-30": "86.69400", "2005-06-30": "76.30800", "2005-03-31": "73.00000"}, "Property, Plant, And Equipment": {"2020-09-30": "339.00000", "2020-06-30": "350.45900", "2020-03-31": "351.04500", "2019-12-31": "351.50200", "2019-09-30": "347.34300", "2019-06-30": "149.08400", "2019-03-31": "134.86100", "2018-12-31": "127.53500", "2018-09-30": "117.61000", "2018-06-30": "112.56700", "2018-03-31": "98.40300", "2017-12-31": "83.37400", "2017-09-30": "83.61100", "2017-06-30": "83.13400", "2017-03-31": "82.70100", "2016-12-31": "84.06100", "2016-09-30": "86.73600", "2016-06-30": "86.78400", "2016-03-31": "88.34500", "2015-12-31": "88.15800", "2015-09-30": "86.78600", "2015-06-30": "82.37500", "2015-03-31": "80.05700", "2014-12-31": "77.30900", "2014-09-30": "58.38100", "2014-06-30": "58.23800", "2014-03-31": "58.26800", "2013-12-31": "67.85200", "2013-09-30": "67.00000", "2013-06-30": "69.64800", "2013-03-31": "71.28900", "2012-12-31": "51.65100", "2012-09-30": "52.82200", "2012-06-30": "50.56100", "2012-03-31": "51.30900", "2011-12-31": "51.99200", "2011-09-30": "53.50400", "2011-06-30": "53.87200", "2011-03-31": "54.29600", "2010-12-31": "55.66200", "2010-09-30": "52.97600", "2010-06-30": "48.42200", "2010-03-31": "45.15900", "2009-12-31": "43.62700", "2009-09-30": "42.92800", "2009-06-30": "43.97500", "2009-03-31": "44.43700", "2008-12-31": "45.29100", "2008-09-30": "43.65400", "2008-06-30": "44.15700", "2008-03-31": "43.83400", "2007-12-31": "43.88700", "2007-09-30": "44.03600", "2007-06-30": "43.67400", "2007-03-31": "43.35600", "2006-12-31": "42.80200", "2006-09-30": "43.07200", "2006-06-30": "44.58100", "2006-03-31": "44.71500", "2005-12-31": "46.28100", "2005-09-30": "47.66200", "2005-06-30": "48.16900", "2005-03-31": "45.98100"}, "Long-Term Investments": {"2020-09-30": "99.02500", "2020-06-30": "98.06700", "2020-03-31": "99.66600", "2019-12-31": "103.63300", "2019-09-30": "92.67900", "2019-06-30": "132.15600", "2019-03-31": "128.77300", "2018-12-31": "128.41400", "2018-09-30": "129.44700", "2018-06-30": "153.82700", "2018-03-31": "148.29900", "2017-12-31": "155.06400", "2017-09-30": "150.87700", "2017-06-30": "151.17300", "2017-03-31": "142.30500", "2016-12-31": "111.81400", "2016-09-30": "100.15400", "2016-06-30": "95.31700", "2016-03-31": "84.48700", "2015-12-31": "84.71100", "2015-09-30": "17.10200", "2015-06-30": "18.27400", "2015-03-31": "17.91600", "2014-12-31": "68.14400", "2014-09-30": "16.84500", "2014-06-30": "17.27000", "2014-03-31": "16.85200", "2013-12-31": "15.95000", "2013-09-30": "14.95000", "2013-06-30": "14.11400", "2013-03-31": "13.93300", "2012-12-31": "12.75500", "2012-09-30": "12.53000", "2012-06-30": "12.22100", "2012-03-31": "12.62500", "2011-12-31": "11.67800", "2011-09-30": "22.01700", "2011-06-30": "24.97200", "2011-03-31": "24.72800", "2010-12-31": "23.36500", "2010-09-30": "22.37000", "2010-06-30": "20.86800", "2010-03-31": "22.31900", "2009-12-31": "20.93100", "2009-09-30": "19.86500", "2009-06-30": "28.85500", "2009-03-31": "25.30300", "2008-12-31": "25.36000", "2008-09-30": "19.52400", "2008-06-30": "24.32100", "2008-03-31": "32.75600", "2007-12-31": "33.48800", "2007-09-30": "34.42500", "2007-06-30": "34.08300", "2007-03-31": "35.41500", "2006-12-31": "31.52900", "2006-09-30": "29.09600", "2006-06-30": "28.04300", "2006-03-31": "27.44100", "2005-12-31": "23.33700", "2005-09-30": "22.37700", "2005-06-30": "21.02900", "2005-03-31": ""}, "Goodwill And Intangible Assets": {"2020-09-30": "450.10900", "2020-06-30": "450.39400", "2020-03-31": "451.22600", "2019-12-31": "449.61700", "2019-09-30": "438.68100", "2019-06-30": "431.40500", "2019-03-31": "430.31300", "2018-12-31": "440.18400", "2018-09-30": "437.56400", "2018-06-30": "422.21000", "2018-03-31": "421.46300", "2017-12-31": "181.24900", "2017-09-30": "95.26800", "2017-06-30": "95.13700", "2017-03-31": "94.37400", "2016-12-31": "94.64300", "2016-09-30": "91.34200", "2016-06-30": "91.30500", "2016-03-31": "92.00700", "2015-12-31": "91.27500", "2015-09-30": "91.67600", "2015-06-30": "73.08100", "2015-03-31": "73.81400", "2014-12-31": "74.72500", "2014-09-30": "73.32900", "2014-06-30": "74.20200", "2014-03-31": "75.01700", "2013-12-31": "75.76600", "2013-09-30": "76.68800", "2013-06-30": "77.38600", "2013-03-31": "78.36300", "2012-12-31": "79.28600", "2012-09-30": "80.56000", "2012-06-30": "81.43100", "2012-03-31": "82.40800", "2011-12-31": "83.26000", "2011-09-30": "83.93400", "2011-06-30": "85.19400", "2011-03-31": "86.00400", "2010-12-31": "86.86600", "2010-09-30": "87.68100", "2010-06-30": "88.34100", "2010-03-31": "89.79500", "2009-12-31": "90.37200", "2009-09-30": "91.36500", "2009-06-30": "92.06000", "2009-03-31": "92.54700", "2008-12-31": "93.57600", "2008-09-30": "94.88200", "2008-06-30": "96.39900", "2008-03-31": "97.16000", "2007-12-31": "97.79200", "2007-09-30": "98.82900", "2007-06-30": "99.49000", "2007-03-31": "100.41400", "2006-12-31": "101.32200", "2006-09-30": "101.09800", "2006-06-30": "102.09800", "2006-03-31": "102.97400", "2005-12-31": "104.09500", "2005-09-30": "105.13300", "2005-06-30": "93.65200", "2005-03-31": "91.82700"}, "Other Long-Term Assets": {"2020-09-30": "94.61900", "2020-06-30": "93.12900", "2020-03-31": "94.94200", "2019-12-31": "97.44200", "2019-09-30": "88.80400", "2019-06-30": "84.14500", "2019-03-31": "84.54300", "2018-12-31": "84.40000", "2018-09-30": "80.03700", "2018-06-30": "49.02900", "2018-03-31": "49.12000", "2017-12-31": "67.71500", "2017-09-30": "28.47500", "2017-06-30": "52.26800", "2017-03-31": "63.42000", "2016-12-31": "53.65700", "2016-09-30": "50.66300", "2016-06-30": "61.11500", "2016-03-31": "55.29500", "2015-12-31": "16.90700", "2015-09-30": "64.01000", "2015-06-30": "60.32900", "2015-03-31": "64.36100", "2014-12-31": "7.46300", "2014-09-30": "60.66300", "2014-06-30": "58.11600", "2014-03-31": "55.25300", "2013-12-31": "52.16400", "2013-09-30": "88.20400", "2013-06-30": "79.88700", "2013-03-31": "76.34900", "2012-12-31": "76.01300", "2012-09-30": "53.27100", "2012-06-30": "42.79700", "2012-03-31": "31.17300", "2011-12-31": "29.28400", "2011-09-30": "23.08900", "2011-06-30": "20.89300", "2011-03-31": "20.29800", "2010-12-31": "15.30500", "2010-09-30": "12.05800", "2010-06-30": "9.64700", "2010-03-31": "9.34900", "2009-12-31": "9.23000", "2009-09-30": "9.81900", "2009-06-30": "10.03400", "2009-03-31": "10.35500", "2008-12-31": "9.92600", "2008-09-30": "10.06700", "2008-06-30": "9.31400", "2008-03-31": "11.45200", "2007-12-31": "11.27900", "2007-09-30": "10.75600", "2007-06-30": "10.79700", "2007-03-31": "10.71900", "2006-12-31": "11.46100", "2006-09-30": "11.74500", "2006-06-30": "12.06200", "2006-03-31": "12.07000", "2005-12-31": "12.04400", "2005-09-30": "11.80600", "2005-06-30": "12.10300", "2005-03-31": "34.41400"}, "Total Long-Term Assets": {"2020-09-30": "1154.57600", "2020-06-30": "1161.56200", "2020-03-31": "1172.67300", "2019-12-31": "1150.08300", "2019-09-30": "1113.99800", "2019-06-30": "937.41300", "2019-03-31": "923.14490", "2018-12-31": "894.58600", "2018-09-30": "880.42200", "2018-06-30": "839.86400", "2018-03-31": "820.17210", "2017-12-31": "594.76200", "2017-09-30": "505.86900", "2017-06-30": "567.74600", "2017-03-31": "561.27000", "2016-12-31": "507.59500", "2016-09-30": "474.34700", "2016-06-30": "465.34700", "2016-03-31": "449.14700", "2015-12-31": "406.05700", "2015-09-30": "353.22900", "2015-06-30": "305.01600", "2015-03-31": "303.85000", "2014-12-31": "312.48800", "2014-09-30": "258.76100", "2014-06-30": "243.43900", "2014-03-31": "239.77300", "2013-12-31": "249.44800", "2013-09-30": "260.91200", "2013-06-30": "307.00800", "2013-03-31": "306.20000", "2012-12-31": "249.17200", "2012-09-30": "268.39400", "2012-06-30": "273.86500", "2012-03-31": "264.75400", "2011-12-31": "252.89300", "2011-09-30": "258.16400", "2011-06-30": "269.84100", "2011-03-31": "264.50500", "2010-12-31": "248.14000", "2010-09-30": "238.11700", "2010-06-30": "239.97800", "2010-03-31": "228.34400", "2009-12-31": "212.17500", "2009-09-30": "217.21500", "2009-06-30": "230.93200", "2009-03-31": "217.01300", "2008-12-31": "208.00300", "2008-09-30": "204.44200", "2008-06-30": "219.64400", "2008-03-31": "226.75700", "2007-12-31": "222.43300", "2007-09-30": "217.86500", "2007-06-30": "220.57000", "2007-03-31": "222.49400", "2006-12-31": "216.22700", "2006-09-30": "205.28800", "2006-06-30": "208.54600", "2006-03-31": "211.57400", "2005-12-31": "202.27100", "2005-09-30": "201.86900", "2005-06-30": "206.24400", "2005-03-31": "203.24900"}, "Total Assets": {"2020-09-30": "1570.14600", "2020-06-30": "1686.04100", "2020-03-31": "1703.95200", "2019-12-31": "1386.67200", "2019-09-30": "1374.26200", "2019-06-30": "1214.27700", "2019-03-31": "1173.81600", "2018-12-31": "1138.37000", "2018-09-30": "1161.03700", "2018-06-30": "1123.01600", "2018-03-31": "1052.01700", "2017-12-31": "995.19100", "2017-09-30": "961.19200", "2017-06-30": "947.97300", "2017-03-31": "904.13200", "2016-12-31": "852.46800", "2016-09-30": "846.27600", "2016-06-30": "843.39000", "2016-03-31": "787.26300", "2015-12-31": "717.01000", "2015-09-30": "712.76200", "2015-06-30": "702.59300", "2015-03-31": "661.12200", "2014-12-31": "637.91700", "2014-09-30": "664.18700", "2014-06-30": "628.44200", "2014-03-31": "579.59500", "2013-12-31": "556.42200", "2013-09-30": "582.69200", "2013-06-30": "562.71200", "2013-03-31": "545.97300", "2012-12-31": "531.90200", "2012-09-30": "483.07100", "2012-06-30": "857.73800", "2012-03-31": "443.23200", "2011-12-31": "447.68900", "2011-09-30": "467.92100", "2011-06-30": "441.30500", "2011-03-31": "412.37300", "2010-12-31": "411.72200", "2010-09-30": "403.30700", "2010-06-30": "390.20800", "2010-03-31": "360.64000", "2009-12-31": "340.03700", "2009-09-30": "353.02800", "2009-06-30": "357.92100", "2009-03-31": "333.71400", "2008-12-31": "328.21900", "2008-09-30": "349.93000", "2008-06-30": "348.75500", "2008-03-31": "338.41000", "2007-12-31": "328.38400", "2007-09-30": "337.82100", "2007-06-30": "332.04400", "2007-03-31": "305.27000", "2006-12-31": "303.30900", "2006-09-30": "286.26800", "2006-06-30": "280.27600", "2006-03-31": "273.93000", "2005-12-31": "265.27100", "2005-09-30": "288.56300", "2005-06-30": "282.55200", "2005-03-31": "276.24900"}, "Total Current Liabilities": {"2020-09-30": "252.42000", "2020-06-30": "218.73700", "2020-03-31": "255.42000", "2019-12-31": "325.88800", "2019-09-30": "316.30400", "2019-06-30": "321.00800", "2019-03-31": "303.87100", "2018-12-31": "318.43900", "2018-09-30": "299.53000", "2018-06-30": "286.67300", "2018-03-31": "269.27000", "2017-12-31": "284.65100", "2017-09-30": "273.03400", "2017-06-30": "276.36100", "2017-03-31": "274.08100", "2016-12-31": "263.66800", "2016-09-30": "258.49500", "2016-06-30": "259.29700", "2016-03-31": "220.32700", "2015-12-31": "208.01600", "2015-09-30": "191.11800", "2015-06-30": "201.68600", "2015-03-31": "181.88800", "2014-12-31": "200.09800", "2014-09-30": "199.45700", "2014-06-30": "200.66300", "2014-03-31": "168.25700", "2013-12-31": "174.33800", "2013-09-30": "179.11100", "2013-06-30": "180.64600", "2013-03-31": "182.99100", "2012-12-31": "176.13700", "2012-09-30": "207.17400", "2012-06-30": "181.74000", "2012-03-31": "176.35500", "2011-12-31": "184.56500", "2011-09-30": "181.79700", "2011-06-30": "165.00100", "2011-03-31": "149.74100", "2010-12-31": "165.25800", "2010-09-30": "176.71500", "2010-06-30": "441.61200", "2010-03-31": "138.63400", "2009-12-31": "131.80600", "2009-09-30": "149.23100", "2009-06-30": "149.95600", "2009-03-31": "127.48200", "2008-12-31": "135.06700", "2008-09-30": "153.09600", "2008-06-30": "145.10400", "2008-03-31": "137.92600", "2007-12-31": "147.51600", "2007-09-30": "151.08600", "2007-06-30": "144.87900", "2007-03-31": "137.99800", "2006-12-31": "139.79100", "2006-09-30": "128.99100", "2006-06-30": "129.50700", "2006-03-31": "130.43800", "2005-12-31": "120.31600", "2005-09-30": "121.09400", "2005-06-30": "111.81400", "2005-03-31": "96.25400"}, "Long Term Debt": {"2020-09-30": "1058.30900", "2020-06-30": "1232.13600", "2020-03-31": "1208.94500", "2019-12-31": "844.10200", "2019-09-30": "875.84300", "2019-06-30": "784.28000", "2019-03-31": "804.73000", "2018-12-31": "753.51400", "2018-09-30": "781.43300", "2018-06-30": "795.12400", "2018-03-31": "795.74500", "2017-12-31": "725.29200", "2017-09-30": "800.00100", "2017-06-30": "862.96500", "2017-03-31": "862.38900", "2016-12-31": "839.40900", "2016-09-30": "866.24700", "2016-06-30": "901.35200", "2016-03-31": "892.44700", "2015-12-31": "812.94500", "2015-09-30": "815.85800", "2015-06-30": "800.03500", "2015-03-31": "799.62800", "2014-12-31": "772.72900", "2014-09-30": "774.75600", "2014-06-30": "777.53600", "2014-03-31": "795.49700", "2013-12-31": "783.47100", "2013-09-30": "815.95700", "2013-06-30": "858.27300", "2013-03-31": "863.11400", "2012-12-31": "847.15000", "2012-09-30": "808.91100", "2012-06-30": "651.71700", "2012-03-31": "257.78000", "2011-12-31": "252.03200", "2011-09-30": "252.32000", "2011-06-30": "251.98100", "2011-03-31": "260.00700", "2010-12-31": "251.55400", "2010-09-30": "251.61300", "2010-06-30": "", "2010-03-31": "293.90000", "2009-12-31": "277.70000", "2009-09-30": "292.30000", "2009-06-30": "304.10000", "2009-03-31": "309.80000", "2008-12-31": "284.40000", "2008-09-30": "234.40000", "2008-06-30": "264.30000", "2008-03-31": "279.19500", "2007-12-31": "272.37800", "2007-09-30": "269.96200", "2007-06-30": "199.14600", "2007-03-31": "184.37000", "2006-12-31": "172.39000", "2006-09-30": "187.41100", "2006-06-30": "224.33100", "2006-03-31": "249.15100", "2005-12-31": "273.97200", "2005-09-30": "295.89200", "2005-06-30": "304.81200", "2005-03-31": "332.33400"}, "Other Non-Current Liabilities": {"2020-09-30": "112.46000", "2020-06-30": "106.89000", "2020-03-31": "110.72000", "2019-12-31": "76.31200", "2019-09-30": "75.77900", "2019-06-30": "71.89800", "2019-03-31": "85.23000", "2018-12-31": "115.69900", "2018-09-30": "114.64600", "2018-06-30": "116.55100", "2018-03-31": "126.05500", "2017-12-31": "119.78500", "2017-09-30": "64.18200", "2017-06-30": "37.33700", "2017-03-31": "36.96600", "2016-12-31": "38.85300", "2016-09-30": "37.36700", "2016-06-30": "34.97500", "2016-03-31": "37.16000", "2015-12-31": "68.58300", "2015-09-30": "82.49000", "2015-06-30": "62.10200", "2015-03-31": "68.84000", "2014-12-31": "69.90400", "2014-09-30": "63.87100", "2014-06-30": "39.49300", "2014-03-31": "23.39200", "2013-12-31": "23.80800", "2013-09-30": "24.14600", "2013-06-30": "23.70000", "2013-03-31": "19.25700", "2012-12-31": "15.99000", "2012-09-30": "16.39100", "2012-06-30": "16.04200", "2012-03-31": "15.63300", "2011-12-31": "16.06000", "2011-09-30": "14.42700", "2011-06-30": "17.29600", "2011-03-31": "16.99500", "2010-12-31": "17.27400", "2010-09-30": "15.89400", "2010-06-30": "12.28300", "2010-03-31": "9.19500", "2009-12-31": "9.78700", "2009-09-30": "8.75300", "2009-06-30": "10.36700", "2009-03-31": "9.53700", "2008-12-31": "12.96000", "2008-09-30": "18.56800", "2008-06-30": "17.98200", "2008-03-31": "18.55200", "2007-12-31": "22.41900", "2007-09-30": "23.48200", "2007-06-30": "18.32900", "2007-03-31": "13.70400", "2006-12-31": "13.40700", "2006-09-30": "12.70900", "2006-06-30": "9.31400", "2006-03-31": "8.64300", "2005-12-31": "9.17200", "2005-09-30": "33.68900", "2005-06-30": "43.77000", "2005-03-31": "42.67900"}, "Total Long Term Liabilities": {"2020-09-30": "1339.13000", "2020-06-30": "1510.05600", "2020-03-31": "1492.38600", "2019-12-31": "1084.29500", "2019-09-30": "1114.69300", "2019-06-30": "1015.92900", "2019-03-31": "1055.42200", "2018-12-31": "1003.70300", "2018-09-30": "1029.58600", "2018-06-30": "1040.29500", "2018-03-31": "1042.66400", "2017-12-31": "969.14090", "2017-09-30": "888.53800", "2017-06-30": "924.22900", "2017-03-31": "922.53800", "2016-12-31": "900.14900", "2016-09-30": "925.22300", "2016-06-30": "957.92100", "2016-03-31": "952.80100", "2015-12-31": "904.89300", "2015-09-30": "922.28700", "2015-06-30": "886.37400", "2015-03-31": "892.72690", "2014-12-31": "866.62000", "2014-09-30": "861.74490", "2014-06-30": "840.28900", "2014-03-31": "850.47200", "2013-12-31": "834.95500", "2013-09-30": "873.04390", "2013-06-30": "902.08700", "2013-03-31": "902.31100", "2012-12-31": "894.40300", "2012-09-30": "845.29400", "2012-06-30": "687.24100", "2012-03-31": "293.05300", "2011-12-31": "288.68500", "2011-09-30": "300.56500", "2011-06-30": "304.24600", "2011-03-31": "311.66200", "2010-12-31": "304.53500", "2010-09-30": "302.08600", "2010-06-30": "45.63100", "2010-03-31": "336.96000", "2009-12-31": "322.44300", "2009-09-30": "336.70700", "2009-06-30": "349.31900", "2009-03-31": "352.43400", "2008-12-31": "330.82200", "2008-09-30": "287.34100", "2008-06-30": "318.85100", "2008-03-31": "342.29500", "2007-12-31": "337.92900", "2007-09-30": "335.73400", "2007-06-30": "259.01800", "2007-03-31": "237.76100", "2006-12-31": "225.89800", "2006-09-30": "235.58400", "2006-06-30": "268.79200", "2006-03-31": "291.10200", "2005-12-31": "312.13100", "2005-09-30": "332.06000", "2005-06-30": "355.86500", "2005-03-31": "383.52900"}, "Total Liabilities": {"2020-09-30": "1591.55000", "2020-06-30": "1728.79300", "2020-03-31": "1747.80600", "2019-12-31": "1410.18300", "2019-09-30": "1430.99700", "2019-06-30": "1336.93700", "2019-03-31": "1359.29300", "2018-12-31": "1322.14200", "2018-09-30": "1329.11600", "2018-06-30": "1326.96800", "2018-03-31": "1311.93400", "2017-12-31": "1253.79200", "2017-09-30": "1161.57200", "2017-06-30": "1200.59000", "2017-03-31": "1196.61900", "2016-12-31": "1163.81700", "2016-09-30": "1183.71800", "2016-06-30": "1217.21800", "2016-03-31": "1173.12800", "2015-12-31": "1112.90900", "2015-09-30": "1113.40500", "2015-06-30": "1088.06000", "2015-03-31": "1074.61500", "2014-12-31": "1066.71800", "2014-09-30": "1061.20200", "2014-06-30": "1040.95200", "2014-03-31": "1018.72900", "2013-12-31": "1009.29300", "2013-09-30": "1052.15500", "2013-06-30": "1082.73300", "2013-03-31": "1085.30200", "2012-12-31": "1070.54000", "2012-09-30": "1052.46800", "2012-06-30": "868.98100", "2012-03-31": "469.40800", "2011-12-31": "473.25000", "2011-09-30": "482.36200", "2011-06-30": "469.24700", "2011-03-31": "461.40300", "2010-12-31": "469.79300", "2010-09-30": "478.80100", "2010-06-30": "487.24300", "2010-03-31": "475.59400", "2009-12-31": "454.24900", "2009-09-30": "485.93800", "2009-06-30": "499.27500", "2009-03-31": "479.91600", "2008-12-31": "465.88900", "2008-09-30": "440.43700", "2008-06-30": "463.95500", "2008-03-31": "480.22100", "2007-12-31": "485.44500", "2007-09-30": "486.82000", "2007-06-30": "403.89700", "2007-03-31": "375.75900", "2006-12-31": "365.68900", "2006-09-30": "364.57500", "2006-06-30": "398.29900", "2006-03-31": "421.54000", "2005-12-31": "432.44700", "2005-09-30": "453.15400", "2005-06-30": "467.67900", "2005-03-31": "479.78300"}, "Common Stock Net": {"2020-09-30": "0.95100", "2020-06-30": "0.95100", "2020-03-31": "0.95100", "2019-12-31": "0.95100", "2019-09-30": "0.95100", "2019-06-30": "0.95100", "2019-03-31": "0.95100", "2018-12-31": "0.95100", "2018-09-30": "0.95100", "2018-06-30": "0.95100", "2018-03-31": "0.95100", "2017-12-31": "0.95100", "2017-09-30": "0.95100", "2017-06-30": "0.95100", "2017-03-31": "0.95100", "2016-12-31": "0.95100", "2016-09-30": "0.95100", "2016-06-30": "0.95100", "2016-03-31": "0.95100", "2015-12-31": "0.95100", "2015-09-30": "0.95100", "2015-06-30": "0.57600", "2015-03-31": "0.57600", "2014-12-31": "0.57300", "2014-09-30": "0.58200", "2014-06-30": "0.58400", "2014-03-31": "0.58400", "2013-12-31": "0.58600", "2013-09-30": "0.58600", "2013-06-30": "0.58500", "2013-03-31": "0.58500", "2012-12-31": "0.58200", "2012-09-30": "0.58100", "2012-06-30": "0.58000", "2012-03-31": "0.58100", "2011-12-31": "0.58300", "2011-09-30": "0.59200", "2011-06-30": "0.59800", "2011-03-31": "0.59800", "2010-12-31": "0.59600", "2010-09-30": "0.59600", "2010-06-30": "0.59600", "2010-03-31": "0.59600", "2009-12-31": "0.59500", "2009-09-30": "0.59500", "2009-06-30": "0.60100", "2009-03-31": "0.60500", "2008-12-31": "0.60700", "2008-09-30": "0.62900", "2008-06-30": "0.62800", "2008-03-31": "0.62500", "2007-12-31": "0.62100", "2007-09-30": "0.62800", "2007-06-30": "0.65700", "2007-03-31": "0.66100", "2006-12-31": "0.66400", "2006-09-30": "0.66300", "2006-06-30": "0.66300", "2006-03-31": "0.65700", "2005-12-31": "0.65200", "2005-09-30": "0.65300", "2005-06-30": "0.32700", "2005-03-31": "0.32500"}, "Retained Earnings (Accumulated Deficit)": {"2020-09-30": "1016.63500", "2020-06-30": "1002.13200", "2020-03-31": "1004.74400", "2019-12-31": "968.83300", "2019-09-30": "939.18700", "2019-06-30": "874.92300", "2019-03-31": "812.49600", "2018-12-31": "795.17800", "2018-09-30": "775.67500", "2018-06-30": "707.85600", "2018-03-31": "640.17600", "2017-12-31": "627.27200", "2017-09-30": "692.38700", "2017-06-30": "656.96100", "2017-03-31": "624.09800", "2016-12-31": "607.56000", "2016-09-30": "587.83700", "2016-06-30": "551.74900", "2016-03-31": "522.85400", "2015-12-31": "514.89700", "2015-09-30": "497.23700", "2015-06-30": "466.83600", "2015-03-31": "442.25100", "2014-12-31": "432.39900", "2014-09-30": "418.26000", "2014-06-30": "389.57900", "2014-03-31": "364.96900", "2013-12-31": "353.02300", "2013-09-30": "340.26900", "2013-06-30": "294.26600", "2013-03-31": "276.74500", "2012-12-31": "282.52600", "2012-09-30": "258.47400", "2012-06-30": "825.47100", "2012-03-31": "804.26000", "2011-12-31": "794.94700", "2011-09-30": "780.82100", "2011-06-30": "749.39400", "2011-03-31": "732.79500", "2010-12-31": "728.05700", "2010-09-30": "714.84300", "2010-06-30": "685.30000", "2010-03-31": "669.25300", "2009-12-31": "664.43100", "2009-09-30": "651.74200", "2009-06-30": "629.84300", "2009-03-31": "615.38000", "2008-12-31": "610.24000", "2008-09-30": "602.64500", "2008-06-30": "578.28500", "2008-03-31": "561.85900", "2007-12-31": "553.83900", "2007-09-30": "536.38200", "2007-06-30": "508.57200", "2007-03-31": "489.72800", "2006-12-31": "483.35000", "2006-09-30": "468.62900", "2006-06-30": "432.16400", "2006-03-31": "416.59100", "2005-12-31": "407.42200", "2005-09-30": "394.31000", "2005-06-30": "370.27300", "2005-03-31": "356.03800"}, "Comprehensive Income": {"2020-09-30": "-4.78700", "2020-06-30": "-5.02700", "2020-03-31": "-5.21400", "2019-12-31": "-4.55000", "2019-09-30": "-5.68300", "2019-06-30": "-5.67400", "2019-03-31": "-5.43800", "2018-12-31": "-5.44600", "2018-09-30": "-5.31700", "2018-06-30": "-5.28200", "2018-03-31": "-3.62900", "2017-12-31": "-4.69900", "2017-09-30": "-5.03400", "2017-06-30": "-6.10000", "2017-03-31": "-7.73900", "2016-12-31": "-8.52200", "2016-09-30": "-7.09600", "2016-06-30": "-7.44800", "2016-03-31": "-7.03500", "2015-12-31": "-8.77800", "2015-09-30": "-8.54800", "2015-06-30": "-7.81200", "2015-03-31": "-8.20300", "2014-12-31": "-6.97100", "2014-09-30": "-5.92800", "2014-06-30": "-4.75600", "2014-03-31": "-5.48100", "2013-12-31": "-6.21700", "2013-09-30": "-5.37300", "2013-06-30": "-6.09700", "2013-03-31": "-4.23300", "2012-12-31": "-4.21600", "2012-09-30": "-5.90400", "2012-06-30": "-6.35000", "2012-03-31": "-6.15400", "2011-12-31": "-6.80100", "2011-09-30": "-6.72000", "2011-06-30": "-5.76800", "2011-03-31": "-6.48200", "2010-12-31": "-7.19200", "2010-09-30": "-7.54500", "2010-06-30": "-0.85000", "2010-03-31": "0.33900", "2009-12-31": "0.33300", "2009-09-30": "-1.31800", "2009-06-30": "-2.07300", "2009-03-31": "-3.69500", "2008-12-31": "-3.47200", "2008-09-30": "-1.25300", "2008-06-30": "1.24800", "2008-03-31": "0.80800", "2007-12-31": "0.34600", "2007-09-30": "0.83000", "2007-06-30": "0.37800", "2007-03-31": "0.06100", "2006-12-31": "-0.77200", "2006-09-30": "0.87800", "2006-06-30": "0.89700", "2006-03-31": "0.81200", "2005-12-31": "0.85900", "2005-09-30": "1.11000", "2005-06-30": "1.26200", "2005-03-31": "1.27900"}, "Other Share Holders Equity": {"2020-09-30": "", "2020-06-30": "", "2020-03-31": "", "2019-12-31": "", "2019-09-30": "", "2019-06-30": "", "2019-03-31": "", "2018-12-31": "", "2018-09-30": "", "2018-06-30": "", "2018-03-31": "", "2017-12-31": "", "2017-09-30": "", "2017-06-30": "", "2017-03-31": "", "2016-12-31": "", "2016-09-30": "", "2016-06-30": "", "2016-03-31": "", "2015-12-31": "", "2015-09-30": "", "2015-06-30": "", "2015-03-31": "", "2014-12-31": "", "2014-09-30": "", "2014-06-30": "", "2014-03-31": "", "2013-12-31": "", "2013-09-30": "", "2013-06-30": "", "2013-03-31": "", "2012-12-31": "", "2012-09-30": "", "2012-06-30": "", "2012-03-31": "", "2011-12-31": "", "2011-09-30": "", "2011-06-30": "", "2011-03-31": "", "2010-12-31": "", "2010-09-30": "", "2010-06-30": "", "2010-03-31": "", "2009-12-31": "", "2009-09-30": "", "2009-06-30": "", "2009-03-31": "", "2008-12-31": "", "2008-09-30": "", "2008-06-30": "", "2008-03-31": "", "2007-12-31": "", "2007-09-30": "", "2007-06-30": "", "2007-03-31": "", "2006-12-31": "", "2006-09-30": "", "2006-06-30": "", "2006-03-31": "", "2005-12-31": "", "2005-09-30": "", "2005-06-30": "", "2005-03-31": ""}, "Share Holder Equity": {"2020-09-30": "-21.40400", "2020-06-30": "-42.75200", "2020-03-31": "-43.85400", "2019-12-31": "-23.51100", "2019-09-30": "-56.73500", "2019-06-30": "-122.66000", "2019-03-31": "-185.47700", "2018-12-31": "-183.77200", "2018-09-30": "-168.07900", "2018-06-30": "-203.95200", "2018-03-31": "-259.91700", "2017-12-31": "-258.60100", "2017-09-30": "-200.38000", "2017-06-30": "-252.61700", "2017-03-31": "-292.48700", "2016-12-31": "-311.34900", "2016-09-30": "-337.44200", "2016-06-30": "-373.82800", "2016-03-31": "-385.86500", "2015-12-31": "-395.89900", "2015-09-30": "-400.64300", "2015-06-30": "-385.46700", "2015-03-31": "-413.49300", "2014-12-31": "-428.80100", "2014-09-30": "-397.01500", "2014-06-30": "-412.51000", "2014-03-31": "-439.13400", "2013-12-31": "-452.87100", "2013-09-30": "-469.46300", "2013-06-30": "-520.02100", "2013-03-31": "-539.32900", "2012-12-31": "-538.63800", "2012-09-30": "-569.39700", "2012-06-30": "-11.24300", "2012-03-31": "-26.17600", "2011-12-31": "-25.56100", "2011-09-30": "-14.44100", "2011-06-30": "-27.94200", "2011-03-31": "-49.03000", "2010-12-31": "-58.07100", "2010-09-30": "-75.49400", "2010-06-30": "-97.03500", "2010-03-31": "-114.95400", "2009-12-31": "-114.21200", "2009-09-30": "-132.91000", "2009-06-30": "-141.35400", "2009-03-31": "-146.20200", "2008-12-31": "-137.67000", "2008-09-30": "-90.50700", "2008-06-30": "-115.20000", "2008-03-31": "-141.81100", "2007-12-31": "-157.06100", "2007-09-30": "-148.99900", "2007-06-30": "-71.85300", "2007-03-31": "-70.48900", "2006-12-31": "-62.38000", "2006-09-30": "-78.30700", "2006-06-30": "-118.02300", "2006-03-31": "-147.61000", "2005-12-31": "-167.17600", "2005-09-30": "-164.59100", "2005-06-30": "-185.12700", "2005-03-31": "-203.53400"}, "Total Liabilities And Share Holders Equity": {"2020-09-30": "1570.14600", "2020-06-30": "1686.04100", "2020-03-31": "1703.95200", "2019-12-31": "1386.67200", "2019-09-30": "1374.26200", "2019-06-30": "1214.27700", "2019-03-31": "1173.81600", "2018-12-31": "1138.37000", "2018-09-30": "1161.03700", "2018-06-30": "1123.01600", "2018-03-31": "1052.01700", "2017-12-31": "995.19100", "2017-09-30": "961.19200", "2017-06-30": "947.97300", "2017-03-31": "904.13200", "2016-12-31": "852.46800", "2016-09-30": "846.27600", "2016-06-30": "843.39000", "2016-03-31": "787.26300", "2015-12-31": "717.01000", "2015-09-30": "712.76200", "2015-06-30": "702.59300", "2015-03-31": "661.12200", "2014-12-31": "637.91700", "2014-09-30": "664.18700", "2014-06-30": "628.44200", "2014-03-31": "579.59500", "2013-12-31": "556.42200", "2013-09-30": "582.69200", "2013-06-30": "562.71200", "2013-03-31": "545.97300", "2012-12-31": "531.90200", "2012-09-30": "483.07100", "2012-06-30": "857.73800", "2012-03-31": "443.23200", "2011-12-31": "447.68900", "2011-09-30": "467.92100", "2011-06-30": "441.30500", "2011-03-31": "412.37300", "2010-12-31": "411.72200", "2010-09-30": "403.30700", "2010-06-30": "390.20800", "2010-03-31": "360.64000", "2009-12-31": "340.03700", "2009-09-30": "353.02800", "2009-06-30": "357.92100", "2009-03-31": "333.71400", "2008-12-31": "328.21900", "2008-09-30": "349.93000", "2008-06-30": "348.75500", "2008-03-31": "338.41000", "2007-12-31": "328.38400", "2007-09-30": "337.82100", "2007-06-30": "332.04400", "2007-03-31": "305.27000", "2006-12-31": "303.30900", "2006-09-30": "286.26800", "2006-06-30": "280.27600", "2006-03-31": "273.93000", "2005-12-31": "265.27100", "2005-09-30": "288.56300", "2005-06-30": "282.55200", "2005-03-31": "276.24900"}}, "cash flow statement": {"Net Income/Loss": {"2019-12-31": "222.87800", "2018-12-31": "216.35500", "2017-12-31": "122.32700", "2016-12-31": "106.71200", "2015-12-31": "128.02900", "2014-12-31": "123.16000", "2013-12-31": "113.70900", "2012-12-31": "121.61300", "2011-12-31": "111.06100", "2010-12-31": "107.44100", "2009-12-31": "98.25000", "2008-12-31": "100.21100", "2007-12-31": "111.30100", "2006-12-31": "112.78700", "2005-12-31": "87.56500"}, "Total Depreciation And Amortization - Cash Flow": {"2019-12-31": "47.21100", "2018-12-31": "47.45500", "2017-12-31": "34.48000", "2016-12-31": "10.24900", "2015-12-31": "11.54200", "2014-12-31": "9.36500", "2013-12-31": "9.58200", "2012-12-31": "8.22600", "2011-12-31": "8.02400", "2010-12-31": "8.34200", "2009-12-31": "8.33600", "2008-12-31": "8.18400", "2007-12-31": "8.63700", "2006-12-31": "9.70500", "2005-12-31": "9.05100"}, "Other Non-Cash Items": {"2019-12-31": "22.29100", "2018-12-31": "-18.88300", "2017-12-31": "60.40900", "2016-12-31": "-3.07600", "2015-12-31": "19.11100", "2014-12-31": "-7.85300", "2013-12-31": "10.09300", "2012-12-31": "16.08800", "2011-12-31": "25.64700", "2010-12-31": "8.68800", "2009-12-31": "16.71300", "2008-12-31": "32.48600", "2007-12-31": "4.42400", "2006-12-31": "-8.02800", "2005-12-31": "-8.44100"}, "Total Non-Cash Items": {"2019-12-31": "69.50200", "2018-12-31": "28.57200", "2017-12-31": "94.88900", "2016-12-31": "7.17300", "2015-12-31": "30.65300", "2014-12-31": "1.51200", "2013-12-31": "19.67500", "2012-12-31": "24.31400", "2011-12-31": "33.67100", "2010-12-31": "17.03000", "2009-12-31": "25.04900", "2008-12-31": "40.67000", "2007-12-31": "13.06100", "2006-12-31": "1.67700", "2005-12-31": "0.61000"}, "Change In Accounts Receivable": {"2019-12-31": "", "2018-12-31": "", "2017-12-31": "", "2016-12-31": "", "2015-12-31": "11.47500", "2014-12-31": "55.92900", "2013-12-31": "35.09200", "2012-12-31": "24.17600", "2011-12-31": "-8.21100", "2010-12-31": "-4.57500", "2009-12-31": "-13.02800", "2008-12-31": "-11.93600", "2007-12-31": "13.05300", "2006-12-31": "16.17700", "2005-12-31": "16.97800"}, "Change In Inventories": {"2019-12-31": "", "2018-12-31": "", "2017-12-31": "", "2016-12-31": "", "2015-12-31": "", "2014-12-31": "", "2013-12-31": "", "2012-12-31": "", "2011-12-31": "", "2010-12-31": "", "2009-12-31": "", "2008-12-31": "", "2007-12-31": "", "2006-12-31": "", "2005-12-31": ""}, "Change In Accounts Payable": {"2019-12-31": "", "2018-12-31": "", "2017-12-31": "", "2016-12-31": "", "2015-12-31": "6.49300", "2014-12-31": "9.63600", "2013-12-31": "2.30400", "2012-12-31": "0.01100", "2011-12-31": "-1.85100", "2010-12-31": "5.74400", "2009-12-31": "-8.27900", "2008-12-31": "-13.13800", "2007-12-31": "13.05300", "2006-12-31": "6.68200", "2005-12-31": "1.92300"}, "Change In Assets/Liabilities": {"2019-12-31": "-21.82400", "2018-12-31": "-2.03100", "2017-12-31": "40.15800", "2016-12-31": "38.15000", "2015-12-31": "-17.54500", "2014-12-31": "-9.44200", "2013-12-31": "-11.54800", "2012-12-31": "-29.70600", "2011-12-31": "-5.08500", "2010-12-31": "10.08200", "2009-12-31": "3.35000", "2008-12-31": "-6.33200", "2007-12-31": "6.10000", "2006-12-31": "21.19300", "2005-12-31": "2.36800"}, "Total Change In Assets/Liabilities": {"2019-12-31": "-21.82400", "2018-12-31": "-2.03100", "2017-12-31": "40.15800", "2016-12-31": "38.15000", "2015-12-31": "6.39700", "2014-12-31": "62.94000", "2013-12-31": "20.52900", "2012-12-31": "4.19500", "2011-12-31": "-13.36300", "2010-12-31": "20.46400", "2009-12-31": "-11.08300", "2008-12-31": "-36.48200", "2007-12-31": "21.30400", "2006-12-31": "39.21600", "2005-12-31": "45.41300"}, "Cash Flow From Operating Activities": {"2019-12-31": "270.55600", "2018-12-31": "242.89600", "2017-12-31": "257.37400", "2016-12-31": "152.03500", "2015-12-31": "165.07900", "2014-12-31": "187.61200", "2013-12-31": "153.91300", "2012-12-31": "150.12200", "2011-12-31": "131.36900", "2010-12-31": "144.93500", "2009-12-31": "112.21600", "2008-12-31": "104.39900", "2007-12-31": "145.66600", "2006-12-31": "153.68000", "2005-12-31": "133.58800"}, "Net Change In Property, Plant, And Equipment": {"2019-12-31": "-46.75700", "2018-12-31": "-44.62000", "2017-12-31": "-22.43700", "2016-12-31": "-13.72900", "2015-12-31": "-21.41800", "2014-12-31": "-5.33400", "2013-12-31": "-33.15400", "2012-12-31": "-15.44300", "2011-12-31": "-9.27000", "2010-12-31": "-24.36800", "2009-12-31": "-11.13500", "2008-12-31": "-12.61100", "2007-12-31": "-11.96300", "2006-12-31": "-7.70700", "2005-12-31": "-8.69300"}, "Net Change In Intangible Assets": {"2019-12-31": "-6.69900", "2018-12-31": "-1.80300", "2017-12-31": "-2.51700", "2016-12-31": "-2.58000", "2015-12-31": "-0.73300", "2014-12-31": "-0.63600", "2013-12-31": "", "2012-12-31": "", "2011-12-31": "", "2010-12-31": "", "2009-12-31": "", "2008-12-31": "", "2007-12-31": "", "2006-12-31": "", "2005-12-31": ""}, "Net Acquisitions/Divestitures": {"2019-12-31": "-179.73700", "2018-12-31": "-234.49600", "2017-12-31": "", "2016-12-31": "-29.92400", "2015-12-31": "-22.46900", "2014-12-31": "", "2013-12-31": "", "2012-12-31": "", "2011-12-31": "", "2010-12-31": "-0.46600", "2009-12-31": "", "2008-12-31": "", "2007-12-31": "-0.34300", "2006-12-31": "-0.82600", "2005-12-31": "-7.31400"}, "Net Change In Short-term Investments": {"2019-12-31": "14.23100", "2018-12-31": "4.99700", "2017-12-31": "0.65500", "2016-12-31": "11.07000", "2015-12-31": "", "2014-12-31": "", "2013-12-31": "", "2012-12-31": "", "2011-12-31": "", "2010-12-31": "-6.70300", "2009-12-31": "-1.67100", "2008-12-31": "-6.97600", "2007-12-31": "-5.58900", "2006-12-31": "-1.56500", "2005-12-31": "-2.20500"}, "Net Change In Long-Term Investments": {"2019-12-31": "-0.95800", "2018-12-31": "-0.07000", "2017-12-31": "-0.20200", "2016-12-31": "0.25000", "2015-12-31": "-0.05000", "2014-12-31": "-1.83000", "2013-12-31": "-4.19300", "2012-12-31": "-10.75900", "2011-12-31": "-5.95800", "2010-12-31": "-0.29900", "2009-12-31": "10.04100", "2008-12-31": "0.01700", "2007-12-31": "-2.63700", "2006-12-31": "-6.78700", "2005-12-31": "-5.39000"}, "Net Change In Investments - Total": {"2019-12-31": "13.27300", "2018-12-31": "4.92700", "2017-12-31": "0.45300", "2016-12-31": "11.32000", "2015-12-31": "-0.05000", "2014-12-31": "-1.83000", "2013-12-31": "-4.19300", "2012-12-31": "-10.75900", "2011-12-31": "-5.95800", "2010-12-31": "-7.00200", "2009-12-31": "8.37000", "2008-12-31": "-6.95900", "2007-12-31": "-8.22600", "2006-12-31": "-8.35200", "2005-12-31": "-7.59500"}, "Investing Activities - Other": {"2019-12-31": "-31.24700", "2018-12-31": "-45.26000", "2017-12-31": "-65.61400", "2016-12-31": "-63.55400", "2015-12-31": "-55.14000", "2014-12-31": "-9.84600", "2013-12-31": "7.92500", "2012-12-31": "-20.89900", "2011-12-31": "-5.10100", "2010-12-31": "-0.31900", "2009-12-31": "-0.58400", "2008-12-31": "-0.69500", "2007-12-31": "-0.75200", "2006-12-31": "-0.35900", "2005-12-31": "-0.92900"}, "Cash Flow From Investing Activities": {"2019-12-31": "-251.16700", "2018-12-31": "-321.25200", "2017-12-31": "-90.11500", "2016-12-31": "-98.46700", "2015-12-31": "-99.81000", "2014-12-31": "-17.64600", "2013-12-31": "-29.42200", "2012-12-31": "-47.10100", "2011-12-31": "-20.32900", "2010-12-31": "-32.15500", "2009-12-31": "-3.34900", "2008-12-31": "-20.26500", "2007-12-31": "-21.28400", "2006-12-31": "-17.24400", "2005-12-31": "-24.53100"}, "Net Long-Term Debt": {"2019-12-31": "165.56700", "2018-12-31": "8.43400", "2017-12-31": "-0.66000", "2016-12-31": "-0.98800", "2015-12-31": "-130.32500", "2014-12-31": "-9.85800", "2013-12-31": "-4.84400", "2012-12-31": "539.07800", "2011-12-31": "-0.22200", "2010-12-31": "247.70800", "2009-12-31": "", "2008-12-31": "-100.00000", "2007-12-31": "-0.42200", "2006-12-31": "-0.14600", "2005-12-31": "-0.15000"}, "Net Current Debt": {"2019-12-31": "-72.40000", "2018-12-31": "20.60000", "2017-12-31": "-115.00300", "2016-12-31": "25.79500", "2015-12-31": "158.86700", "2014-12-31": "", "2013-12-31": "-57.00000", "2012-12-31": "57.00000", "2011-12-31": "-0.20000", "2010-12-31": "-277.50000", "2009-12-31": "-6.70000", "2008-12-31": "112.00000", "2007-12-31": "100.19900", "2006-12-31": "-101.50000", "2005-12-31": "-55.12900"}, "Debt Issuance/Retirement Net - Total": {"2019-12-31": "93.16700", "2018-12-31": "29.03400", "2017-12-31": "-115.66300", "2016-12-31": "24.80700", "2015-12-31": "28.54200", "2014-12-31": "-9.85800", "2013-12-31": "-61.84400", "2012-12-31": "596.07800", "2011-12-31": "-0.42200", "2010-12-31": "-29.79200", "2009-12-31": "-6.70000", "2008-12-31": "12.00000", "2007-12-31": "99.77700", "2006-12-31": "-101.64600", "2005-12-31": "-55.27900"}, "Net Common Equity Issued/Repurchased": {"2019-12-31": "-29.22800", "2018-12-31": "-107.31900", "2017-12-31": "4.30000", "2016-12-31": "-22.97500", "2015-12-31": "-65.81700", "2014-12-31": "-67.87400", "2013-12-31": "4.89900", "2012-12-31": "-15.49600", "2011-12-31": "-49.77200", "2010-12-31": "-8.75500", "2009-12-31": "-49.97000", "2008-12-31": "-54.70600", "2007-12-31": "-180.18600", "2006-12-31": "7.13300", "2005-12-31": "-34.94100"}, "Net Total Equity Issued/Repurchased": {"2019-12-31": "-29.22800", "2018-12-31": "-107.31900", "2017-12-31": "4.30000", "2016-12-31": "-22.97500", "2015-12-31": "-65.81700", "2014-12-31": "-67.87400", "2013-12-31": "4.89900", "2012-12-31": "-15.49600", "2011-12-31": "-49.77200", "2010-12-31": "-8.75500", "2009-12-31": "-49.97000", "2008-12-31": "-54.70600", "2007-12-31": "-180.18600", "2006-12-31": "7.13300", "2005-12-31": "-34.94100"}, "Total Common And Preferred Stock Dividends Paid": {"2019-12-31": "-48.08900", "2018-12-31": "-48.71500", "2017-12-31": "-48.65100", "2016-12-31": "-46.18200", "2015-12-31": "-45.21400", "2014-12-31": "-43.52900", "2013-12-31": "-32.79900", "2012-12-31": "-654.09200", "2011-12-31": "-43.74700", "2010-12-31": "-43.80800", "2009-12-31": "-44.27400", "2008-12-31": "-43.14200", "2007-12-31": "-40.13900", "2006-12-31": "-35.38600", "2005-12-31": "-30.24100"}, "Financial Activities - Other": {"2019-12-31": "-28.34500", "2018-12-31": "-2.41700", "2017-12-31": "24.23700", "2016-12-31": "0.26600", "2015-12-31": "-2.16900", "2014-12-31": "", "2013-12-31": "1.46000", "2012-12-31": "-3.20000", "2011-12-31": "-1.12900", "2010-12-31": "-8.83800", "2009-12-31": "5.83400", "2008-12-31": "10.13500", "2007-12-31": "6.20900", "2006-12-31": "12.22200", "2005-12-31": "-0.19300"}, "Cash Flow From Financial Activities": {"2019-12-31": "-12.49500", "2018-12-31": "-129.41700", "2017-12-31": "-135.77700", "2016-12-31": "-44.08400", "2015-12-31": "-84.65800", "2014-12-31": "-121.26100", "2013-12-31": "-88.28400", "2012-12-31": "-76.71000", "2011-12-31": "-95.07000", "2010-12-31": "-91.19300", "2009-12-31": "-95.11000", "2008-12-31": "-75.71300", "2007-12-31": "-114.33900", "2006-12-31": "-117.67700", "2005-12-31": "-120.65400"}, "Net Cash Flow": {"2019-12-31": "7.12400", "2018-12-31": "-208.69400", "2017-12-31": "32.87300", "2016-12-31": "9.02200", "2015-12-31": "-21.43800", "2014-12-31": "47.08400", "2013-12-31": "33.61800", "2012-12-31": "27.12000", "2011-12-31": "15.79800", "2010-12-31": "23.38900", "2009-12-31": "15.19000", "2008-12-31": "6.30300", "2007-12-31": "10.53600", "2006-12-31": "18.92000", "2005-12-31": "-11.59700"}, "Stock-Based Compensation": {"2019-12-31": "", "2018-12-31": "", "2017-12-31": "", "2016-12-31": "15.34600", "2015-12-31": "11.80500", "2014-12-31": "9.70600", "2013-12-31": "11.42200", "2012-12-31": "12.36600", "2011-12-31": "14.51100", "2010-12-31": "9.30400", "2009-12-31": "13.76100", "2008-12-31": "10.91400", "2007-12-31": "11.12400", "2006-12-31": "10.51100", "2005-12-31": "5.28800"}, "Common Stock Dividends Paid": {"2019-12-31": "-48.08900", "2018-12-31": "-48.71500", "2017-12-31": "-48.65100", "2016-12-31": "-46.18200", "2015-12-31": "-45.21400", "2014-12-31": "-43.52900", "2013-12-31": "-32.79900", "2012-12-31": "-654.09200", "2011-12-31": "-43.74700", "2010-12-31": "-43.80800", "2009-12-31": "-44.27400", "2008-12-31": "-43.14200", "2007-12-31": "-40.13900", "2006-12-31": "-35.38600", "2005-12-31": "-30.24100"}}, "cash flow statement, quarterly": {"Net Income/Loss": {"2020-09-30": 14.5, "2020-06-30": -2.441, "2020-03-31": "55.46300", "2019-12-31": 42.169, "2019-09-30": 76.239, "2019-06-30": 74.389, "2019-03-31": "30.08100", "2018-12-31": 31.471, "2018-09-30": 79.959, "2018-06-30": 79.839, "2018-03-31": "25.08600", "2017-12-31": -9.816, "2017-09-30": 57.189, "2017-06-30": 50.685, "2017-03-31": "24.26900", "2016-12-31": -0.838, "2016-09-30": 47.565, "2016-06-30": 38.822, "2016-03-31": "21.16300", "2015-12-31": 29.203, "2015-09-30": 41.419, "2015-06-30": 35.813, "2015-03-31": "21.59400", "2014-12-31": 25.285, "2014-09-30": 39.365, "2014-06-30": 35.4, "2014-03-31": "23.11000", "2013-12-31": 23.443, "2013-09-30": 38.716, "2013-06-30": 31.807, "2013-03-31": "19.74300", "2012-12-31": 20.704, "2012-09-30": 49.05, "2012-06-30": 31.862, "2012-03-31": "19.99700", "2011-12-31": 25.451, "2011-09-30": 42.302, "2011-06-30": 27.578, "2011-03-31": "15.73000", "2010-12-31": 24.143, "2010-09-30": 40.494, "2010-06-30": 27.011, "2010-03-31": "15.79300", "2009-12-31": 23.631, "2009-09-30": 32.808, "2009-06-30": 25.503, "2009-03-31": "16.30800", "2008-12-31": 18.711, "2008-09-30": 35.915, "2008-06-30": 27.008, "2008-03-31": "18.57700", "2007-12-31": 27.947, "2007-09-30": 38.394, "2007-06-30": 28.645, "2007-03-31": "16.31500", "2006-12-31": 24.629, "2006-09-30": 46.357, "2006-06-30": 24.136, "2006-03-31": "17.66500", "2005-12-31": 21.552, "2005-09-30": 32.466, "2005-06-30": 21.548, "2005-03-31": "11.99900"}, "Total Depreciation And Amortization - Cash Flow": {"2020-09-30": 14.576, "2020-06-30": 13.849, "2020-03-31": "14.22100", "2019-12-31": 11.633, "2019-09-30": 11.81, "2019-06-30": 9.849, "2019-03-31": "13.91900", "2018-12-31": 15.569, "2018-09-30": 10.741, "2018-06-30": 10.867, "2018-03-31": "10.27800", "2017-12-31": 8.85, "2017-09-30": 8.783, "2017-06-30": 8.342, "2017-03-31": "8.50500", "2016-12-31": 1.542, "2016-09-30": 2.986, "2016-06-30": 2.956, "2016-03-31": "2.76500", "2015-12-31": 2.749, "2015-09-30": 3.108, "2015-06-30": 2.995, "2015-03-31": "2.69000", "2014-12-31": 2.462, "2014-09-30": 2.293, "2014-06-30": 2.332, "2014-03-31": "2.27800", "2013-12-31": 2.488, "2013-09-30": 2.399, "2013-06-30": 2.52, "2013-03-31": "2.17500", "2012-12-31": 2.237, "2012-09-30": 1.995, "2012-06-30": 1.977, "2012-03-31": "2.01700", "2011-12-31": 2.048, "2011-09-30": 2.073, "2011-06-30": 1.948, "2011-03-31": "1.95500", "2010-12-31": 1.872, "2010-09-30": 2.078, "2010-06-30": 2.22, "2010-03-31": "2.17200", "2009-12-31": 2.084, "2009-09-30": 2.105, "2009-06-30": 2.032, "2009-03-31": "2.11500", "2008-12-31": 2.019, "2008-09-30": 2.038, "2008-06-30": 2.07, "2008-03-31": "2.05700", "2007-12-31": 2.227, "2007-09-30": 2.158, "2007-06-30": 2.137, "2007-03-31": "2.11500", "2006-12-31": 2.37, "2006-09-30": 2.344, "2006-06-30": 2.642, "2006-03-31": "2.34900", "2005-12-31": 2.282, "2005-09-30": 2.188, "2005-06-30": 2.256, "2005-03-31": "2.32500"}, "Other Non-Cash Items": {"2020-09-30": -8.673, "2020-06-30": 15.623, "2020-03-31": "-21.63700", "2019-12-31": 12.807, "2019-09-30": 2.254, "2019-06-30": 2.273, "2019-03-31": "4.95700", "2018-12-31": 1.991, "2018-09-30": -23.876, "2018-06-30": -2.54, "2018-03-31": "5.54200", "2017-12-31": 2.958, "2017-09-30": 59.229, "2017-06-30": 0.736, "2017-03-31": "-2.51400", "2016-12-31": -12.961, "2016-09-30": -6.231, "2016-06-30": 2.762, "2016-03-31": "13.35400", "2015-12-31": 0.99, "2015-09-30": 6.481, "2015-06-30": 7.122, "2015-03-31": "4.51800", "2014-12-31": 0.888, "2014-09-30": -4.043, "2014-06-30": -9.376, "2014-03-31": "4.67800", "2013-12-31": -2.281, "2013-09-30": -4.764, "2013-06-30": 10.346, "2013-03-31": "6.79200", "2012-12-31": 4.826, "2012-09-30": 5.59, "2012-06-30": 4.018, "2012-03-31": "1.65400", "2011-12-31": 8.568, "2011-09-30": 8.383, "2011-06-30": 4.068, "2011-03-31": "4.62800", "2010-12-31": 3.261, "2010-09-30": -1.359, "2010-06-30": 4.665, "2010-03-31": "2.12100", "2009-12-31": 11.187, "2009-09-30": 0.244, "2009-06-30": 1.629, "2009-03-31": "3.65300", "2008-12-31": 16.621, "2008-09-30": 3.65, "2008-06-30": 5.021, "2008-03-31": "7.19400", "2007-12-31": 6.186, "2007-09-30": -1.767, "2007-06-30": -4.204, "2007-03-31": "4.20900", "2006-12-31": -3.871, "2006-09-30": -7.684, "2006-06-30": -0.638, "2006-03-31": "4.16500", "2005-12-31": -4.064, "2005-09-30": -6.862, "2005-06-30": -0.211, "2005-03-31": "2.69600"}, "Total Non-Cash Items": {"2020-09-30": 5.903, "2020-06-30": 29.472, "2020-03-31": "-7.41600", "2019-12-31": 24.44, "2019-09-30": 14.064, "2019-06-30": 12.122, "2019-03-31": "18.87600", "2018-12-31": 17.56, "2018-09-30": -13.135, "2018-06-30": 8.327, "2018-03-31": "15.82000", "2017-12-31": 11.808, "2017-09-30": 68.012, "2017-06-30": 9.078, "2017-03-31": "5.99100", "2016-12-31": -11.419, "2016-09-30": -3.245, "2016-06-30": 5.718, "2016-03-31": "16.11900", "2015-12-31": 3.739, "2015-09-30": 9.589, "2015-06-30": 10.117, "2015-03-31": "7.20800", "2014-12-31": 3.35, "2014-09-30": -1.75, "2014-06-30": -7.044, "2014-03-31": "6.95600", "2013-12-31": 0.207, "2013-09-30": -2.365, "2013-06-30": 12.866, "2013-03-31": "8.96700", "2012-12-31": 7.063, "2012-09-30": 7.585, "2012-06-30": 5.995, "2012-03-31": "3.67100", "2011-12-31": 10.616, "2011-09-30": 10.456, "2011-06-30": 6.016, "2011-03-31": "6.58300", "2010-12-31": 5.133, "2010-09-30": 0.719, "2010-06-30": 6.885, "2010-03-31": "4.29300", "2009-12-31": 13.271, "2009-09-30": 2.349, "2009-06-30": 3.661, "2009-03-31": "5.76800", "2008-12-31": 18.64, "2008-09-30": 5.688, "2008-06-30": 7.091, "2008-03-31": "9.25100", "2007-12-31": 8.413, "2007-09-30": 0.391, "2007-06-30": -2.067, "2007-03-31": "6.32400", "2006-12-31": -1.501, "2006-09-30": -5.34, "2006-06-30": 2.004, "2006-03-31": "6.51400", "2005-12-31": -1.782, "2005-09-30": -4.674, "2005-06-30": 2.045, "2005-03-31": "5.02100"}, "Change In Accounts Receivable": {"2020-09-30": 0, "2020-06-30": 0, "2020-03-31": "", "2019-12-31": 0, "2019-09-30": 0, "2019-06-30": 0, "2019-03-31": "", "2018-12-31": 0, "2018-09-30": 0, "2018-06-30": 0, "2018-03-31": "", "2017-12-31": 0, "2017-09-30": 0, "2017-06-30": 0, "2017-03-31": "", "2016-12-31": 68.209, "2016-09-30": 13.52, "2016-06-30": -27.452, "2016-03-31": "-54.27700", "2015-12-31": 17.666, "2015-09-30": 18.941, "2015-06-30": -18.134, "2015-03-31": "-6.99800", "2014-12-31": 26.239, "2014-09-30": 37.686, "2014-06-30": 1.032, "2014-03-31": "-9.02800", "2013-12-31": 32.015, "2013-09-30": 37.795, "2013-06-30": -20.726, "2013-03-31": "-13.99200", "2012-12-31": 28.995, "2012-09-30": 9.828, "2012-06-30": -7.59, "2012-03-31": "-7.05700", "2011-12-31": 8.757, "2011-09-30": 5.477, "2011-06-30": -12.216, "2011-03-31": "-10.22900", "2010-12-31": 12.53, "2010-09-30": 10.952, "2010-06-30": -16.713, "2010-03-31": "-11.34400", "2009-12-31": 10.123, "2009-09-30": -1.864, "2009-06-30": -15.372, "2009-03-31": "-5.91500", "2008-12-31": 0.513, "2008-09-30": 6.519, "2008-06-30": -7.227, "2008-03-31": "-11.74100", "2007-12-31": 7.485, "2007-09-30": 7.491, "2007-06-30": 0.213, "2007-03-31": "-2.13600", "2006-12-31": 5.741, "2006-09-30": 13.18, "2006-06-30": 2.344, "2006-03-31": "-5.08800", "2005-12-31": 11.716, "2005-09-30": 13.794, "2005-06-30": 0.885, "2005-03-31": "-9.41700"}, "Change In Inventories": {"2020-09-30": 0, "2020-06-30": 0, "2020-03-31": "", "2019-12-31": 0, "2019-09-30": 0, "2019-06-30": 0, "2019-03-31": "", "2018-12-31": 0, "2018-09-30": 0, "2018-06-30": 0, "2018-03-31": "", "2017-12-31": 0, "2017-09-30": 0, "2017-06-30": 0, "2017-03-31": "", "2016-12-31": 0, "2016-09-30": 0, "2016-06-30": 0, "2016-03-31": "", "2015-12-31": 0, "2015-09-30": 0, "2015-06-30": 0, "2015-03-31": "", "2014-12-31": 0, "2014-09-30": 0, "2014-06-30": 0, "2014-03-31": "", "2013-12-31": 0, "2013-09-30": 0, "2013-06-30": 0, "2013-03-31": "", "2012-12-31": 0, "2012-09-30": 0, "2012-06-30": 0, "2012-03-31": "", "2011-12-31": 0, "2011-09-30": 0, "2011-06-30": 0, "2011-03-31": "", "2010-12-31": 0, "2010-09-30": 0, "2010-06-30": 0, "2010-03-31": "", "2009-12-31": 0, "2009-09-30": 0, "2009-06-30": 0, "2009-03-31": "", "2008-12-31": 0, "2008-09-30": 0, "2008-06-30": 0, "2008-03-31": "", "2007-12-31": 0, "2007-09-30": 0, "2007-06-30": 0, "2007-03-31": "", "2006-12-31": 0, "2006-09-30": 0, "2006-06-30": 0, "2006-03-31": "", "2005-12-31": 0, "2005-09-30": 0, "2005-06-30": 0, "2005-03-31": ""}, "Change In Accounts Payable": {"2020-09-30": 0, "2020-06-30": 0, "2020-03-31": "", "2019-12-31": 0, "2019-09-30": 0, "2019-06-30": 0, "2019-03-31": "", "2018-12-31": 0, "2018-09-30": 0, "2018-06-30": 0, "2018-03-31": "", "2017-12-31": 0, "2017-09-30": 0, "2017-06-30": 0, "2017-03-31": "", "2016-12-31": 3.532, "2016-09-30": -14.099, "2016-06-30": 14.547, "2016-03-31": "-3.98000", "2015-12-31": 1.382, "2015-09-30": -11.879, "2015-06-30": 18.142, "2015-03-31": "-1.15200", "2014-12-31": -12.209, "2014-09-30": 13.529, "2014-06-30": 6.236, "2014-03-31": "2.08000", "2013-12-31": 1.024, "2013-09-30": -8.613, "2013-06-30": -0.578, "2013-03-31": "10.47100", "2012-12-31": -5.969, "2012-09-30": -0.35, "2012-06-30": -0.382, "2012-03-31": "6.71200", "2011-12-31": -6.319, "2011-09-30": -1.558, "2011-06-30": 7.801, "2011-03-31": "-1.77500", "2010-12-31": -0.53, "2010-09-30": -2.769, "2010-06-30": 5.749, "2010-03-31": "3.29400", "2009-12-31": -6.218, "2009-09-30": -3.584, "2009-06-30": 19.326, "2009-03-31": "-17.80300", "2008-12-31": 2.923, "2008-09-30": -7.133, "2008-06-30": 4.682, "2008-03-31": "-13.61000", "2007-12-31": 14.005, "2007-09-30": -0.675, "2007-06-30": 0.769, "2007-03-31": "-1.04600", "2006-12-31": 8.909, "2006-09-30": -10.631, "2006-06-30": 2.619, "2006-03-31": "5.78500", "2005-12-31": 3.468, "2005-09-30": -11.654, "2005-06-30": 5.289, "2005-03-31": "4.82000"}, "Change In Assets/Liabilities": {"2020-09-30": 47.825, "2020-06-30": -31.343, "2020-03-31": "-42.28300", "2019-12-31": 12.97, "2019-09-30": 2.935, "2019-06-30": -6.715, "2019-03-31": "-31.01400", "2018-12-31": 47.028, "2018-09-30": 16.199, "2018-06-30": -28.904, "2018-03-31": "-36.35400", "2017-12-31": 90.363, "2017-09-30": -24.29, "2017-06-30": -19.869, "2017-03-31": "-6.04600", "2016-12-31": 11.249, "2016-09-30": 11.321, "2016-06-30": -10.334, "2016-03-31": "25.91400", "2015-12-31": 0.44, "2015-09-30": 1.543, "2015-06-30": -4.32, "2015-03-31": "-15.20800", "2014-12-31": -3.349, "2014-09-30": -3.232, "2014-06-30": -1.708, "2014-03-31": "-1.15300", "2013-12-31": -2.596, "2013-09-30": -7.646, "2013-06-30": -3.49, "2013-03-31": "2.18400", "2012-12-31": -25.8, "2012-09-30": 7.186, "2012-06-30": -9.343, "2012-03-31": "-1.74900", "2011-12-31": -11.043, "2011-09-30": 13.795, "2011-06-30": -10.06, "2011-03-31": "2.22300", "2010-12-31": -3.063, "2010-09-30": 11.4, "2010-06-30": 0.857, "2010-03-31": "0.88800", "2009-12-31": 1.129, "2009-09-30": -1.751, "2009-06-30": 0.195, "2009-03-31": "3.77700", "2008-12-31": -12.369, "2008-09-30": -2.129, "2008-06-30": 2.495, "2008-03-31": "5.67100", "2007-12-31": -2.428, "2007-09-30": -1.699, "2007-06-30": 1.643, "2007-03-31": "8.58400", "2006-12-31": 7.687, "2006-09-30": 4.123, "2006-06-30": 1.85, "2006-03-31": "7.53300", "2005-12-31": 4.46, "2005-09-30": -11.81, "2005-06-30": 5.276, "2005-03-31": "4.44200"}, "Total Change In Assets/Liabilities": {"2020-09-30": 47.825, "2020-06-30": -31.343, "2020-03-31": "-42.28300", "2019-12-31": 12.97, "2019-09-30": 2.935, "2019-06-30": -6.715, "2019-03-31": "-31.01400", "2018-12-31": 47.028, "2018-09-30": 16.199, "2018-06-30": -28.904, "2018-03-31": "-36.35400", "2017-12-31": 90.363, "2017-09-30": -24.29, "2017-06-30": -19.869, "2017-03-31": "-6.04600", "2016-12-31": 75.883, "2016-09-30": 16.228, "2016-06-30": 4.691, "2016-03-31": "-58.65200", "2015-12-31": 28.479, "2015-09-30": 10.107, "2015-06-30": 12.448, "2015-03-31": "-44.63700", "2014-12-31": 20.599, "2014-09-30": 34.931, "2014-06-30": 32.212, "2014-03-31": "-24.80200", "2013-12-31": 23.774, "2013-09-30": 40.151, "2013-06-30": -15.281, "2013-03-31": "-28.11500", "2012-12-31": 3.932, "2012-09-30": 25.523, "2012-06-30": -6.004, "2012-03-31": "-19.25600", "2011-12-31": -10.591, "2011-09-30": 21.084, "2011-06-30": 3.674, "2011-03-31": "-27.53000", "2010-12-31": 7.42, "2010-09-30": 25.422, "2010-06-30": 0.728, "2010-03-31": "-13.10600", "2009-12-31": -4.652, "2009-09-30": -3.565, "2009-06-30": 8.754, "2009-03-31": "-11.62000", "2008-12-31": -25.343, "2008-09-30": 13.036, "2008-06-30": -4.713, "2008-03-31": "-19.46200", "2007-12-31": 9.144, "2007-09-30": 4.231, "2007-06-30": 10.115, "2007-03-31": "-2.18600", "2006-12-31": 14.962, "2006-09-30": 11.945, "2006-06-30": 12.036, "2006-03-31": "0.27300", "2005-12-31": 14.905, "2005-09-30": 7.843, "2005-06-30": 22.818, "2005-03-31": "-0.15300"}, "Cash Flow From Operating Activities": {"2020-09-30": 68.228, "2020-06-30": -4.312, "2020-03-31": "5.76400", "2019-12-31": 79.579, "2019-09-30": 93.238, "2019-06-30": 79.796, "2019-03-31": "17.94300", "2018-12-31": 96.059, "2018-09-30": 83.023, "2018-06-30": 59.262, "2018-03-31": "4.55200", "2017-12-31": 92.355, "2017-09-30": 100.911, "2017-06-30": 39.894, "2017-03-31": "24.21400", "2016-12-31": 63.626, "2016-09-30": 60.548, "2016-06-30": 49.231, "2016-03-31": "-21.37000", "2015-12-31": 61.421, "2015-09-30": 61.115, "2015-06-30": 58.378, "2015-03-31": "-15.83500", "2014-12-31": 49.234, "2014-09-30": 72.546, "2014-06-30": 60.568, "2014-03-31": "5.26400", "2013-12-31": 47.424, "2013-09-30": 76.502, "2013-06-30": 29.392, "2013-03-31": "0.59500", "2012-12-31": 31.699, "2012-09-30": 82.158, "2012-06-30": 31.853, "2012-03-31": "4.41200", "2011-12-31": 25.476, "2011-09-30": 73.842, "2011-06-30": 37.268, "2011-03-31": "-5.21700", "2010-12-31": 36.696, "2010-09-30": 66.635, "2010-06-30": 34.624, "2010-03-31": "6.98000", "2009-12-31": 32.25, "2009-09-30": 31.592, "2009-06-30": 37.918, "2009-03-31": "10.45600", "2008-12-31": 12.008, "2008-09-30": 54.639, "2008-06-30": 29.386, "2008-03-31": "8.36600", "2007-12-31": 45.504, "2007-09-30": 43.016, "2007-06-30": 36.693, "2007-03-31": "20.45300", "2006-12-31": 38.09, "2006-09-30": 52.962, "2006-06-30": 38.176, "2006-03-31": "24.45200", "2005-12-31": 34.675, "2005-09-30": 35.635, "2005-06-30": 46.411, "2005-03-31": "16.86700"}, "Net Change In Property, Plant, And Equipment": {"2020-09-30": -11.082, "2020-06-30": -14.865, "2020-03-31": "-6.22900", "2019-12-31": -11.207, "2019-09-30": -7.958, "2019-06-30": -23.271, "2019-03-31": "-4.32100", "2018-12-31": -13.544, "2018-09-30": -12.517, "2018-06-30": -13.563, "2018-03-31": "-4.99600", "2017-12-31": -4.923, "2017-09-30": -6.827, "2017-06-30": -5.969, "2017-03-31": "-4.71800", "2016-12-31": -4.505, "2016-09-30": -0.012, "2016-06-30": -5.606, "2016-03-31": "-3.60600", "2015-12-31": -5.955, "2015-09-30": -7.192, "2015-06-30": -3.059, "2015-03-31": "-5.21200", "2014-12-31": -9.06, "2014-09-30": -1.176, "2014-06-30": -0.786, "2014-03-31": "5.68800", "2013-12-31": -5.232, "2013-09-30": -5.887, "2013-06-30": -7.94, "2013-03-31": "-14.09500", "2012-12-31": -2.918, "2012-09-30": -6.289, "2012-06-30": -3.107, "2012-03-31": "-3.12900", "2011-12-31": -1.141, "2011-09-30": -3.019, "2011-06-30": -3.275, "2011-03-31": "-1.83500", "2010-12-31": -6.695, "2010-09-30": -5.424, "2010-06-30": -7.691, "2010-03-31": "-4.55800", "2009-12-31": -3.596, "2009-09-30": -2.55, "2009-06-30": -2.921, "2009-03-31": "-2.06800", "2008-12-31": -4.738, "2008-09-30": -2.413, "2008-06-30": -2.854, "2008-03-31": "-2.60600", "2007-12-31": -3.229, "2007-09-30": -2.948, "2007-06-30": -2.766, "2007-03-31": "-3.02000", "2006-12-31": -2.426, "2006-09-30": -1.236, "2006-06-30": -2.852, "2006-03-31": "-1.19300", "2005-12-31": -1.262, "2005-09-30": -1.22, "2005-06-30": -4.924, "2005-03-31": "-1.28700"}, "Net Change In Intangible Assets": {"2020-09-30": -0.382, "2020-06-30": 0.174, "2020-03-31": "-1.00400", "2019-12-31": -3.04, "2019-09-30": -2.622, "2019-06-30": -0.277, "2019-03-31": "-0.76000", "2018-12-31": -0.138, "2018-09-30": -0.336, "2018-06-30": -0.136, "2018-03-31": "-1.19300", "2017-12-31": -0.141, "2017-09-30": -0.148, "2017-06-30": -0.14, "2017-03-31": "-2.08800", "2016-12-31": -2.098, "2016-09-30": -0.16, "2016-06-30": -0.16, "2016-03-31": "-0.16200", "2015-12-31": -0.733, "2015-09-30": 0, "2015-06-30": 0, "2015-03-31": "", "2014-12-31": -0.636, "2014-09-30": 0, "2014-06-30": 0, "2014-03-31": "", "2013-12-31": 0, "2013-09-30": 0, "2013-06-30": 0, "2013-03-31": "", "2012-12-31": 0, "2012-09-30": 0, "2012-06-30": 0, "2012-03-31": "", "2011-12-31": 0, "2011-09-30": 0, "2011-06-30": 0, "2011-03-31": "", "2010-12-31": 0, "2010-09-30": 0, "2010-06-30": 0, "2010-03-31": "", "2009-12-31": 0, "2009-09-30": 0, "2009-06-30": 0, "2009-03-31": "", "2008-12-31": 0, "2008-09-30": 0, "2008-06-30": 0, "2008-03-31": "", "2007-12-31": 0, "2007-09-30": 0, "2007-06-30": 0, "2007-03-31": "", "2006-12-31": 0, "2006-09-30": 0, "2006-06-30": 0, "2006-03-31": "", "2005-12-31": 0, "2005-09-30": 0, "2005-06-30": 0, "2005-03-31": ""}, "Net Acquisitions/Divestitures": {"2020-09-30": 0, "2020-06-30": 0, "2020-03-31": "", "2019-12-31": 0, "2019-09-30": -168.954, "2019-06-30": -10.783, "2019-03-31": "", "2018-12-31": 0, "2018-09-30": -3.179, "2018-06-30": 0, "2018-03-31": "-231.31700", "2017-12-31": 0, "2017-09-30": 0, "2017-06-30": 0, "2017-03-31": "", "2016-12-31": -3.32, "2016-09-30": -1.215, "2016-06-30": 0, "2016-03-31": "-25.38900", "2015-12-31": -0.433, "2015-09-30": -22.036, "2015-06-30": 0, "2015-03-31": "", "2014-12-31": 0, "2014-09-30": 0, "2014-06-30": 0, "2014-03-31": "", "2013-12-31": 0, "2013-09-30": 0, "2013-06-30": 0, "2013-03-31": "", "2012-12-31": 0, "2012-09-30": 0, "2012-06-30": 0, "2012-03-31": "", "2011-12-31": 0, "2011-09-30": 0, "2011-06-30": 0, "2011-03-31": "", "2010-12-31": 0, "2010-09-30": 0, "2010-06-30": 0, "2010-03-31": "-0.46600", "2009-12-31": 0, "2009-09-30": 0, "2009-06-30": 0, "2009-03-31": "", "2008-12-31": 0, "2008-09-30": 0, "2008-06-30": 0, "2008-03-31": "", "2007-12-31": 0, "2007-09-30": 0, "2007-06-30": 0, "2007-03-31": "-0.34300", "2006-12-31": -0.826, "2006-09-30": 0, "2006-06-30": 0, "2006-03-31": "", "2005-12-31": 0.031, "2005-09-30": -7.345, "2005-06-30": 0, "2005-03-31": ""}, "Net Change In Short-term Investments": {"2020-09-30": 5.05, "2020-06-30": 0, "2020-03-31": "0.06300", "2019-12-31": 3.74, "2019-09-30": 5.049, "2019-06-30": 0.346, "2019-03-31": "5.09600", "2018-12-31": 0.25, "2018-09-30": 1.242, "2018-06-30": 3.505, "2018-03-31": "", "2017-12-31": 0.025, "2017-09-30": 0.63, "2017-06-30": 0, "2017-03-31": "", "2016-12-31": 0.03, "2016-09-30": 11.04, "2016-06-30": 0, "2016-03-31": "", "2015-12-31": 0, "2015-09-30": 0, "2015-06-30": 0, "2015-03-31": "", "2014-12-31": 0, "2014-09-30": 0, "2014-06-30": 0, "2014-03-31": "", "2013-12-31": 0, "2013-09-30": 0, "2013-06-30": 0, "2013-03-31": "", "2012-12-31": 0, "2012-09-30": 0, "2012-06-30": -0.151, "2012-03-31": "0.15100", "2011-12-31": 4.305, "2011-09-30": -1.667, "2011-06-30": -1.168, "2011-03-31": "-1.47000", "2010-12-31": -2.857, "2010-09-30": 4.125, "2010-06-30": -7.447, "2010-03-31": "-0.52400", "2009-12-31": -0.13, "2009-09-30": -0.337, "2009-06-30": -0.258, "2009-03-31": "-0.94600", "2008-12-31": -0.933, "2008-09-30": -4.616, "2008-06-30": -0.828, "2008-03-31": "-0.59900", "2007-12-31": -1.198, "2007-09-30": -1.605, "2007-06-30": -2.961, "2007-03-31": "0.17500", "2006-12-31": -0.557, "2006-09-30": -0.09, "2006-06-30": -0.459, "2006-03-31": "-0.45900", "2005-12-31": -0.749, "2005-09-30": -1.007, "2005-06-30": -0.185, "2005-03-31": "-0.26400"}, "Net Change In Long-Term Investments": {"2020-09-30": 0.149, "2020-06-30": -0.184, "2020-03-31": "0.15300", "2019-12-31": -0.407, "2019-09-30": 0.011, "2019-06-30": -0.596, "2019-03-31": "0.03400", "2018-12-31": -0.275, "2018-09-30": 0.424, "2018-06-30": 0.421, "2018-03-31": "-0.64000", "2017-12-31": -0.212, "2017-09-30": -0.348, "2017-06-30": 32.549, "2017-03-31": "-32.19100", "2016-12-31": 0.285, "2016-09-30": -0.031, "2016-06-30": 0.529, "2016-03-31": "-0.53300", "2015-12-31": 3.818, "2015-09-30": -3.219, "2015-06-30": 1.436, "2015-03-31": "-2.08500", "2014-12-31": 13.086, "2014-09-30": -7.391, "2014-06-30": -3.537, "2014-03-31": "-3.98800", "2013-12-31": -2.639, "2013-09-30": -2.057, "2013-06-30": -1.137, "2013-03-31": "1.64000", "2012-12-31": -11.023, "2012-09-30": -1.421, "2012-06-30": -3.624, "2012-03-31": "5.30900", "2011-12-31": -1.873, "2011-09-30": -1.693, "2011-06-30": -0.205, "2011-03-31": "-2.18700", "2010-12-31": 0.079, "2010-09-30": -0.01, "2010-06-30": 0.214, "2010-03-31": "-0.58200", "2009-12-31": -0.559, "2009-09-30": 11.893, "2009-06-30": -0.439, "2009-03-31": "-0.85400", "2008-12-31": 0.068, "2008-09-30": 0.339, "2008-06-30": -0.415, "2008-03-31": "0.02500", "2007-12-31": 1.788, "2007-09-30": -0.275, "2007-06-30": -0.615, "2007-03-31": "-3.53500", "2006-12-31": -1.696, "2006-09-30": -0.694, "2006-06-30": -0.903, "2006-03-31": "-3.49400", "2005-12-31": -0.906, "2005-09-30": -0.81, "2005-06-30": -1.011, "2005-03-31": "-2.66300"}, "Net Change In Investments - Total": {"2020-09-30": 5.199, "2020-06-30": -0.184, "2020-03-31": "0.21600", "2019-12-31": 3.333, "2019-09-30": 5.06, "2019-06-30": -0.25, "2019-03-31": "5.13000", "2018-12-31": -0.025, "2018-09-30": 1.666, "2018-06-30": 3.926, "2018-03-31": "-0.64000", "2017-12-31": -0.187, "2017-09-30": 0.282, "2017-06-30": 32.549, "2017-03-31": "-32.19100", "2016-12-31": 0.315, "2016-09-30": 11.009, "2016-06-30": 0.529, "2016-03-31": "-0.53300", "2015-12-31": 3.818, "2015-09-30": -3.219, "2015-06-30": 1.436, "2015-03-31": "-2.08500", "2014-12-31": 13.086, "2014-09-30": -7.391, "2014-06-30": -3.537, "2014-03-31": "-3.98800", "2013-12-31": -2.639, "2013-09-30": -2.057, "2013-06-30": -1.137, "2013-03-31": "1.64000", "2012-12-31": -11.023, "2012-09-30": -1.421, "2012-06-30": -3.775, "2012-03-31": "5.46000", "2011-12-31": 2.432, "2011-09-30": -3.36, "2011-06-30": -1.373, "2011-03-31": "-3.65700", "2010-12-31": -2.778, "2010-09-30": 4.115, "2010-06-30": -7.233, "2010-03-31": "-1.10600", "2009-12-31": -0.689, "2009-09-30": 11.556, "2009-06-30": -0.697, "2009-03-31": "-1.80000", "2008-12-31": -0.865, "2008-09-30": -4.277, "2008-06-30": -1.243, "2008-03-31": "-0.57400", "2007-12-31": 0.59, "2007-09-30": -1.88, "2007-06-30": -3.576, "2007-03-31": "-3.36000", "2006-12-31": -2.253, "2006-09-30": -0.784, "2006-06-30": -1.362, "2006-03-31": "-3.95300", "2005-12-31": -1.655, "2005-09-30": -1.817, "2005-06-30": -1.196, "2005-03-31": "-2.92700"}, "Investing Activities - Other": {"2020-09-30": 5.262, "2020-06-30": 0.167, "2020-03-31": "-7.80800", "2019-12-31": -20.087, "2019-09-30": -0.425, "2019-06-30": -6.406, "2019-03-31": "-4.32900", "2018-12-31": -7.698, "2018-09-30": -12.793, "2018-06-30": -21.73, "2018-03-31": "-3.03900", "2017-12-31": -6.589, "2017-09-30": -4.279, "2017-06-30": -45.911, "2017-03-31": "-8.83500", "2016-12-31": -22.854, "2016-09-30": -21.752, "2016-06-30": -7.37, "2016-03-31": "-11.57800", "2015-12-31": -33.409, "2015-09-30": -21.361, "2015-06-30": -0.398, "2015-03-31": "0.02800", "2014-12-31": -15.746, "2014-09-30": -1.324, "2014-06-30": 7.897, "2014-03-31": "-0.67300", "2013-12-31": 8.279, "2013-09-30": -0.251, "2013-06-30": -0.021, "2013-03-31": "-0.08200", "2012-12-31": -16.451, "2012-09-30": -0.149, "2012-06-30": -0.472, "2012-03-31": "-3.82700", "2011-12-31": -4.789, "2011-09-30": -0.12, "2011-06-30": -0.097, "2011-03-31": "-0.09500", "2010-12-31": -0.023, "2010-09-30": 0.065, "2010-06-30": -0.237, "2010-03-31": "-0.12400", "2009-12-31": -0.137, "2009-09-30": -0.201, "2009-06-30": -0.172, "2009-03-31": "-0.07400", "2008-12-31": 0.27, "2008-09-30": -0.542, "2008-06-30": -0.156, "2008-03-31": "-0.26700", "2007-12-31": -0.063, "2007-09-30": -0.33, "2007-06-30": -0.059, "2007-03-31": "-0.30000", "2006-12-31": 0.5, "2006-09-30": -0.563, "2006-06-30": -0.068, "2006-03-31": "-0.22800", "2005-12-31": -0.414, "2005-09-30": -0.074, "2005-06-30": -0.175, "2005-03-31": "-0.26600"}, "Cash Flow From Investing Activities": {"2020-09-30": -1.003, "2020-06-30": -14.708, "2020-03-31": "-14.82500", "2019-12-31": -31.001, "2019-09-30": -174.899, "2019-06-30": -40.987, "2019-03-31": "-4.28000", "2018-12-31": -21.405, "2018-09-30": -27.159, "2018-06-30": -31.503, "2018-03-31": "-241.18500", "2017-12-31": -11.84, "2017-09-30": -10.972, "2017-06-30": -19.471, "2017-03-31": "-47.83200", "2016-12-31": -32.462, "2016-09-30": -12.13, "2016-06-30": -12.607, "2016-03-31": "-41.26800", "2015-12-31": -36.712, "2015-09-30": -53.808, "2015-06-30": -2.021, "2015-03-31": "-7.26900", "2014-12-31": -12.356, "2014-09-30": -9.891, "2014-06-30": 3.574, "2014-03-31": "1.02700", "2013-12-31": 0.408, "2013-09-30": -8.195, "2013-06-30": -9.098, "2013-03-31": "-12.53700", "2012-12-31": -30.392, "2012-09-30": -7.859, "2012-06-30": -7.354, "2012-03-31": "-1.49600", "2011-12-31": -3.498, "2011-09-30": -6.499, "2011-06-30": -4.745, "2011-03-31": "-5.58700", "2010-12-31": -9.496, "2010-09-30": -1.244, "2010-06-30": -15.161, "2010-03-31": "-6.25400", "2009-12-31": -4.422, "2009-09-30": 8.805, "2009-06-30": -3.79, "2009-03-31": "-3.94200", "2008-12-31": -5.333, "2008-09-30": -7.232, "2008-06-30": -4.253, "2008-03-31": "-3.44700", "2007-12-31": -2.702, "2007-09-30": -5.158, "2007-06-30": -6.401, "2007-03-31": "-7.02300", "2006-12-31": -5.005, "2006-09-30": -2.583, "2006-06-30": -4.282, "2006-03-31": "-5.37400", "2005-12-31": -3.3, "2005-09-30": -10.456, "2005-06-30": -6.295, "2005-03-31": "-4.48000"}, "Net Long-Term Debt": {"2020-09-30": 249.33, "2020-06-30": -0.13, "2020-03-31": "-33.23900", "2019-12-31": 142.075, "2019-09-30": 3.025, "2019-06-30": 12.099, "2019-03-31": "8.36800", "2018-12-31": 8.383, "2018-09-30": 0.061, "2018-06-30": -0.111, "2018-03-31": "0.10100", "2017-12-31": -0.176, "2017-09-30": -0.175, "2017-06-30": -0.156, "2017-03-31": "-0.15300", "2016-12-31": -0.152, "2016-09-30": -0.213, "2016-06-30": -0.305, "2016-03-31": "-0.31800", "2015-12-31": -0.307, "2015-09-30": -123.849, "2015-06-30": -23.787, "2015-03-31": "17.61800", "2014-12-31": -2.974, "2014-09-30": -2.798, "2014-06-30": -2.034, "2014-03-31": "-2.05200", "2013-12-31": -2.046, "2013-09-30": 1.297, "2013-06-30": -2.049, "2013-03-31": "-2.04600", "2012-12-31": -3.92, "2012-09-30": 149.887, "2012-06-30": 393.277, "2012-03-31": "-0.16600", "2011-12-31": -0.223, "2011-09-30": -0.061, "2011-06-30": 0.067, "2011-03-31": "-0.00500", "2010-12-31": -0.005, "2010-09-30": 247.713, "2010-06-30": 0, "2010-03-31": "", "2009-12-31": 0, "2009-09-30": 0, "2009-06-30": 0, "2009-03-31": "", "2008-12-31": 0, "2008-09-30": 0, "2008-06-30": -100, "2008-03-31": "", "2007-12-31": 0, "2007-09-30": 0, "2007-06-30": -0.386, "2007-03-31": "-0.03600", "2006-12-31": -0.037, "2006-09-30": -0.036, "2006-06-30": -0.036, "2006-03-31": "-0.03700", "2005-12-31": -0.041, "2005-09-30": -0.036, "2005-06-30": -0.037, "2005-03-31": "-0.03600"}, "Net Current Debt": {"2020-09-30": -438, "2020-06-30": 23, "2020-03-31": "396.80000", "2019-12-31": -170.2, "2019-09-30": 88.4, "2019-06-30": -33, "2019-03-31": "42.40000", "2018-12-31": -35.8, "2018-09-30": -12.6, "2018-06-30": -1, "2018-03-31": "70.00000", "2017-12-31": -75.029, "2017-09-30": -63.174, "2017-06-30": 0.4, "2017-03-31": "22.80000", "2016-12-31": -27.019, "2016-09-30": -35.136, "2016-06-30": 8.683, "2016-03-31": "79.26700", "2015-12-31": -3.165, "2015-09-30": 149.032, "2015-06-30": 13, "2015-03-31": "", "2014-12-31": 0, "2014-09-30": 0, "2014-06-30": -15, "2014-03-31": "15.00000", "2013-12-31": -29.5, "2013-09-30": -42.7, "2013-06-30": -2.8, "2013-03-31": "18.00000", "2012-12-31": 40.275, "2012-09-30": 16.725, "2012-06-30": -5.9, "2012-03-31": "5.90000", "2011-12-31": 0, "2011-09-30": 0, "2011-06-30": -8.1, "2011-03-31": "7.90000", "2010-12-31": -6.4, "2010-09-30": -284.5, "2010-06-30": -2.8, "2010-03-31": "16.20000", "2009-12-31": -14.6, "2009-09-30": -11.8, "2009-06-30": -5.7, "2009-03-31": "25.40000", "2008-12-31": 50, "2008-09-30": -29.9, "2008-06-30": 85.1, "2008-03-31": "6.80000", "2007-12-31": -6.001, "2007-09-30": 79.2, "2007-06-30": 15, "2007-03-31": "12.00000", "2006-12-31": -15, "2006-09-30": -36.9, "2006-06-30": -34.8, "2006-03-31": "-14.80000", "2005-12-31": -22.525, "2005-09-30": -8.9, "2005-06-30": -27.801, "2005-03-31": "4.09700"}, "Debt Issuance/Retirement Net - Total": {"2020-09-30": -188.67, "2020-06-30": 22.87, "2020-03-31": "363.56100", "2019-12-31": -28.125, "2019-09-30": 91.425, "2019-06-30": -20.901, "2019-03-31": "50.76800", "2018-12-31": -27.417, "2018-09-30": -12.539, "2018-06-30": -1.111, "2018-03-31": "70.10100", "2017-12-31": -75.205, "2017-09-30": -63.349, "2017-06-30": 0.244, "2017-03-31": "22.64700", "2016-12-31": -27.171, "2016-09-30": -35.349, "2016-06-30": 8.378, "2016-03-31": "78.94900", "2015-12-31": -3.472, "2015-09-30": 25.183, "2015-06-30": -10.787, "2015-03-31": "17.61800", "2014-12-31": -2.974, "2014-09-30": -2.798, "2014-06-30": -17.034, "2014-03-31": "12.94800", "2013-12-31": -31.546, "2013-09-30": -41.403, "2013-06-30": -4.849, "2013-03-31": "15.95400", "2012-12-31": 36.355, "2012-09-30": 166.612, "2012-06-30": 387.377, "2012-03-31": "5.73400", "2011-12-31": -0.223, "2011-09-30": -0.061, "2011-06-30": -8.033, "2011-03-31": "7.89500", "2010-12-31": -6.405, "2010-09-30": -36.787, "2010-06-30": -2.8, "2010-03-31": "16.20000", "2009-12-31": -14.6, "2009-09-30": -11.8, "2009-06-30": -5.7, "2009-03-31": "25.40000", "2008-12-31": 50, "2008-09-30": -29.9, "2008-06-30": -14.9, "2008-03-31": "6.80000", "2007-12-31": -6.001, "2007-09-30": 79.2, "2007-06-30": 14.614, "2007-03-31": "11.96400", "2006-12-31": -15.037, "2006-09-30": -36.936, "2006-06-30": -34.836, "2006-03-31": "-14.83700", "2005-12-31": -22.566, "2005-09-30": -8.936, "2005-06-30": -27.838, "2005-03-31": "4.06100"}, "Net Common Equity Issued/Repurchased": {"2020-09-30": 3.225, "2020-06-30": 1.069, "2020-03-31": "-52.83700", "2019-12-31": -2.977, "2019-09-30": -0.085, "2019-06-30": -3.418, "2019-03-31": "-22.74800", "2018-12-31": -39.208, "2018-09-30": -35.597, "2018-06-30": -13.697, "2018-03-31": "-18.81700", "2017-12-31": 3.388, "2017-09-30": 1.736, "2017-06-30": 1.484, "2017-03-31": "-2.30800", "2016-12-31": 4.181, "2016-09-30": -3.112, "2016-06-30": -19.324, "2016-03-31": "-4.72000", "2015-12-31": -15.748, "2015-09-30": -49.521, "2015-06-30": 0.06, "2015-03-31": "-0.60800", "2014-12-31": -49.101, "2014-09-30": -15.776, "2014-06-30": -0.014, "2014-03-31": "-2.98300", "2013-12-31": 1.906, "2013-09-30": 0.671, "2013-06-30": 0.589, "2013-03-31": "1.73300", "2012-12-31": 2.036, "2012-09-30": 4.196, "2012-06-30": -7.263, "2012-03-31": "-14.46500", "2011-12-31": -28.702, "2011-09-30": -21.675, "2011-06-30": 0.574, "2011-03-31": "0.03100", "2010-12-31": 1.095, "2010-09-30": -1.923, "2010-06-30": 0.361, "2010-03-31": "-8.28800", "2009-12-31": 0.328, "2009-09-30": -18.551, "2009-06-30": -15.15, "2009-03-31": "-16.59700", "2008-12-31": -59.223, "2008-09-30": 0.109, "2008-06-30": 3.059, "2008-03-31": "1.34900", "2007-12-31": -28.53, "2007-09-30": -108.831, "2007-06-30": -25.503, "2007-03-31": "-17.32200", "2006-12-31": 0.297, "2006-09-30": -0.016, "2006-06-30": 4.692, "2006-03-31": "2.16000", "2005-12-31": -20.711, "2005-09-30": -4.642, "2005-06-30": -0.48, "2005-03-31": "-9.10800"}, "Net Total Equity Issued/Repurchased": {"2020-09-30": 3.225, "2020-06-30": 1.069, "2020-03-31": "-52.83700", "2019-12-31": -2.977, "2019-09-30": -0.085, "2019-06-30": -3.418, "2019-03-31": "-22.74800", "2018-12-31": -39.208, "2018-09-30": -35.597, "2018-06-30": -13.697, "2018-03-31": "-18.81700", "2017-12-31": 3.388, "2017-09-30": 1.736, "2017-06-30": 1.484, "2017-03-31": "-2.30800", "2016-12-31": 4.181, "2016-09-30": -3.112, "2016-06-30": -19.324, "2016-03-31": "-4.72000", "2015-12-31": -15.748, "2015-09-30": -49.521, "2015-06-30": 0.06, "2015-03-31": "-0.60800", "2014-12-31": -49.101, "2014-09-30": -15.776, "2014-06-30": -0.014, "2014-03-31": "-2.98300", "2013-12-31": 1.906, "2013-09-30": 0.671, "2013-06-30": 0.589, "2013-03-31": "1.73300", "2012-12-31": 2.036, "2012-09-30": 4.196, "2012-06-30": -7.263, "2012-03-31": "-14.46500", "2011-12-31": -28.702, "2011-09-30": -21.675, "2011-06-30": 0.574, "2011-03-31": "0.03100", "2010-12-31": 1.095, "2010-09-30": -1.923, "2010-06-30": 0.361, "2010-03-31": "-8.28800", "2009-12-31": 0.328, "2009-09-30": -18.551, "2009-06-30": -15.15, "2009-03-31": "-16.59700", "2008-12-31": -59.223, "2008-09-30": 0.109, "2008-06-30": 3.059, "2008-03-31": "1.34900", "2007-12-31": -28.53, "2007-09-30": -108.831, "2007-06-30": -25.503, "2007-03-31": "-17.32200", "2006-12-31": 0.297, "2006-09-30": -0.016, "2006-06-30": 4.692, "2006-03-31": "2.16000", "2005-12-31": -20.711, "2005-09-30": -4.642, "2005-06-30": -0.48, "2005-03-31": "-9.10800"}, "Total Common And Preferred Stock Dividends Paid": {"2020-09-30": -0.046, "2020-06-30": -12.437, "2020-03-31": "-12.79100", "2019-12-31": -11.986, "2019-09-30": -11.972, "2019-06-30": -11.968, "2019-03-31": "-12.16300", "2018-12-31": -12.087, "2018-09-30": -12.174, "2018-06-30": -12.189, "2018-03-31": "-12.26500", "2017-12-31": -12.168, "2017-09-30": -12.15, "2017-06-30": -12.194, "2017-03-31": "-12.13900", "2016-12-31": -11.492, "2016-09-30": -11.497, "2016-06-30": -11.581, "2016-03-31": "-11.61200", "2015-12-31": -11.041, "2015-09-30": -11.233, "2015-06-30": -11.23, "2015-03-31": "-11.71000", "2014-12-31": -10.762, "2014-09-30": -10.81, "2014-06-30": -11.173, "2014-03-31": "-10.78400", "2013-12-31": -10.773, "2013-09-30": -10.765, "2013-06-30": -10.758, "2013-03-31": "-0.50300", "2012-12-31": -21.341, "2012-09-30": -611.355, "2012-06-30": -10.683, "2012-03-31": "-10.71300", "2011-12-31": -10.824, "2011-09-30": -11.001, "2011-06-30": -10.972, "2011-03-31": "-10.95000", "2010-12-31": -10.924, "2010-09-30": -10.96, "2010-06-30": -10.979, "2010-03-31": "-10.94500", "2009-12-31": -10.939, "2009-09-30": -11.014, "2009-06-30": -11.164, "2009-03-31": "-11.15700", "2008-12-31": -11.516, "2008-09-30": -10.613, "2008-06-30": -10.529, "2008-03-31": "-10.48400", "2007-12-31": -10.617, "2007-09-30": -9.771, "2007-06-30": -9.856, "2007-03-31": "-9.89500", "2006-12-31": -9.892, "2006-09-30": -8.569, "2006-06-30": -8.489, "2006-03-31": "-8.43600", "2005-12-31": -8.428, "2005-09-30": -7.319, "2005-06-30": -7.259, "2005-03-31": "-7.23500"}, "Financial Activities - Other": {"2020-09-30": -4.128, "2020-06-30": -0.492, "2020-03-31": "", "2019-12-31": -3.636, "2019-09-30": -0.3, "2019-06-30": 0, "2019-03-31": "-24.40900", "2018-12-31": 0, "2018-09-30": -1.676, "2018-06-30": 0.173, "2018-03-31": "-0.91400", "2017-12-31": 0, "2017-09-30": 24.237, "2017-06-30": 0, "2017-03-31": "", "2016-12-31": 0.55, "2016-09-30": -0.284, "2016-06-30": 0, "2016-03-31": "", "2015-12-31": 0, "2015-09-30": -2.169, "2015-06-30": -4.473, "2015-03-31": "4.47300", "2014-12-31": -2.297, "2014-09-30": 0.978, "2014-06-30": 0.295, "2014-03-31": "1.02400", "2013-12-31": 0.244, "2013-09-30": 0.07, "2013-06-30": 0.194, "2013-03-31": "0.95200", "2012-12-31": 0.76, "2012-09-30": -4.448, "2012-06-30": 0.066, "2012-03-31": "0.42200", "2011-12-31": 0.119, "2011-09-30": 0.047, "2011-06-30": 0.078, "2011-03-31": "-1.37300", "2010-12-31": 0.298, "2010-09-30": -9.148, "2010-06-30": -0.037, "2010-03-31": "0.04900", "2009-12-31": 1.46, "2009-09-30": 2.341, "2009-06-30": 1.339, "2009-03-31": "0.69400", "2008-12-31": 5.482, "2008-09-30": 0.35, "2008-06-30": 2.218, "2008-03-31": "2.08500", "2007-12-31": 1.339, "2007-09-30": 1.105, "2007-06-30": 2.403, "2007-03-31": "1.36200", "2006-12-31": 0.149, "2006-09-30": 0.562, "2006-06-30": 6.461, "2006-03-31": "5.05000", "2005-12-31": 0, "2005-09-30": 0, "2005-06-30": -0.193, "2005-03-31": ""}, "Cash Flow From Financial Activities": {"2020-09-30": -189.619, "2020-06-30": 11.01, "2020-03-31": "297.93300", "2019-12-31": -46.724, "2019-09-30": 79.068, "2019-06-30": -36.287, "2019-03-31": "-8.55200", "2018-12-31": -78.712, "2018-09-30": -61.986, "2018-06-30": -26.824, "2018-03-31": "38.10500", "2017-12-31": -83.985, "2017-09-30": -49.526, "2017-06-30": -10.466, "2017-03-31": "8.20000", "2016-12-31": -33.932, "2016-09-30": -50.242, "2016-06-30": -22.527, "2016-03-31": "62.61700", "2015-12-31": -30.261, "2015-09-30": -37.74, "2015-06-30": -26.43, "2015-03-31": "9.77300", "2014-12-31": -65.134, "2014-09-30": -28.406, "2014-06-30": -27.926, "2014-03-31": "0.20500", "2013-12-31": -40.169, "2013-09-30": -51.427, "2013-06-30": -14.824, "2013-03-31": "18.13600", "2012-12-31": 17.81, "2012-09-30": -444.995, "2012-06-30": 369.497, "2012-03-31": "-19.02200", "2011-12-31": -39.63, "2011-09-30": -32.69, "2011-06-30": -18.353, "2011-03-31": "-4.39700", "2010-12-31": -15.936, "2010-09-30": -58.818, "2010-06-30": -13.455, "2010-03-31": "-2.98400", "2009-12-31": -23.751, "2009-09-30": -39.024, "2009-06-30": -30.675, "2009-03-31": "-1.66000", "2008-12-31": -15.257, "2008-09-30": -40.054, "2008-06-30": -20.152, "2008-03-31": "-0.25000", "2007-12-31": -43.809, "2007-09-30": -38.297, "2007-06-30": -18.342, "2007-03-31": "-13.89100", "2006-12-31": -24.483, "2006-09-30": -44.959, "2006-06-30": -32.172, "2006-03-31": "-16.06300", "2005-12-31": -51.705, "2005-09-30": -20.897, "2005-06-30": -35.77, "2005-03-31": "-12.28200"}, "Net Cash Flow": {"2020-09-30": -122.172, "2020-06-30": -7.815, "2020-03-31": "288.18800", "2019-12-31": 2.197, "2019-09-30": -2.838, "2019-06-30": 2.597, "2019-03-31": "5.16800", "2018-12-31": -4.274, "2018-09-30": -6.232, "2018-06-30": 0.314, "2018-03-31": "-198.50200", "2017-12-31": -3.512, "2017-09-30": 40.891, "2017-06-30": 10.485, "2017-03-31": "-14.99100", "2016-12-31": -3.49, "2016-09-30": -1.935, "2016-06-30": 13.816, "2016-03-31": "0.63100", "2015-12-31": -5.82, "2015-09-30": -31.389, "2015-06-30": 30.106, "2015-03-31": "-14.33500", "2014-12-31": -29.513, "2014-09-30": 32.85, "2014-06-30": 36.664, "2014-03-31": "7.08300", "2013-12-31": 6.657, "2013-09-30": 17.348, "2013-06-30": 3.565, "2013-03-31": "6.04800", "2012-12-31": 19.113, "2012-09-30": -370.326, "2012-06-30": 394.078, "2012-03-31": "-15.74500", "2011-12-31": -17.677, "2011-09-30": 33.773, "2011-06-30": 14.556, "2011-03-31": "-14.85400", "2010-12-31": 11.711, "2010-09-30": 8.622, "2010-06-30": 5.333, "2010-03-31": "-2.27700", "2009-12-31": 4.225, "2009-09-30": 1.835, "2009-06-30": 4.415, "2009-03-31": "4.71500", "2008-12-31": -9.847, "2008-09-30": 5.982, "2008-06-30": 5.227, "2008-03-31": "4.94100", "2007-12-31": -0.977, "2007-09-30": 0.024, "2007-06-30": 11.95, "2007-03-31": "-0.46100", "2006-12-31": 8.763, "2006-09-30": 5.42, "2006-06-30": 1.722, "2006-03-31": "3.01500", "2005-12-31": -20.33, "2005-09-30": 4.282, "2005-06-30": 4.346, "2005-03-31": "0.10500"}, "Stock-Based Compensation": {"2020-09-30": 4.29, "2020-06-30": 3.033, "2020-03-31": "-2.57500", "2019-12-31": -12.433, "2019-09-30": 4.26, "2019-06-30": 4.184, "2019-03-31": "3.98900", "2018-12-31": -11.455, "2018-09-30": 3.739, "2018-06-30": 3.929, "2018-03-31": "3.78700", "2017-12-31": -20.215, "2017-09-30": 12.133, "2017-06-30": 4.61, "2017-03-31": "3.47200", "2016-12-31": 4.309, "2016-09-30": 3.071, "2016-06-30": 4.612, "2016-03-31": "3.35400", "2015-12-31": 2.876, "2015-09-30": 3.53, "2015-06-30": 2.89, "2015-03-31": "2.50900", "2014-12-31": 1.613, "2014-09-30": 3.382, "2014-06-30": 1.836, "2014-03-31": "2.87500", "2013-12-31": 2.787, "2013-09-30": 3.069, "2013-06-30": 3.03, "2013-03-31": "2.53600", "2012-12-31": 5.06, "2012-09-30": 2.438, "2012-06-30": 2.325, "2012-03-31": "2.54300", "2011-12-31": 4.249, "2011-09-30": 2.826, "2011-06-30": 2.923, "2011-03-31": "4.51300", "2010-12-31": 2.335, "2010-09-30": 1.672, "2010-06-30": 2.627, "2010-03-31": "2.67000", "2009-12-31": 4.965, "2009-09-30": 2.195, "2009-06-30": 4.195, "2009-03-31": "2.40600", "2008-12-31": 0.925, "2008-09-30": 2.25, "2008-06-30": 4.446, "2008-03-31": "3.29300", "2007-12-31": 2.044, "2007-09-30": 2.189, "2007-06-30": 2.193, "2007-03-31": "4.69800", "2006-12-31": 2.261, "2006-09-30": 2.7, "2006-06-30": 2.181, "2006-03-31": "3.36900", "2005-12-31": 1.411, "2005-09-30": 1.316, "2005-06-30": 1.379, "2005-03-31": "1.18200"}, "Common Stock Dividends Paid": {"2020-09-30": -0.046, "2020-06-30": -12.437, "2020-03-31": "-12.79100", "2019-12-31": -11.986, "2019-09-30": -11.972, "2019-06-30": -11.968, "2019-03-31": "-12.16300", "2018-12-31": -12.087, "2018-09-30": -12.174, "2018-06-30": -12.189, "2018-03-31": "-12.26500", "2017-12-31": -12.168, "2017-09-30": -12.15, "2017-06-30": -12.194, "2017-03-31": "-12.13900", "2016-12-31": -11.492, "2016-09-30": -11.497, "2016-06-30": -11.581, "2016-03-31": "-11.61200", "2015-12-31": -11.041, "2015-09-30": -11.233, "2015-06-30": -11.23, "2015-03-31": "-11.71000", "2014-12-31": -10.762, "2014-09-30": -10.81, "2014-06-30": -11.173, "2014-03-31": "-10.78400", "2013-12-31": -10.773, "2013-09-30": -10.765, "2013-06-30": -10.758, "2013-03-31": "-0.50300", "2012-12-31": -21.341, "2012-09-30": -611.355, "2012-06-30": -10.683, "2012-03-31": "-10.71300", "2011-12-31": -10.824, "2011-09-30": -11.001, "2011-06-30": -10.972, "2011-03-31": "-10.95000", "2010-12-31": -10.924, "2010-09-30": -10.96, "2010-06-30": -10.979, "2010-03-31": "-10.94500", "2009-12-31": -10.939, "2009-09-30": -11.014, "2009-06-30": -11.164, "2009-03-31": "-11.15700", "2008-12-31": -11.516, "2008-09-30": -10.613, "2008-06-30": -10.529, "2008-03-31": "-10.48400", "2007-12-31": -10.617, "2007-09-30": -9.771, "2007-06-30": -9.856, "2007-03-31": "-9.89500", "2006-12-31": -9.892, "2006-09-30": -8.569, "2006-06-30": -8.489, "2006-03-31": "-8.43600", "2005-12-31": -8.428, "2005-09-30": -7.319, "2005-06-30": -7.259, "2005-03-31": "-7.23500"}}, "financial ratios": {"Current Ratio": {"2019-12-31": "0.72600", "2018-12-31": "0.76560", "2017-12-31": "1.40670", "2016-12-31": "1.30800", "2015-12-31": "1.49490", "2014-12-31": "1.62630", "2013-12-31": "1.76080", "2012-12-31": "1.60520", "2011-12-31": "1.05540", "2010-12-31": "0.98990", "2009-12-31": "0.97010", "2008-12-31": "0.89000", "2007-12-31": "0.71820", "2006-12-31": "0.62290", "2005-12-31": "0.52360"}, "Long-term Debt / Capital": {"2019-12-31": "1.02870", "2018-12-31": "1.32260", "2017-12-31": "1.55410", "2016-12-31": "1.58960", "2015-12-31": "1.94930", "2014-12-31": "2.24680", "2013-12-31": "2.36980", "2012-12-31": "2.74590", "2011-12-31": "1.11290", "2010-12-31": "1.30010", "2009-12-31": "1.69860", "2008-12-31": "1.93830", "2007-12-31": "2.36200", "2006-12-31": "1.56700", "2005-12-31": "2.56540"}, "Debt/Equity Ratio": {"2019-12-31": "-36.22190", "2018-12-31": "-4.10620", "2017-12-31": "-2.80940", "2016-12-31": "-2.69990", "2015-12-31": "-2.05640", "2014-12-31": "-1.83090", "2013-12-31": "-1.75230", "2012-12-31": "-1.58800", "2011-12-31": "-9.88640", "2010-12-31": "-4.34250", "2009-12-31": "-2.43140", "2008-12-31": "-2.06580", "2007-12-31": "-1.73420", "2006-12-31": "-2.76590", "2005-12-31": "-1.63970"}, "Gross Margin": {"2019-12-31": "98.70400", "2018-12-31": "100.00000", "2017-12-31": "100.00000", "2016-12-31": "100.00000", "2015-12-31": "100.00000", "2014-12-31": "100.00000", "2013-12-31": "100.00000", "2012-12-31": "100.00000", "2011-12-31": "100.00000", "2010-12-31": "99.46550", "2009-12-31": "99.44110", "2008-12-31": "99.46480", "2007-12-31": "99.47340", "2006-12-31": "99.40840", "2005-12-31": "99.31690"}, "Operating Margin": {"2019-12-31": "28.58240", "2018-12-31": "30.58420", "2017-12-31": "30.77170", "2016-12-31": "23.15300", "2015-12-31": "26.20360", "2014-12-31": "28.30820", "2013-12-31": "27.08180", "2012-12-31": "27.93020", "2011-12-31": "26.93040", "2010-12-31": "26.97000", "2009-12-31": "26.24580", "2008-12-31": "27.20920", "2007-12-31": "30.08950", "2006-12-31": "30.86200", "2005-12-31": "30.44920"}, "EBIT Margin": {"2019-12-31": "28.58240", "2018-12-31": "30.58420", "2017-12-31": "30.77170", "2016-12-31": "23.15300", "2015-12-31": "26.20360", "2014-12-31": "28.30820", "2013-12-31": "27.08180", "2012-12-31": "27.93020", "2011-12-31": "26.93040", "2010-12-31": "26.97000", "2009-12-31": "26.24580", "2008-12-31": "27.20920", "2007-12-31": "30.08950", "2006-12-31": "30.86200", "2005-12-31": "30.44920"}, "EBITDA Margin": {"2019-12-31": "32.81720", "2018-12-31": "35.14140", "2017-12-31": "34.43470", "2016-12-31": "24.42160", "2015-12-31": "27.54590", "2014-12-31": "29.54380", "2013-12-31": "28.40410", "2012-12-31": "29.11760", "2011-12-31": "28.18300", "2010-12-31": "28.36950", "2009-12-31": "27.72330", "2008-12-31": "28.48460", "2007-12-31": "31.49280", "2006-12-31": "32.65960", "2005-12-31": "32.36640"}, "Pre-Tax Profit Margin": {"2019-12-31": "24.21280", "2018-12-31": "26.24190", "2017-12-31": "26.47590", "2016-12-31": "18.33620", "2015-12-31": "21.39660", "2014-12-31": "22.92410", "2013-12-31": "21.89640", "2012-12-31": "24.46930", "2011-12-31": "24.77530", "2010-12-31": "26.54210", "2009-12-31": "26.69970", "2008-12-31": "24.51660", "2007-12-31": "28.25150", "2006-12-31": "28.76040", "2005-12-31": "27.69380"}, "Net Profit Margin": {"2019-12-31": "19.87100", "2018-12-31": "20.65750", "2017-12-31": "12.90580", "2016-12-31": "13.11600", "2015-12-31": "14.88920", "2014-12-31": "16.24870", "2013-12-31": "15.53610", "2012-12-31": "17.37070", "2011-12-31": "17.16430", "2010-12-31": "17.83870", "2009-12-31": "17.25410", "2008-12-31": "15.48650", "2007-12-31": "18.08320", "2006-12-31": "20.89020", "2005-12-31": "18.54810"}, "Asset Turnover": {"2019-12-31": "0.80400", "2018-12-31": "0.91470", "2017-12-31": "0.94580", "2016-12-31": "0.94770", "2015-12-31": "1.19930", "2014-12-31": "1.18820", "2013-12-31": "1.30230", "2012-12-31": "1.30240", "2011-12-31": "1.43090", "2010-12-31": "1.44780", "2009-12-31": "1.65920", "2008-12-31": "1.95500", "2007-12-31": "1.87430", "2006-12-31": "1.78000", "2005-12-31": "1.77970"}, "Inventory Turnover Ratio": {"2019-12-31": "", "2018-12-31": "", "2017-12-31": "", "2016-12-31": "", "2015-12-31": "", "2014-12-31": "", "2013-12-31": "", "2012-12-31": "", "2011-12-31": "", "2010-12-31": "", "2009-12-31": "", "2008-12-31": "", "2007-12-31": "", "2006-12-31": "", "2005-12-31": ""}, "Receiveable Turnover": {"2019-12-31": "7.30110", "2018-12-31": "7.02920", "2017-12-31": "7.47830", "2016-12-31": "7.50480", "2015-12-31": "9.06680", "2014-12-31": "8.13810", "2013-12-31": "8.79590", "2012-12-31": "8.42730", "2011-12-31": "12.08410", "2010-12-31": "12.51260", "2009-12-31": "13.46550", "2008-12-31": "13.85260", "2007-12-31": "14.46420", "2006-12-31": "12.94920", "2005-12-31": "12.70620"}, "Days Sales In Receivables": {"2019-12-31": "49.99250", "2018-12-31": "51.92630", "2017-12-31": "48.80770", "2016-12-31": "48.63540", "2015-12-31": "40.25670", "2014-12-31": "44.85100", "2013-12-31": "41.49660", "2012-12-31": "43.31140", "2011-12-31": "30.20500", "2010-12-31": "29.17060", "2009-12-31": "27.10630", "2008-12-31": "26.34890", "2007-12-31": "25.23480", "2006-12-31": "28.18710", "2005-12-31": "28.72620"}, "ROE - Return On Equity": {"2019-12-31": "-947.97090", "2018-12-31": "-117.73010", "2017-12-31": "-47.30340", "2016-12-31": "-34.27410", "2015-12-31": "-32.33880", "2014-12-31": "-28.32850", "2013-12-31": "-25.02920", "2012-12-31": "-22.51570", "2011-12-31": "-433.60180", "2010-12-31": "-185.01650", "2009-12-31": "-86.02430", "2008-12-31": "-72.79070", "2007-12-31": "-70.86480", "2006-12-31": "-180.80640", "2005-12-31": "-52.37890"}, "Return On Tangible Equity": {"2019-12-31": "-47.10730", "2018-12-31": "-34.67470", "2017-12-31": "-27.81110", "2016-12-31": "-26.28430", "2015-12-31": "-26.27990", "2014-12-31": "-24.12450", "2013-12-31": "-21.44190", "2012-12-31": "-19.62670", "2011-12-31": "-101.84890", "2010-12-31": "-74.12940", "2009-12-31": "-48.02430", "2008-12-31": "-43.33520", "2007-12-31": "-43.67260", "2006-12-31": "-68.89780", "2005-12-31": "-32.27950"}, "ROA - Return On Assets": {"2019-12-31": "16.07290", "2018-12-31": "19.00570", "2017-12-31": "12.29180", "2016-12-31": "12.51800", "2015-12-31": "17.85600", "2014-12-31": "19.04210", "2013-12-31": "20.37120", "2012-12-31": "22.80080", "2011-12-31": "24.75670", "2010-12-31": "26.09550", "2009-12-31": "28.89390", "2008-12-31": "30.53180", "2007-12-31": "33.89360", "2006-12-31": "37.18550", "2005-12-31": "33.00960"}, "ROI - Return On Investment": {"2019-12-31": "27.16070", "2018-12-31": "37.97420", "2017-12-31": "26.21160", "2016-12-31": "20.20830", "2015-12-31": "30.69900", "2014-12-31": "35.31930", "2013-12-31": "34.28610", "2012-12-31": "39.31060", "2011-12-31": "48.93920", "2010-12-31": "55.52990", "2009-12-31": "60.09620", "2008-12-31": "68.29620", "2007-12-31": "96.51740", "2006-12-31": "102.52430", "2005-12-31": "81.99280"}, "Book Value Per Share": {"2019-12-31": "-0.42210", "2018-12-31": "-3.30060", "2017-12-31": "-4.56250", "2016-12-31": "-5.53020", "2015-12-31": "-7.02730", "2014-12-31": "-7.47850", "2013-12-31": "-7.72300", "2012-12-31": "-9.25960", "2011-12-31": "-0.43860", "2010-12-31": "-0.97460", "2009-12-31": "-1.91820", "2008-12-31": "-2.26790", "2007-12-31": "-2.52950", "2006-12-31": "-0.94010", "2005-12-31": "-2.56330"}, "Operating Cash Flow Per Share": {"2019-12-31": 0.5688, "2018-12-31": -0.2618, "2017-12-31": 1.8458, "2016-12-31": -0.1749, "2015-12-31": -0.3382, "2014-12-31": 0.5821, "2013-12-31": 0.0345, "2012-12-31": 0.3748, "2011-12-31": -0.2257, "2010-12-31": 0.5742, "2009-12-31": 0.2095, "2008-12-31": -0.5438, "2007-12-31": -0.0771, "2006-12-31": 0.2782, "2005-12-31": 2.0138}, "Free Cash Flow Per Share": {"2019-12-31": 0.5172, "2018-12-31": -0.6533, "2017-12-31": 1.6934, "2016-12-31": -0.0455, "2015-12-31": -0.6205, "2014-12-31": 1.0588, "2013-12-31": -0.2659, "2012-12-31": 0.2642, "2011-12-31": 0.0297, "2010-12-31": 0.3481, "2009-12-31": 0.2248, "2008-12-31": -0.5638, "2007-12-31": -0.1441, "2006-12-31": 0.2943, "2005-12-31": 1.8828}}, "financial ratios, quarterly": {"Current Ratio": {"2020-09-30": "1.64630", "2020-06-30": "2.39780", "2020-03-31": "2.08000", "2019-12-31": "0.72600", "2019-09-30": "0.82280", "2019-06-30": "0.86250", "2019-03-31": "0.82490", "2018-12-31": "0.76560", "2018-09-30": "0.93690", "2018-06-30": "0.98770", "2018-03-31": "0.86100", "2017-12-31": "1.40670", "2017-09-30": "1.66760", "2017-06-30": "1.37580", "2017-03-31": "1.25100", "2016-12-31": "1.30800", "2016-09-30": "1.43880", "2016-06-30": "1.45800", "2016-03-31": "1.53460", "2015-12-31": "1.49490", "2015-09-30": "1.88120", "2015-06-30": "1.97130", "2015-03-31": "1.96420", "2014-12-31": "1.62630", "2014-09-30": "2.03260", "2014-06-30": "1.91870", "2014-03-31": "2.01970", "2013-12-31": "1.76080", "2013-09-30": "1.79650", "2013-06-30": "1.41550", "2013-03-31": "1.31030", "2012-12-31": "1.60520", "2012-09-30": "1.03620", "2012-06-30": "3.21270", "2012-03-31": "1.01200", "2011-12-31": "1.05540", "2011-09-30": "1.15380", "2011-06-30": "1.03920", "2011-03-31": "0.98750", "2010-12-31": "0.98990", "2010-09-30": "0.93480", "2010-06-30": "0.34020", "2010-03-31": "0.95430", "2009-12-31": "0.97010", "2009-09-30": "0.91010", "2009-06-30": "0.84680", "2009-03-31": "0.91540", "2008-12-31": "0.89000", "2008-09-30": "0.95030", "2008-06-30": "0.88980", "2008-03-31": "0.80950", "2007-12-31": "0.71820", "2007-09-30": "0.79400", "2007-06-30": "0.76940", "2007-03-31": "0.59980", "2006-12-31": "0.62290", "2006-09-30": "0.62780", "2006-06-30": "0.55390", "2006-03-31": "0.47810", "2005-12-31": "0.52360", "2005-09-30": "0.71590", "2005-06-30": "0.68250", "2005-03-31": "0.75840"}, "Long-term Debt / Capital": {"2020-09-30": "1.02060", "2020-06-30": "1.03590", "2020-03-31": "1.03760", "2019-12-31": "1.02870", "2019-09-30": "1.06930", "2019-06-30": "1.18540", "2019-03-31": "1.29950", "2018-12-31": "1.32260", "2018-09-30": "1.27400", "2018-06-30": "1.34500", "2018-03-31": "1.48510", "2017-12-31": "1.55410", "2017-09-30": "1.33420", "2017-06-30": "1.41390", "2017-03-31": "1.51320", "2016-12-31": "1.58960", "2016-09-30": "1.63810", "2016-06-30": "1.70860", "2016-03-31": "1.76170", "2015-12-31": "1.94930", "2015-09-30": "1.96490", "2015-06-30": "1.92980", "2015-03-31": "2.07090", "2014-12-31": "2.24680", "2014-09-30": "2.05100", "2014-06-30": "2.13010", "2014-03-31": "2.23230", "2013-12-31": "2.36980", "2013-09-30": "2.35490", "2013-06-30": "2.53740", "2013-03-31": "2.66570", "2012-12-31": "2.74590", "2012-09-30": "3.37730", "2012-06-30": "1.01760", "2012-03-31": "1.11300", "2011-12-31": "1.11290", "2011-09-30": "1.06070", "2011-06-30": "1.12470", "2011-03-31": "1.23240", "2010-12-31": "1.30010", "2010-09-30": "1.42870", "2010-06-30": "", "2010-03-31": "1.64240", "2009-12-31": "1.69860", "2009-09-30": "1.83390", "2009-06-30": "1.86860", "2009-03-31": "1.89370", "2008-12-31": "1.93830", "2008-09-30": "1.62900", "2008-06-30": "1.77260", "2008-03-31": "2.03220", "2007-12-31": "2.36200", "2007-09-30": "2.23180", "2007-06-30": "1.56450", "2007-03-31": "1.61900", "2006-12-31": "1.56700", "2006-09-30": "1.71770", "2006-06-30": "2.11020", "2006-03-31": "2.45370", "2005-12-31": "2.56540", "2005-09-30": "2.25350", "2005-06-30": "2.54680", "2005-03-31": "2.58020"}, "Debt/Equity Ratio": {"2020-09-30": "-49.77040", "2020-06-30": "-28.98800", "2020-03-31": "-27.73480", "2019-12-31": "-36.22190", "2019-09-30": "-15.44640", "2019-06-30": "-6.39810", "2019-03-31": "-4.34460", "2018-12-31": "-4.10620", "2018-09-30": "-4.65570", "2018-06-30": "-3.90400", "2018-03-31": "-3.06640", "2017-12-31": "-2.80940", "2017-09-30": "-3.99890", "2017-06-30": "-3.42130", "2017-03-31": "-2.95270", "2016-12-31": "-2.69990", "2016-09-30": "-2.56910", "2016-06-30": "-2.41340", "2016-03-31": "-2.31550", "2015-12-31": "-2.05640", "2015-09-30": "-2.04060", "2015-06-30": "-2.07840", "2015-03-31": "-1.96370", "2014-12-31": "-1.83090", "2014-09-30": "-1.98160", "2014-06-30": "-1.91390", "2014-03-31": "-1.83660", "2013-12-31": "-1.75230", "2013-09-30": "-1.75750", "2013-06-30": "-1.66620", "2013-03-31": "-1.61560", "2012-12-31": "-1.58800", "2012-09-30": "-1.43830", "2012-06-30": "-58.02720", "2012-03-31": "-9.87390", "2011-12-31": "-9.88640", "2011-09-30": "-17.52030", "2011-06-30": "-9.03650", "2011-03-31": "-5.31340", "2010-12-31": "-4.34250", "2010-09-30": "-3.42420", "2010-06-30": "-2.99990", "2010-03-31": "-2.55670", "2009-12-31": "-2.43140", "2009-09-30": "-2.19920", "2009-06-30": "-2.15130", "2009-03-31": "-2.11900", "2008-12-31": "-2.06580", "2008-09-30": "-2.58990", "2008-06-30": "-2.29430", "2008-03-31": "-1.96880", "2007-12-31": "-1.73420", "2007-09-30": "-1.86820", "2007-06-30": "-2.77160", "2007-03-31": "-2.61770", "2006-12-31": "-2.76590", "2006-09-30": "-2.39520", "2006-06-30": "-1.90200", "2006-03-31": "-1.75660", "2005-12-31": "-1.63970", "2005-09-30": "-1.80250", "2005-06-30": "-1.64730", "2005-03-31": "-1.63500"}, "Gross Margin": {"2020-09-30": "98.19140", "2020-06-30": "98.03870", "2020-03-31": "97.23430", "2019-12-31": "96.85400", "2019-09-30": "98.06460", "2019-06-30": "100.00000", "2019-03-31": "100.00000", "2018-12-31": "100.00000", "2018-09-30": "100.00000", "2018-06-30": "100.00000", "2018-03-31": "100.00000", "2017-12-31": "100.00000", "2017-09-30": "100.00000", "2017-06-30": "100.00000", "2017-03-31": "100.00000", "2016-12-31": "100.00000", "2016-09-30": "100.00000", "2016-06-30": "100.00000", "2016-03-31": "100.00000", "2015-12-31": "100.00000", "2015-09-30": "100.00000", "2015-06-30": "100.00000", "2015-03-31": "100.00000", "2014-12-31": "100.00000", "2014-09-30": "100.00000", "2014-06-30": "100.00000", "2014-03-31": "100.00000", "2013-12-31": "100.00000", "2013-09-30": "100.00000", "2013-06-30": "100.00000", "2013-03-31": "100.00000", "2012-12-31": "99.49750", "2012-09-30": "100.00000", "2012-06-30": "99.50060", "2012-03-31": "99.37370", "2011-12-31": "99.47380", "2011-09-30": "99.53200", "2011-06-30": "99.47970", "2011-03-31": "99.27740", "2010-12-31": "99.48450", "2010-09-30": "99.55220", "2010-06-30": "99.46080", "2010-03-31": "99.29620", "2009-12-31": "99.44920", "2009-09-30": "99.53970", "2009-06-30": "99.42170", "2009-03-31": "99.31240", "2008-12-31": "99.42130", "2008-09-30": "99.52200", "2008-06-30": "99.48480", "2008-03-31": "99.40630", "2007-12-31": "99.50350", "2007-09-30": "99.50480", "2007-06-30": "99.49260", "2007-03-31": "99.35530", "2006-12-31": "99.40340", "2006-09-30": "99.45690", "2006-06-30": "99.43080", "2006-03-31": "99.31910", "2005-12-31": "99.28010", "2005-09-30": "99.41950", "2005-06-30": "99.33520", "2005-03-31": "99.17950"}, "Operating Margin": {"2020-09-30": "24.22820", "2020-06-30": "5.18020", "2020-03-31": "21.23520", "2019-12-31": "25.60210", "2019-09-30": "32.96090", "2019-06-30": "32.27640", "2019-03-31": "20.63490", "2018-12-31": "21.24300", "2018-09-30": "38.13780", "2018-06-30": "36.89940", "2018-03-31": "22.08710", "2017-12-31": "29.18870", "2017-09-30": "34.47670", "2017-06-30": "33.15470", "2017-03-31": "24.03950", "2016-12-31": "0.68010", "2016-09-30": "29.38150", "2016-06-30": "26.86320", "2016-03-31": "20.69980", "2015-12-31": "22.37250", "2015-09-30": "30.55700", "2015-06-30": "27.10120", "2015-03-31": "23.62640", "2014-12-31": "24.94960", "2014-09-30": "31.13200", "2014-06-30": "30.43190", "2014-03-31": "25.77500", "2013-12-31": "24.36880", "2013-09-30": "29.17520", "2013-06-30": "28.66970", "2013-03-31": "25.06500", "2012-12-31": "25.36880", "2012-09-30": "30.38620", "2012-06-30": "29.71420", "2012-03-31": "24.04990", "2011-12-31": "23.30580", "2011-09-30": "32.44580", "2011-06-30": "27.29690", "2011-03-31": "22.27510", "2010-12-31": "24.79970", "2010-09-30": "29.85680", "2010-06-30": "29.10080", "2010-03-31": "22.19030", "2009-12-31": "24.22370", "2009-09-30": "28.99520", "2009-06-30": "26.58660", "2009-03-31": "24.31280", "2008-12-31": "22.07010", "2008-09-30": "32.35640", "2008-06-30": "26.67420", "2008-03-31": "26.42660", "2007-12-31": "28.46040", "2007-09-30": "35.61360", "2007-06-30": "30.26560", "2007-03-31": "23.82860", "2006-12-31": "28.70550", "2006-09-30": "36.12810", "2006-06-30": "29.96590", "2006-03-31": "27.48450", "2005-12-31": "31.06420", "2005-09-30": "33.66440", "2005-06-30": "30.59570", "2005-03-31": "24.45920"}, "EBIT Margin": {"2020-09-30": "24.22820", "2020-06-30": "5.18020", "2020-03-31": "21.23520", "2019-12-31": "25.60200", "2019-09-30": "32.96090", "2019-06-30": "32.27640", "2019-03-31": "20.63490", "2018-12-31": "21.24300", "2018-09-30": "38.13780", "2018-06-30": "36.89940", "2018-03-31": "22.08710", "2017-12-31": "29.18870", "2017-09-30": "34.47670", "2017-06-30": "33.15470", "2017-03-31": "24.03950", "2016-12-31": "0.68010", "2016-09-30": "29.38150", "2016-06-30": "26.86320", "2016-03-31": "20.69980", "2015-12-31": "22.37250", "2015-09-30": "30.55700", "2015-06-30": "27.10120", "2015-03-31": "23.62640", "2014-12-31": "24.94960", "2014-09-30": "31.13200", "2014-06-30": "30.43190", "2014-03-31": "25.77500", "2013-12-31": "24.36880", "2013-09-30": "29.17520", "2013-06-30": "28.66970", "2013-03-31": "25.06500", "2012-12-31": "25.36880", "2012-09-30": "30.38620", "2012-06-30": "29.71420", "2012-03-31": "24.04990", "2011-12-31": "23.30580", "2011-09-30": "32.44580", "2011-06-30": "27.29690", "2011-03-31": "22.27510", "2010-12-31": "24.79970", "2010-09-30": "29.85680", "2010-06-30": "29.10080", "2010-03-31": "22.19030", "2009-12-31": "24.22370", "2009-09-30": "28.99520", "2009-06-30": "26.58660", "2009-03-31": "24.31280", "2008-12-31": "22.07010", "2008-09-30": "32.35640", "2008-06-30": "26.67420", "2008-03-31": "26.42660", "2007-12-31": "28.46040", "2007-09-30": "35.61360", "2007-06-30": "30.26560", "2007-03-31": "23.82860", "2006-12-31": "28.70550", "2006-09-30": "36.12810", "2006-06-30": "29.96590", "2006-03-31": "27.48450", "2005-12-31": "31.06420", "2005-09-30": "33.66440", "2005-06-30": "30.59570", "2005-03-31": "24.45920"}, "EBITDA Margin": {"2020-09-30": "", "2020-06-30": "", "2020-03-31": "", "2019-12-31": "", "2019-09-30": "", "2019-06-30": "", "2019-03-31": "", "2018-12-31": "", "2018-09-30": "", "2018-06-30": "", "2018-03-31": "", "2017-12-31": "", "2017-09-30": "", "2017-06-30": "", "2017-03-31": "", "2016-12-31": "", "2016-09-30": "", "2016-06-30": "", "2016-03-31": "", "2015-12-31": "", "2015-09-30": "", "2015-06-30": "", "2015-03-31": "", "2014-12-31": "", "2014-09-30": "", "2014-06-30": "", "2014-03-31": "", "2013-12-31": "", "2013-09-30": "", "2013-06-30": "", "2013-03-31": "", "2012-12-31": "", "2012-09-30": "", "2012-06-30": "", "2012-03-31": "", "2011-12-31": "", "2011-09-30": "", "2011-06-30": "", "2011-03-31": "", "2010-12-31": "", "2010-09-30": "", "2010-06-30": "", "2010-03-31": "", "2009-12-31": "", "2009-09-30": "", "2009-06-30": "", "2009-03-31": "", "2008-12-31": "", "2008-09-30": "", "2008-06-30": "", "2008-03-31": "", "2007-12-31": "", "2007-09-30": "", "2007-06-30": "", "2007-03-31": "", "2006-12-31": "", "2006-09-30": "", "2006-06-30": "", "2006-03-31": "", "2005-12-31": "", "2005-09-30": "", "2005-06-30": "", "2005-03-31": ""}, "Pre-Tax Profit Margin": {"2020-09-30": "11.43140", "2020-06-30": "-1.89680", "2020-03-31": "13.93330", "2019-12-31": "19.90870", "2019-09-30": "27.65210", "2019-06-30": "29.63760", "2019-03-31": "16.70900", "2018-12-31": "16.46260", "2018-09-30": "35.14460", "2018-06-30": "33.85580", "2018-03-31": "14.54720", "2017-12-31": "24.73370", "2017-09-30": "31.02400", "2017-06-30": "29.27560", "2017-03-31": "18.14970", "2016-12-31": "-8.79920", "2016-09-30": "26.23540", "2016-06-30": "23.00300", "2016-03-31": "14.66700", "2015-12-31": "17.92080", "2015-09-30": "25.78110", "2015-06-30": "22.77740", "2015-03-31": "17.70890", "2014-12-31": "19.43780", "2014-09-30": "26.00670", "2014-06-30": "25.41380", "2014-03-31": "19.73760", "2013-12-31": "19.14040", "2013-09-30": "25.04220", "2013-06-30": "23.30910", "2013-03-31": "18.61500", "2012-12-31": "19.81310", "2012-09-30": "25.71670", "2012-06-30": "27.61130", "2012-03-31": "23.40580", "2011-12-31": "22.33650", "2011-09-30": "29.62030", "2011-06-30": "25.47720", "2011-03-31": "19.01700", "2010-12-31": "23.55720", "2010-09-30": "29.93780", "2010-06-30": "28.04440", "2010-03-31": "22.94340", "2009-12-31": "24.37370", "2009-09-30": "30.42370", "2009-06-30": "28.07460", "2009-03-31": "22.42590", "2008-12-31": "18.05700", "2008-09-30": "30.20010", "2008-06-30": "25.26750", "2008-03-31": "22.85360", "2007-12-31": "25.61980", "2007-09-30": "33.90250", "2007-06-30": "29.42530", "2007-03-31": "21.91270", "2006-12-31": "27.59000", "2006-09-30": "34.61220", "2006-06-30": "26.81370", "2006-03-31": "24.67140", "2005-12-31": "27.88300", "2005-09-30": "31.81170", "2005-06-30": "27.93000", "2005-03-31": "20.72330"}, "Net Profit Margin": {"2020-09-30": "6.84250", "2020-06-30": "-1.59950", "2020-03-31": "25.27600", "2019-12-31": "15.63950", "2019-09-30": "24.38630", "2019-06-30": "23.26870", "2019-03-31": "13.69640", "2018-12-31": "12.77130", "2018-09-30": "27.27780", "2018-06-30": "26.86730", "2018-03-31": "11.90630", "2017-12-31": "-4.39130", "2017-09-30": "21.03770", "2017-06-30": "19.28080", "2017-03-31": "12.75760", "2016-12-31": "-1.43560", "2016-09-30": "17.77620", "2016-06-30": "15.94620", "2016-03-31": "10.21790", "2015-12-31": "14.16820", "2015-09-30": "17.03380", "2015-06-30": "15.32160", "2015-03-31": "12.22860", "2014-12-31": "14.10660", "2014-09-30": "18.13560", "2014-06-30": "17.74530", "2014-03-31": "14.34120", "2013-12-31": "13.74750", "2013-09-30": "17.69070", "2013-06-30": "16.49660", "2013-03-31": "13.18480", "2012-12-31": "13.71290", "2012-09-30": "20.60250", "2012-06-30": "18.15220", "2012-03-31": "15.32330", "2011-12-31": "14.94120", "2011-09-30": "21.77870", "2011-06-30": "16.51780", "2011-03-31": "13.50960", "2010-12-31": "15.57550", "2010-09-30": "21.79970", "2010-06-30": "18.02560", "2010-03-31": "14.70200", "2009-12-31": "16.15130", "2009-09-30": "19.76670", "2009-06-30": "17.79160", "2009-03-31": "14.28550", "2008-12-31": "11.56940", "2008-09-30": "18.78290", "2008-06-30": "16.16080", "2008-03-31": "14.41700", "2007-12-31": "16.53910", "2007-09-30": "21.92700", "2007-06-30": "18.30460", "2007-03-31": "14.19570", "2006-12-31": "17.72520", "2006-09-30": "30.70080", "2006-06-30": "17.17380", "2006-03-31": "16.14450", "2005-12-31": "18.47040", "2005-09-30": "22.87130", "2005-06-30": "17.61970", "2005-03-31": "13.16140"}, "Asset Turnover": {"2020-09-30": "0.13420", "2020-06-30": "0.09000", "2020-03-31": "0.12800", "2019-12-31": "0.19330", "2019-09-30": "0.22610", "2019-06-30": "0.26160", "2019-03-31": "0.18600", "2018-12-31": "0.21520", "2018-09-30": "0.25110", "2018-06-30": "0.26310", "2018-03-31": "0.19900", "2017-12-31": "0.22260", "2017-09-30": "0.28080", "2017-06-30": "0.27530", "2017-03-31": "0.20890", "2016-12-31": "0.10730", "2016-09-30": "0.31620", "2016-06-30": "0.28660", "2016-03-31": "0.26310", "2015-12-31": "0.29420", "2015-09-30": "0.33890", "2015-06-30": "0.33040", "2015-03-31": "0.26510", "2014-12-31": "0.29060", "2014-09-30": "0.32400", "2014-06-30": "0.31450", "2014-03-31": "0.27560", "2013-12-31": "0.30340", "2013-09-30": "0.37190", "2013-06-30": "0.33930", "2013-03-31": "0.27140", "2012-12-31": "0.33520", "2012-09-30": "0.42490", "2012-06-30": "0.20240", "2012-03-31": "0.29140", "2011-12-31": "0.37050", "2011-09-30": "0.41100", "2011-06-30": "0.37460", "2011-03-31": "0.27960", "2010-12-31": "0.37650", "2010-09-30": "0.45570", "2010-06-30": "0.38400", "2010-03-31": "0.29790", "2009-12-31": "0.41380", "2009-09-30": "0.47010", "2009-06-30": "0.40050", "2009-03-31": "0.34210", "2008-12-31": "0.47070", "2008-09-30": "0.54640", "2008-06-30": "0.47920", "2008-03-31": "0.38080", "2007-12-31": "0.51460", "2007-09-30": "0.51830", "2007-06-30": "0.47130", "2007-03-31": "0.37650", "2006-12-31": "0.45810", "2006-09-30": "0.52750", "2006-06-30": "0.50140", "2006-03-31": "0.39940", "2005-12-31": "0.43990", "2005-09-30": "0.49190", "2005-06-30": "0.43280", "2005-03-31": "0.33000"}, "Inventory Turnover Ratio": {"2020-09-30": "", "2020-06-30": "", "2020-03-31": "", "2019-12-31": "", "2019-09-30": "", "2019-06-30": "", "2019-03-31": "", "2018-12-31": "", "2018-09-30": "", "2018-06-30": "", "2018-03-31": "", "2017-12-31": "", "2017-09-30": "", "2017-06-30": "", "2017-03-31": "", "2016-12-31": "", "2016-09-30": "", "2016-06-30": "", "2016-03-31": "", "2015-12-31": "", "2015-09-30": "", "2015-06-30": "", "2015-03-31": "", "2014-12-31": "", "2014-09-30": "", "2014-06-30": "", "2014-03-31": "", "2013-12-31": "", "2013-09-30": "", "2013-06-30": "", "2013-03-31": "", "2012-12-31": "", "2012-09-30": "", "2012-06-30": "", "2012-03-31": "", "2011-12-31": "", "2011-09-30": "", "2011-06-30": "", "2011-03-31": "", "2010-12-31": "", "2010-09-30": "", "2010-06-30": "", "2010-03-31": "", "2009-12-31": "", "2009-09-30": "", "2009-06-30": "", "2009-03-31": "", "2008-12-31": "", "2008-09-30": "", "2008-06-30": "", "2008-03-31": "", "2007-12-31": "", "2007-09-30": "", "2007-06-30": "", "2007-03-31": "", "2006-12-31": "", "2006-09-30": "", "2006-06-30": "", "2006-03-31": "", "2005-12-31": "", "2005-09-30": "", "2005-06-30": "", "2005-03-31": ""}, "Receiveable Turnover": {"2020-09-30": "1.17200", "2020-06-30": "0.96050", "2020-03-31": "1.37360", "2019-12-31": "1.75570", "2019-09-30": "1.76100", "2019-06-30": "1.71600", "2019-03-31": "1.39490", "2018-12-31": "1.65370", "2018-09-30": "1.56800", "2018-06-30": "1.58770", "2018-03-31": "1.45720", "2017-12-31": "1.75960", "2017-09-30": "1.57530", "2017-06-30": "1.77910", "2017-03-31": "1.59620", "2016-12-31": "0.84960", "2016-09-30": "2.06310", "2016-06-30": "1.90070", "2016-03-31": "1.88430", "2015-12-31": "2.22430", "2015-09-30": "2.10220", "2015-06-30": "1.95110", "2015-03-31": "1.71790", "2014-12-31": "1.99060", "2014-09-30": "1.96060", "2014-06-30": "1.65050", "2014-03-31": "1.59500", "2013-12-31": "2.04930", "2013-09-30": "2.10640", "2013-06-30": "2.65630", "2013-03-31": "2.73370", "2012-12-31": "2.16920", "2012-09-30": "3.10100", "2012-06-30": "2.77160", "2012-03-31": "2.42390", "2011-12-31": "3.12930", "2011-09-30": "3.10150", "2011-06-30": "2.84790", "2011-03-31": "2.38780", "2010-12-31": "3.25380", "2010-09-30": "3.42390", "2010-06-30": "2.97660", "2010-03-31": "2.57960", "2009-12-31": "3.35820", "2009-09-30": "3.14070", "2009-06-30": "3.15580", "2009-03-31": "2.96710", "2008-12-31": "3.33520", "2008-09-30": "3.90870", "2008-06-30": "3.65080", "2008-03-31": "2.97980", "2007-12-31": "3.97090", "2007-09-30": "3.04550", "2007-06-30": "3.17180", "2007-03-31": "3.07250", "2006-12-31": "3.33260", "2006-09-30": "3.33470", "2006-06-30": "3.45100", "2006-03-31": "3.18880", "2005-12-31": "3.14050", "2005-09-30": "3.30690", "2005-06-30": "3.27660", "2005-03-31": "2.48980"}, "Days Sales In Receivables": {"2020-09-30": "76.79450", "2020-06-30": "93.70000", "2020-03-31": "65.52110", "2019-12-31": "51.26110", "2019-09-30": "51.10760", "2019-06-30": "52.44630", "2019-03-31": "64.51950", "2018-12-31": "54.42350", "2018-09-30": "57.39640", "2018-06-30": "56.68670", "2018-03-31": "61.76050", "2017-12-31": "51.14750", "2017-09-30": "57.13080", "2017-06-30": "50.58730", "2017-03-31": "56.38410", "2016-12-31": "105.93000", "2016-09-30": "43.62450", "2016-06-30": "47.35040", "2016-03-31": "47.76410", "2015-12-31": "40.46160", "2015-09-30": "42.81150", "2015-06-30": "46.12850", "2015-03-31": "52.39050", "2014-12-31": "45.21260", "2014-09-30": "45.90520", "2014-06-30": "54.53030", "2014-03-31": "56.42580", "2013-12-31": "43.91760", "2013-09-30": "42.72760", "2013-06-30": "33.88210", "2013-03-31": "32.92260", "2012-12-31": "41.49050", "2012-09-30": "29.02330", "2012-06-30": "32.47230", "2012-03-31": "37.13040", "2011-12-31": "28.76050", "2011-09-30": "29.01820", "2011-06-30": "31.60270", "2011-03-31": "37.69150", "2010-12-31": "27.65970", "2010-09-30": "26.28590", "2010-06-30": "30.23580", "2010-03-31": "34.88870", "2009-12-31": "26.80020", "2009-09-30": "28.65560", "2009-06-30": "28.51890", "2009-03-31": "30.33300", "2008-12-31": "26.98470", "2008-09-30": "23.02540", "2008-06-30": "24.65200", "2008-03-31": "30.20350", "2007-12-31": "22.66470", "2007-09-30": "29.55160", "2007-06-30": "28.37490", "2007-03-31": "29.29230", "2006-12-31": "27.00600", "2006-09-30": "26.98880", "2006-06-30": "26.07910", "2006-03-31": "28.22360", "2005-12-31": "28.65820", "2005-09-30": "27.21600", "2005-06-30": "27.46770", "2005-03-31": "36.14690"}, "ROE - Return On Equity": {"2020-09-30": "-67.74450", "2020-06-30": "5.70970", "2020-03-31": "-126.47220", "2019-12-31": "-179.35800", "2019-09-30": "-134.37770", "2019-06-30": "-60.64650", "2019-03-31": "-16.21820", "2018-12-31": "-17.12500", "2018-09-30": "-47.57230", "2018-06-30": "-39.14600", "2018-03-31": "-9.65150", "2017-12-31": "3.79580", "2017-09-30": "-28.54030", "2017-06-30": "-20.06400", "2017-03-31": "-8.29750", "2016-12-31": "0.26910", "2016-09-30": "-14.09580", "2016-06-30": "-10.38500", "2016-03-31": "-5.48460", "2015-12-31": "-7.37640", "2015-09-30": "-10.33810", "2015-06-30": "-9.29080", "2015-03-31": "-5.22230", "2014-12-31": "-5.90230", "2014-09-30": "-9.92810", "2014-06-30": "-8.55230", "2014-03-31": "-4.88890", "2013-12-31": "-5.16200", "2013-09-30": "-8.21640", "2013-06-30": "-6.08130", "2013-03-31": "-3.66680", "2012-12-31": "-4.53940", "2012-09-30": "-7.48810", "2012-06-30": "-283.39400", "2012-03-31": "-76.39450", "2011-12-31": "-96.96800", "2011-09-30": "-292.92970", "2011-06-30": "-98.69700", "2011-03-31": "-32.08240", "2010-12-31": "-41.57500", "2010-09-30": "-53.63870", "2010-06-30": "-27.83640", "2010-03-31": "-13.73850", "2009-12-31": "-20.69050", "2009-09-30": "-24.68440", "2009-06-30": "-18.04190", "2009-03-31": "-11.15440", "2008-12-31": "-13.59120", "2008-09-30": "-39.68200", "2008-06-30": "-23.44450", "2008-03-31": "-13.09980", "2007-12-31": "-17.79370", "2007-09-30": "-25.76800", "2007-06-30": "-39.86610", "2007-03-31": "-23.14550", "2006-12-31": "-39.48220", "2006-09-30": "-59.19900", "2006-06-30": "-20.45030", "2006-03-31": "-11.96740", "2005-12-31": "-12.89180", "2005-09-30": "-19.72530", "2005-06-30": "-11.63960", "2005-03-31": "-5.89530"}, "Return On Tangible Equity": {"2020-09-30": "-3.07520", "2020-06-30": "0.49500", "2020-03-31": "-11.20280", "2019-12-31": "-8.91280", "2019-09-30": "-15.38890", "2019-06-30": "-13.42600", "2019-03-31": "-4.88490", "2018-12-31": "-5.04380", "2018-09-30": "-13.20230", "2018-06-30": "-12.75050", "2018-03-31": "-3.68160", "2017-12-31": "2.23170", "2017-09-30": "-19.34360", "2017-06-30": "-14.57500", "2017-03-31": "-6.27330", "2016-12-31": "0.20640", "2016-09-30": "-11.09300", "2016-06-30": "-8.34640", "2016-03-31": "-4.42860", "2015-12-31": "-5.99440", "2015-09-30": "-8.41300", "2015-06-30": "-7.81010", "2015-03-31": "-4.43130", "2014-12-31": "-5.02640", "2014-09-30": "-8.38020", "2014-06-30": "-7.24840", "2014-03-31": "-4.17560", "2013-12-31": "-4.42210", "2013-09-30": "-7.06270", "2013-06-30": "-5.29350", "2013-03-31": "-3.20160", "2012-12-31": "-3.95700", "2012-09-30": "-6.56000", "2012-06-30": "-34.38070", "2012-03-31": "-18.41620", "2011-12-31": "-22.77690", "2011-09-30": "-43.00080", "2011-06-30": "-24.37600", "2011-03-31": "-11.64890", "2010-12-31": "-16.65760", "2010-09-30": "-24.81630", "2010-06-30": "-14.57090", "2010-03-31": "-7.71330", "2009-12-31": "-11.55080", "2009-09-30": "-14.62850", "2009-06-30": "-10.92610", "2009-03-31": "-6.83060", "2008-12-31": "-8.09140", "2008-09-30": "-19.37280", "2008-06-30": "-12.76380", "2008-03-31": "-7.77370", "2007-12-31": "-10.96590", "2007-09-30": "-15.49220", "2007-06-30": "-16.71790", "2007-03-31": "-9.54640", "2006-12-31": "-15.04500", "2006-09-30": "-25.83930", "2006-06-30": "-10.96490", "2006-03-31": "-7.04950", "2005-12-31": "-7.94480", "2005-09-30": "-12.03680", "2005-06-30": "-7.72940", "2005-03-31": "-4.06250"}, "ROA - Return On Assets": {"2020-09-30": "0.92350", "2020-06-30": "-0.14480", "2020-03-31": "3.25500", "2019-12-31": "3.04100", "2019-09-30": "5.54760", "2019-06-30": "6.12620", "2019-03-31": "2.56270", "2018-12-31": "2.76460", "2018-09-30": "6.88690", "2018-06-30": "7.10930", "2018-03-31": "2.38460", "2017-12-31": "-0.98630", "2017-09-30": "5.94980", "2017-06-30": "5.34670", "2017-03-31": "2.68420", "2016-12-31": "-0.09830", "2016-09-30": "5.62050", "2016-06-30": "4.60310", "2016-03-31": "2.68820", "2015-12-31": "4.07290", "2015-09-30": "5.81110", "2015-06-30": "5.09730", "2015-03-31": "3.26630", "2014-12-31": "3.96740", "2014-09-30": "5.93450", "2014-06-30": "5.61370", "2014-03-31": "3.70410", "2013-12-31": "4.20130", "2013-09-30": "6.61980", "2013-06-30": "5.61990", "2013-03-31": "3.62220", "2012-12-31": "4.59690", "2012-09-30": "8.82620", "2012-06-30": "3.71470", "2012-03-31": "4.51160", "2011-12-31": "5.53640", "2011-09-30": "9.04040", "2011-06-30": "6.24920", "2011-03-31": "3.81450", "2010-12-31": "5.86390", "2010-09-30": "10.04050", "2010-06-30": "6.92220", "2010-03-31": "4.37920", "2009-12-31": "6.94950", "2009-09-30": "9.29330", "2009-06-30": "7.12530", "2009-03-31": "4.88680", "2008-12-31": "5.70080", "2008-09-30": "10.26350", "2008-06-30": "7.74410", "2008-03-31": "5.48950", "2007-12-31": "8.51050", "2007-09-30": "11.36520", "2007-06-30": "8.62690", "2007-03-31": "5.34440", "2006-12-31": "8.12010", "2006-09-30": "16.19360", "2006-06-30": "8.61150", "2006-03-31": "6.44870", "2005-12-31": "8.12450", "2005-09-30": "11.25090", "2005-06-30": "7.62620", "2005-03-31": "4.34350"}, "ROI - Return On Investment": {"2020-09-30": "1.39840", "2020-06-30": "-0.20520", "2020-03-31": "4.76040", "2019-12-31": "5.13890", "2019-09-30": "9.30760", "2019-06-30": "11.24350", "2019-03-31": "4.85760", "2018-12-31": "5.52370", "2018-09-30": "13.03640", "2018-06-30": "13.50520", "2018-03-31": "4.68170", "2017-12-31": "-2.10330", "2017-09-30": "9.53750", "2017-06-30": "8.30430", "2017-03-31": "4.25850", "2016-12-31": "-0.15870", "2016-09-30": "8.99480", "2016-06-30": "7.35930", "2016-03-31": "4.17760", "2015-12-31": "7.00230", "2015-09-30": "9.97530", "2015-06-30": "8.63860", "2015-03-31": "5.59230", "2014-12-31": "7.35880", "2014-09-30": "10.43470", "2014-06-30": "9.66480", "2014-03-31": "6.02450", "2013-12-31": "7.07110", "2013-09-30": "11.13240", "2013-06-30": "9.34920", "2013-03-31": "6.10780", "2012-12-31": "7.92550", "2012-09-30": "17.80150", "2012-06-30": "4.97480", "2012-03-31": "8.63410", "2011-12-31": "10.94450", "2011-09-30": "17.78300", "2011-06-30": "12.30950", "2011-03-31": "7.45580", "2010-12-31": "12.47810", "2010-09-30": "22.99240", "2010-06-30": "-27.83630", "2010-03-31": "8.82560", "2009-12-31": "14.45430", "2009-09-30": "20.58350", "2009-06-30": "15.67040", "2009-03-31": "9.96830", "2008-12-31": "12.75200", "2008-09-30": "24.95950", "2008-06-30": "18.11400", "2008-03-31": "13.52200", "2007-12-31": "24.23490", "2007-09-30": "31.74030", "2007-06-30": "22.50320", "2007-03-31": "14.32640", "2006-12-31": "22.38800", "2006-09-30": "42.48880", "2006-06-30": "22.70380", "2006-03-31": "17.39690", "2005-12-31": "20.18050", "2005-09-30": "24.72640", "2005-06-30": "18.00390", "2005-03-31": "9.31600"}, "Book Value Per Share": {"2020-09-30": "-0.38590", "2020-06-30": "-0.77220", "2020-03-31": "-0.79240", "2019-12-31": "-0.42210", "2019-09-30": "-1.01830", "2019-06-30": "-2.20230", "2019-03-31": "-3.33150", "2018-12-31": "-3.30060", "2018-09-30": "-2.98950", "2018-06-30": "-3.60120", "2018-03-31": "-4.58720", "2017-12-31": "-4.56250", "2017-09-30": "-3.54070", "2017-06-30": "-4.47130", "2017-03-31": "-5.18150", "2016-12-31": "-5.53020", "2016-09-30": "-6.01530", "2016-06-30": "-6.66290", "2016-03-31": "-6.83090", "2015-12-31": "-7.02730", "2015-09-30": "-7.07560", "2015-06-30": "-6.69120", "2015-03-31": "-7.18020", "2014-12-31": "-7.47850", "2014-09-30": "-6.82370", "2014-06-30": "-7.05950", "2014-03-31": "-7.51700", "2013-12-31": "-7.72300", "2013-09-30": "-8.01530", "2013-06-30": "-8.88390", "2013-03-31": "-9.22070", "2012-12-31": "-9.25960", "2012-09-30": "-9.80820", "2012-06-30": "-0.19400", "2012-03-31": "-0.45030", "2011-12-31": "-0.43860", "2011-09-30": "-0.24410", "2011-06-30": "-0.46690", "2011-03-31": "-0.81980", "2010-12-31": "-0.97460", "2010-09-30": "-1.26770", "2010-06-30": "-1.62800", "2010-03-31": "-1.93010", "2009-12-31": "-1.91820", "2009-09-30": "-2.23270", "2009-06-30": "-2.35250", "2009-03-31": "-2.41680", "2008-12-31": "-2.26790", "2008-09-30": "-1.43970", "2008-06-30": "-1.83340", "2008-03-31": "-2.26820", "2007-12-31": "-2.52950", "2007-09-30": "-2.37100", "2007-06-30": "-1.01310", "2007-03-31": "-0.99390", "2006-12-31": "-0.94010", "2006-09-30": "-1.18080", "2006-06-30": "-1.78050", "2006-03-31": "-2.24610", "2005-12-31": "-2.56330", "2005-09-30": "-2.51900", "2005-06-30": "-2.83100", "2005-03-31": "-3.13570"}, "Operating Cash Flow Per Share": {"2020-09-30": 1.2311, "2020-06-30": -0.0771, "2020-03-31": "0.10350", "2019-12-31": 1.427, "2019-09-30": 1.674, "2019-06-30": 1.4368, "2019-03-31": "0.32240", "2018-12-31": 1.6893, "2018-09-30": 1.4792, "2018-06-30": 1.0432, "2018-03-31": "0.07970", "2017-12-31": 1.6328, "2017-09-30": 1.7843, "2017-06-30": 0.7059, "2017-03-31": "0.43020", "2016-12-31": 1.1262, "2016-09-30": 1.0868, "2016-06-30": 0.8739, "2016-03-31": "-0.37950", "2015-12-31": 1.0708, "2015-09-30": 1.074, "2015-06-30": 1.0125, "2015-03-31": "-0.27500", "2014-12-31": 0.8533, "2014-09-30": 1.2396, "2014-06-30": 1.0373, "2014-03-31": "0.09030", "2013-12-31": 0.8141, "2013-09-30": 1.3103, "2013-06-30": 0.5038, "2013-03-31": "0.01020", "2012-12-31": 0.5161, "2012-09-30": 1.4243, "2012-06-30": 0.5548, "2012-03-31": "0.07640", "2011-12-31": 0.4533, "2011-09-30": 1.2479, "2011-06-30": 0.6284, "2011-03-31": "-0.08810", "2010-12-31": 0.5939, "2010-09-30": 1.1289, "2010-06-30": 0.5864, "2010-03-31": "0.11830", "2009-12-31": 0.5313, "2009-09-30": 0.551, "2009-06-30": 0.6265, "2009-03-31": "0.17180", "2008-12-31": 0.2136, "2008-09-30": 0.8617, "2008-06-30": 0.4631, "2008-03-31": "0.13270", "2007-12-31": 0.6645, "2007-09-30": 0.6923, "2007-06-30": 0.553, "2007-03-31": "0.30510", "2006-12-31": 0.5707, "2006-09-30": 0.788, "2006-06-30": 0.5669, "2006-03-31": "0.36640", "2005-12-31": 0.5367, "2005-09-30": 0.5281, "2005-06-30": 0.6959, "2005-03-31": "0.25310"}, "Free Cash Flow Per Share": {"2020-09-30": 1.0336, "2020-06-30": -0.3484, "2020-03-31": "-0.00840", "2019-12-31": 1.2261, "2019-09-30": 1.5316, "2019-06-30": 1.0178, "2019-03-31": "0.24470", "2018-12-31": 1.4516, "2018-09-30": 1.2551, "2018-06-30": 0.8041, "2018-03-31": "-0.00780", "2017-12-31": 1.5458, "2017-09-30": 1.6638, "2017-06-30": 0.6003, "2017-03-31": "0.34640", "2016-12-31": 1.0466, "2016-09-30": 1.0854, "2016-06-30": 0.7745, "2016-03-31": "-0.44360", "2015-12-31": 0.9671, "2015-09-30": 0.9472, "2015-06-30": 0.9596, "2015-03-31": "-0.36550", "2014-12-31": 0.6979, "2014-09-30": 1.2195, "2014-06-30": 1.0236, "2014-03-31": "0.18790", "2013-12-31": 0.7241, "2013-09-30": 1.2097, "2013-06-30": 0.3687, "2013-03-31": "-0.23240", "2012-12-31": 0.469, "2012-09-30": 1.3155, "2012-06-30": 0.5004, "2012-03-31": "0.02220", "2011-12-31": 0.4324, "2011-09-30": 1.1968, "2011-06-30": 0.5732, "2011-03-31": "-0.11910", "2010-12-31": 0.4851, "2010-09-30": 1.037, "2010-06-30": 0.4562, "2010-03-31": "0.04100", "2009-12-31": 0.472, "2009-09-30": 0.5061, "2009-06-30": 0.5781, "2009-03-31": "0.13780", "2008-12-31": 0.1359, "2008-09-30": 0.8237, "2008-06-30": 0.4182, "2008-03-31": "0.09140", "2007-12-31": 0.6177, "2007-09-30": 0.6441, "2007-06-30": 0.5112, "2007-03-31": "0.26000", "2006-12-31": 0.5344, "2006-09-30": 0.7697, "2006-06-30": 0.5244, "2006-03-31": "0.34860", "2005-12-31": 0.5166, "2005-09-30": 0.5103, "2005-06-30": 0.6221, "2005-03-31": "0.23380"}}, "revenue": {"Choice Hotels Annual Revenue (Millions of US $)": {"2019": "$1,115", "2018": "$1,041", "2017": "$941", "2016": "$808", "2015": "$860", "2014": "$758", "2013": "$725", "2012": "$693", "2011": "$641", "2010": "$596", "2009": "$564", "2008": "$642", "2007": "$615", "2006": "$540", "2005": "$472"}, "Choice Hotels Quarterly Revenue (Millions of US $)": {"2020-09-30": "$211", "2020-06-30": "$152", "2020-03-31": "$218", "2019-12-31": "$268", "2019-09-30": "$311", "2019-06-30": "$318", "2019-03-31": "$218", "2018-12-31": "$245", "2018-09-30": "$291", "2018-06-30": "$295", "2018-03-31": "$209", "2017-12-31": "$221", "2017-09-30": "$270", "2017-06-30": "$261", "2017-03-31": "$189", "2016-12-31": "$91", "2016-09-30": "$268", "2016-06-30": "$242", "2016-03-31": "$207", "2015-12-31": "$211", "2015-09-30": "$242", "2015-06-30": "$232", "2015-03-31": "$175", "2014-12-31": "$185", "2014-09-30": "$215", "2014-06-30": "$198", "2014-03-31": "$160", "2013-12-31": "$169", "2013-09-30": "$217", "2013-06-30": "$191", "2013-03-31": "$148", "2012-12-31": "$178", "2012-09-30": "$205", "2012-06-30": "$174", "2012-03-31": "$129", "2011-12-31": "$166", "2011-09-30": "$192", "2011-06-30": "$165", "2011-03-31": "$115", "2010-12-31": "$155", "2010-09-30": "$184", "2010-06-30": "$150", "2010-03-31": "$107", "2009-12-31": "$141", "2009-09-30": "$166", "2009-06-30": "$143", "2009-03-31": "$114", "2008-12-31": "$154", "2008-09-30": "$191", "2008-06-30": "$167", "2008-03-31": "$129", "2007-12-31": "$169", "2007-09-30": "$175", "2007-06-30": "$156", "2007-03-31": "$115", "2006-12-31": "$139", "2006-09-30": "$151", "2006-06-30": "$141", "2006-03-31": "$109", "2005-12-31": "$117", "2005-09-30": "$142", "2005-06-30": "$122", "2005-03-31": "$91"}}, "gross-profit": {"Choice Hotels Annual Gross Profit (Millions of US $)": {"2019": "$1,100", "2018": "$1,041", "2017": "$941", "2016": "$808", "2015": "$860", "2014": "$758", "2013": "$725", "2012": "$693", "2011": "$641", "2010": "$593", "2009": "$561", "2008": "$638", "2007": "$612", "2006": "$537", "2005": "$469"}, "Choice Hotels Quarterly Gross Profit (Millions of US $)": {"2020-09-30": "$207", "2020-06-30": "$149", "2020-03-31": "$212", "2019-12-31": "$260", "2019-09-30": "$305", "2019-06-30": "$318", "2019-03-31": "$218", "2018-12-31": "$245", "2018-09-30": "$291", "2018-06-30": "$295", "2018-03-31": "$209", "2017-12-31": "$221", "2017-09-30": "$270", "2017-06-30": "$261", "2017-03-31": "$189", "2016-12-31": "$91", "2016-09-30": "$268", "2016-06-30": "$242", "2016-03-31": "$207", "2015-12-31": "$211", "2015-09-30": "$242", "2015-06-30": "$232", "2015-03-31": "$175", "2014-12-31": "$185", "2014-09-30": "$215", "2014-06-30": "$198", "2014-03-31": "$160", "2013-12-31": "$169", "2013-09-30": "$217", "2013-06-30": "$191", "2013-03-31": "$148", "2012-12-31": "$177", "2012-09-30": "$205", "2012-06-30": "$173", "2012-03-31": "$128", "2011-12-31": "$165", "2011-09-30": "$191", "2011-06-30": "$164", "2011-03-31": "$114", "2010-12-31": "$154", "2010-09-30": "$183", "2010-06-30": "$149", "2010-03-31": "$107", "2009-12-31": "$140", "2009-09-30": "$165", "2009-06-30": "$143", "2009-03-31": "$113", "2008-12-31": "$154", "2008-09-30": "$190", "2008-06-30": "$166", "2008-03-31": "$128", "2007-12-31": "$168", "2007-09-30": "$174", "2007-06-30": "$156", "2007-03-31": "$114", "2006-12-31": "$138", "2006-09-30": "$150", "2006-06-30": "$140", "2006-03-31": "$109", "2005-12-31": "$116", "2005-09-30": "$141", "2005-06-30": "$121", "2005-03-31": "$90"}}, "operating-income": {"Choice Hotels Annual Operating Income (Millions of US $)": {"2019": "$319", "2018": "$318", "2017": "$290", "2016": "$187", "2015": "$225", "2014": "$215", "2013": "$196", "2012": "$193", "2011": "$173", "2010": "$161", "2009": "$148", "2008": "$175", "2007": "$185", "2006": "$167", "2005": "$144"}, "Choice Hotels Quarterly Operating Income (Millions of US $)": {"2020-09-30": "$51", "2020-06-30": "$8", "2020-03-31": "$46", "2019-12-31": "$69", "2019-09-30": "$102", "2019-06-30": "$103", "2019-03-31": "$45", "2018-12-31": "$52", "2018-09-30": "$111", "2018-06-30": "$109", "2018-03-31": "$46", "2017-12-31": "$65", "2017-09-30": "$93", "2017-06-30": "$87", "2017-03-31": "$45", "2016-12-31": "$1", "2016-09-30": "$79", "2016-06-30": "$65", "2016-03-31": "$43", "2015-12-31": "$47", "2015-09-30": "$74", "2015-06-30": "$63", "2015-03-31": "$41", "2014-12-31": "$46", "2014-09-30": "$67", "2014-06-30": "$60", "2014-03-31": "$41", "2013-12-31": "$41", "2013-09-30": "$63", "2013-06-30": "$55", "2013-03-31": "$37", "2012-12-31": "$45", "2012-09-30": "$62", "2012-06-30": "$52", "2012-03-31": "$31", "2011-12-31": "$39", "2011-09-30": "$62", "2011-06-30": "$45", "2011-03-31": "$26", "2010-12-31": "$38", "2010-09-30": "$55", "2010-06-30": "$44", "2010-03-31": "$24", "2009-12-31": "$34", "2009-09-30": "$48", "2009-06-30": "$38", "2009-03-31": "$28", "2008-12-31": "$34", "2008-09-30": "$62", "2008-06-30": "$45", "2008-03-31": "$34", "2007-12-31": "$48", "2007-09-30": "$62", "2007-06-30": "$47", "2007-03-31": "$27", "2006-12-31": "$40", "2006-09-30": "$55", "2006-06-30": "$42", "2006-03-31": "$30", "2005-12-31": "$36", "2005-09-30": "$48", "2005-06-30": "$37", "2005-03-31": "$22"}}, "ebitda": {"Choice Hotels Annual EBITDA (Millions of US $)": {"2019": "$366", "2018": "$366", "2017": "$324", "2016": "$197", "2015": "$237", "2014": "$224", "2013": "$206", "2012": "$202", "2011": "$181", "2010": "$169", "2009": "$156", "2008": "$183", "2007": "$194", "2006": "$176", "2005": "$153"}, "Choice Hotels Quarterly EBITDA (Millions of US $)": {"2020-09-30": "$66", "2020-06-30": "$22", "2020-03-31": "$61", "2019-12-31": "$80", "2019-09-30": "$114", "2019-06-30": "$112", "2019-03-31": "$59", "2018-12-31": "$68", "2018-09-30": "$122", "2018-06-30": "$120", "2018-03-31": "$57", "2017-12-31": "$73", "2017-09-30": "$102", "2017-06-30": "$95", "2017-03-31": "$54", "2016-12-31": "$2", "2016-09-30": "$82", "2016-06-30": "$68", "2016-03-31": "$46", "2015-12-31": "$50", "2015-09-30": "$77", "2015-06-30": "$66", "2015-03-31": "$44", "2014-12-31": "$49", "2014-09-30": "$69", "2014-06-30": "$62", "2014-03-31": "$43", "2013-12-31": "$44", "2013-09-30": "$66", "2013-06-30": "$57", "2013-03-31": "$39", "2012-12-31": "$47", "2012-09-30": "$64", "2012-06-30": "$54", "2012-03-31": "$33", "2011-12-31": "$41", "2011-09-30": "$64", "2011-06-30": "$47", "2011-03-31": "$28", "2010-12-31": "$40", "2010-09-30": "$57", "2010-06-30": "$46", "2010-03-31": "$26", "2009-12-31": "$36", "2009-09-30": "$50", "2009-06-30": "$40", "2009-03-31": "$30", "2008-12-31": "$36", "2008-09-30": "$64", "2008-06-30": "$47", "2008-03-31": "$36", "2007-12-31": "$50", "2007-09-30": "$65", "2007-06-30": "$50", "2007-03-31": "$30", "2006-12-31": "$42", "2006-09-30": "$57", "2006-06-30": "$45", "2006-03-31": "$32", "2005-12-31": "$39", "2005-09-30": "$50", "2005-06-30": "$40", "2005-03-31": "$25"}}, "net-income": {"Choice Hotels Annual Net Income (Millions of US $)": {"2019": "$222", "2018": "$215", "2017": "$121", "2016": "$106", "2015": "$128", "2014": "$123", "2013": "$113", "2012": "$120", "2011": "$110", "2010": "$106", "2009": "$97", "2008": "$99", "2007": "$111", "2006": "$113", "2005": "$88"}, "Choice Hotels Quarterly Net Income (Millions of US $)": {"2020-09-30": "$14", "2020-06-30": "$-2", "2020-03-31": "$55", "2019-12-31": "$42", "2019-09-30": "$76", "2019-06-30": "$74", "2019-03-31": "$30", "2018-12-31": "$31", "2018-09-30": "$80", "2018-06-30": "$79", "2018-03-31": "$25", "2017-12-31": "$-10", "2017-09-30": "$57", "2017-06-30": "$50", "2017-03-31": "$24", "2016-12-31": "$-1", "2016-09-30": "$48", "2016-06-30": "$39", "2016-03-31": "$21", "2015-12-31": "$30", "2015-09-30": "$41", "2015-06-30": "$36", "2015-03-31": "$21", "2014-12-31": "$26", "2014-09-30": "$39", "2014-06-30": "$35", "2014-03-31": "$23", "2013-12-31": "$23", "2013-09-30": "$38", "2013-06-30": "$31", "2013-03-31": "$20", "2012-12-31": "$24", "2012-09-30": "$42", "2012-06-30": "$32", "2012-03-31": "$20", "2011-12-31": "$25", "2011-09-30": "$42", "2011-06-30": "$27", "2011-03-31": "$16", "2010-12-31": "$24", "2010-09-30": "$40", "2010-06-30": "$27", "2010-03-31": "$16", "2009-12-31": "$23", "2009-09-30": "$33", "2009-06-30": "$26", "2009-03-31": "$16", "2008-12-31": "$18", "2008-09-30": "$36", "2008-06-30": "$27", "2008-03-31": "$19", "2007-12-31": "$28", "2007-09-30": "$38", "2007-06-30": "$29", "2007-03-31": "$16", "2006-12-31": "$25", "2006-09-30": "$46", "2006-06-30": "$24", "2006-03-31": "$18", "2005-12-31": "$22", "2005-09-30": "$32", "2005-06-30": "$22", "2005-03-31": "$12"}}, "eps-earnings-per-share-diluted": {"Choice Hotels Annual EPS": {"2019": "$3.98", "2018": "$3.80", "2017": "$2.15", "2016": "$1.89", "2015": "$2.22", "2014": "$2.10", "2013": "$1.93", "2012": "$2.09", "2011": "$1.87", "2010": "$1.80", "2009": "$1.63", "2008": "$1.59", "2007": "$1.69", "2006": "$1.68", "2005": "$1.32"}, "Choice Hotels Quarterly EPS": {"2020-09-30": "$0.26", "2020-06-30": "$-0.04", "2020-03-31": "$0.99", "2019-12-31": "$0.75", "2019-09-30": "$1.36", "2019-06-30": "$1.33", "2019-03-31": "$0.54", "2018-12-31": "$0.55", "2018-09-30": "$1.41", "2018-06-30": "$1.40", "2018-03-31": "$0.44", "2017-12-31": "$-0.18", "2017-09-30": "$1.01", "2017-06-30": "$0.89", "2017-03-31": "$0.43", "2016-12-31": "$0.00", "2016-09-30": "$0.84", "2016-06-30": "$0.68", "2016-03-31": "$0.37", "2015-12-31": "$0.51", "2015-09-30": "$0.72", "2015-06-30": "$0.62", "2015-03-31": "$0.37", "2014-12-31": "$0.44", "2014-09-30": "$0.67", "2014-06-30": "$0.60", "2014-03-31": "$0.39", "2013-12-31": "$0.39", "2013-09-30": "$0.66", "2013-06-30": "$0.54", "2013-03-31": "$0.34", "2012-12-31": "$0.42", "2012-09-30": "$0.73", "2012-06-30": "$0.55", "2012-03-31": "$0.34", "2011-12-31": "$0.42", "2011-09-30": "$0.71", "2011-06-30": "$0.46", "2011-03-31": "$0.26", "2010-12-31": "$0.40", "2010-09-30": "$0.68", "2010-06-30": "$0.45", "2010-03-31": "$0.26", "2009-12-31": "$0.39", "2009-09-30": "$0.55", "2009-06-30": "$0.42", "2009-03-31": "$0.27", "2008-12-31": "$0.30", "2008-09-30": "$0.57", "2008-06-30": "$0.43", "2008-03-31": "$0.29", "2007-12-31": "$0.43", "2007-09-30": "$0.59", "2007-06-30": "$0.43", "2007-03-31": "$0.24", "2006-12-31": "$0.37", "2006-09-30": "$0.69", "2006-06-30": "$0.36", "2006-03-31": "$0.26", "2005-12-31": "$0.34", "2005-09-30": "$0.48", "2005-06-30": "$0.32", "2005-03-31": "$0.18"}}, "shares-outstanding": {"Choice Hotels Annual Shares Outstanding (Millions of Shares)": {"2019": "56", "2018": "57", "2017": "57", "2016": "56", "2015": "57", "2014": "58", "2013": "58", "2012": "58", "2011": "59", "2010": "59", "2009": "60", "2008": "62", "2007": "66", "2006": "67", "2005": "66"}, "Choice Hotels Quarterly Shares Outstanding (Millions of Shares)": {"2020-09-30": "55", "2020-06-30": "55", "2020-03-31": "56", "2019-12-31": "56", "2019-09-30": "56", "2019-06-30": "56", "2019-03-31": "56", "2018-12-31": "57", "2018-09-30": "56", "2018-06-30": "57", "2018-03-31": "57", "2017-12-31": "57", "2017-09-30": "57", "2017-06-30": "56", "2017-03-31": "56", "2016-12-31": "56", "2016-09-30": "56", "2016-06-30": "56", "2016-03-31": "56", "2015-12-31": "57", "2015-09-30": "57", "2015-06-30": "58", "2015-03-31": "58", "2014-12-31": "58", "2014-09-30": "58", "2014-06-30": "58", "2014-03-31": "58", "2013-12-31": "58", "2013-09-30": "58", "2013-06-30": "58", "2013-03-31": "58", "2012-12-31": "58", "2012-09-30": "58", "2012-06-30": "57", "2012-03-31": "58", "2011-12-31": "59", "2011-09-30": "59", "2011-06-30": "59", "2011-03-31": "59", "2010-12-31": "60", "2010-09-30": "59", "2010-06-30": "59", "2010-03-31": "59", "2009-12-31": "60", "2009-09-30": "59", "2009-06-30": "61", "2009-03-31": "61", "2008-12-31": "62", "2008-09-30": "63", "2008-06-30": "63", "2008-03-31": "63", "2007-12-31": "66", "2007-09-30": "65", "2007-06-30": "67", "2007-03-31": "67", "2006-12-31": "67", "2006-09-30": "67", "2006-06-30": "67", "2006-03-31": "67", "2005-12-31": "66", "2005-09-30": "67", "2005-06-30": "67", "2005-03-31": "67"}}, "total-assets": {"Choice Hotels Annual Total Assets (Millions of US $)": {"2019": "$1,387", "2018": "$1,138", "2017": "$995", "2016": "$852", "2015": "$717", "2014": "$638", "2013": "$556", "2012": "$532", "2011": "$448", "2010": "$412", "2009": "$340", "2008": "$328", "2007": "$328", "2006": "$303", "2005": "$265"}, "Choice Hotels Quarterly Total Assets (Millions of US $)": {"2020-09-30": "$1,570", "2020-06-30": "$1,686", "2020-03-31": "$1,704", "2019-12-31": "$1,387", "2019-09-30": "$1,374", "2019-06-30": "$1,214", "2019-03-31": "$1,174", "2018-12-31": "$1,138", "2018-09-30": "$1,161", "2018-06-30": "$1,123", "2018-03-31": "$1,052", "2017-12-31": "$995", "2017-09-30": "$961", "2017-06-30": "$948", "2017-03-31": "$904", "2016-12-31": "$852", "2016-09-30": "$846", "2016-06-30": "$843", "2016-03-31": "$787", "2015-12-31": "$717", "2015-09-30": "$713", "2015-06-30": "$703", "2015-03-31": "$661", "2014-12-31": "$638", "2014-09-30": "$664", "2014-06-30": "$628", "2014-03-31": "$580", "2013-12-31": "$556", "2013-09-30": "$583", "2013-06-30": "$563", "2013-03-31": "$546", "2012-12-31": "$532", "2012-09-30": "$483", "2012-06-30": "$858", "2012-03-31": "$443", "2011-12-31": "$448", "2011-09-30": "$468", "2011-06-30": "$441", "2011-03-31": "$412", "2010-12-31": "$412", "2010-09-30": "$403", "2010-06-30": "$390", "2010-03-31": "$361", "2009-12-31": "$340", "2009-09-30": "$353", "2009-06-30": "$358", "2009-03-31": "$334", "2008-12-31": "$328", "2008-09-30": "$350", "2008-06-30": "$349", "2008-03-31": "$338", "2007-12-31": "$328", "2007-09-30": "$338", "2007-06-30": "$332", "2007-03-31": "$305", "2006-12-31": "$303", "2006-09-30": "$286", "2006-06-30": "$280", "2006-03-31": "$274", "2005-12-31": "$265", "2005-09-30": "$289", "2005-06-30": "$283", "2005-03-31": "$276"}}, "cash-on-hand": {"Choice Hotels Annual Cash on Hand (Millions of US $)": {"2019": "$34", "2018": "$27", "2017": "$235", "2016": "$202", "2015": "$193", "2014": "$215", "2013": "$168", "2012": "$138", "2011": "$119", "2010": "$91", "2009": "$68", "2008": "$53", "2007": "$47", "2006": "$36", "2005": "$17"}, "Choice Hotels Quarterly Cash on Hand (Millions of US $)": {"2020-09-30": "$192", "2020-06-30": "$314", "2020-03-31": "$322", "2019-12-31": "$34", "2019-09-30": "$32", "2019-06-30": "$34", "2019-03-31": "$32", "2018-12-31": "$27", "2018-09-30": "$31", "2018-06-30": "$37", "2018-03-31": "$37", "2017-12-31": "$235", "2017-09-30": "$239", "2017-06-30": "$198", "2017-03-31": "$187", "2016-12-31": "$202", "2016-09-30": "$206", "2016-06-30": "$208", "2016-03-31": "$194", "2015-12-31": "$193", "2015-09-30": "$199", "2015-06-30": "$231", "2015-03-31": "$201", "2014-12-31": "$215", "2014-09-30": "$245", "2014-06-30": "$212", "2014-03-31": "$175", "2013-12-31": "$168", "2013-09-30": "$162", "2013-06-30": "$144", "2013-03-31": "$141", "2012-12-31": "$138", "2012-09-30": "$119", "2012-06-30": "$491", "2012-03-31": "$97", "2011-12-31": "$119", "2011-09-30": "$125", "2011-06-30": "$91", "2011-03-31": "$76", "2010-12-31": "$91", "2010-09-30": "$80", "2010-06-30": "$71", "2010-03-31": "$66", "2009-12-31": "$68", "2009-09-30": "$64", "2009-06-30": "$62", "2009-03-31": "$57", "2008-12-31": "$53", "2008-09-30": "$73", "2008-06-30": "$65", "2008-03-31": "$52", "2007-12-31": "$47", "2007-09-30": "$47", "2007-06-30": "$47", "2007-03-31": "$35", "2006-12-31": "$36", "2006-09-30": "$27", "2006-06-30": "$22", "2006-03-31": "$20", "2005-12-31": "$17", "2005-09-30": "$37", "2005-06-30": "$33", "2005-03-31": "$29"}}, "long-term-debt": {"Choice Hotels Annual Long Term Debt (Millions of US $)": {"2019": "$844", "2018": "$754", "2017": "$725", "2016": "$839", "2015": "$813", "2014": "$773", "2013": "$783", "2012": "$847", "2011": "$252", "2010": "$252", "2009": "$278", "2008": "$284", "2007": "$272", "2006": "$172", "2005": "$274"}, "Choice Hotels Quarterly Long Term Debt (Millions of US $)": {"2020-09-30": "$1,058", "2020-06-30": "$1,232", "2020-03-31": "$1,209", "2019-12-31": "$844", "2019-09-30": "$876", "2019-06-30": "$784", "2019-03-31": "$805", "2018-12-31": "$754", "2018-09-30": "$781", "2018-06-30": "$795", "2018-03-31": "$796", "2017-12-31": "$725", "2017-09-30": "$800", "2017-06-30": "$863", "2017-03-31": "$862", "2016-12-31": "$839", "2016-09-30": "$866", "2016-06-30": "$901", "2016-03-31": "$892", "2015-12-31": "$813", "2015-09-30": "$816", "2015-06-30": "$800", "2015-03-31": "$800", "2014-12-31": "$773", "2014-09-30": "$775", "2014-06-30": "$778", "2014-03-31": "$795", "2013-12-31": "$783", "2013-09-30": "$816", "2013-06-30": "$858", "2013-03-31": "$863", "2012-12-31": "$847", "2012-09-30": "$809", "2012-06-30": "$652", "2012-03-31": "$258", "2011-12-31": "$252", "2011-09-30": "$252", "2011-06-30": "$252", "2011-03-31": "$260", "2010-12-31": "$252", "2010-09-30": "$252", "2010-06-30": "", "2010-03-31": "$294", "2009-12-31": "$278", "2009-09-30": "$292", "2009-06-30": "$304", "2009-03-31": "$310", "2008-12-31": "$284", "2008-09-30": "$234", "2008-06-30": "$264", "2008-03-31": "$279", "2007-12-31": "$272", "2007-09-30": "$270", "2007-06-30": "$199", "2007-03-31": "$184", "2006-12-31": "$172", "2006-09-30": "$187", "2006-06-30": "$224", "2006-03-31": "$249", "2005-12-31": "$274", "2005-09-30": "$296", "2005-06-30": "$305", "2005-03-31": "$332"}}, "total-liabilities": {"Choice Hotels Annual Total Liabilities (Millions of US $)": {"2019": "$1,410", "2018": "$1,322", "2017": "$1,254", "2016": "$1,164", "2015": "$1,113", "2014": "$1,067", "2013": "$1,009", "2012": "$1,071", "2011": "$473", "2010": "$470", "2009": "$454", "2008": "$466", "2007": "$485", "2006": "$366", "2005": "$432"}, "Choice Hotels Quarterly Total Liabilities (Millions of US $)": {"2020-09-30": "$1,592", "2020-06-30": "$1,729", "2020-03-31": "$1,748", "2019-12-31": "$1,410", "2019-09-30": "$1,431", "2019-06-30": "$1,337", "2019-03-31": "$1,359", "2018-12-31": "$1,322", "2018-09-30": "$1,329", "2018-06-30": "$1,327", "2018-03-31": "$1,312", "2017-12-31": "$1,254", "2017-09-30": "$1,162", "2017-06-30": "$1,201", "2017-03-31": "$1,197", "2016-12-31": "$1,164", "2016-09-30": "$1,184", "2016-06-30": "$1,217", "2016-03-31": "$1,173", "2015-12-31": "$1,113", "2015-09-30": "$1,113", "2015-06-30": "$1,088", "2015-03-31": "$1,075", "2014-12-31": "$1,067", "2014-09-30": "$1,061", "2014-06-30": "$1,041", "2014-03-31": "$1,019", "2013-12-31": "$1,009", "2013-09-30": "$1,052", "2013-06-30": "$1,083", "2013-03-31": "$1,085", "2012-12-31": "$1,071", "2012-09-30": "$1,052", "2012-06-30": "$869", "2012-03-31": "$469", "2011-12-31": "$473", "2011-09-30": "$482", "2011-06-30": "$469", "2011-03-31": "$461", "2010-12-31": "$470", "2010-09-30": "$479", "2010-06-30": "$487", "2010-03-31": "$476", "2009-12-31": "$454", "2009-09-30": "$486", "2009-06-30": "$499", "2009-03-31": "$480", "2008-12-31": "$466", "2008-09-30": "$440", "2008-06-30": "$464", "2008-03-31": "$480", "2007-12-31": "$485", "2007-09-30": "$487", "2007-06-30": "$404", "2007-03-31": "$376", "2006-12-31": "$366", "2006-09-30": "$365", "2006-06-30": "$398", "2006-03-31": "$422", "2005-12-31": "$432", "2005-09-30": "$453", "2005-06-30": "$468", "2005-03-31": "$480"}}, "total-share-holder-equity": {"Choice Hotels Annual Share Holder Equity (Millions of US $)": {"2019": "$-24", "2018": "$-184", "2017": "$-259", "2016": "$-311", "2015": "$-396", "2014": "$-429", "2013": "$-453", "2012": "$-539", "2011": "$-26", "2010": "$-58", "2009": "$-114", "2008": "$-138", "2007": "$-157", "2006": "$-62", "2005": "$-167"}, "Choice Hotels Quarterly Share Holder Equity (Millions of US $)": {"2020-09-30": "$-21", "2020-06-30": "$-43", "2020-03-31": "$-44", "2019-12-31": "$-24", "2019-09-30": "$-57", "2019-06-30": "$-123", "2019-03-31": "$-185", "2018-12-31": "$-184", "2018-09-30": "$-168", "2018-06-30": "$-204", "2018-03-31": "$-260", "2017-12-31": "$-259", "2017-09-30": "$-200", "2017-06-30": "$-253", "2017-03-31": "$-292", "2016-12-31": "$-311", "2016-09-30": "$-337", "2016-06-30": "$-374", "2016-03-31": "$-386", "2015-12-31": "$-396", "2015-09-30": "$-401", "2015-06-30": "$-385", "2015-03-31": "$-413", "2014-12-31": "$-429", "2014-09-30": "$-397", "2014-06-30": "$-413", "2014-03-31": "$-439", "2013-12-31": "$-453", "2013-09-30": "$-469", "2013-06-30": "$-520", "2013-03-31": "$-539", "2012-12-31": "$-539", "2012-09-30": "$-569", "2012-06-30": "$-11", "2012-03-31": "$-26", "2011-12-31": "$-26", "2011-09-30": "$-14", "2011-06-30": "$-28", "2011-03-31": "$-49", "2010-12-31": "$-58", "2010-09-30": "$-75", "2010-06-30": "$-97", "2010-03-31": "$-115", "2009-12-31": "$-114", "2009-09-30": "$-133", "2009-06-30": "$-141", "2009-03-31": "$-146", "2008-12-31": "$-138", "2008-09-30": "$-91", "2008-06-30": "$-115", "2008-03-31": "$-142", "2007-12-31": "$-157", "2007-09-30": "$-149", "2007-06-30": "$-72", "2007-03-31": "$-70", "2006-12-31": "$-62", "2006-09-30": "$-78", "2006-06-30": "$-118", "2006-03-31": "$-148", "2005-12-31": "$-167", "2005-09-30": "$-165", "2005-06-30": "$-185", "2005-03-31": "$-204"}}, "profit-margins": {"current": "12.92%"}, "gross margin": {"2020-09-30": "97.53%", "2020-06-30": "97.58%", "2020-03-31": "98.21%", "2019-12-31": "98.74%", "2019-09-30": "99.45%", "2019-06-30": "100.00%", "2019-03-31": "100.00%", "2018-12-31": "100.00%", "2018-09-30": "100.00%", "2018-06-30": "100.00%", "2018-03-31": "100.00%", "2017-12-31": "100.00%", "2017-09-30": "100.00%", "2017-06-30": "100.00%", "2017-03-31": "100.00%", "2016-12-31": "100.00%", "2016-09-30": "100.00%", "2016-06-30": "100.00%", "2016-03-31": "100.00%", "2015-12-31": "100.00%", "2015-09-30": "100.00%", "2015-06-30": "100.00%", "2015-03-31": "100.00%", "2014-12-31": "100.00%", "2014-09-30": "100.00%", "2014-06-30": "100.00%", "2014-03-31": "100.00%", "2013-12-31": "100.00%", "2013-09-30": "99.86%", "2013-06-30": "99.86%", "2013-03-31": "99.72%", "2012-12-31": "99.56%", "2012-09-30": "99.55%", "2012-06-30": "99.39%", "2012-03-31": "99.39%", "2011-12-31": "99.37%", "2011-09-30": "99.36%", "2011-06-30": "99.35%", "2011-03-31": "99.34%", "2010-12-31": "99.50%", "2010-09-30": "99.48%", "2010-06-30": "99.47%", "2010-03-31": "99.64%", "2009-12-31": "99.47%", "2009-09-30": "99.65%", "2009-06-30": "99.67%", "2009-03-31": "99.52%", "2008-12-31": "99.53%", "2008-09-30": "99.39%", "2008-06-30": "99.38%", "2008-03-31": "99.52%", "2007-12-31": "99.51%", "2007-09-30": "99.49%", "2007-06-30": "99.47%", "2007-03-31": "99.27%", "2006-12-31": "99.44%", "2006-09-30": "99.42%", "2006-06-30": "99.41%", "2006-03-31": "99.39%", "2005-12-31": "99.15%"}, "operating margin": {"2020-09-30": "20.49%", "2020-06-30": "23.71%", "2020-03-31": "28.70%", "2019-12-31": "28.61%", "2019-09-30": "27.66%", "2019-06-30": "29.01%", "2019-03-31": "30.22%", "2018-12-31": "30.58%", "2018-09-30": "32.58%", "2018-06-30": "31.46%", "2018-03-31": "30.28%", "2017-12-31": "30.82%", "2017-09-30": "27.87%", "2017-06-30": "26.21%", "2017-03-31": "24.05%", "2016-12-31": "23.27%", "2016-09-30": "25.22%", "2016-06-30": "25.39%", "2016-03-31": "25.45%", "2015-12-31": "26.16%", "2015-09-30": "26.86%", "2015-06-30": "26.89%", "2015-03-31": "27.68%", "2014-12-31": "28.23%", "2014-09-30": "28.17%", "2014-06-30": "27.55%", "2014-03-31": "27.14%", "2013-12-31": "27.03%", "2013-09-30": "27.25%", "2013-06-30": "27.56%", "2013-03-31": "27.80%", "2012-12-31": "27.70%", "2012-09-30": "27.30%", "2012-06-30": "27.84%", "2012-03-31": "27.15%", "2011-12-31": "26.96%", "2011-09-30": "27.27%", "2011-06-30": "26.49%", "2011-03-31": "26.99%", "2010-12-31": "27.01%", "2010-09-30": "26.98%", "2010-06-30": "26.60%", "2010-03-31": "25.85%", "2009-12-31": "26.24%", "2009-09-30": "25.65%", "2009-06-30": "26.91%", "2009-03-31": "27.00%", "2008-12-31": "27.30%", "2008-09-30": "28.81%", "2008-06-30": "29.53%", "2008-03-31": "30.37%", "2007-12-31": "29.92%", "2007-09-30": "30.09%", "2007-06-30": "30.12%", "2007-03-31": "30.04%", "2006-12-31": "30.93%", "2006-09-30": "31.47%", "2006-06-30": "30.65%", "2006-03-31": "30.82%", "2005-12-31": "30.30%"}, "ebitda margin": {"2020-09-30": "26.97%", "2020-06-30": "29.19%", "2020-03-31": "32.91%", "2019-12-31": "32.74%", "2019-09-30": "32.33%", "2019-06-30": "33.68%", "2019-03-31": "35.18%", "2018-12-31": "35.29%", "2018-09-30": "36.61%", "2018-06-30": "35.38%", "2018-03-31": "34.03%", "2017-12-31": "34.43%", "2017-09-30": "31.20%", "2017-06-30": "28.80%", "2017-03-31": "26.08%", "2016-12-31": "24.50%", "2016-09-30": "26.51%", "2016-06-30": "26.72%", "2016-03-31": "26.79%", "2015-12-31": "27.56%", "2015-09-30": "28.30%", "2015-06-30": "28.25%", "2015-03-31": "28.98%", "2014-12-31": "29.42%", "2014-09-30": "29.38%", "2014-06-30": "28.90%", "2014-03-31": "28.49%", "2013-12-31": "28.41%", "2013-09-30": "28.47%", "2013-06-30": "28.67%", "2013-03-31": "28.94%", "2012-12-31": "28.86%", "2012-09-30": "28.49%", "2012-06-30": "29.05%", "2012-03-31": "28.37%", "2011-12-31": "28.21%", "2011-09-30": "28.55%", "2011-06-30": "27.79%", "2011-03-31": "28.31%", "2010-12-31": "28.36%", "2010-09-30": "28.35%", "2010-06-30": "28.01%", "2010-03-31": "27.29%", "2009-12-31": "27.66%", "2009-09-30": "27.04%", "2009-06-30": "28.24%", "2009-03-31": "28.27%", "2008-12-31": "28.55%", "2008-09-30": "30.03%", "2008-06-30": "30.94%", "2008-03-31": "31.96%", "2007-12-31": "31.71%", "2007-09-30": "31.97%", "2007-06-30": "31.91%", "2007-03-31": "31.87%", "2006-12-31": "32.59%", "2006-09-30": "33.40%", "2006-06-30": "32.61%", "2006-03-31": "32.86%", "2005-12-31": "32.63%"}, "pre tax profit margin": {"2020-09-30": "12.25%", "2020-06-30": "17.49%", "2020-03-31": "23.59%", "2019-12-31": "24.13%", "2019-09-30": "23.44%", "2019-06-30": "25.37%", "2019-03-31": "26.50%", "2018-12-31": "26.15%", "2018-09-30": "28.25%", "2018-06-30": "27.04%", "2018-03-31": "25.49%", "2017-12-31": "26.46%", "2017-09-30": "22.93%", "2017-06-30": "21.26%", "2017-03-31": "19.24%", "2016-12-31": "18.32%", "2016-09-30": "20.91%", "2016-06-30": "20.62%", "2016-03-31": "20.52%", "2015-12-31": "21.40%", "2015-09-30": "21.82%", "2015-06-30": "21.81%", "2015-03-31": "22.38%", "2014-12-31": "22.96%", "2014-09-30": "22.91%", "2014-06-30": "22.58%", "2014-03-31": "22.12%", "2013-12-31": "21.93%", "2013-09-30": "22.07%", "2013-06-30": "22.30%", "2013-03-31": "23.26%", "2012-12-31": "24.20%", "2012-09-30": "24.93%", "2012-06-30": "26.02%", "2012-03-31": "25.46%", "2011-12-31": "24.76%", "2011-09-30": "25.20%", "2011-06-30": "25.20%", "2011-03-31": "25.83%", "2010-12-31": "26.68%", "2010-09-30": "26.80%", "2010-06-30": "26.77%", "2010-03-31": "26.75%", "2009-12-31": "26.60%", "2009-09-30": "24.96%", "2009-06-30": "25.25%", "2009-03-31": "24.60%", "2008-12-31": "24.49%", "2008-09-30": "26.22%", "2008-06-30": "27.03%", "2008-03-31": "28.14%", "2007-12-31": "28.13%", "2007-09-30": "28.72%", "2007-06-30": "28.70%", "2007-03-31": "28.02%", "2006-12-31": "28.70%", "2006-09-30": "28.96%", "2006-06-30": "28.09%", "2006-03-31": "28.37%", "2005-12-31": "27.75%"}, "net profit margin": {"2020-09-30": "12.84%", "2020-06-30": "18.02%", "2020-03-31": "22.15%", "2019-12-31": "19.91%", "2019-09-30": "19.32%", "2019-06-30": "20.06%", "2019-03-31": "20.97%", "2018-12-31": "20.67%", "2018-09-30": "17.13%", "2018-06-30": "15.18%", "2018-03-31": "12.70%", "2017-12-31": "12.86%", "2017-09-30": "16.03%", "2017-06-30": "14.96%", "2017-03-31": "13.92%", "2016-12-31": "13.24%", "2016-09-30": "14.87%", "2016-06-30": "14.52%", "2016-03-31": "14.35%", "2015-12-31": "14.88%", "2015-09-30": "14.87%", "2015-06-30": "15.12%", "2015-03-31": "15.65%", "2014-12-31": "16.23%", "2014-09-30": "16.17%", "2014-06-30": "15.99%", "2014-03-31": "15.60%", "2013-12-31": "15.45%", "2013-09-30": "15.40%", "2013-06-30": "16.20%", "2013-03-31": "16.74%", "2012-12-31": "17.20%", "2012-09-30": "17.66%", "2012-06-30": "18.00%", "2012-03-31": "17.48%", "2011-12-31": "17.24%", "2011-09-30": "17.38%", "2011-06-30": "17.29%", "2011-03-31": "17.72%", "2010-12-31": "17.95%", "2010-09-30": "18.21%", "2010-06-30": "17.55%", "2010-03-31": "17.59%", "2009-12-31": "17.38%", "2009-09-30": "16.12%", "2009-06-30": "15.95%", "2009-03-31": "15.50%", "2008-12-31": "15.60%", "2008-09-30": "16.77%", "2008-06-30": "17.50%", "2008-03-31": "18.12%", "2007-12-31": "18.05%", "2007-09-30": "18.46%", "2007-06-30": "20.68%", "2007-03-31": "20.33%", "2006-12-31": "20.93%", "2006-09-30": "21.24%", "2006-06-30": "18.86%", "2006-03-31": "19.18%", "2005-12-31": "18.64%"}, "pe ratio": {"current": "43.21", "2021-02-05": "54.46", "2020-09-30": "43.86", "2020-06-30": "25.78", "2020-03-31": "13.77", "2019-12-31": "25.89", "2019-09-30": "23.28", "2019-06-30": "22.41", "2019-03-31": "19.61", "2018-12-31": "18.53", "2018-09-30": "26.10", "2018-06-30": "28.94", "2018-03-31": "40.12", "2017-12-31": "37.40", "2017-09-30": "23.09", "2017-06-30": "23.14", "2017-03-31": "23.43", "2016-12-31": "22.28", "2016-09-30": "18.23", "2016-06-30": "20.18", "2016-03-31": "23.43", "2015-12-31": "21.57", "2015-09-30": "21.07", "2015-06-30": "24.46", "2015-03-31": "29.07", "2014-12-31": "25.96", "2014-09-30": "23.58", "2014-06-30": "21.06", "2014-03-31": "21.65", "2013-12-31": "23.84", "2013-09-30": "21.24", "2013-06-30": "18.91", "2013-03-31": "19.36", "2012-12-31": "14.73", "2012-09-30": "13.93", "2012-06-30": "13.32", "2012-03-31": "12.98", "2011-12-31": "13.73", "2011-09-30": "10.79", "2011-06-30": "12.24", "2011-03-31": "14.25", "2010-12-31": "13.97", "2010-09-30": "13.25", "2010-06-30": "11.78", "2010-03-31": "13.74", "2009-12-31": "12.35", "2009-09-30": "12.83", "2009-06-30": "10.79", "2009-03-31": "10.25", "2008-12-31": "11.72", "2008-09-30": "9.59", "2008-06-30": "9.21", "2008-03-31": "11.80", "2007-12-31": "11.82", "2007-09-30": "13.93", "2007-06-30": "13.72", "2007-03-31": "12.76", "2006-12-31": "14.93"}, "price sales": {"2021-02-05": "6.98", "2020-09-30": "5.62", "2020-06-30": "4.62", "2020-03-31": "3.04", "2019-12-31": "5.14", "2019-09-30": "4.51", "2019-06-30": "4.50", "2019-03-31": "4.12", "2018-12-31": "3.85", "2018-09-30": "4.57", "2018-06-30": "4.24", "2018-03-31": "4.63", "2017-12-31": "4.55", "2017-09-30": "4.33", "2017-06-30": "4.34", "2017-03-31": "4.32", "2016-12-31": "3.76", "2016-09-30": "2.64", "2016-06-30": "2.87", "2016-03-31": "3.30", "2015-12-31": "3.20", "2015-09-30": "3.12", "2015-06-30": "3.67", "2015-03-31": "4.53", "2014-12-31": "4.04", "2014-09-30": "3.81", "2014-06-30": "3.44", "2014-03-31": "3.36", "2013-12-31": "3.64", "2013-09-30": "3.14", "2013-06-30": "2.92", "2013-03-31": "3.16", "2012-12-31": "2.57", "2012-09-30": "2.48", "2012-06-30": "2.37", "2012-03-31": "2.26", "2011-12-31": "2.35", "2011-09-30": "1.87", "2011-06-30": "2.11", "2011-03-31": "2.50", "2010-12-31": "2.48", "2010-09-30": "2.41", "2010-06-30": "2.05", "2010-03-31": "2.40", "2009-12-31": "2.15", "2009-09-30": "2.08", "2009-06-30": "1.73", "2009-03-31": "1.61", "2008-12-31": "1.84", "2008-09-30": "1.62", "2008-06-30": "1.63", "2008-03-31": "2.15", "2007-12-31": "2.15", "2007-09-30": "2.57", "2007-06-30": "2.83", "2007-03-31": "2.61", "2006-12-31": "3.11"}, "price book": {"current": "0.00", "2021-02-05": "0.00", "2020-09-30": "-222.75", "2020-06-30": "-102.18", "2020-03-31": "-77.00", "2019-12-31": "-244.10", "2019-09-30": "-86.63", "2019-06-30": "-39.08", "2019-03-31": "-23.02", "2018-12-31": "-21.39", "2018-09-30": "-27.41", "2018-06-30": "-20.65", "2018-03-31": "-17.14", "2017-12-31": "-16.64", "2017-09-30": "-17.61", "2017-06-30": "-13.97", "2017-03-31": "-11.71", "2016-12-31": "-9.79", "2016-09-30": "-7.21", "2016-06-30": "-6.85", "2016-03-31": "-7.55", "2015-12-31": "-6.82", "2015-09-30": "-6.37", "2015-06-30": "-7.64", "2015-03-31": "-8.38", "2014-12-31": "-7.01", "2014-09-30": "-7.08", "2014-06-30": "-6.20", "2014-03-31": "-5.64", "2013-12-31": "-5.86", "2013-09-30": "-4.93", "2013-06-30": "-4.09", "2013-03-31": "-4.18", "2012-12-31": "-3.29", "2012-09-30": "-2.94", "2012-06-30": "-138.73", "2012-03-31": "-55.63", "2011-12-31": "-57.91", "2011-09-30": "-80.88", "2011-06-30": "-47.18", "2011-03-31": "-31.12", "2010-12-31": "-25.66", "2010-09-30": "-18.71", "2010-06-30": "-12.01", "2010-03-31": "-11.60", "2009-12-31": "-10.56", "2009-09-30": "-8.85", "2009-06-30": "-7.15", "2009-03-31": "-6.66", "2008-12-31": "-8.26", "2008-09-30": "-11.59", "2008-06-30": "-8.84", "2008-03-31": "-9.15", "2007-12-31": "-7.95", "2007-09-30": "-9.58", "2007-06-30": "-23.43", "2007-03-31": "-21.32", "2006-12-31": "-26.69", "2006-09-30": "-20.57", "2006-06-30": "-20.16", "2006-03-31": "-12.04"}, "price fcf": {"2021-02-05": "", "2020-09-30": "$1.90", "2020-06-30": "$2.40", "2020-03-31": "$3.77", "2019-12-31": "$4.02", "2019-09-30": "$4.25", "2019-06-30": "$3.97", "2019-03-31": "$3.76", "2018-12-31": "$3.50", "2018-09-30": "$3.60", "2018-06-30": "$4.01", "2018-03-31": "$3.80", "2017-12-31": "$4.16", "2017-09-30": "$3.66", "2017-06-30": "$3.08", "2017-03-31": "$3.25", "2016-12-31": "$2.46", "2016-09-30": "$2.38", "2016-06-30": "$2.25", "2016-03-31": "$2.43", "2015-12-31": "$2.51", "2015-09-30": "$2.24", "2015-06-30": "$2.51", "2015-03-31": "$2.58", "2014-12-31": "$3.13", "2014-09-30": "$3.16", "2014-06-30": "$3.15", "2014-03-31": "$2.49", "2013-12-31": "$2.07", "2013-09-30": "$1.82", "2013-06-30": "$1.92", "2013-03-31": "$2.05", "2012-12-31": "$2.31", "2012-09-30": "$2.27", "2012-06-30": "$2.15", "2012-03-31": "$2.22", "2011-12-31": "$2.08", "2011-09-30": "$2.14", "2011-06-30": "$1.98", "2011-03-31": "$1.86", "2010-12-31": "$2.02", "2010-09-30": "$2.01", "2010-06-30": "$1.48", "2010-03-31": "$1.60", "2009-12-31": "$1.69", "2009-09-30": "$1.36", "2009-06-30": "$1.68", "2009-03-31": "$1.52", "2008-12-31": "$1.47", "2008-09-30": "$1.95", "2008-06-30": "$1.77", "2008-03-31": "$1.86", "2007-12-31": "$2.03", "2007-09-30": "$1.95", "2007-06-30": "$2.08", "2007-03-31": "$2.09", "2006-12-31": "$2.18"}, "net worth": {"value": "$5.92B"}, "current ratio": {"current": "1.65", "2020-09-30": "1.65", "2020-06-30": "2.40", "2020-03-31": "2.08", "2019-12-31": "0.73", "2019-09-30": "0.82", "2019-06-30": "0.86", "2019-03-31": "0.83", "2018-12-31": "0.77", "2018-09-30": "0.94", "2018-06-30": "0.99", "2018-03-31": "0.86", "2017-12-31": "1.41", "2017-09-30": "1.67", "2017-06-30": "1.38", "2017-03-31": "1.25", "2016-12-31": "1.31", "2016-09-30": "1.44", "2016-06-30": "1.46", "2016-03-31": "1.54", "2015-12-31": "1.50", "2015-09-30": "1.88", "2015-06-30": "1.97", "2015-03-31": "1.96", "2014-12-31": "1.63", "2014-09-30": "2.03", "2014-06-30": "1.92", "2014-03-31": "2.02", "2013-12-31": "1.76", "2013-09-30": "1.80", "2013-06-30": "1.42", "2013-03-31": "1.31", "2012-12-31": "1.61", "2012-09-30": "1.04", "2012-06-30": "3.21", "2012-03-31": "1.01", "2011-12-31": "1.06", "2011-09-30": "1.15", "2011-06-30": "1.04", "2011-03-31": "0.99", "2010-12-31": "0.99", "2010-09-30": "0.94", "2010-06-30": "0.34", "2010-03-31": "0.95", "2009-12-31": "0.97", "2009-09-30": "0.91", "2009-06-30": "0.85", "2009-03-31": "0.92", "2008-12-31": "0.89", "2008-09-30": "0.95", "2008-06-30": "0.89", "2008-03-31": "0.81", "2007-12-31": "0.72", "2007-09-30": "0.79", "2007-06-30": "0.77", "2007-03-31": "0.60", "2006-12-31": "0.62", "2006-09-30": "0.63", "2006-06-30": "0.55", "2006-03-31": "0.48", "2005-12-31": "0.52", "2005-09-30": "0.72", "2005-06-30": "0.68", "2005-03-31": "0.76"}, "quick ratio": {"2020-09-30": "0.00", "2020-06-30": "0.00", "2020-03-31": "0.00", "2019-12-31": "0.00", "2019-09-30": "0.00", "2019-06-30": "0.00", "2019-03-31": "0.00", "2018-12-31": "0.00", "2018-09-30": "0.00", "2018-06-30": "0.00", "2018-03-31": "0.00", "2017-12-31": "0.00", "2017-09-30": "0.00", "2017-06-30": "0.00", "2017-03-31": "0.00", "2016-12-31": "0.00", "2016-09-30": "0.00", "2016-06-30": "0.00", "2016-03-31": "0.00", "2015-12-31": "0.00", "2015-09-30": "0.00", "2015-06-30": "0.00", "2015-03-31": "0.00", "2014-12-31": "0.00", "2014-09-30": "0.00", "2014-06-30": "0.00", "2014-03-31": "0.00", "2013-12-31": "0.00", "2013-09-30": "0.00", "2013-06-30": "0.00", "2013-03-31": "0.00", "2012-12-31": "0.00", "2012-09-30": "0.00", "2012-06-30": "0.00", "2012-03-31": "0.00", "2011-12-31": "0.00", "2011-09-30": "0.00", "2011-06-30": "0.00", "2011-03-31": "0.00", "2010-12-31": "0.00", "2010-09-30": "0.00", "2010-06-30": "0.00", "2010-03-31": "0.00", "2009-12-31": "0.00", "2009-09-30": "0.00", "2009-06-30": "0.00", "2009-03-31": "0.00", "2008-12-31": "0.00", "2008-09-30": "0.00", "2008-06-30": "0.00", "2008-03-31": "0.00", "2007-12-31": "0.00", "2007-09-30": "0.00", "2007-06-30": "0.00", "2007-03-31": "0.00", "2006-12-31": "0.00", "2006-09-30": "0.00", "2006-06-30": "0.00", "2006-03-31": "0.00", "2005-12-31": "0.00", "2005-09-30": "0.00", "2005-06-30": "0.00", "2005-03-31": "0.00"}, "debt equity ratio": {"current": "0.00", "2020-09-30": "-74.36", "2020-06-30": "-40.44", "2020-03-31": "-39.86", "2019-12-31": "-59.98", "2019-09-30": "-25.22", "2019-06-30": "-10.90", "2019-03-31": "-7.33", "2018-12-31": "-7.19", "2018-09-30": "-7.91", "2018-06-30": "-6.51", "2018-03-31": "-5.05", "2017-12-31": "-4.85", "2017-09-30": "-5.80", "2017-06-30": "-4.75", "2017-03-31": "-4.09", "2016-12-31": "-3.74", "2016-09-30": "-3.51", "2016-06-30": "-3.26", "2016-03-31": "-3.04", "2015-12-31": "-2.81", "2015-09-30": "-2.78", "2015-06-30": "-2.82", "2015-03-31": "-2.60", "2014-12-31": "-2.49", "2014-09-30": "-2.67", "2014-06-30": "-2.52", "2014-03-31": "-2.32", "2013-12-31": "-2.23", "2013-09-30": "-2.24", "2013-06-30": "-2.08", "2013-03-31": "-2.01", "2012-12-31": "-1.99", "2012-09-30": "-1.85", "2012-06-30": "-77.29", "2012-03-31": "-17.93", "2011-12-31": "-18.52", "2011-09-30": "-33.40", "2011-06-30": "-16.79", "2011-03-31": "-9.41", "2010-12-31": "-8.09", "2010-09-30": "-6.34", "2010-06-30": "-5.02", "2010-03-31": "-4.14", "2009-12-31": "-3.98", "2009-09-30": "-3.66", "2009-06-30": "-3.53", "2009-03-31": "-3.28", "2008-12-31": "-3.38", "2008-09-30": "-4.87", "2008-06-30": "-4.03", "2008-03-31": "-3.39", "2007-12-31": "-3.09", "2007-09-30": "-3.27", "2007-06-30": "-5.62", "2007-03-31": "-5.33", "2006-12-31": "-5.86", "2006-09-30": "-4.66", "2006-06-30": "-3.38", "2006-03-31": "-2.86", "2005-12-31": "-2.59", "2005-09-30": "-2.75", "2005-06-30": "-2.53", "2005-03-31": "-2.36"}, "return on equity": {"2020-09-30": "-330.30%", "2020-06-30": "-407.14%", "2020-03-31": "-398.39%", "2019-12-31": "-228.28%", "2019-09-30": "-153.73%", "2019-06-30": "-130.30%", "2019-03-31": "-118.76%", "2018-12-31": "-105.39%", "2018-09-30": "-78.11%", "2018-06-30": "-65.44%", "2018-03-31": "-50.21%", "2017-12-31": "-48.21%", "2017-09-30": "-49.24%", "2017-06-30": "-40.57%", "2017-03-31": "-33.49%", "2016-12-31": "-30.40%", "2016-09-30": "-36.97%", "2016-06-30": "-33.65%", "2016-03-31": "-32.65%", "2015-12-31": "-32.10%", "2015-09-30": "-30.47%", "2015-06-30": "-30.05%", "2015-03-31": "-29.30%", "2014-12-31": "-29.32%", "2014-09-30": "-28.20%", "2014-06-30": "-26.83%", "2014-03-31": "-24.46%", "2013-12-31": "-22.61%", "2013-09-30": "-21.87%", "2013-06-30": "-21.60%", "2013-03-31": "-28.47%", "2012-12-31": "-41.22%", "2012-09-30": "-75.32%", "2012-06-30": "-618.18%", "2012-03-31": "-485.11%", "2011-12-31": "-376.07%", "2011-09-30": "-292.62%", "2011-06-30": "-203.81%", "2011-03-31": "-153.41%", "2010-12-31": "-124.06%", "2010-09-30": "-105.74%", "2010-06-30": "-86.27%", "2010-03-31": "-77.93%", "2009-12-31": "-73.41%", "2009-09-30": "-66.67%", "2009-06-30": "-74.42%", "2009-03-31": "-79.18%", "2008-12-31": "-82.30%", "2008-09-30": "-87.13%", "2008-06-30": "-79.57%", "2008-03-31": "-87.69%", "2007-12-31": "-99.11%", "2007-09-30": "-122.38%", "2007-06-30": "-164.54%", "2007-03-31": "-135.37%", "2006-12-31": "-111.33%", "2006-09-30": "-86.11%", "2006-06-30": "-64.21%", "2006-03-31": "-56.54%", "2005-12-31": "-48.82%"}, "return on assets": {"2020-09-30": "6.87%", "2020-06-30": "11.12%", "2020-03-31": "17.40%", "2019-12-31": "17.25%", "2019-09-30": "17.22%", "2019-06-30": "18.35%", "2019-03-31": "19.15%", "2018-12-31": "19.22%", "2018-09-30": "16.07%", "2018-06-30": "14.62%", "2018-03-31": "12.34%", "2017-12-31": "12.71%", "2017-09-30": "14.19%", "2017-06-30": "13.63%", "2017-03-31": "12.77%", "2016-12-31": "12.86%", "2016-09-30": "17.29%", "2016-06-30": "17.12%", "2016-03-31": "17.53%", "2015-12-31": "18.32%", "2015-09-30": "18.27%", "2015-06-30": "18.30%", "2015-03-31": "18.68%", "2014-12-31": "19.60%", "2014-09-30": "19.77%", "2014-06-30": "20.28%", "2014-03-31": "20.16%", "2013-12-31": "19.93%", "2013-09-30": "20.32%", "2013-06-30": "22.03%", "2013-03-31": "19.51%", "2012-12-31": "20.38%", "2012-09-30": "21.33%", "2012-06-30": "21.47%", "2012-03-31": "25.33%", "2011-12-31": "24.87%", "2011-09-30": "25.16%", "2011-06-30": "25.66%", "2011-03-31": "26.47%", "2010-12-31": "27.33%", "2010-09-30": "28.38%", "2010-06-30": "27.42%", "2010-03-31": "27.76%", "2009-12-31": "28.30%", "2009-09-30": "27.09%", "2009-06-30": "28.03%", "2009-03-31": "28.51%", "2008-12-31": "29.30%", "2008-09-30": "32.23%", "2008-06-30": "33.11%", "2008-03-31": "34.13%", "2007-12-31": "34.08%", "2007-09-30": "33.80%", "2007-06-30": "37.85%", "2007-03-31": "37.82%", "2006-12-31": "39.55%", "2006-09-30": "39.82%", "2006-06-30": "34.66%", "2006-03-31": "33.84%", "2005-12-31": "31.63%"}, "return on investments": {"2020-09-30": "16.52%", "2020-06-30": "22.53%", "2020-03-31": "36.92%", "2019-12-31": "43.68%", "2019-09-30": "45.24%", "2019-06-30": "50.49%", "2019-03-31": "52.99%", "2018-12-31": "55.06%", "2018-09-30": "59.99%", "2018-06-30": "57.06%", "2018-03-31": "52.60%", "2017-12-31": "51.62%", "2017-09-30": "39.17%", "2017-06-30": "37.91%", "2017-03-31": "35.27%", "2016-12-31": "35.95%", "2016-09-30": "47.25%", "2016-06-30": "49.06%", "2016-03-31": "51.77%", "2015-12-31": "55.11%", "2015-09-30": "57.44%", "2015-06-30": "56.99%", "2015-03-31": "58.11%", "2014-12-31": "59.32%", "2014-09-30": "58.46%", "2014-06-30": "58.66%", "2014-03-31": "58.35%", "2013-12-31": "58.55%", "2013-09-30": "60.74%", "2013-06-30": "65.73%", "2013-03-31": "51.82%", "2012-12-31": "53.48%", "2012-09-30": "55.01%", "2012-06-30": "55.09%", "2012-03-31": "76.96%", "2011-12-31": "76.53%", "2011-09-30": "78.98%", "2011-06-30": "81.59%", "2011-03-31": "112.41%", "2010-12-31": "117.52%", "2010-09-30": "121.24%", "2010-06-30": "119.76%", "2010-03-31": "86.75%", "2009-12-31": "91.22%", "2009-09-30": "93.52%", "2009-06-30": "104.85%", "2009-03-31": "111.92%", "2008-12-31": "121.32%", "2008-09-30": "138.72%", "2008-06-30": "144.83%", "2008-03-31": "152.80%", "2007-12-31": "154.30%", "2007-09-30": "149.15%", "2007-06-30": "146.96%", "2007-03-31": "149.43%", "2006-12-31": "156.44%", "2006-09-30": "153.77%", "2006-06-30": "139.91%", "2006-03-31": "131.30%", "2005-12-31": "117.45%"}, "return on tangible equity": {"2020-09-30": "-22.56%", "2020-06-30": "-34.97%", "2020-03-31": "-48.98%", "2019-12-31": "-41.53%", "2019-09-30": "-36.87%", "2019-06-30": "-35.83%", "2019-03-31": "-35.60%", "2018-12-31": "-33.90%", "2018-09-30": "-29.58%", "2018-06-30": "-29.56%", "2018-03-31": "-27.65%", "2017-12-31": "-32.90%", "2017-09-30": "-36.19%", "2017-06-30": "-30.83%", "2017-03-31": "-26.08%", "2016-12-31": "-24.07%", "2016-09-30": "-29.69%", "2016-06-30": "-27.26%", "2016-03-31": "-26.72%", "2015-12-31": "-26.60%", "2015-09-30": "-25.54%", "2015-06-30": "-25.42%", "2015-03-31": "-24.85%", "2014-12-31": "-24.91%", "2014-09-30": "-24.00%", "2014-06-30": "-22.93%", "2014-03-31": "-21.04%", "2013-12-31": "-19.56%", "2013-09-30": "-19.00%", "2013-06-30": "-18.85%", "2013-03-31": "-23.85%", "2012-12-31": "-32.11%", "2012-09-30": "-49.53%", "2012-06-30": "-116.38%", "2012-03-31": "-106.29%", "2011-12-31": "-96.70%", "2011-09-30": "-88.80%", "2011-06-30": "-76.98%", "2011-03-31": "-68.15%", "2010-12-31": "-61.32%", "2010-09-30": "-55.94%", "2010-06-30": "-48.35%", "2010-03-31": "-45.21%", "2009-12-31": "-43.51%", "2009-09-30": "-40.13%", "2009-06-30": "-43.24%", "2009-03-31": "-44.75%", "2008-12-31": "-46.14%", "2008-09-30": "-49.38%", "2008-06-30": "-46.96%", "2008-03-31": "-49.95%", "2007-12-31": "-52.54%", "2007-09-30": "-57.29%", "2007-06-30": "-67.74%", "2007-03-31": "-60.49%", "2006-12-31": "-55.53%", "2006-09-30": "-47.77%", "2006-06-30": "-37.94%", "2006-03-31": "-35.11%", "2005-12-31": "-31.57%"}, "dividend yield history": {"last payout": "$0.00", "last yield": "0.00%"}}