{"ticker": "CB", "price": {"title": "Chubb Historical Annual Stock Price Data", "value": 162.55, "historical": {"2021": {"Average Stock Price": "153.6517", "Year Open": "149.7300", "Year High": "162.7300", "Year Low": "145.1000", "Year Close": "162.5500", "Annual % Change": "5.61%"}, "2020": {"Average Stock Price": "131.2326", "Year Open": "156.0200", "Year High": "165.3300", "Year Low": "94.2000", "Year Close": "153.9200", "Annual % Change": "-1.12%"}, "2019": {"Average Stock Price": "146.4529", "Year Open": "127.2900", "Year High": "162.0600", "Year Low": "124.6700", "Year Close": "155.6600", "Annual % Change": "20.50%"}, "2018": {"Average Stock Price": "135.4646", "Year Open": "142.3000", "Year High": "156.1500", "Year Low": "120.1900", "Year Close": "129.1800", "Annual % Change": "-11.60%"}, "2017": {"Average Stock Price": "142.3699", "Year Open": "131.7100", "Year High": "155.1900", "Year Low": "128.4800", "Year Close": "146.1300", "Annual % Change": "10.60%"}, "2016": {"Average Stock Price": "123.2244", "Year Open": "113.7300", "Year High": "133.3200", "Year Low": "108.0000", "Year Close": "132.1200", "Annual % Change": "13.07%"}, "2015": {"Average Stock Price": "109.4309", "Year Open": "114.4400", "Year High": "119.4700", "Year Low": "99.7200", "Year Close": "116.8500", "Annual % Change": "1.71%"}, "2014": {"Average Stock Price": "103.6805", "Year Open": "101.7000", "Year High": "117.5800", "Year Low": "92.1900", "Year Close": "114.8800", "Annual % Change": "10.96%"}, "2013": {"Average Stock Price": "91.2815", "Year Open": "81.7900", "Year High": "103.5300", "Year Low": "79.9900", "Year Close": "103.5300", "Annual % Change": "29.74%"}, "2012": {"Average Stock Price": "74.5802", "Year Open": "70.3300", "Year High": "81.7000", "Year Low": "68.9800", "Year Close": "79.8000", "Annual % Change": "13.80%"}, "2011": {"Average Stock Price": "64.9886", "Year Open": "62.2400", "Year High": "73.3300", "Year Low": "58.9800", "Year Close": "70.1200", "Annual % Change": "12.64%"}, "2010": {"Average Stock Price": "54.1964", "Year Open": "49.2700", "Year High": "62.3700", "Year Low": "47.5000", "Year Close": "62.2500", "Annual % Change": "23.51%"}, "2009": {"Average Stock Price": "46.7145", "Year Open": "53.0300", "Year High": "55.1400", "Year Low": "31.8400", "Year Close": "50.4000", "Annual % Change": "-4.76%"}, "2008": {"Average Stock Price": "54.6238", "Year Open": "61.0400", "Year High": "66.0000", "Year Low": "37.9700", "Year Close": "52.9200", "Annual % Change": "-14.34%"}, "2007": {"Average Stock Price": "59.3378", "Year Open": "60.3500", "Year High": "63.9700", "Year Low": "53.2200", "Year Close": "61.7800", "Annual % Change": "2.00%"}, "2006": {"Average Stock Price": "54.2014", "Year Open": "54.5400", "Year High": "61.1600", "Year Low": "48.1800", "Year Close": "60.5700", "Annual % Change": "13.34%"}, "2005": {"Average Stock Price": "46.2346", "Year Open": "42.3300", "Year High": "56.5700", "Year Low": "38.7000", "Year Close": "53.4400", "Annual % Change": "25.01%"}, "2004": {"Average Stock Price": "41.3338", "Year Open": "41.1500", "Year High": "45.7400", "Year Low": "33.1500", "Year Close": "42.7500", "Annual % Change": "3.21%"}, "2003": {"Average Stock Price": "32.9773", "Year Open": "30.5100", "Year High": "41.4200", "Year Low": "23.7500", "Year Close": "41.4200", "Annual % Change": "41.17%"}, "2002": {"Average Stock Price": "34.7948", "Year Open": "39.4700", "Year High": "44.8200", "Year Low": "23.3200", "Year Close": "29.3400", "Annual % Change": "-26.92%"}, "2001": {"Average Stock Price": "36.0265", "Year Open": "41.2500", "Year High": "41.2500", "Year Low": "20.5000", "Year Close": "40.1500", "Annual % Change": "-5.39%"}, "2000": {"Average Stock Price": "29.0300", "Year Open": "16.3125", "Year High": "43.5625", "Year Low": "14.6875", "Year Close": "42.4375", "Annual % Change": "154.31%"}, "1999": {"Average Stock Price": "25.0050", "Year Open": "33.6250", "Year High": "34.8750", "Year Low": "15.5000", "Year Close": "16.6875", "Annual % Change": "-51.54%"}, "1998": {"Average Stock Price": "34.0655", "Year Open": "31.6458", "Year High": "42.1250", "Year Low": "25.4375", "Year Close": "34.4375", "Annual % Change": "7.06%"}, "1997": {"Average Stock Price": "25.3962", "Year Open": "19.9583", "Year High": "33.4792", "Year Low": "18.8750", "Year Close": "32.1667", "Annual % Change": "60.50%"}, "1996": {"Average Stock Price": "16.0420", "Year Open": "13.1250", "Year High": "20.0417", "Year Low": "12.6667", "Year Close": "20.0417", "Annual % Change": "51.26%"}, "1995": {"Average Stock Price": "9.8105", "Year Open": "7.7500", "Year High": "13.2500", "Year Low": "7.3750", "Year Close": "13.2500", "Annual % Change": "70.05%"}, "1994": {"Average Stock Price": "8.4691", "Year Open": "10.3333", "Year High": "10.3333", "Year Low": "6.9167", "Year Close": "7.7917", "Annual % Change": "-24.90%"}}}, "market cap": {"value": "$73.37B"}, "income statement": {"Revenue": {"2020-12-31": "35994.00000", "2019-12-31": "34186.00000", "2018-12-31": "32717.00000", "2017-12-31": "32243.00000", "2016-12-31": "31469.00000", "2015-12-31": "18987.00000", "2014-12-31": "19171.00000", "2013-12-31": "19261.00000", "2012-12-31": "17936.00000", "2011-12-31": "16834.00000", "2010-12-31": "16006.00000", "2009-12-31": "15075.00000", "2008-12-31": "13632.00000", "2007-12-31": "14154.00000", "2006-12-31": "13328.00000", "2005-12-31": "13088.00000"}, "Cost Of Goods Sold": {"2020-12-31": "29041.00000", "2019-12-31": "25623.00000", "2018-12-31": "24569.00000", "2017-12-31": "24911.00000", "2016-12-31": "22544.00000", "2015-12-31": "12968.00000", "2014-12-31": "13241.00000", "2013-12-31": "12522.00000", "2012-12-31": "12620.00000", "2011-12-31": "12393.00000", "2010-12-31": "10281.00000", "2009-12-31": "9877.00000", "2008-12-31": "10137.00000", "2007-12-31": "9290.00000", "2006-12-31": "8908.00000", "2005-12-31": "10377.00000"}, "Gross Profit": {"2020-12-31": "6953.00000", "2019-12-31": "8563.00000", "2018-12-31": "8148.00000", "2017-12-31": "7332.00000", "2016-12-31": "8925.00000", "2015-12-31": "6019.00000", "2014-12-31": "5930.00000", "2013-12-31": "6739.00000", "2012-12-31": "5316.00000", "2011-12-31": "4441.00000", "2010-12-31": "5725.00000", "2009-12-31": "5198.00000", "2008-12-31": "3495.00000", "2007-12-31": "4864.00000", "2006-12-31": "4420.00000", "2005-12-31": "2711.00000"}, "Research And Development Expenses": {"2020-12-31": "", "2019-12-31": "", "2018-12-31": "", "2017-12-31": "", "2016-12-31": "", "2015-12-31": "", "2014-12-31": "", "2013-12-31": "", "2012-12-31": "", "2011-12-31": "", "2010-12-31": "", "2009-12-31": "", "2008-12-31": "", "2007-12-31": "", "2006-12-31": "", "2005-12-31": ""}, "SG&A Expenses": {"2020-12-31": "2979.00000", "2019-12-31": "3030.00000", "2018-12-31": "2886.00000", "2017-12-31": "2833.00000", "2016-12-31": "3081.00000", "2015-12-31": "2270.00000", "2014-12-31": "2245.00000", "2013-12-31": "2211.00000", "2012-12-31": "2096.00000", "2011-12-31": "2068.00000", "2010-12-31": "1873.00000", "2009-12-31": "1811.00000", "2008-12-31": "1737.00000", "2007-12-31": "1455.00000", "2006-12-31": "1456.00000", "2005-12-31": "1261.00000"}, "Other Operating Income Or Expenses": {"2020-12-31": "936.00000", "2019-12-31": "596.00000", "2018-12-31": "434.00000", "2017-12-31": "400.00000", "2016-12-31": "222.00000", "2015-12-31": "51.00000", "2014-12-31": "190.00000", "2013-12-31": "80.00000", "2012-12-31": "6.00000", "2011-12-31": "-81.00000", "2010-12-31": "10.00000", "2009-12-31": "-85.00000", "2008-12-31": "39.00000", "2007-12-31": "-81.00000", "2006-12-31": "35.00000", "2005-12-31": "25.00000"}, "Operating Expenses": {"2020-12-31": "31374.00000", "2019-12-31": "28362.00000", "2018-12-31": "27360.00000", "2017-12-31": "27604.00000", "2016-12-31": "25422.00000", "2015-12-31": "15358.00000", "2014-12-31": "15404.00000", "2013-12-31": "14748.00000", "2012-12-31": "14710.00000", "2011-12-31": "14542.00000", "2010-12-31": "12144.00000", "2009-12-31": "11773.00000", "2008-12-31": "11835.00000", "2007-12-31": "10826.00000", "2006-12-31": "10329.00000", "2005-12-31": "11613.00000"}, "Operating Income": {"2020-12-31": "4620.00000", "2019-12-31": "5824.00000", "2018-12-31": "5357.00000", "2017-12-31": "4639.00000", "2016-12-31": "6047.00000", "2015-12-31": "3629.00000", "2014-12-31": "3767.00000", "2013-12-31": "4513.00000", "2012-12-31": "3226.00000", "2011-12-31": "2292.00000", "2010-12-31": "3862.00000", "2009-12-31": "3302.00000", "2008-12-31": "1797.00000", "2007-12-31": "3328.00000", "2006-12-31": "2999.00000", "2005-12-31": "1475.00000"}, "Total Non-Operating Income/Expense": {"2020-12-31": "-458.00000", "2019-12-31": "-575.00000", "2018-12-31": "-700.00000", "2017-12-31": "-917.00000", "2016-12-31": "-1097.00000", "2015-12-31": "-333.00000", "2014-12-31": "-280.00000", "2013-12-31": "-275.00000", "2012-12-31": "-250.00000", "2011-12-31": "-250.00000", "2010-12-31": "-224.00000", "2009-12-31": "-225.00000", "2008-12-31": "-230.00000", "2007-12-31": "-175.00000", "2006-12-31": "-176.00000", "2005-12-31": "-174.00000"}, "Pre-Tax Income": {"2020-12-31": "4162.00000", "2019-12-31": "5249.00000", "2018-12-31": "4657.00000", "2017-12-31": "3722.00000", "2016-12-31": "4950.00000", "2015-12-31": "3296.00000", "2014-12-31": "3487.00000", "2013-12-31": "4238.00000", "2012-12-31": "2976.00000", "2011-12-31": "2042.00000", "2010-12-31": "3638.00000", "2009-12-31": "3077.00000", "2008-12-31": "1567.00000", "2007-12-31": "3153.00000", "2006-12-31": "2823.00000", "2005-12-31": "1301.00000"}, "Income Taxes": {"2020-12-31": "629.00000", "2019-12-31": "795.00000", "2018-12-31": "695.00000", "2017-12-31": "-139.00000", "2016-12-31": "815.00000", "2015-12-31": "462.00000", "2014-12-31": "634.00000", "2013-12-31": "480.00000", "2012-12-31": "270.00000", "2011-12-31": "502.00000", "2010-12-31": "553.00000", "2009-12-31": "528.00000", "2008-12-31": "370.00000", "2007-12-31": "575.00000", "2006-12-31": "522.00000", "2005-12-31": "273.00000"}, "Income After Taxes": {"2020-12-31": "3533.00000", "2019-12-31": "4454.00000", "2018-12-31": "3962.00000", "2017-12-31": "3861.00000", "2016-12-31": "4135.00000", "2015-12-31": "2834.00000", "2014-12-31": "2853.00000", "2013-12-31": "3758.00000", "2012-12-31": "2706.00000", "2011-12-31": "1540.00000", "2010-12-31": "3085.00000", "2009-12-31": "2549.00000", "2008-12-31": "1197.00000", "2007-12-31": "2578.00000", "2006-12-31": "2301.00000", "2005-12-31": "1028.00000"}, "Other Income": {"2020-12-31": "", "2019-12-31": "", "2018-12-31": "", "2017-12-31": "", "2016-12-31": "", "2015-12-31": "", "2014-12-31": "", "2013-12-31": "", "2012-12-31": "", "2011-12-31": "", "2010-12-31": "", "2009-12-31": "", "2008-12-31": "", "2007-12-31": "", "2006-12-31": "", "2005-12-31": ""}, "Income From Continuous Operations": {"2020-12-31": "3533.00000", "2019-12-31": "4454.00000", "2018-12-31": "3962.00000", "2017-12-31": "3861.00000", "2016-12-31": "4135.00000", "2015-12-31": "2834.00000", "2014-12-31": "2853.00000", "2013-12-31": "3758.00000", "2012-12-31": "2706.00000", "2011-12-31": "1540.00000", "2010-12-31": "3085.00000", "2009-12-31": "2549.00000", "2008-12-31": "1197.00000", "2007-12-31": "2578.00000", "2006-12-31": "2301.00000", "2005-12-31": "1028.00000"}, "Income From Discontinued Operations": {"2020-12-31": "", "2019-12-31": "", "2018-12-31": "", "2017-12-31": "", "2016-12-31": "", "2015-12-31": "", "2014-12-31": "", "2013-12-31": "", "2012-12-31": "", "2011-12-31": "", "2010-12-31": "", "2009-12-31": "", "2008-12-31": "", "2007-12-31": "", "2006-12-31": "", "2005-12-31": ""}, "Net Income": {"2020-12-31": "3533.00000", "2019-12-31": "4454.00000", "2018-12-31": "3962.00000", "2017-12-31": "3861.00000", "2016-12-31": "4135.00000", "2015-12-31": "2834.00000", "2014-12-31": "2853.00000", "2013-12-31": "3758.00000", "2012-12-31": "2706.00000", "2011-12-31": "1540.00000", "2010-12-31": "3085.00000", "2009-12-31": "2549.00000", "2008-12-31": "1197.00000", "2007-12-31": "2578.00000", "2006-12-31": "2305.00000", "2005-12-31": "1028.00000"}, "EBITDA": {"2020-12-31": "4620.00000", "2019-12-31": "6524.00000", "2018-12-31": "6288.00000", "2017-12-31": "5593.00000", "2016-12-31": "8362.00000", "2015-12-31": "3958.00000", "2014-12-31": "3955.00000", "2013-12-31": "4781.00000", "2012-12-31": "3446.00000", "2011-12-31": "2444.00000", "2010-12-31": "4007.00000", "2009-12-31": "3355.00000", "2008-12-31": "1796.00000", "2007-12-31": "3322.00000", "2006-12-31": "3009.00000", "2005-12-31": "1565.00000"}, "EBIT": {"2020-12-31": "4620.00000", "2019-12-31": "5824.00000", "2018-12-31": "5357.00000", "2017-12-31": "4639.00000", "2016-12-31": "6047.00000", "2015-12-31": "3629.00000", "2014-12-31": "3767.00000", "2013-12-31": "4513.00000", "2012-12-31": "3226.00000", "2011-12-31": "2292.00000", "2010-12-31": "3862.00000", "2009-12-31": "3302.00000", "2008-12-31": "1797.00000", "2007-12-31": "3328.00000", "2006-12-31": "2999.00000", "2005-12-31": "1475.00000"}, "Basic Shares Outstanding": {"2020-12-31": "", "2019-12-31": "455.91000", "2018-12-31": "463.62900", "2017-12-31": "467.14600", "2016-12-31": "462.52000", "2015-12-31": "325.58900", "2014-12-31": "335.61000", "2013-12-31": "340.90600", "2012-12-31": "339.84300", "2011-12-31": "338.15900", "2010-12-31": "339.68500", "2009-12-31": "336.72600", "2008-12-31": "332.90100", "2007-12-31": "328.99000", "2006-12-31": "321.76900", "2005-12-31": "292.40100"}, "Shares Outstanding": {"2020-12-31": "453.40000", "2019-12-31": "458.91500", "2018-12-31": "466.80200", "2017-12-31": "471.19700", "2016-12-31": "465.94900", "2015-12-31": "328.83500", "2014-12-31": "338.98600", "2013-12-31": "344.14800", "2012-12-31": "342.74700", "2011-12-31": "340.78000", "2010-12-31": "341.24600", "2009-12-31": "337.53900", "2008-12-31": "334.60600", "2007-12-31": "331.98900", "2006-12-31": "327.23200", "2005-12-31": "297.30000"}, "Basic EPS": {"2020-12-31": "", "2019-12-31": "9.77000", "2018-12-31": "8.55000", "2017-12-31": "8.26000", "2016-12-31": "8.94000", "2015-12-31": "8.71000", "2014-12-31": "8.50000", "2013-12-31": "11.02000", "2012-12-31": "7.96000", "2011-12-31": "4.55000", "2010-12-31": "9.08000", "2009-12-31": "7.57000", "2008-12-31": "3.52000", "2007-12-31": "7.70000", "2006-12-31": "7.02000", "2005-12-31": "3.36000"}, "EPS - Earnings Per Share": {"2020-12-31": "7.79000", "2019-12-31": "9.71000", "2018-12-31": "8.49000", "2017-12-31": "8.19000", "2016-12-31": "8.87000", "2015-12-31": "8.62000", "2014-12-31": "8.42000", "2013-12-31": "10.92000", "2012-12-31": "7.89000", "2011-12-31": "4.52000", "2010-12-31": "9.04000", "2009-12-31": "7.55000", "2008-12-31": "3.50000", "2007-12-31": "7.63000", "2006-12-31": "6.91000", "2005-12-31": "3.31000"}}, "income statement, quarterly": {"Revenue": {"2020-12-31": "9848.00000", "2020-09-30": "9464.00000", "2020-06-30": "8985.00000", "2020-03-31": "7697.00000", "2019-12-31": "8738.00000", "2019-09-30": "9045.00000", "2019-06-30": "8527.00000", "2019-03-31": "7876.00000", "2018-12-31": "7626.00000", "2018-09-30": "8750.00000", "2018-06-30": "8510.00000", "2018-03-31": "7831.00000", "2017-12-31": "8015.00000", "2017-09-30": "8610.00000", "2017-06-30": "8108.00000", "2017-03-31": "7510.00000", "2016-12-31": "8168.00000", "2016-09-30": "8527.00000", "2016-06-30": "7897.00000", "2016-03-31": "6877.00000", "2015-12-31": "4679.00000", "2015-09-30": "4871.00000", "2015-06-30": "5048.00000", "2015-03-31": "4389.00000", "2014-12-31": "4737.00000", "2014-09-30": "5200.00000", "2014-06-30": "4815.00000", "2014-03-31": "4419.00000", "2013-12-31": "5074.00000", "2013-09-30": "5172.00000", "2013-06-30": "4705.00000", "2013-03-31": "4310.00000", "2012-12-31": "4687.00000", "2012-09-30": "5138.00000", "2012-06-30": "3926.00000", "2012-03-31": "4185.00000", "2011-12-31": "4479.00000", "2011-09-30": "4294.00000", "2011-06-30": "4253.00000", "2011-03-31": "3808.00000", "2010-12-31": "4409.00000", "2010-09-30": "3888.00000", "2010-06-30": "3760.00000", "2010-03-31": "3949.00000", "2009-12-31": "4272.00000", "2009-09-30": "3681.00000", "2009-06-30": "3547.00000", "2009-03-31": "3575.00000", "2008-12-31": "3103.00000", "2008-09-30": "3619.00000", "2008-06-30": "3834.00000", "2008-03-31": "3076.00000", "2007-12-31": "3495.00000", "2007-09-30": "3642.00000", "2007-06-30": "3468.00000", "2007-03-31": "3549.00000", "2006-12-31": "3469.00000", "2006-09-30": "3389.00000", "2006-06-30": "3289.00000", "2006-03-31": "3181.00000", "2005-12-31": "3188.00000", "2005-09-30": "3494.00000", "2005-06-30": "3258.00000", "2005-03-31": "3148.00000"}, "Cost Of Goods Sold": {"2020-12-31": "6741.00000", "2020-09-30": "7678.00000", "2020-06-30": "8393.00000", "2020-03-31": "6229.00000", "2019-12-31": "6632.00000", "2019-09-30": "6813.00000", "2019-06-30": "6420.00000", "2019-03-31": "5758.00000", "2018-12-31": "6252.00000", "2018-09-30": "6499.00000", "2018-06-30": "6101.00000", "2018-03-31": "5717.00000", "2017-12-31": "5895.00000", "2017-09-30": "7904.00000", "2017-06-30": "5758.00000", "2017-03-31": "5354.00000", "2016-12-31": "5433.00000", "2016-09-30": "5938.00000", "2016-06-30": "5960.00000", "2016-03-31": "5213.00000", "2015-12-31": "3197.00000", "2015-09-30": "3503.00000", "2015-06-30": "3297.00000", "2015-03-31": "2971.00000", "2014-12-31": "3314.00000", "2014-09-30": "3634.00000", "2014-06-30": "3290.00000", "2014-03-31": "3003.00000", "2013-12-31": "3355.00000", "2013-09-30": "3471.00000", "2013-06-30": "3025.00000", "2013-03-31": "2671.00000", "2012-12-31": "3461.00000", "2012-09-30": "3786.00000", "2012-06-30": "2840.00000", "2012-03-31": "2533.00000", "2011-12-31": "3037.00000", "2011-09-30": "3497.00000", "2011-06-30": "2946.00000", "2011-03-31": "2913.00000", "2010-12-31": "2709.00000", "2010-09-30": "2587.00000", "2010-06-30": "2423.00000", "2010-03-31": "2562.00000", "2009-12-31": "2528.00000", "2009-09-30": "2531.00000", "2009-06-30": "2422.00000", "2009-03-31": "2396.00000", "2008-12-31": "2433.00000", "2008-09-30": "3041.00000", "2008-06-30": "2553.00000", "2008-03-31": "2110.00000", "2007-12-31": "2305.00000", "2007-09-30": "2412.00000", "2007-06-30": "2260.00000", "2007-03-31": "2313.00000", "2006-12-31": "2289.00000", "2006-09-30": "2284.00000", "2006-06-30": "2209.00000", "2006-03-31": "2126.00000", "2005-12-31": "2590.00000", "2005-09-30": "3265.00000", "2005-06-30": "2310.00000", "2005-03-31": "2212.00000"}, "Gross Profit": {"2020-12-31": "3107.00000", "2020-09-30": "1786.00000", "2020-06-30": "592.00000", "2020-03-31": "1468.00000", "2019-12-31": "2106.00000", "2019-09-30": "2232.00000", "2019-06-30": "2107.00000", "2019-03-31": "2118.00000", "2018-12-31": "1374.00000", "2018-09-30": "2251.00000", "2018-06-30": "2409.00000", "2018-03-31": "2114.00000", "2017-12-31": "2120.00000", "2017-09-30": "706.00000", "2017-06-30": "2350.00000", "2017-03-31": "2156.00000", "2016-12-31": "2735.00000", "2016-09-30": "2589.00000", "2016-06-30": "1937.00000", "2016-03-31": "1664.00000", "2015-12-31": "1482.00000", "2015-09-30": "1368.00000", "2015-06-30": "1751.00000", "2015-03-31": "1418.00000", "2014-12-31": "1423.00000", "2014-09-30": "1566.00000", "2014-06-30": "1525.00000", "2014-03-31": "1416.00000", "2013-12-31": "1719.00000", "2013-09-30": "1701.00000", "2013-06-30": "1680.00000", "2013-03-31": "1639.00000", "2012-12-31": "1226.00000", "2012-09-30": "1352.00000", "2012-06-30": "1086.00000", "2012-03-31": "1652.00000", "2011-12-31": "1442.00000", "2011-09-30": "797.00000", "2011-06-30": "1307.00000", "2011-03-31": "895.00000", "2010-12-31": "1700.00000", "2010-09-30": "1301.00000", "2010-06-30": "1337.00000", "2010-03-31": "1387.00000", "2009-12-31": "1744.00000", "2009-09-30": "1150.00000", "2009-06-30": "1125.00000", "2009-03-31": "1179.00000", "2008-12-31": "670.00000", "2008-09-30": "578.00000", "2008-06-30": "1281.00000", "2008-03-31": "966.00000", "2007-12-31": "1190.00000", "2007-09-30": "1230.00000", "2007-06-30": "1208.00000", "2007-03-31": "1236.00000", "2006-12-31": "1180.00000", "2006-09-30": "1105.00000", "2006-06-30": "1080.00000", "2006-03-31": "1055.00000", "2005-12-31": "598.00000", "2005-09-30": "229.00000", "2005-06-30": "948.00000", "2005-03-31": "936.00000"}, "Research And Development Expenses": {"2020-12-31": "", "2020-09-30": "", "2020-06-30": "", "2020-03-31": "", "2019-12-31": "", "2019-09-30": "", "2019-06-30": "", "2019-03-31": "", "2018-12-31": "", "2018-09-30": "", "2018-06-30": "", "2018-03-31": "", "2017-12-31": "", "2017-09-30": "", "2017-06-30": "", "2017-03-31": "", "2016-12-31": "", "2016-09-30": "", "2016-06-30": "", "2016-03-31": "", "2015-12-31": "", "2015-09-30": "", "2015-06-30": "", "2015-03-31": "", "2014-12-31": "", "2014-09-30": "", "2014-06-30": "", "2014-03-31": "", "2013-12-31": "", "2013-09-30": "", "2013-06-30": "", "2013-03-31": "", "2012-12-31": "", "2012-09-30": "", "2012-06-30": "", "2012-03-31": "", "2011-12-31": "", "2011-09-30": "", "2011-06-30": "", "2011-03-31": "", "2010-12-31": "", "2010-09-30": "", "2010-06-30": "", "2010-03-31": "", "2009-12-31": "", "2009-09-30": "", "2009-06-30": "", "2009-03-31": "", "2008-12-31": "", "2008-09-30": "", "2008-06-30": "", "2008-03-31": "", "2007-12-31": "", "2007-09-30": "", "2007-06-30": "", "2007-03-31": "", "2006-12-31": "", "2006-09-30": "", "2006-06-30": "", "2006-03-31": "", "2005-12-31": "", "2005-09-30": "", "2005-06-30": "", "2005-03-31": ""}, "SG&A Expenses": {"2020-12-31": "778.00000", "2020-09-30": "733.00000", "2020-06-30": "727.00000", "2020-03-31": "741.00000", "2019-12-31": "810.00000", "2019-09-30": "752.00000", "2019-06-30": "758.00000", "2019-03-31": "710.00000", "2018-12-31": "728.00000", "2018-09-30": "719.00000", "2018-06-30": "747.00000", "2018-03-31": "692.00000", "2017-12-31": "737.00000", "2017-09-30": "714.00000", "2017-06-30": "706.00000", "2017-03-31": "676.00000", "2016-12-31": "708.00000", "2016-09-30": "772.00000", "2016-06-30": "829.00000", "2016-03-31": "772.00000", "2015-12-31": "570.00000", "2015-09-30": "568.00000", "2015-06-30": "578.00000", "2015-03-31": "554.00000", "2014-12-31": "590.00000", "2014-09-30": "554.00000", "2014-06-30": "566.00000", "2014-03-31": "535.00000", "2013-12-31": "570.00000", "2013-09-30": "563.00000", "2013-06-30": "564.00000", "2013-03-31": "514.00000", "2012-12-31": "553.00000", "2012-09-30": "519.00000", "2012-06-30": "514.00000", "2012-03-31": "510.00000", "2011-12-31": "531.00000", "2011-09-30": "520.00000", "2011-06-30": "518.00000", "2011-03-31": "499.00000", "2010-12-31": "517.00000", "2010-09-30": "433.00000", "2010-06-30": "463.00000", "2010-03-31": "460.00000", "2009-12-31": "486.00000", "2009-09-30": "451.00000", "2009-06-30": "454.00000", "2009-03-31": "420.00000", "2008-12-31": "444.00000", "2008-09-30": "457.00000", "2008-06-30": "461.00000", "2008-03-31": "375.00000", "2007-12-31": "385.00000", "2007-09-30": "358.00000", "2007-06-30": "356.00000", "2007-03-31": "356.00000", "2006-12-31": "365.00000", "2006-09-30": "353.00000", "2006-06-30": "340.00000", "2006-03-31": "398.00000", "2005-12-31": "301.00000", "2005-09-30": "308.00000", "2005-06-30": "316.00000", "2005-03-31": "336.00000"}, "Other Operating Income Or Expenses": {"2020-12-31": "572.00000", "2020-09-30": "485.00000", "2020-06-30": "-58.00000", "2020-03-31": "-55.00000", "2019-12-31": "270.00000", "2019-09-30": "57.00000", "2019-06-30": "230.00000", "2019-03-31": "39.00000", "2018-12-31": "127.00000", "2018-09-30": "145.00000", "2018-06-30": "115.00000", "2018-03-31": "47.00000", "2017-12-31": "67.00000", "2017-09-30": "118.00000", "2017-06-30": "145.00000", "2017-03-31": "70.00000", "2016-12-31": "130.00000", "2016-09-30": "91.00000", "2016-06-30": "29.00000", "2016-03-31": "-28.00000", "2015-12-31": "-10.00000", "2015-09-30": "-12.00000", "2015-06-30": "38.00000", "2015-03-31": "35.00000", "2014-12-31": "102.00000", "2014-09-30": "46.00000", "2014-06-30": "25.00000", "2014-03-31": "17.00000", "2013-12-31": "102.00000", "2013-09-30": "5.00000", "2013-06-30": "-37.00000", "2013-03-31": "10.00000", "2012-12-31": "20.00000", "2012-09-30": "17.00000", "2012-06-30": "-34.00000", "2012-03-31": "3.00000", "2011-12-31": "7.00000", "2011-09-30": "-89.00000", "2011-06-30": "-12.00000", "2011-03-31": "13.00000", "2010-12-31": "-16.00000", "2010-09-30": "25.00000", "2010-06-30": "-3.00000", "2010-03-31": "4.00000", "2009-12-31": "-41.00000", "2009-09-30": "-51.00000", "2009-06-30": "21.00000", "2009-03-31": "-14.00000", "2008-12-31": "-65.00000", "2008-09-30": "-6.00000", "2008-06-30": "125.00000", "2008-03-31": "-15.00000", "2007-12-31": "-49.00000", "2007-09-30": "-32.00000", "2007-06-30": "4.00000", "2007-03-31": "-4.00000", "2006-12-31": "16.00000", "2006-09-30": "2.00000", "2006-06-30": "12.00000", "2006-03-31": "5.00000", "2005-12-31": "-11.00000", "2005-09-30": "25.00000", "2005-06-30": "6.00000", "2005-03-31": "5.00000"}, "Operating Expenses": {"2020-12-31": "7020.00000", "2020-09-30": "7998.00000", "2020-06-30": "9250.00000", "2020-03-31": "7098.00000", "2019-12-31": "7248.00000", "2019-09-30": "7584.00000", "2019-06-30": "7025.00000", "2019-03-31": "6505.00000", "2018-12-31": "6939.00000", "2018-09-30": "7156.00000", "2018-06-30": "6818.00000", "2018-03-31": "6447.00000", "2017-12-31": "6631.00000", "2017-09-30": "8565.00000", "2017-06-30": "6384.00000", "2017-03-31": "6024.00000", "2016-12-31": "6014.00000", "2016-09-30": "6623.00000", "2016-06-30": "6765.00000", "2016-03-31": "6020.00000", "2015-12-31": "3812.00000", "2015-09-30": "4134.00000", "2015-06-30": "3892.00000", "2015-03-31": "3520.00000", "2014-12-31": "3883.00000", "2014-09-30": "4169.00000", "2014-06-30": "3831.00000", "2014-03-31": "3521.00000", "2013-12-31": "3918.00000", "2013-09-30": "4029.00000", "2013-06-30": "3626.00000", "2013-03-31": "3175.00000", "2012-12-31": "3994.00000", "2012-09-30": "4288.00000", "2012-06-30": "3388.00000", "2012-03-31": "3040.00000", "2011-12-31": "3561.00000", "2011-09-30": "4106.00000", "2011-06-30": "3476.00000", "2011-03-31": "3399.00000", "2010-12-31": "3242.00000", "2010-09-30": "2995.00000", "2010-06-30": "2889.00000", "2010-03-31": "3018.00000", "2009-12-31": "3055.00000", "2009-09-30": "3033.00000", "2009-06-30": "2855.00000", "2009-03-31": "2830.00000", "2008-12-31": "2942.00000", "2008-09-30": "3504.00000", "2008-06-30": "2889.00000", "2008-03-31": "2500.00000", "2007-12-31": "2739.00000", "2007-09-30": "2802.00000", "2007-06-30": "2612.00000", "2007-03-31": "2673.00000", "2006-12-31": "2638.00000", "2006-09-30": "2635.00000", "2006-06-30": "2537.00000", "2006-03-31": "2519.00000", "2005-12-31": "2902.00000", "2005-09-30": "3548.00000", "2005-06-30": "2620.00000", "2005-03-31": "2543.00000"}, "Operating Income": {"2020-12-31": "2828.00000", "2020-09-30": "1466.00000", "2020-06-30": "-265.00000", "2020-03-31": "599.00000", "2019-12-31": "1490.00000", "2019-09-30": "1461.00000", "2019-06-30": "1502.00000", "2019-03-31": "1371.00000", "2018-12-31": "687.00000", "2018-09-30": "1594.00000", "2018-06-30": "1692.00000", "2018-03-31": "1384.00000", "2017-12-31": "1384.00000", "2017-09-30": "45.00000", "2017-06-30": "1724.00000", "2017-03-31": "1486.00000", "2016-12-31": "2154.00000", "2016-09-30": "1904.00000", "2016-06-30": "1132.00000", "2016-03-31": "857.00000", "2015-12-31": "867.00000", "2015-09-30": "737.00000", "2015-06-30": "1156.00000", "2015-03-31": "869.00000", "2014-12-31": "854.00000", "2014-09-30": "1031.00000", "2014-06-30": "984.00000", "2014-03-31": "898.00000", "2013-12-31": "1156.00000", "2013-09-30": "1143.00000", "2013-06-30": "1079.00000", "2013-03-31": "1135.00000", "2012-12-31": "693.00000", "2012-09-30": "850.00000", "2012-06-30": "538.00000", "2012-03-31": "1145.00000", "2011-12-31": "918.00000", "2011-09-30": "188.00000", "2011-06-30": "777.00000", "2011-03-31": "409.00000", "2010-12-31": "1167.00000", "2010-09-30": "893.00000", "2010-06-30": "871.00000", "2010-03-31": "931.00000", "2009-12-31": "1217.00000", "2009-09-30": "648.00000", "2009-06-30": "692.00000", "2009-03-31": "745.00000", "2008-12-31": "161.00000", "2008-09-30": "115.00000", "2008-06-30": "945.00000", "2008-03-31": "576.00000", "2007-12-31": "756.00000", "2007-09-30": "840.00000", "2007-06-30": "856.00000", "2007-03-31": "876.00000", "2006-12-31": "831.00000", "2006-09-30": "754.00000", "2006-06-30": "752.00000", "2006-03-31": "662.00000", "2005-12-31": "286.00000", "2005-09-30": "-54.00000", "2005-06-30": "638.00000", "2005-03-31": "605.00000"}, "Total Non-Operating Income/Expense": {"2020-12-31": "-76.00000", "2020-09-30": "-130.00000", "2020-06-30": "-128.00000", "2020-03-31": "-132.00000", "2019-12-31": "-148.00000", "2019-09-30": "-140.00000", "2019-06-30": "-144.00000", "2019-03-31": "-143.00000", "2018-12-31": "-173.00000", "2018-09-30": "-180.00000", "2018-06-30": "-180.00000", "2018-03-31": "-167.00000", "2017-12-31": "-233.00000", "2017-09-30": "-200.00000", "2017-06-30": "-219.00000", "2017-03-31": "-265.00000", "2016-12-31": "-285.00000", "2016-09-30": "-267.00000", "2016-06-30": "-251.00000", "2016-03-31": "-294.00000", "2015-12-31": "-117.00000", "2015-09-30": "-77.00000", "2015-06-30": "-71.00000", "2015-03-31": "-68.00000", "2014-12-31": "-67.00000", "2014-09-30": "-70.00000", "2014-06-30": "-72.00000", "2014-03-31": "-71.00000", "2013-12-31": "-70.00000", "2013-09-30": "-72.00000", "2013-06-30": "-73.00000", "2013-03-31": "-60.00000", "2012-12-31": "-63.00000", "2012-09-30": "-63.00000", "2012-06-30": "-62.00000", "2012-03-31": "-62.00000", "2011-12-31": "-63.00000", "2011-09-30": "-62.00000", "2011-06-30": "-62.00000", "2011-03-31": "-63.00000", "2010-12-31": "-62.00000", "2010-09-30": "-58.00000", "2010-06-30": "-52.00000", "2010-03-31": "-52.00000", "2009-12-31": "-56.00000", "2009-09-30": "-60.00000", "2009-06-30": "-56.00000", "2009-03-31": "-53.00000", "2008-12-31": "-54.00000", "2008-09-30": "-68.00000", "2008-06-30": "-62.00000", "2008-03-31": "-46.00000", "2007-12-31": "-43.00000", "2007-09-30": "-44.00000", "2007-06-30": "-42.00000", "2007-03-31": "-46.00000", "2006-12-31": "-42.00000", "2006-09-30": "-46.00000", "2006-06-30": "-45.00000", "2006-03-31": "-43.00000", "2005-12-31": "-46.00000", "2005-09-30": "-43.00000", "2005-06-30": "-43.00000", "2005-03-31": "-42.00000"}, "Pre-Tax Income": {"2020-12-31": "2752.00000", "2020-09-30": "1336.00000", "2020-06-30": "-393.00000", "2020-03-31": "467.00000", "2019-12-31": "1342.00000", "2019-09-30": "1321.00000", "2019-06-30": "1358.00000", "2019-03-31": "1228.00000", "2018-12-31": "514.00000", "2018-09-30": "1414.00000", "2018-06-30": "1512.00000", "2018-03-31": "1217.00000", "2017-12-31": "1151.00000", "2017-09-30": "-155.00000", "2017-06-30": "1505.00000", "2017-03-31": "1221.00000", "2016-12-31": "1869.00000", "2016-09-30": "1637.00000", "2016-06-30": "881.00000", "2016-03-31": "563.00000", "2015-12-31": "750.00000", "2015-09-30": "660.00000", "2015-06-30": "1085.00000", "2015-03-31": "801.00000", "2014-12-31": "787.00000", "2014-09-30": "961.00000", "2014-06-30": "912.00000", "2014-03-31": "827.00000", "2013-12-31": "1086.00000", "2013-09-30": "1071.00000", "2013-06-30": "1006.00000", "2013-03-31": "1075.00000", "2012-12-31": "630.00000", "2012-09-30": "787.00000", "2012-06-30": "476.00000", "2012-03-31": "1083.00000", "2011-12-31": "855.00000", "2011-09-30": "126.00000", "2011-06-30": "715.00000", "2011-03-31": "346.00000", "2010-12-31": "1105.00000", "2010-09-30": "835.00000", "2010-06-30": "819.00000", "2010-03-31": "879.00000", "2009-12-31": "1161.00000", "2009-09-30": "588.00000", "2009-06-30": "636.00000", "2009-03-31": "692.00000", "2008-12-31": "107.00000", "2008-09-30": "47.00000", "2008-06-30": "883.00000", "2008-03-31": "530.00000", "2007-12-31": "713.00000", "2007-09-30": "796.00000", "2007-06-30": "814.00000", "2007-03-31": "830.00000", "2006-12-31": "789.00000", "2006-09-30": "708.00000", "2006-06-30": "707.00000", "2006-03-31": "619.00000", "2005-12-31": "240.00000", "2005-09-30": "-97.00000", "2005-06-30": "595.00000", "2005-03-31": "563.00000"}, "Income Taxes": {"2020-12-31": "334.00000", "2020-09-30": "142.00000", "2020-06-30": "-62.00000", "2020-03-31": "215.00000", "2019-12-31": "169.00000", "2019-09-30": "230.00000", "2019-06-30": "208.00000", "2019-03-31": "188.00000", "2018-12-31": "159.00000", "2018-09-30": "183.00000", "2018-06-30": "218.00000", "2018-03-31": "135.00000", "2017-12-31": "-382.00000", "2017-09-30": "-85.00000", "2017-06-30": "200.00000", "2017-03-31": "128.00000", "2016-12-31": "259.00000", "2016-09-30": "277.00000", "2016-06-30": "155.00000", "2016-03-31": "124.00000", "2015-12-31": "67.00000", "2015-09-30": "132.00000", "2015-06-30": "143.00000", "2015-03-31": "120.00000", "2014-12-31": "232.00000", "2014-09-30": "176.00000", "2014-06-30": "133.00000", "2014-03-31": "93.00000", "2013-12-31": "88.00000", "2013-09-30": "155.00000", "2013-06-30": "115.00000", "2013-03-31": "122.00000", "2012-12-31": "-135.00000", "2012-09-30": "147.00000", "2012-06-30": "148.00000", "2012-03-31": "110.00000", "2011-12-31": "120.00000", "2011-09-30": "165.00000", "2011-06-30": "121.00000", "2011-03-31": "96.00000", "2010-12-31": "127.00000", "2010-09-30": "160.00000", "2010-06-30": "142.00000", "2010-03-31": "124.00000", "2009-12-31": "208.00000", "2009-09-30": "94.00000", "2009-06-30": "101.00000", "2009-03-31": "125.00000", "2008-12-31": "87.00000", "2008-09-30": "-7.00000", "2008-06-30": "137.00000", "2008-03-31": "153.00000", "2007-12-31": "141.00000", "2007-09-30": "140.00000", "2007-06-30": "165.00000", "2007-03-31": "129.00000", "2006-12-31": "124.00000", "2006-09-30": "130.00000", "2006-06-30": "134.00000", "2006-03-31": "134.00000", "2005-12-31": "4.00000", "2005-09-30": "15.00000", "2005-06-30": "128.00000", "2005-03-31": "126.00000"}, "Income After Taxes": {"2020-12-31": "2418.00000", "2020-09-30": "1194.00000", "2020-06-30": "-331.00000", "2020-03-31": "252.00000", "2019-12-31": "1173.00000", "2019-09-30": "1091.00000", "2019-06-30": "1150.00000", "2019-03-31": "1040.00000", "2018-12-31": "355.00000", "2018-09-30": "1231.00000", "2018-06-30": "1294.00000", "2018-03-31": "1082.00000", "2017-12-31": "1533.00000", "2017-09-30": "-70.00000", "2017-06-30": "1305.00000", "2017-03-31": "1093.00000", "2016-12-31": "1610.00000", "2016-09-30": "1360.00000", "2016-06-30": "726.00000", "2016-03-31": "439.00000", "2015-12-31": "683.00000", "2015-09-30": "528.00000", "2015-06-30": "942.00000", "2015-03-31": "681.00000", "2014-12-31": "555.00000", "2014-09-30": "785.00000", "2014-06-30": "779.00000", "2014-03-31": "734.00000", "2013-12-31": "998.00000", "2013-09-30": "916.00000", "2013-06-30": "891.00000", "2013-03-31": "953.00000", "2012-12-31": "765.00000", "2012-09-30": "640.00000", "2012-06-30": "328.00000", "2012-03-31": "973.00000", "2011-12-31": "735.00000", "2011-09-30": "-39.00000", "2011-06-30": "594.00000", "2011-03-31": "250.00000", "2010-12-31": "978.00000", "2010-09-30": "675.00000", "2010-06-30": "677.00000", "2010-03-31": "755.00000", "2009-12-31": "953.00000", "2009-09-30": "494.00000", "2009-06-30": "535.00000", "2009-03-31": "567.00000", "2008-12-31": "20.00000", "2008-09-30": "54.00000", "2008-06-30": "746.00000", "2008-03-31": "377.00000", "2007-12-31": "572.00000", "2007-09-30": "656.00000", "2007-06-30": "649.00000", "2007-03-31": "701.00000", "2006-12-31": "665.00000", "2006-09-30": "578.00000", "2006-06-30": "573.00000", "2006-03-31": "485.00000", "2005-12-31": "236.00000", "2005-09-30": "-112.00000", "2005-06-30": "467.00000", "2005-03-31": "437.00000"}, "Other Income": {"2020-12-31": "", "2020-09-30": "", "2020-06-30": "", "2020-03-31": "", "2019-12-31": "", "2019-09-30": "", "2019-06-30": "", "2019-03-31": "", "2018-12-31": "", "2018-09-30": "", "2018-06-30": "", "2018-03-31": "", "2017-12-31": "", "2017-09-30": "", "2017-06-30": "", "2017-03-31": "", "2016-12-31": "", "2016-09-30": "", "2016-06-30": "", "2016-03-31": "", "2015-12-31": "", "2015-09-30": "", "2015-06-30": "", "2015-03-31": "", "2014-12-31": "", "2014-09-30": "", "2014-06-30": "", "2014-03-31": "", "2013-12-31": "", "2013-09-30": "", "2013-06-30": "", "2013-03-31": "", "2012-12-31": "", "2012-09-30": "", "2012-06-30": "", "2012-03-31": "", "2011-12-31": "", "2011-09-30": "", "2011-06-30": "", "2011-03-31": "", "2010-12-31": "", "2010-09-30": "", "2010-06-30": "", "2010-03-31": "", "2009-12-31": "", "2009-09-30": "", "2009-06-30": "", "2009-03-31": "", "2008-12-31": "", "2008-09-30": "", "2008-06-30": "", "2008-03-31": "", "2007-12-31": "", "2007-09-30": "", "2007-06-30": "", "2007-03-31": "", "2006-12-31": "", "2006-09-30": "", "2006-06-30": "", "2006-03-31": "", "2005-12-31": "", "2005-09-30": "", "2005-06-30": "", "2005-03-31": ""}, "Income From Continuous Operations": {"2020-12-31": "2418.00000", "2020-09-30": "1194.00000", "2020-06-30": "-331.00000", "2020-03-31": "252.00000", "2019-12-31": "1173.00000", "2019-09-30": "1091.00000", "2019-06-30": "1150.00000", "2019-03-31": "1040.00000", "2018-12-31": "355.00000", "2018-09-30": "1231.00000", "2018-06-30": "1294.00000", "2018-03-31": "1082.00000", "2017-12-31": "1533.00000", "2017-09-30": "-70.00000", "2017-06-30": "1305.00000", "2017-03-31": "1093.00000", "2016-12-31": "1610.00000", "2016-09-30": "1360.00000", "2016-06-30": "726.00000", "2016-03-31": "439.00000", "2015-12-31": "683.00000", "2015-09-30": "528.00000", "2015-06-30": "942.00000", "2015-03-31": "681.00000", "2014-12-31": "555.00000", "2014-09-30": "785.00000", "2014-06-30": "779.00000", "2014-03-31": "734.00000", "2013-12-31": "998.00000", "2013-09-30": "916.00000", "2013-06-30": "891.00000", "2013-03-31": "953.00000", "2012-12-31": "765.00000", "2012-09-30": "640.00000", "2012-06-30": "328.00000", "2012-03-31": "973.00000", "2011-12-31": "735.00000", "2011-09-30": "-39.00000", "2011-06-30": "594.00000", "2011-03-31": "250.00000", "2010-12-31": "978.00000", "2010-09-30": "675.00000", "2010-06-30": "677.00000", "2010-03-31": "755.00000", "2009-12-31": "953.00000", "2009-09-30": "494.00000", "2009-06-30": "535.00000", "2009-03-31": "567.00000", "2008-12-31": "20.00000", "2008-09-30": "54.00000", "2008-06-30": "746.00000", "2008-03-31": "377.00000", "2007-12-31": "572.00000", "2007-09-30": "656.00000", "2007-06-30": "649.00000", "2007-03-31": "701.00000", "2006-12-31": "665.00000", "2006-09-30": "578.00000", "2006-06-30": "573.00000", "2006-03-31": "485.00000", "2005-12-31": "236.00000", "2005-09-30": "-112.00000", "2005-06-30": "467.00000", "2005-03-31": "437.00000"}, "Income From Discontinued Operations": {"2020-12-31": "", "2020-09-30": "", "2020-06-30": "", "2020-03-31": "", "2019-12-31": "", "2019-09-30": "", "2019-06-30": "", "2019-03-31": "", "2018-12-31": "", "2018-09-30": "", "2018-06-30": "", "2018-03-31": "", "2017-12-31": "", "2017-09-30": "", "2017-06-30": "", "2017-03-31": "", "2016-12-31": "", "2016-09-30": "", "2016-06-30": "", "2016-03-31": "", "2015-12-31": "", "2015-09-30": "", "2015-06-30": "", "2015-03-31": "", "2014-12-31": "", "2014-09-30": "", "2014-06-30": "", "2014-03-31": "", "2013-12-31": "", "2013-09-30": "", "2013-06-30": "", "2013-03-31": "", "2012-12-31": "", "2012-09-30": "", "2012-06-30": "", "2012-03-31": "", "2011-12-31": "", "2011-09-30": "", "2011-06-30": "", "2011-03-31": "", "2010-12-31": "", "2010-09-30": "", "2010-06-30": "", "2010-03-31": "", "2009-12-31": "", "2009-09-30": "", "2009-06-30": "", "2009-03-31": "", "2008-12-31": "", "2008-09-30": "", "2008-06-30": "", "2008-03-31": "", "2007-12-31": "", "2007-09-30": "", "2007-06-30": "", "2007-03-31": "", "2006-12-31": "", "2006-09-30": "", "2006-06-30": "", "2006-03-31": "", "2005-12-31": "", "2005-09-30": "", "2005-06-30": "", "2005-03-31": ""}, "Net Income": {"2020-12-31": "2418.00000", "2020-09-30": "1194.00000", "2020-06-30": "-331.00000", "2020-03-31": "252.00000", "2019-12-31": "1173.00000", "2019-09-30": "1091.00000", "2019-06-30": "1150.00000", "2019-03-31": "1040.00000", "2018-12-31": "355.00000", "2018-09-30": "1231.00000", "2018-06-30": "1294.00000", "2018-03-31": "1082.00000", "2017-12-31": "1533.00000", "2017-09-30": "-70.00000", "2017-06-30": "1305.00000", "2017-03-31": "1093.00000", "2016-12-31": "1610.00000", "2016-09-30": "1360.00000", "2016-06-30": "726.00000", "2016-03-31": "439.00000", "2015-12-31": "683.00000", "2015-09-30": "528.00000", "2015-06-30": "942.00000", "2015-03-31": "681.00000", "2014-12-31": "555.00000", "2014-09-30": "785.00000", "2014-06-30": "779.00000", "2014-03-31": "734.00000", "2013-12-31": "998.00000", "2013-09-30": "916.00000", "2013-06-30": "891.00000", "2013-03-31": "953.00000", "2012-12-31": "765.00000", "2012-09-30": "640.00000", "2012-06-30": "328.00000", "2012-03-31": "973.00000", "2011-12-31": "735.00000", "2011-09-30": "-39.00000", "2011-06-30": "594.00000", "2011-03-31": "250.00000", "2010-12-31": "978.00000", "2010-09-30": "675.00000", "2010-06-30": "677.00000", "2010-03-31": "755.00000", "2009-12-31": "953.00000", "2009-09-30": "494.00000", "2009-06-30": "535.00000", "2009-03-31": "567.00000", "2008-12-31": "20.00000", "2008-09-30": "54.00000", "2008-06-30": "746.00000", "2008-03-31": "377.00000", "2007-12-31": "572.00000", "2007-09-30": "656.00000", "2007-06-30": "649.00000", "2007-03-31": "701.00000", "2006-12-31": "665.00000", "2006-09-30": "578.00000", "2006-06-30": "573.00000", "2006-03-31": "489.00000", "2005-12-31": "236.00000", "2005-09-30": "-112.00000", "2005-06-30": "467.00000", "2005-03-31": "437.00000"}, "EBITDA": {"2020-12-31": "", "2020-09-30": "1626.00000", "2020-06-30": "-88.00000", "2020-03-31": "759.00000", "2019-12-31": "1667.00000", "2019-09-30": "1622.00000", "2019-06-30": "1670.00000", "2019-03-31": "1565.00000", "2018-12-31": "911.00000", "2018-09-30": "1820.00000", "2018-06-30": "1933.00000", "2018-03-31": "1624.00000", "2017-12-31": "1618.00000", "2017-09-30": "283.00000", "2017-06-30": "1958.00000", "2017-03-31": "1734.00000", "2016-12-31": "2496.00000", "2016-09-30": "2406.00000", "2016-06-30": "1859.00000", "2016-03-31": "1601.00000", "2015-12-31": "1081.00000", "2015-09-30": "781.00000", "2015-06-30": "1191.00000", "2015-03-31": "905.00000", "2014-12-31": "883.00000", "2014-09-30": "1075.00000", "2014-06-30": "1046.00000", "2014-03-31": "951.00000", "2013-12-31": "1217.00000", "2013-09-30": "1216.00000", "2013-06-30": "1147.00000", "2013-03-31": "1201.00000", "2012-12-31": "752.00000", "2012-09-30": "908.00000", "2012-06-30": "596.00000", "2012-03-31": "1190.00000", "2011-12-31": "965.00000", "2011-09-30": "230.00000", "2011-06-30": "811.00000", "2011-03-31": "438.00000", "2010-12-31": "1209.00000", "2010-09-30": "935.00000", "2010-06-30": "902.00000", "2010-03-31": "961.00000", "2009-12-31": "1244.00000", "2009-09-30": "660.00000", "2009-06-30": "704.00000", "2009-03-31": "747.00000", "2008-12-31": "141.00000", "2008-09-30": "129.00000", "2008-06-30": "948.00000", "2008-03-31": "578.00000", "2007-12-31": "755.00000", "2007-09-30": "841.00000", "2007-06-30": "852.00000", "2007-03-31": "874.00000", "2006-12-31": "821.00000", "2006-09-30": "755.00000", "2006-06-30": "755.00000", "2006-03-31": "678.00000", "2005-12-31": "296.00000", "2005-09-30": "-28.00000", "2005-06-30": "661.00000", "2005-03-31": "636.00000"}, "EBIT": {"2020-12-31": "2828.00000", "2020-09-30": "1466.00000", "2020-06-30": "-265.00000", "2020-03-31": "599.00000", "2019-12-31": "1490.00000", "2019-09-30": "1461.00000", "2019-06-30": "1502.00000", "2019-03-31": "1371.00000", "2018-12-31": "687.00000", "2018-09-30": "1594.00000", "2018-06-30": "1692.00000", "2018-03-31": "1384.00000", "2017-12-31": "1384.00000", "2017-09-30": "45.00000", "2017-06-30": "1724.00000", "2017-03-31": "1486.00000", "2016-12-31": "2154.00000", "2016-09-30": "1904.00000", "2016-06-30": "1132.00000", "2016-03-31": "857.00000", "2015-12-31": "867.00000", "2015-09-30": "737.00000", "2015-06-30": "1156.00000", "2015-03-31": "869.00000", "2014-12-31": "854.00000", "2014-09-30": "1031.00000", "2014-06-30": "984.00000", "2014-03-31": "898.00000", "2013-12-31": "1156.00000", "2013-09-30": "1143.00000", "2013-06-30": "1079.00000", "2013-03-31": "1135.00000", "2012-12-31": "693.00000", "2012-09-30": "850.00000", "2012-06-30": "538.00000", "2012-03-31": "1145.00000", "2011-12-31": "918.00000", "2011-09-30": "188.00000", "2011-06-30": "777.00000", "2011-03-31": "409.00000", "2010-12-31": "1167.00000", "2010-09-30": "893.00000", "2010-06-30": "871.00000", "2010-03-31": "931.00000", "2009-12-31": "1217.00000", "2009-09-30": "648.00000", "2009-06-30": "692.00000", "2009-03-31": "745.00000", "2008-12-31": "161.00000", "2008-09-30": "115.00000", "2008-06-30": "945.00000", "2008-03-31": "576.00000", "2007-12-31": "756.00000", "2007-09-30": "840.00000", "2007-06-30": "856.00000", "2007-03-31": "876.00000", "2006-12-31": "831.00000", "2006-09-30": "754.00000", "2006-06-30": "752.00000", "2006-03-31": "662.00000", "2005-12-31": "286.00000", "2005-09-30": "-54.00000", "2005-06-30": "638.00000", "2005-03-31": "605.00000"}, "Basic Shares Outstanding": {"2020-12-31": "", "2020-09-30": "451.79400", "2020-06-30": "451.40300", "2020-03-31": "451.86900", "2019-12-31": "455.91000", "2019-09-30": "454.97500", "2019-06-30": "457.22400", "2019-03-31": "458.80500", "2018-12-31": "463.62900", "2018-09-30": "462.98200", "2018-06-30": "465.27700", "2018-03-31": "465.70300", "2017-12-31": "467.14600", "2017-09-30": "466.37100", "2017-06-30": "467.98100", "2017-03-31": "468.90300", "2016-12-31": "462.52000", "2016-09-30": "468.02100", "2016-06-30": "467.70100", "2016-03-31": "446.74000", "2015-12-31": "325.58900", "2015-09-30": "324.21100", "2015-06-30": "325.46300", "2015-03-31": "328.21200", "2014-12-31": "335.61000", "2014-09-30": "334.47200", "2014-06-30": "337.84600", "2014-03-31": "338.87000", "2013-12-31": "340.90600", "2013-09-30": "340.88900", "2013-06-30": "341.04700", "2013-03-31": "340.77800", "2012-12-31": "339.84300", "2012-09-30": "340.20700", "2012-06-30": "339.76600", "2012-03-31": "338.56700", "2011-12-31": "338.15900", "2011-09-30": "338.38500", "2011-06-30": "338.92100", "2011-03-31": "337.08800", "2010-12-31": "339.68500", "2010-09-30": "340.21900", "2010-06-30": "339.97500", "2010-03-31": "338.47800", "2009-12-31": "336.72600", "2009-09-30": "337.19100", "2009-06-30": "336.89800", "2009-03-31": "335.47500", "2008-12-31": "332.90100", "2008-09-30": "333.63300", "2008-06-30": "333.23700", "2008-03-31": "330.75000", "2007-12-31": "328.99000", "2007-09-30": "325.20200", "2007-06-30": "324.54200", "2007-03-31": "324.07900", "2006-12-31": "321.76900", "2006-09-30": "321.85740", "2006-06-30": "321.43100", "2006-03-31": "321.09000", "2005-12-31": "292.40100", "2005-09-30": "284.77700", "2005-06-30": "283.97200", "2005-03-31": "283.18000"}, "Shares Outstanding": {"2020-12-31": "453.30000", "2020-09-30": "453.26500", "2020-06-30": "451.40300", "2020-03-31": "454.52000", "2019-12-31": "458.91500", "2019-09-30": "458.15000", "2019-06-30": "460.17000", "2019-03-31": "461.53700", "2018-12-31": "466.80200", "2018-09-30": "466.01600", "2018-06-30": "468.38000", "2018-03-31": "469.47400", "2017-12-31": "471.19700", "2017-09-30": "466.37100", "2017-06-30": "471.85400", "2017-03-31": "472.73200", "2016-12-31": "465.94900", "2016-09-30": "471.39600", "2016-06-30": "471.15700", "2016-03-31": "450.01000", "2015-12-31": "328.83500", "2015-09-30": "327.17300", "2015-06-30": "328.68600", "2015-03-31": "331.69200", "2014-12-31": "338.98600", "2014-09-30": "337.67400", "2014-06-30": "341.13300", "2014-03-31": "342.04100", "2013-12-31": "344.14800", "2013-09-30": "343.81800", "2013-06-30": "344.10100", "2013-03-31": "343.90600", "2012-12-31": "342.74700", "2012-09-30": "342.87300", "2012-06-30": "342.67400", "2012-03-31": "341.69100", "2011-12-31": "340.78000", "2011-09-30": "338.38500", "2011-06-30": "341.68900", "2011-03-31": "339.66100", "2010-12-31": "341.24600", "2010-09-30": "341.85600", "2010-06-30": "341.24400", "2010-03-31": "339.86500", "2009-12-31": "337.53900", "2009-09-30": "338.41200", "2009-06-30": "337.50800", "2009-03-31": "336.11600", "2008-12-31": "334.60600", "2008-09-30": "335.27200", "2008-06-30": "335.48100", "2008-03-31": "333.04500", "2007-12-31": "331.98900", "2007-09-30": "330.62100", "2007-06-30": "330.07300", "2007-03-31": "324.07900", "2006-12-31": "327.23200", "2006-09-30": "326.70620", "2006-06-30": "326.13000", "2006-03-31": "325.72700", "2005-12-31": "297.30000", "2005-09-30": "284.77700", "2005-06-30": "288.45100", "2005-03-31": "287.56500"}, "Basic EPS": {"2020-12-31": "", "2020-09-30": "2.64000", "2020-06-30": "-0.73000", "2020-03-31": "0.56000", "2019-12-31": "2.58000", "2019-09-30": "2.40000", "2019-06-30": "2.52000", "2019-03-31": "2.27000", "2018-12-31": "0.79000", "2018-09-30": "2.66000", "2018-06-30": "2.78000", "2018-03-31": "2.32000", "2017-12-31": "3.29000", "2017-09-30": "-0.15000", "2017-06-30": "2.79000", "2017-03-31": "2.33000", "2016-12-31": "3.51000", "2016-09-30": "2.90000", "2016-06-30": "1.55000", "2016-03-31": "0.98000", "2015-12-31": "2.11000", "2015-09-30": "1.63000", "2015-06-30": "2.89000", "2015-03-31": "2.08000", "2014-12-31": "1.69000", "2014-09-30": "2.35000", "2014-06-30": "2.30000", "2014-03-31": "2.16000", "2013-12-31": "2.93000", "2013-09-30": "2.68000", "2013-06-30": "2.61000", "2013-03-31": "2.80000", "2012-12-31": "2.25000", "2012-09-30": "1.88000", "2012-06-30": "0.96000", "2012-03-31": "2.87000", "2011-12-31": "2.17000", "2011-09-30": "-0.11000", "2011-06-30": "1.75000", "2011-03-31": "0.74000", "2010-12-31": "2.88000", "2010-09-30": "1.98000", "2010-06-30": "1.99000", "2010-03-31": "2.23000", "2009-12-31": "2.84000", "2009-09-30": "1.46000", "2009-06-30": "1.58000", "2009-03-31": "1.69000", "2008-12-31": "0.05000", "2008-09-30": "0.16000", "2008-06-30": "2.20000", "2008-03-31": "1.11000", "2007-12-31": "1.63000", "2007-09-30": "1.98000", "2007-06-30": "1.96000", "2007-03-31": "2.13000", "2006-12-31": "2.02000", "2006-09-30": "1.76000", "2006-06-30": "1.75000", "2006-03-31": "1.49000", "2005-12-31": "0.68000", "2005-09-30": "-0.43000", "2005-06-30": "1.61000", "2005-03-31": "1.50000"}, "EPS - Earnings Per Share": {"2020-12-31": "5.34000", "2020-09-30": "2.63000", "2020-06-30": "-0.73000", "2020-03-31": "0.55000", "2019-12-31": "2.58000", "2019-09-30": "2.38000", "2019-06-30": "2.50000", "2019-03-31": "2.25000", "2018-12-31": "0.79000", "2018-09-30": "2.64000", "2018-06-30": "2.76000", "2018-03-31": "2.30000", "2017-12-31": "3.26000", "2017-09-30": "-0.15000", "2017-06-30": "2.77000", "2017-03-31": "2.31000", "2016-12-31": "3.48000", "2016-09-30": "2.88000", "2016-06-30": "1.54000", "2016-03-31": "0.97000", "2015-12-31": "2.09000", "2015-09-30": "1.62000", "2015-06-30": "2.86000", "2015-03-31": "2.05000", "2014-12-31": "1.68000", "2014-09-30": "2.32000", "2014-06-30": "2.28000", "2014-03-31": "2.14000", "2013-12-31": "2.90000", "2013-09-30": "2.66000", "2013-06-30": "2.59000", "2013-03-31": "2.77000", "2012-12-31": "2.23000", "2012-09-30": "1.86000", "2012-06-30": "0.96000", "2012-03-31": "2.84000", "2011-12-31": "2.16000", "2011-09-30": "-0.11000", "2011-06-30": "1.74000", "2011-03-31": "0.73000", "2010-12-31": "2.87000", "2010-09-30": "1.97000", "2010-06-30": "1.98000", "2010-03-31": "2.22000", "2009-12-31": "2.82000", "2009-09-30": "1.46000", "2009-06-30": "1.58000", "2009-03-31": "1.69000", "2008-12-31": "0.06000", "2008-09-30": "0.16000", "2008-06-30": "2.18000", "2008-03-31": "1.10000", "2007-12-31": "1.65000", "2007-09-30": "1.95000", "2007-06-30": "1.93000", "2007-03-31": "2.10000", "2006-12-31": "2.00000", "2006-09-30": "1.73000", "2006-06-30": "1.72000", "2006-03-31": "1.46000", "2005-12-31": "0.68000", "2005-09-30": "-0.43000", "2005-06-30": "1.58000", "2005-03-31": "1.48000"}}, "balance sheet": {"Cash On Hand": {"2020-12-31": "1747.00000", "2019-12-31": "1646.00000", "2018-12-31": "1340.00000", "2017-12-31": "851.00000", "2016-12-31": "985.00000", "2015-12-31": "1775.00000", "2014-12-31": "655.00000", "2013-12-31": "579.00000", "2012-12-31": "615.00000", "2011-12-31": "614.00000", "2010-12-31": "772.00000", "2009-12-31": "669.00000", "2008-12-31": "867.00000", "2007-12-31": "510.00000", "2006-12-31": "565.00000", "2005-12-31": "512.00000"}, "Receivables": {"2020-12-31": "26072.00000", "2019-12-31": "25735.00000", "2018-12-31": "26270.00000", "2017-12-31": "24552.00000", "2016-12-31": "22729.00000", "2015-12-31": "16896.00000", "2014-12-31": "17635.00000", "2013-12-31": "16471.00000", "2012-12-31": "16466.00000", "2011-12-31": "17025.00000", "2010-12-31": "17385.00000", "2009-12-31": "17564.00000", "2008-12-31": "17629.00000", "2007-12-31": "17902.00000", "2006-12-31": "18160.00000", "2005-12-31": "18806.00000"}, "Inventory": {"2020-12-31": "", "2019-12-31": "", "2018-12-31": "", "2017-12-31": "", "2016-12-31": "", "2015-12-31": "", "2014-12-31": "", "2013-12-31": "", "2012-12-31": "", "2011-12-31": "", "2010-12-31": "", "2009-12-31": "", "2008-12-31": "", "2007-12-31": "", "2006-12-31": "", "2005-12-31": ""}, "Pre-Paid Expenses": {"2020-12-31": "", "2019-12-31": "", "2018-12-31": "", "2017-12-31": "", "2016-12-31": "", "2015-12-31": "", "2014-12-31": "", "2013-12-31": "", "2012-12-31": "", "2011-12-31": "", "2010-12-31": "", "2009-12-31": "", "2008-12-31": "", "2007-12-31": "", "2006-12-31": "", "2005-12-31": ""}, "Other Current Assets": {"2020-12-31": "", "2019-12-31": "", "2018-12-31": "", "2017-12-31": "", "2016-12-31": "", "2015-12-31": "", "2014-12-31": "", "2013-12-31": "", "2012-12-31": "", "2011-12-31": "", "2010-12-31": "", "2009-12-31": "", "2008-12-31": "", "2007-12-31": "", "2006-12-31": "", "2005-12-31": ""}, "Total Current Assets": {"2020-12-31": "27819.00000", "2019-12-31": "27381.00000", "2018-12-31": "27610.00000", "2017-12-31": "25403.00000", "2016-12-31": "23714.00000", "2015-12-31": "18671.00000", "2014-12-31": "18290.00000", "2013-12-31": "17050.00000", "2012-12-31": "17081.00000", "2011-12-31": "17639.00000", "2010-12-31": "18157.00000", "2009-12-31": "18233.00000", "2008-12-31": "18496.00000", "2007-12-31": "18412.00000", "2006-12-31": "18725.00000", "2005-12-31": "19318.00000"}, "Property, Plant, And Equipment": {"2020-12-31": "", "2019-12-31": "", "2018-12-31": "", "2017-12-31": "", "2016-12-31": "", "2015-12-31": "", "2014-12-31": "", "2013-12-31": "", "2012-12-31": "", "2011-12-31": "", "2010-12-31": "", "2009-12-31": "", "2008-12-31": "", "2007-12-31": "", "2006-12-31": "", "2005-12-31": ""}, "Long-Term Investments": {"2020-12-31": "118669.00000", "2019-12-31": "111739.00000", "2018-12-31": "102824.00000", "2017-12-31": "104341.00000", "2016-12-31": "101033.00000", "2015-12-31": "67812.00000", "2014-12-31": "64426.00000", "2013-12-31": "62490.00000", "2012-12-31": "61884.00000", "2011-12-31": "57251.00000", "2010-12-31": "52922.00000", "2009-12-31": "48198.00000", "2008-12-31": "41813.00000", "2007-12-31": "42968.00000", "2006-12-31": "37742.00000", "2005-12-31": "33056.00000"}, "Goodwill And Intangible Assets": {"2020-12-31": "21211.00000", "2019-12-31": "21359.00000", "2018-12-31": "21414.00000", "2017-12-31": "22054.00000", "2016-12-31": "22095.00000", "2015-12-31": "5683.00000", "2014-12-31": "5724.00000", "2013-12-31": "5404.00000", "2012-12-31": "4975.00000", "2011-12-31": "4799.00000", "2010-12-31": "4664.00000", "2009-12-31": "3931.00000", "2008-12-31": "3747.00000", "2007-12-31": "2838.00000", "2006-12-31": "2731.00000", "2005-12-31": "2703.00000"}, "Other Long-Term Assets": {"2020-12-31": "23075.00000", "2019-12-31": "11222.00000", "2018-12-31": "11001.00000", "2017-12-31": "10501.00000", "2016-12-31": "8630.00000", "2015-12-31": "6949.00000", "2014-12-31": "6912.00000", "2013-12-31": "6637.00000", "2012-12-31": "6279.00000", "2011-12-31": "5411.00000", "2010-12-31": "5202.00000", "2009-12-31": "5019.00000", "2008-12-31": "4952.00000", "2007-12-31": "5664.00000", "2006-12-31": "5695.00000", "2005-12-31": "5119.00000"}, "Total Long-Term Assets": {"2020-12-31": "162955.00000", "2019-12-31": "149562.00000", "2018-12-31": "140161.00000", "2017-12-31": "141619.00000", "2016-12-31": "136072.00000", "2015-12-31": "83635.00000", "2014-12-31": "79958.00000", "2013-12-31": "77460.00000", "2012-12-31": "75464.00000", "2011-12-31": "69682.00000", "2010-12-31": "65198.00000", "2009-12-31": "59747.00000", "2008-12-31": "53561.00000", "2007-12-31": "53678.00000", "2006-12-31": "48410.00000", "2005-12-31": "43122.00000"}, "Total Assets": {"2020-12-31": "190774.00000", "2019-12-31": "176943.00000", "2018-12-31": "167771.00000", "2017-12-31": "167022.00000", "2016-12-31": "159786.00000", "2015-12-31": "102306.00000", "2014-12-31": "98248.00000", "2013-12-31": "94510.00000", "2012-12-31": "92545.00000", "2011-12-31": "87321.00000", "2010-12-31": "83355.00000", "2009-12-31": "77980.00000", "2008-12-31": "72057.00000", "2007-12-31": "72090.00000", "2006-12-31": "67135.00000", "2005-12-31": "62440.00000"}, "Total Current Liabilities": {"2020-12-31": "85463.00000", "2019-12-31": "105947.00000", "2018-12-31": "102834.00000", "2017-12-31": "101550.00000", "2016-12-31": "96512.00000", "2015-12-31": "62428.00000", "2014-12-31": "63664.00000", "2013-12-31": "59936.00000", "2012-12-31": "59550.00000", "2011-12-31": "57776.00000", "2010-12-31": "54659.00000", "2009-12-31": "52817.00000", "2008-12-31": "52717.00000", "2007-12-31": "50722.00000", "2006-12-31": "48326.00000", "2005-12-31": "46261.00000"}, "Long Term Debt": {"2020-12-31": "", "2019-12-31": "13559.00000", "2018-12-31": "12087.00000", "2017-12-31": "11556.00000", "2016-12-31": "12610.00000", "2015-12-31": "9389.00000", "2014-12-31": "3357.00000", "2013-12-31": "3807.00000", "2012-12-31": "3360.00000", "2011-12-31": "3360.00000", "2010-12-31": "3358.00000", "2009-12-31": "3158.00000", "2008-12-31": "2806.00000", "2007-12-31": "1811.00000", "2006-12-31": "1560.00000", "2005-12-31": "1811.00000"}, "Other Non-Current Liabilities": {"2020-12-31": "45870.00000", "2019-12-31": "994.00000", "2018-12-31": "1926.00000", "2017-12-31": "1737.00000", "2016-12-31": "1093.00000", "2015-12-31": "1047.00000", "2014-12-31": "1331.00000", "2013-12-31": "1633.00000", "2012-12-31": "1795.00000", "2011-12-31": "1385.00000", "2010-12-31": "1939.00000", "2009-12-31": "1918.00000", "2008-12-31": "1641.00000", "2007-12-31": "2460.00000", "2006-12-31": "2506.00000", "2005-12-31": "2073.00000"}, "Total Long Term Liabilities": {"2020-12-31": "45870.00000", "2019-12-31": "15665.00000", "2018-12-31": "14625.00000", "2017-12-31": "14300.00000", "2016-12-31": "14999.00000", "2015-12-31": "10743.00000", "2014-12-31": "4997.00000", "2013-12-31": "5749.00000", "2012-12-31": "5464.00000", "2011-12-31": "5213.00000", "2010-12-31": "5722.00000", "2009-12-31": "5496.00000", "2008-12-31": "4894.00000", "2007-12-31": "4691.00000", "2006-12-31": "4531.00000", "2005-12-31": "4367.00000"}, "Total Liabilities": {"2020-12-31": "131333.00000", "2019-12-31": "121612.00000", "2018-12-31": "117459.00000", "2017-12-31": "115850.00000", "2016-12-31": "111511.00000", "2015-12-31": "73171.00000", "2014-12-31": "68661.00000", "2013-12-31": "65685.00000", "2012-12-31": "65014.00000", "2011-12-31": "62989.00000", "2010-12-31": "60381.00000", "2009-12-31": "58313.00000", "2008-12-31": "57611.00000", "2007-12-31": "55413.00000", "2006-12-31": "52857.00000", "2005-12-31": "50628.00000"}, "Common Stock Net": {"2020-12-31": "", "2019-12-31": "11121.00000", "2018-12-31": "11121.00000", "2017-12-31": "11121.00000", "2016-12-31": "11121.00000", "2015-12-31": "7833.00000", "2014-12-31": "8055.00000", "2013-12-31": "8899.00000", "2012-12-31": "9591.00000", "2011-12-31": "10095.00000", "2010-12-31": "10161.00000", "2009-12-31": "10503.00000", "2008-12-31": "10827.00000", "2007-12-31": "14.00000", "2006-12-31": "14.00000", "2005-12-31": "13.00000"}, "Retained Earnings (Accumulated Deficit)": {"2020-12-31": "", "2019-12-31": "36142.00000", "2018-12-31": "31700.00000", "2017-12-31": "27474.00000", "2016-12-31": "23613.00000", "2015-12-31": "19478.00000", "2014-12-31": "16644.00000", "2013-12-31": "13791.00000", "2012-12-31": "10033.00000", "2011-12-31": "7327.00000", "2010-12-31": "5926.00000", "2009-12-31": "2818.00000", "2008-12-31": "74.00000", "2007-12-31": "9080.00000", "2006-12-31": "6906.00000", "2005-12-31": "4965.00000"}, "Comprehensive Income": {"2020-12-31": "", "2019-12-31": "619.00000", "2018-12-31": "-2448.00000", "2017-12-31": "543.00000", "2016-12-31": "-314.00000", "2015-12-31": "-735.00000", "2014-12-31": "1191.00000", "2013-12-31": "1152.00000", "2012-12-31": "2887.00000", "2011-12-31": "1911.00000", "2010-12-31": "1594.00000", "2009-12-31": "823.00000", "2008-12-31": "-1916.00000", "2007-12-31": "769.00000", "2006-12-31": "716.00000", "2005-12-31": "332.00000"}, "Other Share Holders Equity": {"2020-12-31": "", "2019-12-31": "", "2018-12-31": "", "2017-12-31": "", "2016-12-31": "", "2015-12-31": "", "2014-12-31": "", "2013-12-31": "", "2012-12-31": "", "2011-12-31": "", "2010-12-31": "-2.00000", "2009-12-31": "-2.00000", "2008-12-31": "-3.00000", "2007-12-31": "-3.00000", "2006-12-31": "-4.00000", "2005-12-31": "-75.00000"}, "Share Holder Equity": {"2020-12-31": "59441.00000", "2019-12-31": "55331.00000", "2018-12-31": "50312.00000", "2017-12-31": "51172.00000", "2016-12-31": "48275.00000", "2015-12-31": "29135.00000", "2014-12-31": "29587.00000", "2013-12-31": "28825.00000", "2012-12-31": "27531.00000", "2011-12-31": "24332.00000", "2010-12-31": "22974.00000", "2009-12-31": "19667.00000", "2008-12-31": "14446.00000", "2007-12-31": "16677.00000", "2006-12-31": "14278.00000", "2005-12-31": "11812.00000"}, "Total Liabilities And Share Holders Equity": {"2020-12-31": "190774.00000", "2019-12-31": "176943.00000", "2018-12-31": "167771.00000", "2017-12-31": "167022.00000", "2016-12-31": "159786.00000", "2015-12-31": "102306.00000", "2014-12-31": "98248.00000", "2013-12-31": "94510.00000", "2012-12-31": "92545.00000", "2011-12-31": "87321.00000", "2010-12-31": "83355.00000", "2009-12-31": "77980.00000", "2008-12-31": "72057.00000", "2007-12-31": "72090.00000", "2006-12-31": "67135.00000", "2005-12-31": "62440.00000"}}, "balance sheet, quarterly": {"Cash On Hand": {"2020-12-31": "1747.00000", "2020-09-30": "1873.00000", "2020-06-30": "1709.00000", "2020-03-31": "1658.00000", "2019-12-31": "1646.00000", "2019-09-30": "1589.00000", "2019-06-30": "1368.00000", "2019-03-31": "1393.00000", "2018-12-31": "1340.00000", "2018-09-30": "1157.00000", "2018-06-30": "1101.00000", "2018-03-31": "2113.00000", "2017-12-31": "851.00000", "2017-09-30": "1088.00000", "2017-06-30": "1297.00000", "2017-03-31": "1063.00000", "2016-12-31": "985.00000", "2016-09-30": "870.00000", "2016-06-30": "1011.00000", "2016-03-31": "1091.00000", "2015-12-31": "1775.00000", "2015-09-30": "1038.00000", "2015-06-30": "790.00000", "2015-03-31": "948.00000", "2014-12-31": "655.00000", "2014-09-30": "806.00000", "2014-06-30": "594.00000", "2014-03-31": "847.00000", "2013-12-31": "579.00000", "2013-09-30": "768.00000", "2013-06-30": "679.00000", "2013-03-31": "855.00000", "2012-12-31": "615.00000", "2012-09-30": "690.00000", "2012-06-30": "617.00000", "2012-03-31": "715.00000", "2011-12-31": "614.00000", "2011-09-30": "766.00000", "2011-06-30": "833.00000", "2011-03-31": "1115.00000", "2010-12-31": "772.00000", "2010-09-30": "487.00000", "2010-06-30": "668.00000", "2010-03-31": "726.00000", "2009-12-31": "669.00000", "2009-09-30": "742.00000", "2009-06-30": "654.00000", "2009-03-31": "844.00000", "2008-12-31": "867.00000", "2008-09-30": "479.00000", "2008-06-30": "582.00000", "2008-03-31": "511.00000", "2007-12-31": "510.00000", "2007-09-30": "506.00000", "2007-06-30": "621.00000", "2007-03-31": "639.00000", "2006-12-31": "565.00000", "2006-09-30": "544.00000", "2006-06-30": "552.00000", "2006-03-31": "398.00000", "2005-12-31": "512.00000", "2005-09-30": "409.00000", "2005-06-30": "651.00000", "2005-03-31": "574.11800"}, "Receivables": {"2020-12-31": "26072.00000", "2020-09-30": "26461.00000", "2020-06-30": "26257.00000", "2020-03-31": "25152.00000", "2019-12-31": "25735.00000", "2019-09-30": "26129.00000", "2019-06-30": "26581.00000", "2019-03-31": "26166.00000", "2018-12-31": "26270.00000", "2018-09-30": "25487.00000", "2018-06-30": "25337.00000", "2018-03-31": "24733.00000", "2017-12-31": "24552.00000", "2017-09-30": "24543.00000", "2017-06-30": "23218.00000", "2017-03-31": "22836.00000", "2016-12-31": "22729.00000", "2016-09-30": "22136.00000", "2016-06-30": "21966.00000", "2016-03-31": "20768.00000", "2015-12-31": "16896.00000", "2015-09-30": "16715.00000", "2015-06-30": "17735.00000", "2015-03-31": "16829.00000", "2014-12-31": "17635.00000", "2014-09-30": "16362.00000", "2014-06-30": "16318.00000", "2014-03-31": "15738.00000", "2013-12-31": "16471.00000", "2013-09-30": "16803.00000", "2013-06-30": "16704.00000", "2013-03-31": "15915.00000", "2012-12-31": "16466.00000", "2012-09-30": "17391.00000", "2012-06-30": "16994.00000", "2012-03-31": "16787.00000", "2011-12-31": "17025.00000", "2011-09-30": "18488.00000", "2011-06-30": "18548.00000", "2011-03-31": "18104.00000", "2010-12-31": "17385.00000", "2010-09-30": "17459.00000", "2010-06-30": "17381.00000", "2010-03-31": "17323.00000", "2009-12-31": "17564.00000", "2009-09-30": "17660.00000", "2009-06-30": "17794.00000", "2009-03-31": "17910.00000", "2008-12-31": "17629.00000", "2008-09-30": "18011.00000", "2008-06-30": "18228.00000", "2008-03-31": "17717.00000", "2007-12-31": "17902.00000", "2007-09-30": "17542.00000", "2007-06-30": "18004.00000", "2007-03-31": "18063.00000", "2006-12-31": "18160.00000", "2006-09-30": "18614.00000", "2006-06-30": "19389.00000", "2006-03-31": "19483.00000", "2005-12-31": "18806.00000", "2005-09-30": "19372.00000", "2005-06-30": "18361.00000", "2005-03-31": "18495.63000"}, "Inventory": {"2020-12-31": "", "2020-09-30": "", "2020-06-30": "", "2020-03-31": "", "2019-12-31": "", "2019-09-30": "", "2019-06-30": "", "2019-03-31": "", "2018-12-31": "", "2018-09-30": "", "2018-06-30": "", "2018-03-31": "", "2017-12-31": "", "2017-09-30": "", "2017-06-30": "", "2017-03-31": "", "2016-12-31": "", "2016-09-30": "", "2016-06-30": "", "2016-03-31": "", "2015-12-31": "", "2015-09-30": "", "2015-06-30": "", "2015-03-31": "", "2014-12-31": "", "2014-09-30": "", "2014-06-30": "", "2014-03-31": "", "2013-12-31": "", "2013-09-30": "", "2013-06-30": "", "2013-03-31": "", "2012-12-31": "", "2012-09-30": "", "2012-06-30": "", "2012-03-31": "", "2011-12-31": "", "2011-09-30": "", "2011-06-30": "", "2011-03-31": "", "2010-12-31": "", "2010-09-30": "", "2010-06-30": "", "2010-03-31": "", "2009-12-31": "", "2009-09-30": "", "2009-06-30": "", "2009-03-31": "", "2008-12-31": "", "2008-09-30": "", "2008-06-30": "", "2008-03-31": "", "2007-12-31": "", "2007-09-30": "", "2007-06-30": "", "2007-03-31": "", "2006-12-31": "", "2006-09-30": "", "2006-06-30": "", "2006-03-31": "", "2005-12-31": "", "2005-09-30": "", "2005-06-30": "", "2005-03-31": ""}, "Pre-Paid Expenses": {"2020-12-31": "", "2020-09-30": "", "2020-06-30": "", "2020-03-31": "", "2019-12-31": "", "2019-09-30": "", "2019-06-30": "", "2019-03-31": "", "2018-12-31": "", "2018-09-30": "", "2018-06-30": "", "2018-03-31": "", "2017-12-31": "", "2017-09-30": "", "2017-06-30": "", "2017-03-31": "", "2016-12-31": "", "2016-09-30": "", "2016-06-30": "", "2016-03-31": "", "2015-12-31": "", "2015-09-30": "", "2015-06-30": "", "2015-03-31": "", "2014-12-31": "", "2014-09-30": "", "2014-06-30": "", "2014-03-31": "", "2013-12-31": "", "2013-09-30": "", "2013-06-30": "", "2013-03-31": "", "2012-12-31": "", "2012-09-30": "", "2012-06-30": "", "2012-03-31": "", "2011-12-31": "", "2011-09-30": "", "2011-06-30": "", "2011-03-31": "", "2010-12-31": "", "2010-09-30": "", "2010-06-30": "", "2010-03-31": "", "2009-12-31": "", "2009-09-30": "", "2009-06-30": "", "2009-03-31": "", "2008-12-31": "", "2008-09-30": "", "2008-06-30": "", "2008-03-31": "", "2007-12-31": "", "2007-09-30": "", "2007-06-30": "", "2007-03-31": "", "2006-12-31": "", "2006-09-30": "", "2006-06-30": "", "2006-03-31": "", "2005-12-31": "", "2005-09-30": "", "2005-06-30": "", "2005-03-31": ""}, "Other Current Assets": {"2020-12-31": "", "2020-09-30": "", "2020-06-30": "", "2020-03-31": "", "2019-12-31": "", "2019-09-30": "", "2019-06-30": "", "2019-03-31": "", "2018-12-31": "", "2018-09-30": "", "2018-06-30": "", "2018-03-31": "", "2017-12-31": "", "2017-09-30": "", "2017-06-30": "", "2017-03-31": "", "2016-12-31": "", "2016-09-30": "", "2016-06-30": "", "2016-03-31": "", "2015-12-31": "", "2015-09-30": "", "2015-06-30": "", "2015-03-31": "", "2014-12-31": "", "2014-09-30": "", "2014-06-30": "", "2014-03-31": "", "2013-12-31": "", "2013-09-30": "", "2013-06-30": "", "2013-03-31": "", "2012-12-31": "", "2012-09-30": "", "2012-06-30": "", "2012-03-31": "", "2011-12-31": "", "2011-09-30": "", "2011-06-30": "", "2011-03-31": "", "2010-12-31": "", "2010-09-30": "", "2010-06-30": "", "2010-03-31": "", "2009-12-31": "", "2009-09-30": "", "2009-06-30": "", "2009-03-31": "", "2008-12-31": "", "2008-09-30": "", "2008-06-30": "", "2008-03-31": "", "2007-12-31": "", "2007-09-30": "", "2007-06-30": "", "2007-03-31": "", "2006-12-31": "", "2006-09-30": "", "2006-06-30": "", "2006-03-31": "", "2005-12-31": "", "2005-09-30": "", "2005-06-30": "", "2005-03-31": ""}, "Total Current Assets": {"2020-12-31": "27819.00000", "2020-09-30": "28334.00000", "2020-06-30": "27966.00000", "2020-03-31": "26810.00000", "2019-12-31": "27381.00000", "2019-09-30": "27718.00000", "2019-06-30": "27949.00000", "2019-03-31": "27559.00000", "2018-12-31": "27610.00000", "2018-09-30": "26644.00000", "2018-06-30": "26438.00000", "2018-03-31": "26846.00000", "2017-12-31": "25403.00000", "2017-09-30": "25631.00000", "2017-06-30": "24515.00000", "2017-03-31": "23899.00000", "2016-12-31": "23714.00000", "2016-09-30": "23006.00000", "2016-06-30": "22977.00000", "2016-03-31": "21859.00000", "2015-12-31": "18671.00000", "2015-09-30": "17753.00000", "2015-06-30": "18525.00000", "2015-03-31": "17777.00000", "2014-12-31": "18290.00000", "2014-09-30": "17168.00000", "2014-06-30": "16912.00000", "2014-03-31": "16585.00000", "2013-12-31": "17050.00000", "2013-09-30": "17571.00000", "2013-06-30": "17383.00000", "2013-03-31": "16770.00000", "2012-12-31": "17081.00000", "2012-09-30": "18081.00000", "2012-06-30": "17611.00000", "2012-03-31": "17502.00000", "2011-12-31": "17639.00000", "2011-09-30": "19254.00000", "2011-06-30": "19381.00000", "2011-03-31": "19219.00000", "2010-12-31": "18157.00000", "2010-09-30": "17946.00000", "2010-06-30": "18049.00000", "2010-03-31": "18049.00000", "2009-12-31": "18233.00000", "2009-09-30": "18402.00000", "2009-06-30": "18448.00000", "2009-03-31": "18754.00000", "2008-12-31": "18496.00000", "2008-09-30": "18490.00000", "2008-06-30": "18810.00000", "2008-03-31": "18228.00000", "2007-12-31": "18412.00000", "2007-09-30": "18048.00000", "2007-06-30": "18625.00000", "2007-03-31": "18702.00000", "2006-12-31": "18725.00000", "2006-09-30": "19158.00000", "2006-06-30": "19941.00000", "2006-03-31": "19881.00000", "2005-12-31": "19318.00000", "2005-09-30": "19781.00000", "2005-06-30": "19012.00000", "2005-03-31": "19069.75000"}, "Property, Plant, And Equipment": {"2020-12-31": "", "2020-09-30": "", "2020-06-30": "", "2020-03-31": "", "2019-12-31": "", "2019-09-30": "", "2019-06-30": "", "2019-03-31": "", "2018-12-31": "", "2018-09-30": "", "2018-06-30": "", "2018-03-31": "", "2017-12-31": "", "2017-09-30": "", "2017-06-30": "", "2017-03-31": "", "2016-12-31": "", "2016-09-30": "", "2016-06-30": "", "2016-03-31": "", "2015-12-31": "", "2015-09-30": "", "2015-06-30": "", "2015-03-31": "", "2014-12-31": "", "2014-09-30": "", "2014-06-30": "", "2014-03-31": "", "2013-12-31": "", "2013-09-30": "", "2013-06-30": "", "2013-03-31": "", "2012-12-31": "", "2012-09-30": "", "2012-06-30": "", "2012-03-31": "", "2011-12-31": "", "2011-09-30": "", "2011-06-30": "", "2011-03-31": "", "2010-12-31": "", "2010-09-30": "", "2010-06-30": "", "2010-03-31": "", "2009-12-31": "", "2009-09-30": "", "2009-06-30": "", "2009-03-31": "", "2008-12-31": "", "2008-09-30": "", "2008-06-30": "", "2008-03-31": "", "2007-12-31": "", "2007-09-30": "", "2007-06-30": "", "2007-03-31": "", "2006-12-31": "", "2006-09-30": "", "2006-06-30": "", "2006-03-31": "", "2005-12-31": "", "2005-09-30": "", "2005-06-30": "", "2005-03-31": ""}, "Long-Term Investments": {"2020-12-31": "118669.00000", "2020-09-30": "119729.00000", "2020-06-30": "113376.00000", "2020-03-31": "107758.00000", "2019-12-31": "111739.00000", "2019-09-30": "109373.00000", "2019-06-30": "107919.00000", "2019-03-31": "105127.00000", "2018-12-31": "102824.00000", "2018-09-30": "102974.00000", "2018-06-30": "103042.00000", "2018-03-31": "103985.00000", "2017-12-31": "104341.00000", "2017-09-30": "104326.00000", "2017-06-30": "102108.00000", "2017-03-31": "101399.00000", "2016-12-31": "101033.00000", "2016-09-30": "102984.00000", "2016-06-30": "101804.00000", "2016-03-31": "99521.00000", "2015-12-31": "67812.00000", "2015-09-30": "63978.00000", "2015-06-30": "64871.00000", "2015-03-31": "65454.00000", "2014-12-31": "64426.00000", "2014-09-30": "64807.00000", "2014-06-30": "65160.00000", "2014-03-31": "63581.00000", "2013-12-31": "62490.00000", "2013-09-30": "61927.00000", "2013-06-30": "61238.00000", "2013-03-31": "62936.00000", "2012-12-31": "61884.00000", "2012-09-30": "61367.00000", "2012-06-30": "59199.00000", "2012-03-31": "58368.00000", "2011-12-31": "57251.00000", "2011-09-30": "57190.00000", "2011-06-30": "56876.00000", "2011-03-31": "54367.00000", "2010-12-31": "52922.00000", "2010-09-30": "52676.00000", "2010-06-30": "50172.00000", "2010-03-31": "49422.00000", "2009-12-31": "48198.00000", "2009-09-30": "47702.00000", "2009-06-30": "44814.00000", "2009-03-31": "42364.00000", "2008-12-31": "41813.00000", "2008-09-30": "44079.00000", "2008-06-30": "46480.00000", "2008-03-31": "44422.00000", "2007-12-31": "42968.00000", "2007-09-30": "42667.00000", "2007-06-30": "40560.00000", "2007-03-31": "39486.00000", "2006-12-31": "37742.00000", "2006-09-30": "36785.00000", "2006-06-30": "35590.00000", "2006-03-31": "34483.00000", "2005-12-31": "33056.00000", "2005-09-30": "31166.00000", "2005-06-30": "29921.00000", "2005-03-31": "28535.94000"}, "Goodwill And Intangible Assets": {"2020-12-31": "21211.00000", "2020-09-30": "21103.00000", "2020-06-30": "21093.00000", "2020-03-31": "20873.00000", "2019-12-31": "21359.00000", "2019-09-30": "21378.00000", "2019-06-30": "21566.00000", "2019-03-31": "21419.00000", "2018-12-31": "21414.00000", "2018-09-30": "21471.00000", "2018-06-30": "21759.00000", "2018-03-31": "22123.00000", "2017-12-31": "22054.00000", "2017-09-30": "22265.00000", "2017-06-30": "22013.00000", "2017-03-31": "22061.00000", "2016-12-31": "22095.00000", "2016-09-30": "22472.00000", "2016-06-30": "22923.00000", "2016-03-31": "23359.00000", "2015-12-31": "5683.00000", "2015-09-30": "5713.00000", "2015-06-30": "5969.00000", "2015-03-31": "5516.00000", "2014-12-31": "5724.00000", "2014-09-30": "5425.00000", "2014-06-30": "5522.00000", "2014-03-31": "5382.00000", "2013-12-31": "5404.00000", "2013-09-30": "5465.00000", "2013-06-30": "5395.00000", "2013-03-31": "4909.00000", "2012-12-31": "4975.00000", "2012-09-30": "4990.00000", "2012-06-30": "4826.00000", "2012-03-31": "4860.00000", "2011-12-31": "4799.00000", "2011-09-30": "4817.00000", "2011-06-30": "4858.00000", "2011-03-31": "4729.00000", "2010-12-31": "4664.00000", "2010-09-30": "3906.00000", "2010-06-30": "3836.00000", "2010-03-31": "3883.00000", "2009-12-31": "3931.00000", "2009-09-30": "3772.00000", "2009-06-30": "3756.00000", "2009-03-31": "3735.00000", "2008-12-31": "3747.00000", "2008-09-30": "3817.00000", "2008-06-30": "3612.00000", "2008-03-31": "2763.00000", "2007-12-31": "2838.00000", "2007-09-30": "2731.00000", "2007-06-30": "2731.00000", "2007-03-31": "2731.00000", "2006-12-31": "2731.00000", "2006-09-30": "2655.00000", "2006-06-30": "2703.00000", "2006-03-31": "2703.00000", "2005-12-31": "2703.00000", "2005-09-30": "2703.00000", "2005-06-30": "2703.00000", "2005-03-31": "2608.44900"}, "Other Long-Term Assets": {"2020-12-31": "23075.00000", "2020-09-30": "13345.00000", "2020-06-30": "13796.00000", "2020-03-31": "12524.00000", "2019-12-31": "11222.00000", "2019-09-30": "11531.00000", "2019-06-30": "11969.00000", "2019-03-31": "12234.00000", "2018-12-31": "11001.00000", "2018-09-30": "11693.00000", "2018-06-30": "11379.00000", "2018-03-31": "10984.00000", "2017-12-31": "10501.00000", "2017-09-30": "10665.00000", "2017-06-30": "9806.00000", "2017-03-31": "9202.00000", "2016-12-31": "8630.00000", "2016-09-30": "9110.00000", "2016-06-30": "8551.00000", "2016-03-31": "8529.00000", "2015-12-31": "6949.00000", "2015-09-30": "7112.00000", "2015-06-30": "7384.00000", "2015-03-31": "6744.00000", "2014-12-31": "6912.00000", "2014-09-30": "7157.00000", "2014-06-30": "7057.00000", "2014-03-31": "6713.00000", "2013-12-31": "6637.00000", "2013-09-30": "6813.00000", "2013-06-30": "6842.00000", "2013-03-31": "6375.00000", "2012-12-31": "6279.00000", "2012-09-30": "6933.00000", "2012-06-30": "6798.00000", "2012-03-31": "6802.00000", "2011-12-31": "5411.00000", "2011-09-30": "5044.00000", "2011-06-30": "5732.00000", "2011-03-31": "5477.00000", "2010-12-31": "5202.00000", "2010-09-30": "5366.00000", "2010-06-30": "5424.00000", "2010-03-31": "5284.00000", "2009-12-31": "5019.00000", "2009-09-30": "5298.00000", "2009-06-30": "5682.00000", "2009-03-31": "5054.00000", "2008-12-31": "4952.00000", "2008-09-30": "6049.00000", "2008-06-30": "6553.00000", "2008-03-31": "6232.00000", "2007-12-31": "5664.00000", "2007-09-30": "6207.00000", "2007-06-30": "6781.00000", "2007-03-31": "6530.00000", "2006-12-31": "5695.00000", "2006-09-30": "5590.00000", "2006-06-30": "4823.00000", "2006-03-31": "5477.00000", "2005-12-31": "5119.00000", "2005-09-30": "4681.00000", "2005-06-30": "4363.00000", "2005-03-31": "4579.24900"}, "Total Long-Term Assets": {"2020-12-31": "162955.00000", "2020-09-30": "159452.00000", "2020-06-30": "153508.00000", "2020-03-31": "146317.00000", "2019-12-31": "149562.00000", "2019-09-30": "147430.00000", "2019-06-30": "146567.00000", "2019-03-31": "143788.00000", "2018-12-31": "140161.00000", "2018-09-30": "141040.00000", "2018-06-30": "141096.00000", "2018-03-31": "141935.00000", "2017-12-31": "141619.00000", "2017-09-30": "141947.00000", "2017-06-30": "138473.00000", "2017-03-31": "137068.00000", "2016-12-31": "136072.00000", "2016-09-30": "138804.00000", "2016-06-30": "137226.00000", "2016-03-31": "134785.00000", "2015-12-31": "83635.00000", "2015-09-30": "80007.00000", "2015-06-30": "81315.00000", "2015-03-31": "80621.00000", "2014-12-31": "79958.00000", "2014-09-30": "80389.00000", "2014-06-30": "80535.00000", "2014-03-31": "78594.00000", "2013-12-31": "77460.00000", "2013-09-30": "77013.00000", "2013-06-30": "76305.00000", "2013-03-31": "76691.00000", "2012-12-31": "75464.00000", "2012-09-30": "75427.00000", "2012-06-30": "73090.00000", "2012-03-31": "72247.00000", "2011-12-31": "69682.00000", "2011-09-30": "69466.00000", "2011-06-30": "69873.00000", "2011-03-31": "67001.00000", "2010-12-31": "65198.00000", "2010-09-30": "64442.00000", "2010-06-30": "62111.00000", "2010-03-31": "61280.00000", "2009-12-31": "59747.00000", "2009-09-30": "59419.00000", "2009-06-30": "57207.00000", "2009-03-31": "54373.00000", "2008-12-31": "53561.00000", "2008-09-30": "56665.00000", "2008-06-30": "58966.00000", "2008-03-31": "55691.00000", "2007-12-31": "53678.00000", "2007-09-30": "53906.00000", "2007-06-30": "52395.00000", "2007-03-31": "51072.00000", "2006-12-31": "48410.00000", "2006-09-30": "47275.00000", "2006-06-30": "45449.00000", "2006-03-31": "44966.00000", "2005-12-31": "43122.00000", "2005-09-30": "40764.00000", "2005-06-30": "39111.00000", "2005-03-31": "37895.02000"}, "Total Assets": {"2020-12-31": "190774.00000", "2020-09-30": "187786.00000", "2020-06-30": "181474.00000", "2020-03-31": "173127.00000", "2019-12-31": "176943.00000", "2019-09-30": "175148.00000", "2019-06-30": "174516.00000", "2019-03-31": "171347.00000", "2018-12-31": "167771.00000", "2018-09-30": "167684.00000", "2018-06-30": "167534.00000", "2018-03-31": "168781.00000", "2017-12-31": "167022.00000", "2017-09-30": "167578.00000", "2017-06-30": "162988.00000", "2017-03-31": "160967.00000", "2016-12-31": "159786.00000", "2016-09-30": "161810.00000", "2016-06-30": "160203.00000", "2016-03-31": "156644.00000", "2015-12-31": "102306.00000", "2015-09-30": "97760.00000", "2015-06-30": "99840.00000", "2015-03-31": "98398.00000", "2014-12-31": "98248.00000", "2014-09-30": "97557.00000", "2014-06-30": "97447.00000", "2014-03-31": "95179.00000", "2013-12-31": "94510.00000", "2013-09-30": "94584.00000", "2013-06-30": "93688.00000", "2013-03-31": "93461.00000", "2012-12-31": "92545.00000", "2012-09-30": "93508.00000", "2012-06-30": "90701.00000", "2012-03-31": "89749.00000", "2011-12-31": "87321.00000", "2011-09-30": "88720.00000", "2011-06-30": "89254.00000", "2011-03-31": "86220.00000", "2010-12-31": "83355.00000", "2010-09-30": "82388.00000", "2010-06-30": "80160.00000", "2010-03-31": "79329.00000", "2009-12-31": "77980.00000", "2009-09-30": "77821.00000", "2009-06-30": "75655.00000", "2009-03-31": "73127.00000", "2008-12-31": "72057.00000", "2008-09-30": "75155.00000", "2008-06-30": "77776.00000", "2008-03-31": "73919.00000", "2007-12-31": "72090.00000", "2007-09-30": "71954.00000", "2007-06-30": "71020.00000", "2007-03-31": "69774.00000", "2006-12-31": "67135.00000", "2006-09-30": "66433.00000", "2006-06-30": "65390.00000", "2006-03-31": "64847.00000", "2005-12-31": "62440.00000", "2005-09-30": "60545.00000", "2005-06-30": "58123.00000", "2005-03-31": "56964.77000"}, "Total Current Liabilities": {"2020-12-31": "85463.00000", "2020-09-30": "113569.00000", "2020-06-30": "110222.00000", "2020-03-31": "105296.00000", "2019-12-31": "105947.00000", "2019-09-30": "105255.00000", "2019-06-30": "104611.00000", "2019-03-31": "104211.00000", "2018-12-31": "102834.00000", "2018-09-30": "101787.00000", "2018-06-30": "101390.00000", "2018-03-31": "101893.00000", "2017-12-31": "101550.00000", "2017-09-30": "102344.00000", "2017-06-30": "97996.00000", "2017-03-31": "97096.00000", "2016-12-31": "96512.00000", "2016-09-30": "97950.00000", "2016-06-30": "97486.00000", "2016-03-31": "95657.00000", "2015-12-31": "62428.00000", "2015-09-30": "63155.00000", "2015-06-30": "64738.00000", "2015-03-31": "63196.00000", "2014-12-31": "63664.00000", "2014-09-30": "61733.00000", "2014-06-30": "61315.00000", "2014-03-31": "60142.00000", "2013-12-31": "59936.00000", "2013-09-30": "60718.00000", "2013-06-30": "60582.00000", "2013-03-31": "59071.00000", "2012-12-31": "59550.00000", "2012-09-30": "59807.00000", "2012-06-30": "58168.00000", "2012-03-31": "57547.00000", "2011-12-31": "57776.00000", "2011-09-30": "59167.00000", "2011-06-30": "59139.00000", "2011-03-31": "57188.00000", "2010-12-31": "54659.00000", "2010-09-30": "53836.00000", "2010-06-30": "53351.00000", "2010-03-31": "53041.00000", "2009-12-31": "52817.00000", "2009-09-30": "53410.00000", "2009-06-30": "53607.00000", "2009-03-31": "53337.00000", "2008-12-31": "52717.00000", "2008-09-30": "54047.00000", "2008-06-30": "55632.00000", "2008-03-31": "51840.00000", "2007-12-31": "50722.00000", "2007-09-30": "50712.00000", "2007-06-30": "50122.00000", "2007-03-31": "48948.00000", "2006-12-31": "48326.00000", "2006-09-30": "48133.00000", "2006-06-30": "48936.00000", "2006-03-31": "48021.00000", "2005-12-31": "46261.00000", "2005-09-30": "46378.00000", "2005-06-30": "43854.00000", "2005-03-31": "42989.87000"}, "Long Term Debt": {"2020-12-31": "", "2020-09-30": "14830.00000", "2020-06-30": "13656.00000", "2020-03-31": "13510.00000", "2019-12-31": "13559.00000", "2019-09-30": "13285.00000", "2019-06-30": "13371.00000", "2019-03-31": "12071.00000", "2018-12-31": "12087.00000", "2018-09-30": "12149.00000", "2018-06-30": "12184.00000", "2018-03-31": "12786.00000", "2017-12-31": "11556.00000", "2017-09-30": "11559.00000", "2017-06-30": "11667.00000", "2017-03-31": "12300.00000", "2016-12-31": "12610.00000", "2016-09-30": "12621.00000", "2016-06-30": "12631.00000", "2016-03-31": "12636.00000", "2015-12-31": "9389.00000", "2015-09-30": "4157.00000", "2015-06-30": "4157.00000", "2015-03-31": "4157.00000", "2014-12-31": "3357.00000", "2014-09-30": "4057.00000", "2014-06-30": "4057.00000", "2014-03-31": "3808.00000", "2013-12-31": "3807.00000", "2013-09-30": "3807.00000", "2013-06-30": "3807.00000", "2013-03-31": "4307.00000", "2012-12-31": "3360.00000", "2012-09-30": "3360.00000", "2012-06-30": "3360.00000", "2012-03-31": "3360.00000", "2011-12-31": "3360.00000", "2011-09-30": "3360.00000", "2011-06-30": "3360.00000", "2011-03-31": "3358.00000", "2010-12-31": "3358.00000", "2010-09-30": "3158.00000", "2010-06-30": "3158.00000", "2010-03-31": "3158.00000", "2009-12-31": "3158.00000", "2009-09-30": "3321.00000", "2009-06-30": "3322.00000", "2009-03-31": "2802.00000", "2008-12-31": "2806.00000", "2008-09-30": "3002.00000", "2008-06-30": "3008.00000", "2008-03-31": "2114.00000", "2007-12-31": "1811.00000", "2007-09-30": "2068.00000", "2007-06-30": "2063.00000", "2007-03-31": "2061.00000", "2006-12-31": "1560.00000", "2006-09-30": "1632.00000", "2006-06-30": "1620.00000", "2006-03-31": "1812.00000", "2005-12-31": "1811.00000", "2005-09-30": "1564.00000", "2005-06-30": "1849.00000", "2005-03-31": "1849.00800"}, "Other Non-Current Liabilities": {"2020-12-31": "45870.00000", "2020-09-30": "1851.00000", "2020-06-30": "1832.00000", "2020-03-31": "1342.00000", "2019-12-31": "994.00000", "2019-09-30": "962.00000", "2019-06-30": "1727.00000", "2019-03-31": "1861.00000", "2018-12-31": "1926.00000", "2018-09-30": "2143.00000", "2018-06-30": "2355.00000", "2018-03-31": "2039.00000", "2017-12-31": "1737.00000", "2017-09-30": "1757.00000", "2017-06-30": "1546.00000", "2017-03-31": "1072.00000", "2016-12-31": "1093.00000", "2016-09-30": "1141.00000", "2016-06-30": "1143.00000", "2016-03-31": "1004.00000", "2015-12-31": "1047.00000", "2015-09-30": "1012.00000", "2015-06-30": "1081.00000", "2015-03-31": "1034.00000", "2014-12-31": "1331.00000", "2014-09-30": "1441.00000", "2014-06-30": "1441.00000", "2014-03-31": "1551.00000", "2013-12-31": "1633.00000", "2013-09-30": "1520.00000", "2013-06-30": "1665.00000", "2013-03-31": "1789.00000", "2012-12-31": "1795.00000", "2012-09-30": "2848.00000", "2012-06-30": "2940.00000", "2012-03-31": "2901.00000", "2011-12-31": "1385.00000", "2011-09-30": "1943.00000", "2011-06-30": "2310.00000", "2011-03-31": "1840.00000", "2010-12-31": "1939.00000", "2010-09-30": "1980.00000", "2010-06-30": "1762.00000", "2010-03-31": "1962.00000", "2009-12-31": "1918.00000", "2009-09-30": "1892.00000", "2009-06-30": "1741.00000", "2009-03-31": "1796.00000", "2008-12-31": "1641.00000", "2008-09-30": "2441.00000", "2008-06-30": "2472.00000", "2008-03-31": "2723.00000", "2007-12-31": "2460.00000", "2007-09-30": "2656.00000", "2007-06-30": "3174.00000", "2007-03-31": "3232.00000", "2006-12-31": "2506.00000", "2006-09-30": "2682.00000", "2006-06-30": "1921.00000", "2006-03-31": "2369.00000", "2005-12-31": "2073.00000", "2005-09-30": "1962.00000", "2005-06-30": "1509.00000", "2005-03-31": "1748.21400"}, "Total Long Term Liabilities": {"2020-12-31": "45870.00000", "2020-09-30": "17804.00000", "2020-06-30": "16492.00000", "2020-03-31": "15634.00000", "2019-12-31": "15665.00000", "2019-09-30": "15321.00000", "2019-06-30": "16103.00000", "2019-03-31": "14781.00000", "2018-12-31": "14625.00000", "2018-09-30": "14963.00000", "2018-06-30": "15173.00000", "2018-03-31": "15601.00000", "2017-12-31": "14300.00000", "2017-09-30": "14763.00000", "2017-06-30": "14643.00000", "2017-03-31": "14647.00000", "2016-12-31": "14999.00000", "2016-09-30": "15488.00000", "2016-06-30": "15491.00000", "2016-03-31": "15090.00000", "2015-12-31": "10743.00000", "2015-09-30": "5478.00000", "2015-06-30": "5547.00000", "2015-03-31": "5500.00000", "2014-12-31": "4997.00000", "2014-09-30": "5807.00000", "2014-06-30": "5807.00000", "2014-03-31": "5668.00000", "2013-12-31": "5749.00000", "2013-09-30": "5648.00000", "2013-06-30": "5811.00000", "2013-03-31": "6448.00000", "2012-12-31": "5464.00000", "2012-09-30": "6738.00000", "2012-06-30": "6771.00000", "2012-03-31": "6771.00000", "2011-12-31": "5213.00000", "2011-09-30": "5803.00000", "2011-06-30": "6002.00000", "2011-03-31": "5656.00000", "2010-12-31": "5722.00000", "2010-09-30": "5707.00000", "2010-06-30": "5399.00000", "2010-03-31": "5652.00000", "2009-12-31": "5496.00000", "2009-09-30": "5678.00000", "2009-06-30": "5487.00000", "2009-03-31": "5072.00000", "2008-12-31": "4894.00000", "2008-09-30": "5752.00000", "2008-06-30": "5817.00000", "2008-03-31": "5344.00000", "2007-12-31": "4691.00000", "2007-09-30": "5207.00000", "2007-06-30": "5714.00000", "2007-03-31": "5867.00000", "2006-12-31": "4531.00000", "2006-09-30": "4789.00000", "2006-06-30": "3988.00000", "2006-03-31": "4669.00000", "2005-12-31": "4367.00000", "2005-09-30": "3938.00000", "2005-06-30": "3770.00000", "2005-03-31": "4009.59500"}, "Total Liabilities": {"2020-12-31": "131333.00000", "2020-09-30": "131373.00000", "2020-06-30": "126714.00000", "2020-03-31": "120930.00000", "2019-12-31": "121612.00000", "2019-09-30": "120576.00000", "2019-06-30": "120714.00000", "2019-03-31": "118992.00000", "2018-12-31": "117459.00000", "2018-09-30": "116750.00000", "2018-06-30": "116563.00000", "2018-03-31": "117494.00000", "2017-12-31": "115850.00000", "2017-09-30": "117107.00000", "2017-06-30": "112639.00000", "2017-03-31": "111743.00000", "2016-12-31": "111511.00000", "2016-09-30": "113438.00000", "2016-06-30": "112977.00000", "2016-03-31": "110747.00000", "2015-12-31": "73171.00000", "2015-09-30": "68633.00000", "2015-06-30": "70285.00000", "2015-03-31": "68696.00000", "2014-12-31": "68661.00000", "2014-09-30": "67540.00000", "2014-06-30": "67122.00000", "2014-03-31": "65810.00000", "2013-12-31": "65685.00000", "2013-09-30": "66366.00000", "2013-06-30": "66393.00000", "2013-03-31": "65519.00000", "2012-12-31": "65014.00000", "2012-09-30": "66545.00000", "2012-06-30": "64939.00000", "2012-03-31": "64318.00000", "2011-12-31": "62989.00000", "2011-09-30": "64970.00000", "2011-06-30": "65141.00000", "2011-03-31": "62844.00000", "2010-12-31": "60381.00000", "2010-09-30": "59543.00000", "2010-06-30": "58750.00000", "2010-03-31": "58693.00000", "2009-12-31": "58313.00000", "2009-09-30": "59088.00000", "2009-06-30": "59094.00000", "2009-03-31": "58409.00000", "2008-12-31": "57611.00000", "2008-09-30": "59799.00000", "2008-06-30": "61449.00000", "2008-03-31": "57184.00000", "2007-12-31": "55413.00000", "2007-09-30": "55919.00000", "2007-06-30": "55836.00000", "2007-03-31": "54815.00000", "2006-12-31": "52857.00000", "2006-09-30": "52922.00000", "2006-06-30": "52924.00000", "2006-03-31": "52690.00000", "2005-12-31": "50628.00000", "2005-09-30": "50316.00000", "2005-06-30": "47624.00000", "2005-03-31": "46999.46000"}, "Common Stock Net": {"2020-12-31": "", "2020-09-30": "11064.00000", "2020-06-30": "11121.00000", "2020-03-31": "11121.00000", "2019-12-31": "11121.00000", "2019-09-30": "11121.00000", "2019-06-30": "11121.00000", "2019-03-31": "11121.00000", "2018-12-31": "11121.00000", "2018-09-30": "11121.00000", "2018-06-30": "11121.00000", "2018-03-31": "11121.00000", "2017-12-31": "11121.00000", "2017-09-30": "11121.00000", "2017-06-30": "11121.00000", "2017-03-31": "11121.00000", "2016-12-31": "11121.00000", "2016-09-30": "11121.00000", "2016-06-30": "11121.00000", "2016-03-31": "11121.00000", "2015-12-31": "7833.00000", "2015-09-30": "7833.00000", "2015-06-30": "7833.00000", "2015-03-31": "7833.00000", "2014-12-31": "8055.00000", "2014-09-30": "8278.00000", "2014-06-30": "8501.00000", "2014-03-31": "8724.00000", "2013-12-31": "8899.00000", "2013-09-30": "9073.00000", "2013-06-30": "9249.00000", "2013-03-31": "9423.00000", "2012-12-31": "9591.00000", "2012-09-30": "9759.00000", "2012-06-30": "9927.00000", "2012-03-31": "10095.00000", "2011-12-31": "10095.00000", "2011-09-30": "10095.00000", "2011-06-30": "10098.00000", "2011-03-31": "10075.00000", "2010-12-31": "10161.00000", "2010-09-30": "10264.00000", "2010-06-30": "10365.00000", "2010-03-31": "10470.00000", "2009-12-31": "10503.00000", "2009-09-30": "10606.00000", "2009-06-30": "10704.00000", "2009-03-31": "10808.00000", "2008-12-31": "10827.00000", "2008-09-30": "10913.00000", "2008-06-30": "10934.00000", "2008-03-31": "-3.00000", "2007-12-31": "14.00000", "2007-09-30": "14.00000", "2007-06-30": "14.00000", "2007-03-31": "14.00000", "2006-12-31": "14.00000", "2006-09-30": "13.00000", "2006-06-30": "13.00000", "2006-03-31": "13.00000", "2005-12-31": "13.00000", "2005-09-30": "12.00000", "2005-06-30": "12.00000", "2005-03-31": "11.97300"}, "Retained Earnings (Accumulated Deficit)": {"2020-12-31": "", "2020-09-30": "36919.00000", "2020-06-30": "35991.00000", "2020-03-31": "36331.00000", "2019-12-31": "36142.00000", "2019-09-30": "34969.00000", "2019-06-30": "33878.00000", "2019-03-31": "32728.00000", "2018-12-31": "31700.00000", "2018-09-30": "31491.00000", "2018-06-30": "30260.00000", "2018-03-31": "28965.00000", "2017-12-31": "27474.00000", "2017-09-30": "25941.00000", "2017-06-30": "26011.00000", "2017-03-31": "24706.00000", "2016-12-31": "23613.00000", "2016-09-30": "22003.00000", "2016-06-30": "20643.00000", "2016-03-31": "19917.00000", "2015-12-31": "19478.00000", "2015-09-30": "18795.00000", "2015-06-30": "18267.00000", "2015-03-31": "17325.00000", "2014-12-31": "16644.00000", "2014-09-30": "16089.00000", "2014-06-30": "15304.00000", "2014-03-31": "14525.00000", "2013-12-31": "13791.00000", "2013-09-30": "12793.00000", "2013-06-30": "11877.00000", "2013-03-31": "10986.00000", "2012-12-31": "10033.00000", "2012-09-30": "9268.00000", "2012-06-30": "8628.00000", "2012-03-31": "8300.00000", "2011-12-31": "7327.00000", "2011-09-30": "6761.00000", "2011-06-30": "6792.00000", "2011-03-31": "6185.00000", "2010-12-31": "5926.00000", "2010-09-30": "4925.00000", "2010-06-30": "4250.00000", "2010-03-31": "3573.00000", "2009-12-31": "2818.00000", "2009-09-30": "1865.00000", "2009-06-30": "1397.00000", "2009-03-31": "641.00000", "2008-12-31": "74.00000", "2008-09-30": "54.00000", "2008-06-30": "", "2008-03-31": "9358.00000", "2007-12-31": "9080.00000", "2007-09-30": "8609.00000", "2007-06-30": "8053.00000", "2007-03-31": "7504.00000", "2006-12-31": "6906.00000", "2006-09-30": "6334.00000", "2006-06-30": "5849.00000", "2006-03-31": "5369.00000", "2005-12-31": "4965.00000", "2005-09-30": "4815.00000", "2005-06-30": "5005.00000", "2005-03-31": "4603.64500"}, "Comprehensive Income": {"2020-12-31": "", "2020-09-30": "1856.00000", "2020-06-30": "1098.00000", "2020-03-31": "-2093.00000", "2019-12-31": "619.00000", "2019-09-30": "521.00000", "2019-06-30": "139.00000", "2019-03-31": "-770.00000", "2018-12-31": "-2448.00000", "2018-09-30": "-2159.00000", "2018-06-30": "-1520.00000", "2018-03-31": "-502.00000", "2017-12-31": "543.00000", "2017-09-30": "1069.00000", "2017-06-30": "370.00000", "2017-03-31": "", "2016-12-31": "-314.00000", "2016-09-30": "1197.00000", "2016-06-30": "1181.00000", "2016-03-31": "367.00000", "2015-12-31": "-735.00000", "2015-09-30": "-192.00000", "2015-06-30": "607.00000", "2015-03-31": "1152.00000", "2014-12-31": "1191.00000", "2014-09-30": "1608.00000", "2014-06-30": "2095.00000", "2014-03-31": "1526.00000", "2013-12-31": "1152.00000", "2013-09-30": "1374.00000", "2013-06-30": "1260.00000", "2013-03-31": "2650.00000", "2012-12-31": "2887.00000", "2012-09-30": "3014.00000", "2012-06-30": "2338.00000", "2012-03-31": "2209.00000", "2011-12-31": "1911.00000", "2011-09-30": "1839.00000", "2011-06-30": "1989.00000", "2011-03-31": "1782.00000", "2010-12-31": "1594.00000", "2010-09-30": "2110.00000", "2010-06-30": "1294.00000", "2010-03-31": "1126.00000", "2009-12-31": "823.00000", "2009-09-30": "785.00000", "2009-06-30": "-991.00000", "2009-03-31": "-2146.00000", "2008-12-31": "-1916.00000", "2008-09-30": "-1023.00000", "2008-06-30": "-54.00000", "2008-03-31": "474.00000", "2007-12-31": "769.00000", "2007-09-30": "656.00000", "2007-06-30": "403.00000", "2007-03-31": "778.00000", "2006-12-31": "716.00000", "2006-09-30": "568.00000", "2006-06-30": "52.00000", "2006-03-31": "250.00000", "2005-12-31": "332.00000", "2005-09-30": "441.00000", "2005-06-30": "552.00000", "2005-03-31": "459.26200"}, "Other Share Holders Equity": {"2020-12-31": "", "2020-09-30": "", "2020-06-30": "", "2020-03-31": "", "2019-12-31": "", "2019-09-30": "", "2019-06-30": "", "2019-03-31": "", "2018-12-31": "", "2018-09-30": "", "2018-06-30": "", "2018-03-31": "", "2017-12-31": "", "2017-09-30": "", "2017-06-30": "", "2017-03-31": "", "2016-12-31": "", "2016-09-30": "", "2016-06-30": "", "2016-03-31": "", "2015-12-31": "", "2015-09-30": "", "2015-06-30": "", "2015-03-31": "", "2014-12-31": "", "2014-09-30": "", "2014-06-30": "", "2014-03-31": "", "2013-12-31": "", "2013-09-30": "", "2013-06-30": "", "2013-03-31": "", "2012-12-31": "", "2012-09-30": "", "2012-06-30": "", "2012-03-31": "", "2011-12-31": "", "2011-09-30": "-2.00000", "2011-06-30": "-2.00000", "2011-03-31": "-2.00000", "2010-12-31": "-2.00000", "2010-09-30": "-2.00000", "2010-06-30": "-2.00000", "2010-03-31": "-2.00000", "2009-12-31": "-2.00000", "2009-09-30": "-2.00000", "2009-06-30": "-3.00000", "2009-03-31": "-3.00000", "2008-12-31": "-3.00000", "2008-09-30": "-3.00000", "2008-06-30": "-3.00000", "2008-03-31": "14.00000", "2007-12-31": "-3.00000", "2007-09-30": "-4.00000", "2007-06-30": "-4.00000", "2007-03-31": "-4.00000", "2006-12-31": "-4.00000", "2006-09-30": "-5.00000", "2006-06-30": "-5.00000", "2006-03-31": "-6.00000", "2005-12-31": "-75.00000", "2005-09-30": "-93.00000", "2005-06-30": "-113.00000", "2005-03-31": "-126.85400"}, "Share Holder Equity": {"2020-12-31": "59441.00000", "2020-09-30": "56413.00000", "2020-06-30": "54760.00000", "2020-03-31": "52197.00000", "2019-12-31": "55331.00000", "2019-09-30": "54572.00000", "2019-06-30": "53802.00000", "2019-03-31": "52355.00000", "2018-12-31": "50312.00000", "2018-09-30": "50934.00000", "2018-06-30": "50971.00000", "2018-03-31": "51287.00000", "2017-12-31": "51172.00000", "2017-09-30": "50471.00000", "2017-06-30": "50349.00000", "2017-03-31": "49224.00000", "2016-12-31": "48275.00000", "2016-09-30": "48372.00000", "2016-06-30": "47226.00000", "2016-03-31": "45897.00000", "2015-12-31": "29135.00000", "2015-09-30": "29127.00000", "2015-06-30": "29555.00000", "2015-03-31": "29702.00000", "2014-12-31": "29587.00000", "2014-09-30": "30017.00000", "2014-06-30": "30325.00000", "2014-03-31": "29369.00000", "2013-12-31": "28825.00000", "2013-09-30": "28218.00000", "2013-06-30": "27295.00000", "2013-03-31": "27942.00000", "2012-12-31": "27531.00000", "2012-09-30": "26963.00000", "2012-06-30": "25762.00000", "2012-03-31": "25431.00000", "2011-12-31": "24332.00000", "2011-09-30": "23750.00000", "2011-06-30": "24113.00000", "2011-03-31": "23376.00000", "2010-12-31": "22974.00000", "2010-09-30": "22845.00000", "2010-06-30": "21410.00000", "2010-03-31": "20636.00000", "2009-12-31": "19667.00000", "2009-09-30": "18733.00000", "2009-06-30": "16561.00000", "2009-03-31": "14718.00000", "2008-12-31": "14446.00000", "2008-09-30": "15356.00000", "2008-06-30": "16327.00000", "2008-03-31": "16735.00000", "2007-12-31": "16677.00000", "2007-09-30": "16035.00000", "2007-06-30": "15184.00000", "2007-03-31": "14959.00000", "2006-12-31": "14278.00000", "2006-09-30": "13511.00000", "2006-06-30": "12466.00000", "2006-03-31": "12157.00000", "2005-12-31": "11812.00000", "2005-09-30": "10229.00000", "2005-06-30": "10499.00000", "2005-03-31": "9965.30000"}, "Total Liabilities And Share Holders Equity": {"2020-12-31": "190774.00000", "2020-09-30": "187786.00000", "2020-06-30": "181474.00000", "2020-03-31": "173127.00000", "2019-12-31": "176943.00000", "2019-09-30": "175148.00000", "2019-06-30": "174516.00000", "2019-03-31": "171347.00000", "2018-12-31": "167771.00000", "2018-09-30": "167684.00000", "2018-06-30": "167534.00000", "2018-03-31": "168781.00000", "2017-12-31": "167022.00000", "2017-09-30": "167578.00000", "2017-06-30": "162988.00000", "2017-03-31": "160967.00000", "2016-12-31": "159786.00000", "2016-09-30": "161810.00000", "2016-06-30": "160203.00000", "2016-03-31": "156644.00000", "2015-12-31": "102306.00000", "2015-09-30": "97760.00000", "2015-06-30": "99840.00000", "2015-03-31": "98398.00000", "2014-12-31": "98248.00000", "2014-09-30": "97557.00000", "2014-06-30": "97447.00000", "2014-03-31": "95179.00000", "2013-12-31": "94510.00000", "2013-09-30": "94584.00000", "2013-06-30": "93688.00000", "2013-03-31": "93461.00000", "2012-12-31": "92545.00000", "2012-09-30": "93508.00000", "2012-06-30": "90701.00000", "2012-03-31": "89749.00000", "2011-12-31": "87321.00000", "2011-09-30": "88720.00000", "2011-06-30": "89254.00000", "2011-03-31": "86220.00000", "2010-12-31": "83355.00000", "2010-09-30": "82388.00000", "2010-06-30": "80160.00000", "2010-03-31": "79329.00000", "2009-12-31": "77980.00000", "2009-09-30": "77821.00000", "2009-06-30": "75655.00000", "2009-03-31": "73127.00000", "2008-12-31": "72057.00000", "2008-09-30": "75155.00000", "2008-06-30": "77776.00000", "2008-03-31": "73919.00000", "2007-12-31": "72090.00000", "2007-09-30": "71954.00000", "2007-06-30": "71020.00000", "2007-03-31": "69774.00000", "2006-12-31": "67135.00000", "2006-09-30": "66433.00000", "2006-06-30": "65390.00000", "2006-03-31": "64847.00000", "2005-12-31": "62440.00000", "2005-09-30": "60545.00000", "2005-06-30": "58123.00000", "2005-03-31": "56964.77000"}}, "cash flow statement": {"Net Income/Loss": {"2020-12-31": "0.00000", "2019-12-31": "4454.00000", "2018-12-31": "3962.00000", "2017-12-31": "3861.00000", "2016-12-31": "4135.00000", "2015-12-31": "2834.00000", "2014-12-31": "2853.00000", "2013-12-31": "3758.00000", "2012-12-31": "2706.00000", "2011-12-31": "1540.00000", "2010-12-31": "3085.00000", "2009-12-31": "2549.00000", "2008-12-31": "1197.00000", "2007-12-31": "2578.00000", "2006-12-31": "2305.00000", "2005-12-31": "1028.00000"}, "Total Depreciation And Amortization - Cash Flow": {"2020-12-31": "", "2019-12-31": "700.00000", "2018-12-31": "931.00000", "2017-12-31": "954.00000", "2016-12-31": "2315.00000", "2015-12-31": "329.00000", "2014-12-31": "188.00000", "2013-12-31": "268.00000", "2012-12-31": "220.00000", "2011-12-31": "152.00000", "2010-12-31": "145.00000", "2009-12-31": "53.00000", "2008-12-31": "-1.00000", "2007-12-31": "-6.00000", "2006-12-31": "10.00000", "2005-12-31": "90.00000"}, "Other Non-Cash Items": {"2020-12-31": "", "2019-12-31": "433.00000", "2018-12-31": "668.00000", "2017-12-31": "-611.00000", "2016-12-31": "241.00000", "2015-12-31": "533.00000", "2014-12-31": "652.00000", "2013-12-31": "-264.00000", "2012-12-31": "-85.00000", "2011-12-31": "810.00000", "2010-12-31": "-322.00000", "2009-12-31": "177.00000", "2008-12-31": "1492.00000", "2007-12-31": "86.00000", "2006-12-31": "155.00000", "2005-12-31": "-91.00000"}, "Total Non-Cash Items": {"2020-12-31": "", "2019-12-31": "1133.00000", "2018-12-31": "1599.00000", "2017-12-31": "343.00000", "2016-12-31": "2556.00000", "2015-12-31": "862.00000", "2014-12-31": "840.00000", "2013-12-31": "4.00000", "2012-12-31": "135.00000", "2011-12-31": "962.00000", "2010-12-31": "-177.00000", "2009-12-31": "230.00000", "2008-12-31": "1491.00000", "2007-12-31": "80.00000", "2006-12-31": "165.00000", "2005-12-31": "-1.00000"}, "Change In Accounts Receivable": {"2020-12-31": "", "2019-12-31": "568.00000", "2018-12-31": "-2146.00000", "2017-12-31": "-1491.00000", "2016-12-31": "-974.00000", "2015-12-31": "198.00000", "2014-12-31": "-346.00000", "2013-12-31": "186.00000", "2012-12-31": "759.00000", "2011-12-31": "339.00000", "2010-12-31": "725.00000", "2009-12-31": "348.00000", "2008-12-31": "-239.00000", "2007-12-31": "498.00000", "2006-12-31": "540.00000", "2005-12-31": "-1594.00000"}, "Change In Inventories": {"2020-12-31": "", "2019-12-31": "", "2018-12-31": "", "2017-12-31": "", "2016-12-31": "", "2015-12-31": "", "2014-12-31": "", "2013-12-31": "", "2012-12-31": "", "2011-12-31": "", "2010-12-31": "", "2009-12-31": "", "2008-12-31": "", "2007-12-31": "", "2006-12-31": "", "2005-12-31": ""}, "Change In Accounts Payable": {"2020-12-31": "", "2019-12-31": "500.00000", "2018-12-31": "2556.00000", "2017-12-31": "2372.00000", "2016-12-31": "591.00000", "2015-12-31": "623.00000", "2014-12-31": "1383.00000", "2013-12-31": "441.00000", "2012-12-31": "690.00000", "2011-12-31": "385.00000", "2010-12-31": "-92.00000", "2009-12-31": "695.00000", "2008-12-31": "1996.00000", "2007-12-31": "1405.00000", "2006-12-31": "1147.00000", "2005-12-31": "4802.00000"}, "Change In Assets/Liabilities": {"2020-12-31": "", "2019-12-31": "", "2018-12-31": "", "2017-12-31": "", "2016-12-31": "", "2015-12-31": "-212.00000", "2014-12-31": "-89.00000", "2013-12-31": "-31.00000", "2012-12-31": "-123.00000", "2011-12-31": "-34.00000", "2010-12-31": "-13.00000", "2009-12-31": "24.00000", "2008-12-31": "-15.00000", "2007-12-31": "35.00000", "2006-12-31": "-137.00000", "2005-12-31": "-46.00000"}, "Total Change In Assets/Liabilities": {"2020-12-31": "", "2019-12-31": "1061.00000", "2018-12-31": "571.00000", "2017-12-31": "516.00000", "2016-12-31": "-236.00000", "2015-12-31": "461.00000", "2014-12-31": "1051.00000", "2013-12-31": "551.00000", "2012-12-31": "1159.00000", "2011-12-31": "729.00000", "2010-12-31": "630.00000", "2009-12-31": "1080.00000", "2008-12-31": "1788.00000", "2007-12-31": "1866.00000", "2006-12-31": "1532.00000", "2005-12-31": "3116.00000"}, "Cash Flow From Operating Activities": {"2020-12-31": "", "2019-12-31": "6342.00000", "2018-12-31": "5480.00000", "2017-12-31": "4503.00000", "2016-12-31": "5292.00000", "2015-12-31": "3864.00000", "2014-12-31": "4496.00000", "2013-12-31": "4022.00000", "2012-12-31": "3995.00000", "2011-12-31": "3470.00000", "2010-12-31": "3546.00000", "2009-12-31": "3335.00000", "2008-12-31": "4101.00000", "2007-12-31": "4701.00000", "2006-12-31": "4105.00000", "2005-12-31": "4308.00000"}, "Net Change In Property, Plant, And Equipment": {"2020-12-31": "", "2019-12-31": "", "2018-12-31": "", "2017-12-31": "", "2016-12-31": "", "2015-12-31": "", "2014-12-31": "", "2013-12-31": "", "2012-12-31": "", "2011-12-31": "", "2010-12-31": "", "2009-12-31": "", "2008-12-31": "", "2007-12-31": "", "2006-12-31": "", "2005-12-31": ""}, "Net Change In Intangible Assets": {"2020-12-31": "", "2019-12-31": "", "2018-12-31": "", "2017-12-31": "", "2016-12-31": "", "2015-12-31": "", "2014-12-31": "", "2013-12-31": "", "2012-12-31": "", "2011-12-31": "", "2010-12-31": "", "2009-12-31": "", "2008-12-31": "", "2007-12-31": "", "2006-12-31": "", "2005-12-31": ""}, "Net Acquisitions/Divestitures": {"2020-12-31": "", "2019-12-31": "-29.00000", "2018-12-31": "", "2017-12-31": "", "2016-12-31": "-14248.00000", "2015-12-31": "264.00000", "2014-12-31": "-766.00000", "2013-12-31": "-977.00000", "2012-12-31": "-98.00000", "2011-12-31": "-606.00000", "2010-12-31": "-1139.00000", "2009-12-31": "", "2008-12-31": "-2521.00000", "2007-12-31": "", "2006-12-31": "", "2005-12-31": "7.00000"}, "Net Change In Short-term Investments": {"2020-12-31": "", "2019-12-31": "-1117.00000", "2018-12-31": "516.00000", "2017-12-31": "-537.00000", "2016-12-31": "12350.00000", "2015-12-31": "-8216.00000", "2014-12-31": "-603.00000", "2013-12-31": "524.00000", "2012-12-31": "117.00000", "2011-12-31": "-300.00000", "2010-12-31": "", "2009-12-31": "", "2008-12-31": "", "2007-12-31": "", "2006-12-31": "", "2005-12-31": ""}, "Net Change In Long-Term Investments": {"2020-12-31": "", "2019-12-31": "-3597.00000", "2018-12-31": "-2561.00000", "2017-12-31": "-1791.00000", "2016-12-31": "-3427.00000", "2015-12-31": "1921.00000", "2014-12-31": "-861.00000", "2013-12-31": "-3596.00000", "2012-12-31": "-2903.00000", "2011-12-31": "-1648.00000", "2010-12-31": "-2709.00000", "2009-12-31": "-3323.00000", "2008-12-31": "-995.00000", "2007-12-31": "-4111.00000", "2006-12-31": "-3791.00000", "2005-12-31": "-5454.00000"}, "Net Change In Investments - Total": {"2020-12-31": "", "2019-12-31": "-4714.00000", "2018-12-31": "-2045.00000", "2017-12-31": "-2328.00000", "2016-12-31": "8923.00000", "2015-12-31": "-6295.00000", "2014-12-31": "-1464.00000", "2013-12-31": "-3072.00000", "2012-12-31": "-2786.00000", "2011-12-31": "-1948.00000", "2010-12-31": "-2709.00000", "2009-12-31": "-3323.00000", "2008-12-31": "-995.00000", "2007-12-31": "-4111.00000", "2006-12-31": "-3791.00000", "2005-12-31": "-5454.00000"}, "Investing Activities - Other": {"2020-12-31": "", "2019-12-31": "-1162.00000", "2018-12-31": "-890.00000", "2017-12-31": "-94.00000", "2016-12-31": "3.00000", "2015-12-31": "-263.00000", "2014-12-31": "-274.00000", "2013-12-31": "-393.00000", "2012-12-31": "-555.00000", "2011-12-31": "-482.00000", "2010-12-31": "-333.00000", "2009-12-31": "99.00000", "2008-12-31": "-608.00000", "2007-12-31": "-419.00000", "2006-12-31": "21.00000", "2005-12-31": "-146.00000"}, "Cash Flow From Investing Activities": {"2020-12-31": "", "2019-12-31": "-5905.00000", "2018-12-31": "-2935.00000", "2017-12-31": "-2422.00000", "2016-12-31": "-5322.00000", "2015-12-31": "-6294.00000", "2014-12-31": "-2504.00000", "2013-12-31": "-4442.00000", "2012-12-31": "-3439.00000", "2011-12-31": "-3036.00000", "2010-12-31": "-4181.00000", "2009-12-31": "-3224.00000", "2008-12-31": "-4124.00000", "2007-12-31": "-4530.00000", "2006-12-31": "-3770.00000", "2005-12-31": "-5593.00000"}, "Net Long-Term Debt": {"2020-12-31": "", "2019-12-31": "2318.00000", "2018-12-31": "180.00000", "2017-12-31": "-496.00000", "2016-12-31": "-1.00000", "2015-12-31": "4942.00000", "2014-12-31": "198.00000", "2013-12-31": "947.00000", "2012-12-31": "", "2011-12-31": "", "2010-12-31": "199.00000", "2009-12-31": "500.00000", "2008-12-31": "1245.00000", "2007-12-31": "500.00000", "2006-12-31": "298.00000", "2005-12-31": "262.00000"}, "Net Current Debt": {"2020-12-31": "", "2019-12-31": "", "2018-12-31": "", "2017-12-31": "", "2016-12-31": "", "2015-12-31": "", "2014-12-31": "1.00000", "2013-12-31": "", "2012-12-31": "150.00000", "2011-12-31": "-50.00000", "2010-12-31": "1141.00000", "2009-12-31": "-466.00000", "2008-12-31": "-89.00000", "2007-12-31": "-465.00000", "2006-12-31": "-300.00000", "2005-12-31": "-146.00000"}, "Debt Issuance/Retirement Net - Total": {"2020-12-31": "", "2019-12-31": "2318.00000", "2018-12-31": "180.00000", "2017-12-31": "-496.00000", "2016-12-31": "-1.00000", "2015-12-31": "4942.00000", "2014-12-31": "199.00000", "2013-12-31": "947.00000", "2012-12-31": "150.00000", "2011-12-31": "-50.00000", "2010-12-31": "1340.00000", "2009-12-31": "34.00000", "2008-12-31": "1156.00000", "2007-12-31": "35.00000", "2006-12-31": "-2.00000", "2005-12-31": "116.00000"}, "Net Common Equity Issued/Repurchased": {"2020-12-31": "", "2019-12-31": "-1326.00000", "2018-12-31": "-929.00000", "2017-12-31": "-650.00000", "2016-12-31": "167.00000", "2015-12-31": "-627.00000", "2014-12-31": "-1302.00000", "2013-12-31": "-152.00000", "2012-12-31": "115.00000", "2011-12-31": "-56.00000", "2010-12-31": "-173.00000", "2009-12-31": "25.00000", "2008-12-31": "107.00000", "2007-12-31": "74.00000", "2006-12-31": "75.00000", "2005-12-31": "1613.00000"}, "Net Total Equity Issued/Repurchased": {"2020-12-31": "", "2019-12-31": "-1326.00000", "2018-12-31": "-929.00000", "2017-12-31": "-650.00000", "2016-12-31": "167.00000", "2015-12-31": "-627.00000", "2014-12-31": "-1302.00000", "2013-12-31": "-152.00000", "2012-12-31": "115.00000", "2011-12-31": "-56.00000", "2010-12-31": "-173.00000", "2009-12-31": "25.00000", "2008-12-31": "-468.00000", "2007-12-31": "74.00000", "2006-12-31": "75.00000", "2005-12-31": "1613.00000"}, "Total Common And Preferred Stock Dividends Paid": {"2020-12-31": "", "2019-12-31": "-1354.00000", "2018-12-31": "-1337.00000", "2017-12-31": "-1308.00000", "2016-12-31": "-1173.00000", "2015-12-31": "-862.00000", "2014-12-31": "-862.00000", "2013-12-31": "-517.00000", "2012-12-31": "-815.00000", "2011-12-31": "-459.00000", "2010-12-31": "-435.00000", "2009-12-31": "-388.00000", "2008-12-31": "-386.00000", "2007-12-31": "-386.00000", "2006-12-31": "-357.00000", "2005-12-31": "-298.00000"}, "Financial Activities - Other": {"2020-12-31": "", "2019-12-31": "211.00000", "2018-12-31": "95.00000", "2017-12-31": "135.00000", "2016-12-31": "265.00000", "2015-12-31": "242.00000", "2014-12-31": "188.00000", "2013-12-31": "113.00000", "2012-12-31": "", "2011-12-31": "", "2010-12-31": "", "2009-12-31": "8.00000", "2008-12-31": "12.00000", "2007-12-31": "24.00000", "2006-12-31": "", "2005-12-31": "-103.00000"}, "Cash Flow From Financial Activities": {"2020-12-31": "", "2019-12-31": "-151.00000", "2018-12-31": "-1991.00000", "2017-12-31": "-2319.00000", "2016-12-31": "-742.00000", "2015-12-31": "3695.00000", "2014-12-31": "-1777.00000", "2013-12-31": "391.00000", "2012-12-31": "-550.00000", "2011-12-31": "-565.00000", "2010-12-31": "732.00000", "2009-12-31": "-321.00000", "2008-12-31": "314.00000", "2007-12-31": "-253.00000", "2006-12-31": "-284.00000", "2005-12-31": "1328.00000"}, "Net Cash Flow": {"2020-12-31": "", "2019-12-31": "306.00000", "2018-12-31": "489.00000", "2017-12-31": "-237.00000", "2016-12-31": "-797.00000", "2015-12-31": "1120.00000", "2014-12-31": "76.00000", "2013-12-31": "-36.00000", "2012-12-31": "1.00000", "2011-12-31": "-158.00000", "2010-12-31": "103.00000", "2009-12-31": "-198.00000", "2008-12-31": "357.00000", "2007-12-31": "-55.00000", "2006-12-31": "53.00000", "2005-12-31": "14.00000"}, "Stock-Based Compensation": {"2020-12-31": "", "2019-12-31": "", "2018-12-31": "", "2017-12-31": "", "2016-12-31": "", "2015-12-31": "", "2014-12-31": "", "2013-12-31": "", "2012-12-31": "", "2011-12-31": "", "2010-12-31": "", "2009-12-31": "", "2008-12-31": "", "2007-12-31": "", "2006-12-31": "", "2005-12-31": ""}, "Common Stock Dividends Paid": {"2020-12-31": "", "2019-12-31": "-1354.00000", "2018-12-31": "-1337.00000", "2017-12-31": "-1308.00000", "2016-12-31": "-1173.00000", "2015-12-31": "-862.00000", "2014-12-31": "-862.00000", "2013-12-31": "-517.00000", "2012-12-31": "-815.00000", "2011-12-31": "-459.00000", "2010-12-31": "-435.00000", "2009-12-31": "-388.00000", "2008-12-31": "-362.00000", "2007-12-31": "-341.00000", "2006-12-31": "-312.00000", "2005-12-31": "-253.00000"}}, "cash flow statement, quarterly": {"Net Income/Loss": {"2020-12-31": -1115, "2020-09-30": 1194, "2020-06-30": -331, "2020-03-31": "252.00000", "2019-12-31": 1173, "2019-09-30": 1091, "2019-06-30": 1150, "2019-03-31": "1040.00000", "2018-12-31": 355, "2018-09-30": 1231, "2018-06-30": 1294, "2018-03-31": "1082.00000", "2017-12-31": 1533, "2017-09-30": -70, "2017-06-30": 1305, "2017-03-31": "1093.00000", "2016-12-31": 1610, "2016-09-30": 1360, "2016-06-30": 726, "2016-03-31": "439.00000", "2015-12-31": 683, "2015-09-30": 528, "2015-06-30": 942, "2015-03-31": "681.00000", "2014-12-31": 555, "2014-09-30": 785, "2014-06-30": 779, "2014-03-31": "734.00000", "2013-12-31": 998, "2013-09-30": 916, "2013-06-30": 891, "2013-03-31": "953.00000", "2012-12-31": 765, "2012-09-30": 640, "2012-06-30": 328, "2012-03-31": "973.00000", "2011-12-31": 735, "2011-09-30": -39, "2011-06-30": 594, "2011-03-31": "250.00000", "2010-12-31": 978, "2010-09-30": 675, "2010-06-30": 677, "2010-03-31": "755.00000", "2009-12-31": 953, "2009-09-30": 494, "2009-06-30": 535, "2009-03-31": "567.00000", "2008-12-31": 20, "2008-09-30": 54, "2008-06-30": 746, "2008-03-31": "377.00000", "2007-12-31": 572, "2007-09-30": 656, "2007-06-30": 649, "2007-03-31": "701.00000", "2006-12-31": 665, "2006-09-30": 578, "2006-06-30": 573, "2006-03-31": "489.00000", "2005-12-31": 236, "2005-09-30": -112, "2005-06-30": 467, "2005-03-31": "437.00000"}, "Total Depreciation And Amortization - Cash Flow": {"2020-12-31": -497, "2020-09-30": 160, "2020-06-30": 177, "2020-03-31": "160.00000", "2019-12-31": 177, "2019-09-30": 161, "2019-06-30": 168, "2019-03-31": "194.00000", "2018-12-31": 224, "2018-09-30": 226, "2018-06-30": 241, "2018-03-31": "240.00000", "2017-12-31": 234, "2017-09-30": 238, "2017-06-30": 234, "2017-03-31": "248.00000", "2016-12-31": 342, "2016-09-30": 502, "2016-06-30": 727, "2016-03-31": "744.00000", "2015-12-31": 214, "2015-09-30": 44, "2015-06-30": 35, "2015-03-31": "36.00000", "2014-12-31": 29, "2014-09-30": 44, "2014-06-30": 62, "2014-03-31": "53.00000", "2013-12-31": 61, "2013-09-30": 73, "2013-06-30": 68, "2013-03-31": "66.00000", "2012-12-31": 59, "2012-09-30": 58, "2012-06-30": 58, "2012-03-31": "45.00000", "2011-12-31": 47, "2011-09-30": 42, "2011-06-30": 34, "2011-03-31": "29.00000", "2010-12-31": 42, "2010-09-30": 42, "2010-06-30": 31, "2010-03-31": "30.00000", "2009-12-31": 27, "2009-09-30": 12, "2009-06-30": 12, "2009-03-31": "2.00000", "2008-12-31": -20, "2008-09-30": 14, "2008-06-30": 3, "2008-03-31": "2.00000", "2007-12-31": -1, "2007-09-30": 1, "2007-06-30": -4, "2007-03-31": "-2.00000", "2006-12-31": -10, "2006-09-30": 1, "2006-06-30": 3, "2006-03-31": "16.00000", "2005-12-31": 10, "2005-09-30": 26, "2005-06-30": 23, "2005-03-31": "31.00000"}, "Other Non-Cash Items": {"2020-12-31": -782, "2020-09-30": 156, "2020-06-30": -319, "2020-03-31": "945.00000", "2019-12-31": 136, "2019-09-30": 110, "2019-06-30": 166, "2019-03-31": "21.00000", "2018-12-31": 657, "2018-09-30": 98, "2018-06-30": -87, "2018-03-31": "", "2017-12-31": -376, "2017-09-30": -29, "2017-06-30": -86, "2017-03-31": "-120.00000", "2016-12-31": -256, "2016-09-30": -161, "2016-06-30": 306, "2016-03-31": "352.00000", "2015-12-31": 120, "2015-09-30": 342, "2015-06-30": -25, "2015-03-31": "96.00000", "2014-12-31": 314, "2014-09-30": 44, "2014-06-30": 190, "2014-03-31": "104.00000", "2013-12-31": -83, "2013-09-30": 31, "2013-06-30": -41, "2013-03-31": "-171.00000", "2012-12-31": -325, "2012-09-30": 105, "2012-06-30": 396, "2012-03-31": "-261.00000", "2011-12-31": -71, "2011-09-30": 718, "2011-06-30": 100, "2011-03-31": "63.00000", "2010-12-31": -179, "2010-09-30": 82, "2010-06-30": 5, "2010-03-31": "-230.00000", "2009-12-31": -270, "2009-09-30": 169, "2009-06-30": 177, "2009-03-31": "101.00000", "2008-12-31": 533, "2008-09-30": 468, "2008-06-30": 126, "2008-03-31": "365.00000", "2007-12-31": 108, "2007-09-30": -33, "2007-06-30": 64, "2007-03-31": "-53.00000", "2006-12-31": -47, "2006-09-30": 82, "2006-06-30": 56, "2006-03-31": "64.00000", "2005-12-31": -1, "2005-09-30": -154, "2005-06-30": -12, "2005-03-31": "76.00000"}, "Total Non-Cash Items": {"2020-12-31": -1279, "2020-09-30": 316, "2020-06-30": -142, "2020-03-31": "1105.00000", "2019-12-31": 313, "2019-09-30": 271, "2019-06-30": 334, "2019-03-31": "215.00000", "2018-12-31": 881, "2018-09-30": 324, "2018-06-30": 154, "2018-03-31": "240.00000", "2017-12-31": -142, "2017-09-30": 209, "2017-06-30": 148, "2017-03-31": "128.00000", "2016-12-31": 86, "2016-09-30": 341, "2016-06-30": 1033, "2016-03-31": "1096.00000", "2015-12-31": 334, "2015-09-30": 386, "2015-06-30": 10, "2015-03-31": "132.00000", "2014-12-31": 343, "2014-09-30": 88, "2014-06-30": 252, "2014-03-31": "157.00000", "2013-12-31": -22, "2013-09-30": 104, "2013-06-30": 27, "2013-03-31": "-105.00000", "2012-12-31": -266, "2012-09-30": 163, "2012-06-30": 454, "2012-03-31": "-216.00000", "2011-12-31": -24, "2011-09-30": 760, "2011-06-30": 134, "2011-03-31": "92.00000", "2010-12-31": -137, "2010-09-30": 124, "2010-06-30": 36, "2010-03-31": "-200.00000", "2009-12-31": -243, "2009-09-30": 181, "2009-06-30": 189, "2009-03-31": "103.00000", "2008-12-31": 513, "2008-09-30": 482, "2008-06-30": 129, "2008-03-31": "367.00000", "2007-12-31": 107, "2007-09-30": -32, "2007-06-30": 60, "2007-03-31": "-55.00000", "2006-12-31": -57, "2006-09-30": 83, "2006-06-30": 59, "2006-03-31": "80.00000", "2005-12-31": 9, "2005-09-30": -128, "2005-06-30": 11, "2005-03-31": "107.00000"}, "Change In Accounts Receivable": {"2020-12-31": 820, "2020-09-30": -104, "2020-06-30": -826, "2020-03-31": "110.00000", "2019-12-31": 513, "2019-09-30": 333, "2019-06-30": -459, "2019-03-31": "181.00000", "2018-12-31": -853, "2018-09-30": -342, "2018-06-30": -918, "2018-03-31": "-33.00000", "2017-12-31": -166, "2017-09-30": -1047, "2017-06-30": -181, "2017-03-31": "-97.00000", "2016-12-31": -526, "2016-09-30": -182, "2016-06-30": -1064, "2016-03-31": "798.00000", "2015-12-31": -258, "2015-09-30": 717, "2015-06-30": -688, "2015-03-31": "427.00000", "2014-12-31": -402, "2014-09-30": -232, "2014-06-30": -452, "2014-03-31": "740.00000", "2013-12-31": 287, "2013-09-30": -30, "2013-06-30": -471, "2013-03-31": "400.00000", "2012-12-31": 934, "2012-09-30": -298, "2012-06-30": -252, "2012-03-31": "375.00000", "2011-12-31": 1283, "2011-09-30": -99, "2011-06-30": -390, "2011-03-31": "-455.00000", "2010-12-31": 636, "2010-09-30": 48, "2010-06-30": -65, "2010-03-31": "106.00000", "2009-12-31": 29, "2009-09-30": -421, "2009-06-30": 1175, "2009-03-31": "-435.00000", "2008-12-31": -329, "2008-09-30": -55, "2008-06-30": -162, "2008-03-31": "307.00000", "2007-12-31": -279, "2007-09-30": 552, "2007-06-30": 4, "2007-03-31": "221.00000", "2006-12-31": 272, "2006-09-30": 557, "2006-06-30": 189, "2006-03-31": "-478.00000", "2005-12-31": 295, "2005-09-30": -1079, "2005-06-30": -330, "2005-03-31": "-480.00000"}, "Change In Inventories": {"2020-12-31": 0, "2020-09-30": 0, "2020-06-30": 0, "2020-03-31": "", "2019-12-31": 0, "2019-09-30": 0, "2019-06-30": 0, "2019-03-31": "", "2018-12-31": 0, "2018-09-30": 0, "2018-06-30": 0, "2018-03-31": "", "2017-12-31": 0, "2017-09-30": 0, "2017-06-30": 0, "2017-03-31": "", "2016-12-31": 0, "2016-09-30": 0, "2016-06-30": 0, "2016-03-31": "", "2015-12-31": 0, "2015-09-30": 0, "2015-06-30": 0, "2015-03-31": "", "2014-12-31": 0, "2014-09-30": 0, "2014-06-30": 0, "2014-03-31": "", "2013-12-31": 0, "2013-09-30": 0, "2013-06-30": 0, "2013-03-31": "", "2012-12-31": 0, "2012-09-30": 0, "2012-06-30": 0, "2012-03-31": "", "2011-12-31": 0, "2011-09-30": 0, "2011-06-30": 0, "2011-03-31": "", "2010-12-31": 0, "2010-09-30": 0, "2010-06-30": 0, "2010-03-31": "", "2009-12-31": 0, "2009-09-30": 0, "2009-06-30": 0, "2009-03-31": "", "2008-12-31": 0, "2008-09-30": 0, "2008-06-30": 0, "2008-03-31": "", "2007-12-31": 0, "2007-09-30": 0, "2007-06-30": 0, "2007-03-31": "", "2006-12-31": 0, "2006-09-30": 0, "2006-06-30": 0, "2006-03-31": "", "2005-12-31": 0, "2005-09-30": 0, "2005-06-30": 0, "2005-03-31": ""}, "Change In Accounts Payable": {"2020-12-31": -6601, "2020-09-30": 2990, "2020-06-30": 3550, "2020-03-31": "61.00000", "2019-12-31": -866, "2019-09-30": 668, "2019-06-30": 810, "2019-03-31": "-112.00000", "2018-12-31": 769, "2018-09-30": 1089, "2018-06-30": 1423, "2018-03-31": "-725.00000", "2017-12-31": -362, "2017-09-30": 2950, "2017-06-30": 120, "2017-03-31": "-336.00000", "2016-12-31": 53, "2016-09-30": 273, "2016-06-30": 974, "2016-03-31": "-709.00000", "2015-12-31": 298, "2015-09-30": -702, "2015-06-30": 975, "2015-03-31": "52.00000", "2014-12-31": 522, "2014-09-30": 442, "2014-06-30": 643, "2014-03-31": "-224.00000", "2013-12-31": -331, "2013-09-30": -146, "2013-06-30": 1009, "2013-03-31": "-91.00000", "2012-12-31": -635, "2012-09-30": 1204, "2012-06-30": 512, "2012-03-31": "-391.00000", "2011-12-31": -1390, "2011-09-30": -193, "2011-06-30": 996, "2011-03-31": "972.00000", "2010-12-31": -587, "2010-09-30": 72, "2010-06-30": 292, "2010-03-31": "131.00000", "2009-12-31": -20, "2009-09-30": 825, "2009-06-30": -526, "2009-03-31": "416.00000", "2008-12-31": 415, "2008-09-30": 735, "2008-06-30": 648, "2008-03-31": "198.00000", "2007-12-31": 271, "2007-09-30": 120, "2007-06-30": 595, "2007-03-31": "419.00000", "2006-12-31": -55, "2006-09-30": -46, "2006-06-30": 247, "2006-03-31": "1001.00000", "2005-12-31": 170, "2005-09-30": 2475, "2005-06-30": 1001, "2005-03-31": "1156.00000"}, "Change In Assets/Liabilities": {"2020-12-31": 0, "2020-09-30": 0, "2020-06-30": 0, "2020-03-31": "", "2019-12-31": 0, "2019-09-30": 0, "2019-06-30": 0, "2019-03-31": "", "2018-12-31": 0, "2018-09-30": 0, "2018-06-30": 0, "2018-03-31": "", "2017-12-31": 14, "2017-09-30": 125, "2017-06-30": -58, "2017-03-31": "-81.00000", "2016-12-31": -33, "2016-09-30": 21, "2016-06-30": -2, "2016-03-31": "14.00000", "2015-12-31": -30, "2015-09-30": 79, "2015-06-30": -229, "2015-03-31": "-32.00000", "2014-12-31": -48, "2014-09-30": 130, "2014-06-30": -119, "2014-03-31": "-52.00000", "2013-12-31": 38, "2013-09-30": 110, "2013-06-30": -121, "2013-03-31": "-58.00000", "2012-12-31": -8, "2012-09-30": 168, "2012-06-30": -200, "2012-03-31": "-83.00000", "2011-12-31": 18, "2011-09-30": 104, "2011-06-30": -163, "2011-03-31": "7.00000", "2010-12-31": 154, "2010-09-30": 244, "2010-06-30": -272, "2010-03-31": "-139.00000", "2009-12-31": 201, "2009-09-30": 184, "2009-06-30": -252, "2009-03-31": "-109.00000", "2008-12-31": 420, "2008-09-30": -138, "2008-06-30": -194, "2008-03-31": "-103.00000", "2007-12-31": 93, "2007-09-30": 200, "2007-06-30": -230, "2007-03-31": "-28.00000", "2006-12-31": 121, "2006-09-30": 72, "2006-06-30": -182, "2006-03-31": "-148.00000", "2005-12-31": 67, "2005-09-30": -35, "2005-06-30": -15, "2005-03-31": "-63.00000"}, "Total Change In Assets/Liabilities": {"2020-12-31": -5686, "2020-09-30": 2789, "2020-06-30": 2617, "2020-03-31": "280.00000", "2019-12-31": -443, "2019-09-30": 1068, "2019-06-30": 101, "2019-03-31": "335.00000", "2018-12-31": -105, "2018-09-30": 705, "2018-06-30": 641, "2018-03-31": "-670.00000", "2017-12-31": -617, "2017-09-30": 1869, "2017-06-30": -413, "2017-03-31": "-323.00000", "2016-12-31": -667, "2016-09-30": 353, "2016-06-30": -168, "2016-03-31": "246.00000", "2015-12-31": -130, "2015-09-30": 206, "2015-06-30": -82, "2015-03-31": "467.00000", "2014-12-31": 81, "2014-09-30": 490, "2014-06-30": 1, "2014-03-31": "479.00000", "2013-12-31": -53, "2013-09-30": -84, "2013-06-30": 408, "2013-03-31": "280.00000", "2012-12-31": 80, "2012-09-30": 1118, "2012-06-30": 19, "2012-03-31": "-58.00000", "2011-12-31": -124, "2011-09-30": -23, "2011-06-30": 320, "2011-03-31": "556.00000", "2010-12-31": 67, "2010-09-30": 450, "2010-06-30": -100, "2010-03-31": "213.00000", "2009-12-31": 164, "2009-09-30": 630, "2009-06-30": 360, "2009-03-31": "-74.00000", "2008-12-31": 635, "2008-09-30": 501, "2008-06-30": 164, "2008-03-31": "488.00000", "2007-12-31": 21, "2007-09-30": 879, "2007-06-30": 272, "2007-03-31": "694.00000", "2006-12-31": 328, "2006-09-30": 612, "2006-06-30": 211, "2006-03-31": "381.00000", "2005-12-31": 522, "2005-09-30": 1357, "2005-06-30": 613, "2005-03-31": "624.00000"}, "Cash Flow From Operating Activities": {"2020-12-31": -7241, "2020-09-30": 3544, "2020-06-30": 1985, "2020-03-31": "1712.00000", "2019-12-31": 1429, "2019-09-30": 2205, "2019-06-30": 1386, "2019-03-31": "1322.00000", "2018-12-31": 1583, "2018-09-30": 1700, "2018-06-30": 1646, "2018-03-31": "551.00000", "2017-12-31": 1092, "2017-09-30": 1771, "2017-06-30": 627, "2017-03-31": "1013.00000", "2016-12-31": 1455, "2016-09-30": 1684, "2016-06-30": 1133, "2016-03-31": "1020.00000", "2015-12-31": 1165, "2015-09-30": 808, "2015-06-30": 816, "2015-03-31": "1075.00000", "2014-12-31": 1274, "2014-09-30": 1126, "2014-06-30": 846, "2014-03-31": "1250.00000", "2013-12-31": 1286, "2013-09-30": 928, "2013-06-30": 895, "2013-03-31": "913.00000", "2012-12-31": 970, "2012-09-30": 1642, "2012-06-30": 811, "2012-03-31": "572.00000", "2011-12-31": 472, "2011-09-30": 935, "2011-06-30": 1060, "2011-03-31": "1003.00000", "2010-12-31": 771, "2010-09-30": 1084, "2010-06-30": 868, "2010-03-31": "823.00000", "2009-12-31": 1003, "2009-09-30": 1010, "2009-06-30": 760, "2009-03-31": "562.00000", "2008-12-31": 961, "2008-09-30": 1058, "2008-06-30": 1067, "2008-03-31": "1015.00000", "2007-12-31": 823, "2007-09-30": 1484, "2007-06-30": 1158, "2007-03-31": "1236.00000", "2006-12-31": 804, "2006-09-30": 1333, "2006-06-30": 882, "2006-03-31": "1086.00000", "2005-12-31": 809, "2005-09-30": 1193, "2005-06-30": 1093, "2005-03-31": "1213.00000"}, "Net Change In Property, Plant, And Equipment": {"2020-12-31": 0, "2020-09-30": 0, "2020-06-30": 0, "2020-03-31": "", "2019-12-31": 0, "2019-09-30": 0, "2019-06-30": 0, "2019-03-31": "", "2018-12-31": 0, "2018-09-30": 0, "2018-06-30": 0, "2018-03-31": "", "2017-12-31": 0, "2017-09-30": 0, "2017-06-30": 0, "2017-03-31": "", "2016-12-31": 0, "2016-09-30": 0, "2016-06-30": 0, "2016-03-31": "", "2015-12-31": 0, "2015-09-30": 0, "2015-06-30": 0, "2015-03-31": "", "2014-12-31": 0, "2014-09-30": 0, "2014-06-30": 0, "2014-03-31": "", "2013-12-31": 0, "2013-09-30": 0, "2013-06-30": 0, "2013-03-31": "", "2012-12-31": 0, "2012-09-30": 0, "2012-06-30": 0, "2012-03-31": "", "2011-12-31": 0, "2011-09-30": 0, "2011-06-30": 0, "2011-03-31": "", "2010-12-31": 0, "2010-09-30": 0, "2010-06-30": 0, "2010-03-31": "", "2009-12-31": 0, "2009-09-30": 0, "2009-06-30": 0, "2009-03-31": "", "2008-12-31": 0, "2008-09-30": 0, "2008-06-30": 0, "2008-03-31": "", "2007-12-31": 0, "2007-09-30": 0, "2007-06-30": 0, "2007-03-31": "", "2006-12-31": 0, "2006-09-30": 0, "2006-06-30": 0, "2006-03-31": "", "2005-12-31": 0, "2005-09-30": 0, "2005-06-30": 0, "2005-03-31": ""}, "Net Change In Intangible Assets": {"2020-12-31": 0, "2020-09-30": 0, "2020-06-30": 0, "2020-03-31": "", "2019-12-31": 0, "2019-09-30": 0, "2019-06-30": 0, "2019-03-31": "", "2018-12-31": 0, "2018-09-30": 0, "2018-06-30": 0, "2018-03-31": "", "2017-12-31": 0, "2017-09-30": 0, "2017-06-30": 0, "2017-03-31": "", "2016-12-31": 0, "2016-09-30": 0, "2016-06-30": 0, "2016-03-31": "", "2015-12-31": 0, "2015-09-30": 0, "2015-06-30": 0, "2015-03-31": "", "2014-12-31": 0, "2014-09-30": 0, "2014-06-30": 0, "2014-03-31": "", "2013-12-31": 0, "2013-09-30": 0, "2013-06-30": 0, "2013-03-31": "", "2012-12-31": 0, "2012-09-30": 0, "2012-06-30": 0, "2012-03-31": "", "2011-12-31": 0, "2011-09-30": 0, "2011-06-30": 0, "2011-03-31": "", "2010-12-31": 0, "2010-09-30": 0, "2010-06-30": 0, "2010-03-31": "", "2009-12-31": 0, "2009-09-30": 0, "2009-06-30": 0, "2009-03-31": "", "2008-12-31": 0, "2008-09-30": 0, "2008-06-30": 0, "2008-03-31": "", "2007-12-31": 0, "2007-09-30": 0, "2007-06-30": 0, "2007-03-31": "", "2006-12-31": 0, "2006-09-30": 0, "2006-06-30": 0, "2006-03-31": "", "2005-12-31": 0, "2005-09-30": 0, "2005-06-30": 0, "2005-03-31": ""}, "Net Acquisitions/Divestitures": {"2020-12-31": 0, "2020-09-30": 1550, "2020-06-30": 0, "2020-03-31": "-1550.00000", "2019-12-31": -29, "2019-09-30": 0, "2019-06-30": 0, "2019-03-31": "", "2018-12-31": 0, "2018-09-30": 0, "2018-06-30": 0, "2018-03-31": "", "2017-12-31": 0, "2017-09-30": 0, "2017-06-30": 0, "2017-03-31": "", "2016-12-31": 0, "2016-09-30": 0, "2016-06-30": 14, "2016-03-31": "-14262.00000", "2015-12-31": 5, "2015-09-30": 4, "2015-06-30": 255, "2015-03-31": "", "2014-12-31": -594, "2014-09-30": 0, "2014-06-30": -172, "2014-03-31": "", "2013-12-31": 0, "2013-09-30": 0, "2013-06-30": -944, "2013-03-31": "-33.00000", "2012-12-31": 0, "2012-09-30": -68, "2012-06-30": -5, "2012-03-31": "-25.00000", "2011-12-31": -212, "2011-09-30": -14, "2011-06-30": -335, "2011-03-31": "-45.00000", "2010-12-31": -1072, "2010-09-30": -67, "2010-06-30": 0, "2010-03-31": "", "2009-12-31": 0, "2009-09-30": 0, "2009-06-30": 0, "2009-03-31": "", "2008-12-31": 1, "2008-09-30": 35, "2008-06-30": -2557, "2008-03-31": "", "2007-12-31": 0, "2007-09-30": 0, "2007-06-30": 0, "2007-03-31": "", "2006-12-31": 372, "2006-09-30": -372, "2006-06-30": 0, "2006-03-31": "", "2005-12-31": 0, "2005-09-30": 7, "2005-06-30": 0, "2005-03-31": ""}, "Net Change In Short-term Investments": {"2020-12-31": 434, "2020-09-30": -607, "2020-06-30": -379, "2020-03-31": "552.00000", "2019-12-31": -1319, "2019-09-30": 965, "2019-06-30": -724, "2019-03-31": "-39.00000", "2018-12-31": 452, "2018-09-30": -337, "2018-06-30": -330, "2018-03-31": "731.00000", "2017-12-31": -581, "2017-09-30": -310, "2017-06-30": 122, "2017-03-31": "232.00000", "2016-12-31": 484, "2016-09-30": 155, "2016-06-30": -221, "2016-03-31": "11932.00000", "2015-12-31": -8637, "2015-09-30": 193, "2015-06-30": 483, "2015-03-31": "-255.00000", "2014-12-31": 381, "2014-09-30": -689, "2014-06-30": 470, "2014-03-31": "-765.00000", "2013-12-31": -1, "2013-09-30": 662, "2013-06-30": 550, "2013-03-31": "-687.00000", "2012-12-31": 117, "2012-09-30": 0, "2012-06-30": 0, "2012-03-31": "", "2011-12-31": -300, "2011-09-30": 0, "2011-06-30": 0, "2011-03-31": "", "2010-12-31": 0, "2010-09-30": 0, "2010-06-30": 0, "2010-03-31": "", "2009-12-31": 0, "2009-09-30": 0, "2009-06-30": 0, "2009-03-31": "", "2008-12-31": 0, "2008-09-30": 0, "2008-06-30": 0, "2008-03-31": "", "2007-12-31": 0, "2007-09-30": 0, "2007-06-30": 0, "2007-03-31": "", "2006-12-31": 0, "2006-09-30": 0, "2006-06-30": 0, "2006-03-31": "", "2005-12-31": 0, "2005-09-30": 0, "2005-06-30": 0, "2005-03-31": ""}, "Net Change In Long-Term Investments": {"2020-12-31": 5475, "2020-09-30": -4482, "2020-06-30": -1256, "2020-03-31": "263.00000", "2019-12-31": -451, "2019-09-30": -2489, "2019-06-30": -152, "2019-03-31": "-505.00000", "2018-12-31": -970, "2018-09-30": -470, "2018-06-30": 307, "2018-03-31": "-1428.00000", "2017-12-31": -466, "2017-09-30": -1196, "2017-06-30": 180, "2017-03-31": "-309.00000", "2016-12-31": -1509, "2016-09-30": -1702, "2016-06-30": -872, "2016-03-31": "656.00000", "2015-12-31": 3888, "2015-09-30": -535, "2015-06-30": -820, "2015-03-31": "-612.00000", "2014-12-31": -476, "2014-09-30": 489, "2014-06-30": -1186, "2014-03-31": "312.00000", "2013-12-31": -1097, "2013-09-30": -1363, "2013-06-30": -445, "2013-03-31": "-691.00000", "2012-12-31": -658, "2012-09-30": -1280, "2012-06-30": -478, "2012-03-31": "-487.00000", "2011-12-31": 171, "2011-09-30": -432, "2011-06-30": -831, "2011-03-31": "-556.00000", "2010-12-31": -305, "2010-09-30": -1037, "2010-06-30": -778, "2010-03-31": "-589.00000", "2009-12-31": -959, "2009-09-30": -845, "2009-06-30": -1088, "2009-03-31": "-431.00000", "2008-12-31": -453, "2008-09-30": -317, "2008-06-30": 1852, "2008-03-31": "-2077.00000", "2007-12-31": -623, "2007-09-30": -1369, "2007-06-30": -596, "2007-03-31": "-1523.00000", "2006-12-31": -1222, "2006-09-30": -515, "2006-06-30": -981, "2006-03-31": "-1073.00000", "2005-12-31": -2045, "2005-09-30": -1350, "2005-06-30": -983, "2005-03-31": "-1076.00000"}, "Net Change In Investments - Total": {"2020-12-31": 5909, "2020-09-30": -5089, "2020-06-30": -1635, "2020-03-31": "815.00000", "2019-12-31": -1770, "2019-09-30": -1524, "2019-06-30": -876, "2019-03-31": "-544.00000", "2018-12-31": -518, "2018-09-30": -807, "2018-06-30": -23, "2018-03-31": "-697.00000", "2017-12-31": -1047, "2017-09-30": -1506, "2017-06-30": 302, "2017-03-31": "-77.00000", "2016-12-31": -1025, "2016-09-30": -1547, "2016-06-30": -1093, "2016-03-31": "12588.00000", "2015-12-31": -4749, "2015-09-30": -342, "2015-06-30": -337, "2015-03-31": "-867.00000", "2014-12-31": -95, "2014-09-30": -200, "2014-06-30": -716, "2014-03-31": "-453.00000", "2013-12-31": -1098, "2013-09-30": -701, "2013-06-30": 105, "2013-03-31": "-1378.00000", "2012-12-31": -541, "2012-09-30": -1280, "2012-06-30": -478, "2012-03-31": "-487.00000", "2011-12-31": -129, "2011-09-30": -432, "2011-06-30": -831, "2011-03-31": "-556.00000", "2010-12-31": -305, "2010-09-30": -1037, "2010-06-30": -778, "2010-03-31": "-589.00000", "2009-12-31": -959, "2009-09-30": -845, "2009-06-30": -1088, "2009-03-31": "-431.00000", "2008-12-31": -453, "2008-09-30": -317, "2008-06-30": 1852, "2008-03-31": "-2077.00000", "2007-12-31": -623, "2007-09-30": -1369, "2007-06-30": -596, "2007-03-31": "-1523.00000", "2006-12-31": -1222, "2006-09-30": -515, "2006-06-30": -981, "2006-03-31": "-1073.00000", "2005-12-31": -2045, "2005-09-30": -1350, "2005-06-30": -983, "2005-03-31": "-1076.00000"}, "Investing Activities - Other": {"2020-12-31": 820, "2020-09-30": -496, "2020-06-30": -49, "2020-03-31": "-275.00000", "2019-12-31": -545, "2019-09-30": 250, "2019-06-30": -738, "2019-03-31": "-129.00000", "2018-12-31": -290, "2018-09-30": -60, "2018-06-30": -356, "2018-03-31": "-184.00000", "2017-12-31": -34, "2017-09-30": 42, "2017-06-30": -113, "2017-03-31": "11.00000", "2016-12-31": -23, "2016-09-30": -55, "2016-06-30": 22, "2016-03-31": "59.00000", "2015-12-31": -125, "2015-09-30": -67, "2015-06-30": 82, "2015-03-31": "-153.00000", "2014-12-31": -127, "2014-09-30": -29, "2014-06-30": -68, "2014-03-31": "-50.00000", "2013-12-31": -205, "2013-09-30": -62, "2013-06-30": -71, "2013-03-31": "-55.00000", "2012-12-31": -216, "2012-09-30": -84, "2012-06-30": -152, "2012-03-31": "-103.00000", "2011-12-31": -165, "2011-09-30": -185, "2011-06-30": -102, "2011-03-31": "-30.00000", "2010-12-31": -136, "2010-09-30": -97, "2010-06-30": -23, "2010-03-31": "-77.00000", "2009-12-31": 172, "2009-09-30": 23, "2009-06-30": -31, "2009-03-31": "-65.00000", "2008-12-31": -132, "2008-09-30": -54, "2008-06-30": -242, "2008-03-31": "-180.00000", "2007-12-31": -175, "2007-09-30": -161, "2007-06-30": -16, "2007-03-31": "-67.00000", "2006-12-31": 154, "2006-09-30": -89, "2006-06-30": 29, "2006-03-31": "-73.00000", "2005-12-31": -102, "2005-09-30": -47, "2005-06-30": 33, "2005-03-31": "-30.00000"}, "Cash Flow From Investing Activities": {"2020-12-31": 6729, "2020-09-30": -4035, "2020-06-30": -1684, "2020-03-31": "-1010.00000", "2019-12-31": -2344, "2019-09-30": -1274, "2019-06-30": -1614, "2019-03-31": "-673.00000", "2018-12-31": -808, "2018-09-30": -867, "2018-06-30": -379, "2018-03-31": "-881.00000", "2017-12-31": -1081, "2017-09-30": -1464, "2017-06-30": 189, "2017-03-31": "-66.00000", "2016-12-31": -1048, "2016-09-30": -1602, "2016-06-30": -1057, "2016-03-31": "-1615.00000", "2015-12-31": -4869, "2015-09-30": -405, "2015-06-30": 0, "2015-03-31": "-1020.00000", "2014-12-31": -816, "2014-09-30": -229, "2014-06-30": -956, "2014-03-31": "-503.00000", "2013-12-31": -1303, "2013-09-30": -763, "2013-06-30": -910, "2013-03-31": "-1466.00000", "2012-12-31": -757, "2012-09-30": -1432, "2012-06-30": -635, "2012-03-31": "-615.00000", "2011-12-31": -506, "2011-09-30": -631, "2011-06-30": -1268, "2011-03-31": "-631.00000", "2010-12-31": -1513, "2010-09-30": -1201, "2010-06-30": -801, "2010-03-31": "-666.00000", "2009-12-31": -787, "2009-09-30": -822, "2009-06-30": -1119, "2009-03-31": "-496.00000", "2008-12-31": -584, "2008-09-30": -336, "2008-06-30": -947, "2008-03-31": "-2257.00000", "2007-12-31": -798, "2007-09-30": -1530, "2007-06-30": -612, "2007-03-31": "-1590.00000", "2006-12-31": -696, "2006-09-30": -976, "2006-06-30": -952, "2006-03-31": "-1146.00000", "2005-12-31": -2147, "2005-09-30": -1390, "2005-06-30": -950, "2005-03-31": "-1106.00000"}, "Net Long-Term Debt": {"2020-12-31": -988, "2020-09-30": 988, "2020-06-30": 952, "2020-03-31": "-952.00000", "2019-12-31": 1535, "2019-09-30": -4, "2019-06-30": 1257, "2019-03-31": "-470.00000", "2018-12-31": 4, "2018-09-30": -100, "2018-06-30": -1603, "2018-03-31": "1879.00000", "2017-12-31": -1, "2017-09-30": 0, "2017-06-30": 4, "2017-03-31": "-499.00000", "2016-12-31": -3, "2016-09-30": 0, "2016-06-30": -851, "2016-03-31": "853.00000", "2015-12-31": 4593, "2015-09-30": -1, "2015-06-30": -927, "2015-03-31": "1277.00000", "2014-12-31": 0, "2014-09-30": -1, "2014-06-30": 199, "2014-03-31": "", "2013-12-31": 0, "2013-09-30": 0, "2013-06-30": 0, "2013-03-31": "947.00000", "2012-12-31": 0, "2012-09-30": 0, "2012-06-30": 0, "2012-03-31": "", "2011-12-31": 0, "2011-09-30": 0, "2011-06-30": 0, "2011-03-31": "", "2010-12-31": 199, "2010-09-30": 0, "2010-06-30": 0, "2010-03-31": "", "2009-12-31": 0, "2009-09-30": 0, "2009-06-30": 500, "2009-03-31": "", "2008-12-31": 50, "2008-09-30": 0, "2008-06-30": 895, "2008-03-31": "300.00000", "2007-12-31": 0, "2007-09-30": 0, "2007-06-30": 0, "2007-03-31": "500.00000", "2006-12-31": 0, "2006-09-30": 0, "2006-06-30": 298, "2006-03-31": "", "2005-12-31": 252, "2005-09-30": 10, "2005-06-30": 0, "2005-03-31": ""}, "Net Current Debt": {"2020-12-31": 0, "2020-09-30": 0, "2020-06-30": 0, "2020-03-31": "", "2019-12-31": 0, "2019-09-30": 0, "2019-06-30": 0, "2019-03-31": "", "2018-12-31": 0, "2018-09-30": 0, "2018-06-30": 0, "2018-03-31": "", "2017-12-31": 0, "2017-09-30": 0, "2017-06-30": 0, "2017-03-31": "", "2016-12-31": 0, "2016-09-30": 0, "2016-06-30": 853, "2016-03-31": "-853.00000", "2015-12-31": -1, "2015-09-30": 1, "2015-06-30": 477, "2015-03-31": "-477.00000", "2014-12-31": 1, "2014-09-30": 0, "2014-06-30": 0, "2014-03-31": "", "2013-12-31": -1, "2013-09-30": 1, "2013-06-30": -1, "2013-03-31": "1.00000", "2012-12-31": -1, "2012-09-30": 0, "2012-06-30": -130, "2012-03-31": "281.00000", "2011-12-31": 0, "2011-09-30": -150, "2011-06-30": 0, "2011-03-31": "100.00000", "2010-12-31": 1141, "2010-09-30": 0, "2010-06-30": 0, "2010-03-31": "", "2009-12-31": -200, "2009-09-30": -16, "2009-06-30": -250, "2009-03-31": "", "2008-12-31": -54, "2008-09-30": -705, "2008-06-30": -295, "2008-03-31": "965.00000", "2007-12-31": 35, "2007-09-30": 0, "2007-06-30": -500, "2007-03-31": "", "2006-12-31": 0, "2006-09-30": -300, "2006-06-30": 0, "2006-03-31": "", "2005-12-31": -146, "2005-09-30": -1, "2005-06-30": 0, "2005-03-31": "1.00000"}, "Debt Issuance/Retirement Net - Total": {"2020-12-31": -988, "2020-09-30": 988, "2020-06-30": 952, "2020-03-31": "-952.00000", "2019-12-31": 1535, "2019-09-30": -4, "2019-06-30": 1257, "2019-03-31": "-470.00000", "2018-12-31": 4, "2018-09-30": -100, "2018-06-30": -1603, "2018-03-31": "1879.00000", "2017-12-31": -1, "2017-09-30": 0, "2017-06-30": 4, "2017-03-31": "-499.00000", "2016-12-31": -3, "2016-09-30": 0, "2016-06-30": 2, "2016-03-31": "", "2015-12-31": 4592, "2015-09-30": 0, "2015-06-30": -450, "2015-03-31": "800.00000", "2014-12-31": 1, "2014-09-30": -1, "2014-06-30": 199, "2014-03-31": "", "2013-12-31": -1, "2013-09-30": 1, "2013-06-30": -1, "2013-03-31": "948.00000", "2012-12-31": -1, "2012-09-30": 0, "2012-06-30": -130, "2012-03-31": "281.00000", "2011-12-31": 0, "2011-09-30": -150, "2011-06-30": 0, "2011-03-31": "100.00000", "2010-12-31": 1340, "2010-09-30": 0, "2010-06-30": 0, "2010-03-31": "", "2009-12-31": -200, "2009-09-30": -16, "2009-06-30": 250, "2009-03-31": "", "2008-12-31": -4, "2008-09-30": -705, "2008-06-30": 600, "2008-03-31": "1265.00000", "2007-12-31": 35, "2007-09-30": 0, "2007-06-30": -500, "2007-03-31": "500.00000", "2006-12-31": 0, "2006-09-30": -300, "2006-06-30": 298, "2006-03-31": "", "2005-12-31": 106, "2005-09-30": 9, "2005-06-30": 0, "2005-03-31": "1.00000"}, "Net Common Equity Issued/Repurchased": {"2020-12-31": 256, "2020-09-30": 3, "2020-06-30": -888, "2020-03-31": "629.00000", "2019-12-31": -278, "2019-09-30": -402, "2019-06-30": -750, "2019-03-31": "104.00000", "2018-12-31": -283, "2018-09-30": -359, "2018-06-30": -258, "2018-03-31": "-29.00000", "2017-12-31": -52, "2017-09-30": -212, "2017-06-30": -258, "2017-03-31": "-128.00000", "2016-12-31": 50, "2016-09-30": 25, "2016-06-30": 41, "2016-03-31": "51.00000", "2015-12-31": 42, "2015-09-30": 35, "2015-06-30": -396, "2015-03-31": "-308.00000", "2014-12-31": -389, "2014-09-30": -431, "2014-06-30": -187, "2014-03-31": "-295.00000", "2013-12-31": -31, "2013-09-30": 29, "2013-06-30": 4, "2013-03-31": "-154.00000", "2012-12-31": 53, "2012-09-30": 18, "2012-06-30": 27, "2012-03-31": "17.00000", "2011-12-31": 30, "2011-09-30": -94, "2011-06-30": 33, "2011-03-31": "-25.00000", "2010-12-31": -214, "2010-09-30": 22, "2010-06-30": 7, "2010-03-31": "12.00000", "2009-12-31": 6, "2009-09-30": 5, "2009-06-30": 8, "2009-03-31": "6.00000", "2008-12-31": 9, "2008-09-30": 8, "2008-06-30": 31, "2008-03-31": "59.00000", "2007-12-31": 11, "2007-09-30": 17, "2007-06-30": 111, "2007-03-31": "-65.00000", "2006-12-31": 17, "2006-09-30": 21, "2006-06-30": 11, "2006-03-31": "26.00000", "2005-12-31": 1521, "2005-09-30": 28, "2005-06-30": 21, "2005-03-31": "43.00000"}, "Net Total Equity Issued/Repurchased": {"2020-12-31": 256, "2020-09-30": 3, "2020-06-30": -888, "2020-03-31": "629.00000", "2019-12-31": -278, "2019-09-30": -402, "2019-06-30": -750, "2019-03-31": "104.00000", "2018-12-31": -283, "2018-09-30": -359, "2018-06-30": -258, "2018-03-31": "-29.00000", "2017-12-31": -52, "2017-09-30": -212, "2017-06-30": -258, "2017-03-31": "-128.00000", "2016-12-31": 50, "2016-09-30": 25, "2016-06-30": 41, "2016-03-31": "51.00000", "2015-12-31": 42, "2015-09-30": 35, "2015-06-30": -396, "2015-03-31": "-308.00000", "2014-12-31": -389, "2014-09-30": -431, "2014-06-30": -187, "2014-03-31": "-295.00000", "2013-12-31": -31, "2013-09-30": 29, "2013-06-30": 4, "2013-03-31": "-154.00000", "2012-12-31": 53, "2012-09-30": 18, "2012-06-30": 27, "2012-03-31": "17.00000", "2011-12-31": 30, "2011-09-30": -94, "2011-06-30": 33, "2011-03-31": "-25.00000", "2010-12-31": -214, "2010-09-30": 22, "2010-06-30": 7, "2010-03-31": "12.00000", "2009-12-31": 6, "2009-09-30": 5, "2009-06-30": 8, "2009-03-31": "6.00000", "2008-12-31": 9, "2008-09-30": 8, "2008-06-30": -544, "2008-03-31": "59.00000", "2007-12-31": 11, "2007-09-30": 17, "2007-06-30": 111, "2007-03-31": "-65.00000", "2006-12-31": 17, "2006-09-30": 21, "2006-06-30": 11, "2006-03-31": "26.00000", "2005-12-31": 1521, "2005-09-30": 28, "2005-06-30": 21, "2005-03-31": "43.00000"}, "Total Common And Preferred Stock Dividends Paid": {"2020-12-31": 1035, "2020-09-30": -357, "2020-06-30": -339, "2020-03-31": "-339.00000", "2019-12-31": -340, "2019-09-30": -343, "2019-06-30": -335, "2019-03-31": "-336.00000", "2018-12-31": -336, "2018-09-30": -340, "2018-06-30": -331, "2018-03-31": "-330.00000", "2017-12-31": -330, "2017-09-30": -332, "2017-06-30": -322, "2017-03-31": "-324.00000", "2016-12-31": -322, "2016-09-30": -321, "2016-06-30": -312, "2016-03-31": "-218.00000", "2015-12-31": -218, "2015-09-30": -217, "2015-06-30": -213, "2015-03-31": "-214.00000", "2014-12-31": -216, "2014-09-30": -218, "2014-06-30": -214, "2014-03-31": "-214.00000", "2013-12-31": -174, "2013-09-30": -174, "2013-06-30": -167, "2013-03-31": "-2.00000", "2012-12-31": -331, "2012-09-30": -166, "2012-06-30": -159, "2012-03-31": "-159.00000", "2011-12-31": -117, "2011-09-30": -119, "2011-06-30": -111, "2011-03-31": "-112.00000", "2010-12-31": -112, "2010-09-30": -113, "2010-06-30": -105, "2010-03-31": "-105.00000", "2009-12-31": -105, "2009-09-30": -104, "2009-06-30": -88, "2009-03-31": "-91.00000", "2008-12-31": -86, "2008-09-30": -98, "2008-06-30": -102, "2008-03-31": "-100.00000", "2007-12-31": -100, "2007-09-30": -101, "2007-06-30": -174, "2007-03-31": "-11.00000", "2006-12-31": -94, "2006-09-30": -93, "2006-06-30": -86, "2006-03-31": "-84.00000", "2005-12-31": -78, "2005-09-30": -78, "2005-06-30": -71, "2005-03-31": "-71.00000"}, "Financial Activities - Other": {"2020-12-31": -69, "2020-09-30": 30, "2020-06-30": 22, "2020-03-31": "17.00000", "2019-12-31": 56, "2019-09-30": 56, "2019-06-30": 27, "2019-03-31": "72.00000", "2018-12-31": 48, "2018-09-30": 24, "2018-06-30": -24, "2018-03-31": "47.00000", "2017-12-31": 34, "2017-09-30": 17, "2017-06-30": -9, "2017-03-31": "93.00000", "2016-12-31": 43, "2016-09-30": 55, "2016-06-30": 102, "2016-03-31": "65.00000", "2015-12-31": 56, "2015-09-30": 64, "2015-06-30": 67, "2015-03-31": "55.00000", "2014-12-31": 67, "2014-09-30": 35, "2014-06-30": 49, "2014-03-31": "37.00000", "2013-12-31": 45, "2013-09-30": 38, "2013-06-30": 9, "2013-03-31": "21.00000", "2012-12-31": 0, "2012-09-30": 0, "2012-06-30": 0, "2012-03-31": "", "2011-12-31": 0, "2011-09-30": 0, "2011-06-30": 0, "2011-03-31": "", "2010-12-31": 0, "2010-09-30": 0, "2010-06-30": 0, "2010-03-31": "", "2009-12-31": 8, "2009-09-30": 0, "2009-06-30": 0, "2009-03-31": "", "2008-12-31": 12, "2008-09-30": 0, "2008-06-30": 0, "2008-03-31": "", "2007-12-31": 24, "2007-09-30": 0, "2007-06-30": 0, "2007-03-31": "", "2006-12-31": 0, "2006-09-30": 0, "2006-06-30": 0, "2006-03-31": "", "2005-12-31": -103, "2005-09-30": 0, "2005-06-30": 0, "2005-03-31": ""}, "Cash Flow From Financial Activities": {"2020-12-31": 234, "2020-09-30": 664, "2020-06-30": -253, "2020-03-31": "-645.00000", "2019-12-31": 973, "2019-09-30": -693, "2019-06-30": 199, "2019-03-31": "-630.00000", "2018-12-31": -567, "2018-09-30": -775, "2018-06-30": -2216, "2018-03-31": "1567.00000", "2017-12-31": -349, "2017-09-30": -527, "2017-06-30": -585, "2017-03-31": "-858.00000", "2016-12-31": -232, "2016-09-30": -241, "2016-06-30": -167, "2016-03-31": "-102.00000", "2015-12-31": 4472, "2015-09-30": -118, "2015-06-30": -992, "2015-03-31": "333.00000", "2014-12-31": -537, "2014-09-30": -615, "2014-06-30": -153, "2014-03-31": "-472.00000", "2013-12-31": -161, "2013-09-30": -106, "2013-06-30": -155, "2013-03-31": "813.00000", "2012-12-31": -279, "2012-09-30": -148, "2012-06-30": -262, "2012-03-31": "139.00000", "2011-12-31": -87, "2011-09-30": -363, "2011-06-30": -78, "2011-03-31": "-37.00000", "2010-12-31": 1014, "2010-09-30": -91, "2010-06-30": -98, "2010-03-31": "-93.00000", "2009-12-31": -291, "2009-09-30": -115, "2009-06-30": 170, "2009-03-31": "-85.00000", "2008-12-31": -69, "2008-09-30": -795, "2008-06-30": -46, "2008-03-31": "1224.00000", "2007-12-31": -30, "2007-09-30": -84, "2007-06-30": -563, "2007-03-31": "424.00000", "2006-12-31": -77, "2006-09-30": -372, "2006-06-30": 223, "2006-03-31": "-58.00000", "2005-12-31": 1446, "2005-09-30": -41, "2005-06-30": -50, "2005-03-31": "-27.00000"}, "Net Cash Flow": {"2020-12-31": -227, "2020-09-30": 164, "2020-06-30": 51, "2020-03-31": "12.00000", "2019-12-31": 57, "2019-09-30": 221, "2019-06-30": -25, "2019-03-31": "53.00000", "2018-12-31": 183, "2018-09-30": 56, "2018-06-30": -1012, "2018-03-31": "1262.00000", "2017-12-31": -342, "2017-09-30": -226, "2017-06-30": 259, "2017-03-31": "72.00000", "2016-12-31": 108, "2016-09-30": -141, "2016-06-30": -80, "2016-03-31": "-684.00000", "2015-12-31": 737, "2015-09-30": 248, "2015-06-30": -158, "2015-03-31": "293.00000", "2014-12-31": -151, "2014-09-30": 212, "2014-06-30": -253, "2014-03-31": "268.00000", "2013-12-31": -189, "2013-09-30": 89, "2013-06-30": -176, "2013-03-31": "240.00000", "2012-12-31": -75, "2012-09-30": 73, "2012-06-30": -98, "2012-03-31": "101.00000", "2011-12-31": -152, "2011-09-30": -67, "2011-06-30": -282, "2011-03-31": "343.00000", "2010-12-31": 285, "2010-09-30": -181, "2010-06-30": -58, "2010-03-31": "57.00000", "2009-12-31": -73, "2009-09-30": 88, "2009-06-30": -190, "2009-03-31": "-23.00000", "2008-12-31": 388, "2008-09-30": -103, "2008-06-30": 71, "2008-03-31": "1.00000", "2007-12-31": 4, "2007-09-30": -115, "2007-06-30": -18, "2007-03-31": "74.00000", "2006-12-31": 21, "2006-09-30": -8, "2006-06-30": 154, "2006-03-31": "-114.00000", "2005-12-31": 103, "2005-09-30": -242, "2005-06-30": 77, "2005-03-31": "76.00000"}, "Stock-Based Compensation": {"2020-12-31": 0, "2020-09-30": 0, "2020-06-30": 0, "2020-03-31": "", "2019-12-31": 0, "2019-09-30": 0, "2019-06-30": 0, "2019-03-31": "", "2018-12-31": 0, "2018-09-30": 0, "2018-06-30": 0, "2018-03-31": "", "2017-12-31": 0, "2017-09-30": 0, "2017-06-30": 0, "2017-03-31": "", "2016-12-31": 0, "2016-09-30": 0, "2016-06-30": 0, "2016-03-31": "", "2015-12-31": 0, "2015-09-30": 0, "2015-06-30": 0, "2015-03-31": "", "2014-12-31": 0, "2014-09-30": 0, "2014-06-30": 0, "2014-03-31": "", "2013-12-31": 0, "2013-09-30": 0, "2013-06-30": 0, "2013-03-31": "", "2012-12-31": 0, "2012-09-30": 0, "2012-06-30": 0, "2012-03-31": "", "2011-12-31": 0, "2011-09-30": 0, "2011-06-30": 0, "2011-03-31": "", "2010-12-31": 0, "2010-09-30": 0, "2010-06-30": 0, "2010-03-31": "", "2009-12-31": 0, "2009-09-30": 0, "2009-06-30": 0, "2009-03-31": "", "2008-12-31": 0, "2008-09-30": 0, "2008-06-30": 0, "2008-03-31": "", "2007-12-31": 0, "2007-09-30": 0, "2007-06-30": 0, "2007-03-31": "", "2006-12-31": 0, "2006-09-30": 0, "2006-06-30": 0, "2006-03-31": "", "2005-12-31": 0, "2005-09-30": 0, "2005-06-30": 0, "2005-03-31": ""}, "Common Stock Dividends Paid": {"2020-12-31": 1035, "2020-09-30": -357, "2020-06-30": -339, "2020-03-31": "-339.00000", "2019-12-31": -340, "2019-09-30": -343, "2019-06-30": -335, "2019-03-31": "-336.00000", "2018-12-31": -336, "2018-09-30": -340, "2018-06-30": -331, "2018-03-31": "-330.00000", "2017-12-31": -330, "2017-09-30": -332, "2017-06-30": -322, "2017-03-31": "-324.00000", "2016-12-31": -322, "2016-09-30": -321, "2016-06-30": -312, "2016-03-31": "-218.00000", "2015-12-31": -218, "2015-09-30": -217, "2015-06-30": -213, "2015-03-31": "-214.00000", "2014-12-31": -216, "2014-09-30": -218, "2014-06-30": -214, "2014-03-31": "-214.00000", "2013-12-31": -174, "2013-09-30": -174, "2013-06-30": -167, "2013-03-31": "-2.00000", "2012-12-31": -331, "2012-09-30": -166, "2012-06-30": -159, "2012-03-31": "-159.00000", "2011-12-31": -117, "2011-09-30": -119, "2011-06-30": -111, "2011-03-31": "-112.00000", "2010-12-31": -112, "2010-09-30": -113, "2010-06-30": -105, "2010-03-31": "-105.00000", "2009-12-31": -105, "2009-09-30": -104, "2009-06-30": -88, "2009-03-31": "-91.00000", "2008-12-31": -86, "2008-09-30": -98, "2008-06-30": -89, "2008-03-31": "-89.00000", "2007-12-31": -88, "2007-09-30": -90, "2007-06-30": -163, "2007-03-31": "", "2006-12-31": -82, "2006-09-30": -82, "2006-06-30": -75, "2006-03-31": "-73.00000", "2005-12-31": -66, "2005-09-30": -67, "2005-06-30": -60, "2005-03-31": "-60.00000"}}, "financial ratios": {"Current Ratio": {"2019-12-31": "", "2018-12-31": "", "2017-12-31": "", "2016-12-31": "", "2015-12-31": "", "2014-12-31": "", "2013-12-31": "", "2012-12-31": "", "2011-12-31": "", "2010-12-31": "", "2009-12-31": "", "2008-12-31": "", "2007-12-31": "", "2006-12-31": "", "2005-12-31": ""}, "Long-term Debt / Capital": {"2019-12-31": "0.19680", "2018-12-31": "0.19370", "2017-12-31": "0.18420", "2016-12-31": "0.20710", "2015-12-31": "0.24370", "2014-12-31": "0.10190", "2013-12-31": "0.11670", "2012-12-31": "0.10880", "2011-12-31": "0.12130", "2010-12-31": "0.12750", "2009-12-31": "0.13840", "2008-12-31": "0.16260", "2007-12-31": "0.09800", "2006-12-31": "0.09850", "2005-12-31": "0.13290"}, "Debt/Equity Ratio": {"2019-12-31": "0.29410", "2018-12-31": "0.27850", "2017-12-31": "0.27310", "2016-12-31": "0.30060", "2015-12-31": "0.37040", "2014-12-31": "0.19970", "2013-12-31": "0.19800", "2012-12-31": "0.17290", "2011-12-31": "0.18950", "2010-12-31": "0.20280", "2009-12-31": "0.16880", "2008-12-31": "0.22680", "2007-12-31": "0.13090", "2006-12-31": "0.14970", "2005-12-31": "0.17870"}, "Gross Margin": {"2019-12-31": "", "2018-12-31": "", "2017-12-31": "", "2016-12-31": "", "2015-12-31": "", "2014-12-31": "", "2013-12-31": "", "2012-12-31": "", "2011-12-31": "", "2010-12-31": "", "2009-12-31": "", "2008-12-31": "", "2007-12-31": "", "2006-12-31": "", "2005-12-31": ""}, "Operating Margin": {"2019-12-31": "17.03620", "2018-12-31": "16.37380", "2017-12-31": "14.38760", "2016-12-31": "19.21570", "2015-12-31": "19.11310", "2014-12-31": "19.64950", "2013-12-31": "23.43080", "2012-12-31": "17.98620", "2011-12-31": "13.61530", "2010-12-31": "24.12850", "2009-12-31": "21.90380", "2008-12-31": "13.18220", "2007-12-31": "23.51280", "2006-12-31": "22.50150", "2005-12-31": "11.26990"}, "EBIT Margin": {"2019-12-31": "17.03620", "2018-12-31": "16.37380", "2017-12-31": "14.38760", "2016-12-31": "19.21570", "2015-12-31": "19.11310", "2014-12-31": "19.64950", "2013-12-31": "23.43080", "2012-12-31": "17.98620", "2011-12-31": "13.61530", "2010-12-31": "24.12850", "2009-12-31": "21.90380", "2008-12-31": "13.18220", "2007-12-31": "23.51280", "2006-12-31": "22.50150", "2005-12-31": "11.26990"}, "EBITDA Margin": {"2019-12-31": "19.08380", "2018-12-31": "19.21940", "2017-12-31": "17.34640", "2016-12-31": "26.57220", "2015-12-31": "20.84580", "2014-12-31": "20.63010", "2013-12-31": "24.82220", "2012-12-31": "19.21280", "2011-12-31": "14.51820", "2010-12-31": "25.03440", "2009-12-31": "22.25540", "2008-12-31": "13.17490", "2007-12-31": "23.47040", "2006-12-31": "22.57650", "2005-12-31": "11.95750"}, "Pre-Tax Profit Margin": {"2019-12-31": "15.35420", "2018-12-31": "14.23420", "2017-12-31": "11.54360", "2016-12-31": "15.72980", "2015-12-31": "17.35930", "2014-12-31": "18.18890", "2013-12-31": "22.00300", "2012-12-31": "16.59230", "2011-12-31": "12.13020", "2010-12-31": "22.72900", "2009-12-31": "20.41130", "2008-12-31": "11.49500", "2007-12-31": "22.27640", "2006-12-31": "21.18100", "2005-12-31": "9.94040"}, "Net Profit Margin": {"2019-12-31": "13.02870", "2018-12-31": "12.10990", "2017-12-31": "11.97470", "2016-12-31": "13.13990", "2015-12-31": "14.92600", "2014-12-31": "14.88190", "2013-12-31": "19.51090", "2012-12-31": "15.08700", "2011-12-31": "9.14820", "2010-12-31": "19.27400", "2009-12-31": "16.90880", "2008-12-31": "8.78080", "2007-12-31": "18.21390", "2006-12-31": "17.29440", "2005-12-31": "7.85450"}, "Asset Turnover": {"2019-12-31": "0.19320", "2018-12-31": "0.19500", "2017-12-31": "0.19300", "2016-12-31": "0.19690", "2015-12-31": "0.18560", "2014-12-31": "0.19510", "2013-12-31": "0.20380", "2012-12-31": "0.19380", "2011-12-31": "0.19280", "2010-12-31": "0.19200", "2009-12-31": "0.19330", "2008-12-31": "0.18920", "2007-12-31": "0.19630", "2006-12-31": "0.19850", "2005-12-31": "0.20960"}, "Inventory Turnover Ratio": {"2019-12-31": "", "2018-12-31": "", "2017-12-31": "", "2016-12-31": "", "2015-12-31": "", "2014-12-31": "", "2013-12-31": "", "2012-12-31": "", "2011-12-31": "", "2010-12-31": "", "2009-12-31": "", "2008-12-31": "", "2007-12-31": "", "2006-12-31": "", "2005-12-31": ""}, "Receiveable Turnover": {"2019-12-31": "", "2018-12-31": "", "2017-12-31": "", "2016-12-31": "", "2015-12-31": "", "2014-12-31": "", "2013-12-31": "", "2012-12-31": "", "2011-12-31": "", "2010-12-31": "", "2009-12-31": "", "2008-12-31": "", "2007-12-31": "", "2006-12-31": "", "2005-12-31": ""}, "Days Sales In Receivables": {"2019-12-31": "", "2018-12-31": "", "2017-12-31": "", "2016-12-31": "", "2015-12-31": "", "2014-12-31": "", "2013-12-31": "", "2012-12-31": "", "2011-12-31": "", "2010-12-31": "", "2009-12-31": "", "2008-12-31": "", "2007-12-31": "", "2006-12-31": "", "2005-12-31": ""}, "ROE - Return On Equity": {"2019-12-31": "8.04970", "2018-12-31": "7.87490", "2017-12-31": "7.54510", "2016-12-31": "8.56550", "2015-12-31": "9.72710", "2014-12-31": "9.64270", "2013-12-31": "13.03730", "2012-12-31": "9.82890", "2011-12-31": "6.32910", "2010-12-31": "13.42820", "2009-12-31": "12.96080", "2008-12-31": "8.28600", "2007-12-31": "15.46030", "2006-12-31": "16.11800", "2005-12-31": "8.70450"}, "Return On Tangible Equity": {"2019-12-31": "13.11080", "2018-12-31": "13.71030", "2017-12-31": "13.25980", "2016-12-31": "15.79450", "2015-12-31": "12.08430", "2014-12-31": "11.95580", "2013-12-31": "16.04540", "2012-12-31": "11.99680", "2011-12-31": "7.88410", "2010-12-31": "16.84870", "2009-12-31": "16.19850", "2008-12-31": "11.18800", "2007-12-31": "18.62850", "2006-12-31": "19.92730", "2005-12-31": "11.28550"}, "ROA - Return On Assets": {"2019-12-31": "2.51720", "2018-12-31": "2.36160", "2017-12-31": "2.31170", "2016-12-31": "2.58780", "2015-12-31": "2.77010", "2014-12-31": "2.90390", "2013-12-31": "3.97630", "2012-12-31": "2.92400", "2011-12-31": "1.76360", "2010-12-31": "3.70100", "2009-12-31": "3.26880", "2008-12-31": "1.66120", "2007-12-31": "3.57610", "2006-12-31": "3.42740", "2005-12-31": "1.64640"}, "ROI - Return On Investment": {"2019-12-31": "6.46540", "2018-12-31": "6.34950", "2017-12-31": "6.15510", "2016-12-31": "6.79150", "2015-12-31": "7.35650", "2014-12-31": "8.66020", "2013-12-31": "11.51630", "2012-12-31": "8.75980", "2011-12-31": "5.56120", "2010-12-31": "11.71580", "2009-12-31": "11.16760", "2008-12-31": "6.93830", "2007-12-31": "13.94420", "2006-12-31": "14.52840", "2005-12-31": "7.54610"}, "Book Value Per Share": {"2019-12-31": "122.42130", "2018-12-31": "109.56370", "2017-12-31": "110.32420", "2016-12-31": "103.60130", "2015-12-31": "89.76690", "2014-12-31": "90.02310", "2013-12-31": "84.83080", "2012-12-31": "80.89690", "2011-12-31": "72.21740", "2010-12-31": "68.59080", "2009-12-31": "58.44140", "2008-12-31": "43.29750", "2007-12-31": "50.58160", "2006-12-31": "43.73650", "2005-12-31": "36.53320"}, "Operating Cash Flow Per Share": {"2019-12-31": 2.0801, "2018-12-31": 2.183, "2017-12-31": -1.801, "2016-12-31": -0.3931, "2015-12-31": -1.5125, "2014-12-31": 1.5763, "2013-12-31": 0.031, "2012-12-31": 1.4733, "2011-12-31": -0.2088, "2010-12-31": 0.511, "2009-12-31": -2.3759, "2008-12-31": -1.9039, "2007-12-31": 1.6155, "2006-12-31": -1.9458, "2005-12-31": 14.4904}, "Free Cash Flow Per Share": {"2019-12-31": 2.0801, "2018-12-31": 2.183, "2017-12-31": -1.801, "2016-12-31": -0.3931, "2015-12-31": -1.5125, "2014-12-31": 1.5763, "2013-12-31": 0.031, "2012-12-31": 1.4733, "2011-12-31": -0.2088, "2010-12-31": 0.511, "2009-12-31": -2.3759, "2008-12-31": -1.9039, "2007-12-31": 1.6155, "2006-12-31": -1.9458, "2005-12-31": 14.4904}}, "financial ratios, quarterly": {"Current Ratio": {"2020-09-30": "", "2020-06-30": "", "2020-03-31": "", "2019-12-31": "", "2019-09-30": "", "2019-06-30": "", "2019-03-31": "", "2018-12-31": "", "2018-09-30": "", "2018-06-30": "", "2018-03-31": "", "2017-12-31": "", "2017-09-30": "", "2017-06-30": "", "2017-03-31": "", "2016-12-31": "", "2016-09-30": "", "2016-06-30": "", "2016-03-31": "", "2015-12-31": "", "2015-09-30": "", "2015-06-30": "", "2015-03-31": "", "2014-12-31": "", "2014-09-30": "", "2014-06-30": "", "2014-03-31": "", "2013-12-31": "", "2013-09-30": "", "2013-06-30": "", "2013-03-31": "", "2012-12-31": "", "2012-09-30": "", "2012-06-30": "", "2012-03-31": "", "2011-12-31": "", "2011-09-30": "", "2011-06-30": "", "2011-03-31": "", "2010-12-31": "", "2010-09-30": "", "2010-06-30": "", "2010-03-31": "", "2009-12-31": "", "2009-09-30": "", "2009-06-30": "", "2009-03-31": "", "2008-12-31": "", "2008-09-30": "", "2008-06-30": "", "2008-03-31": "", "2007-12-31": "", "2007-09-30": "", "2007-06-30": "", "2007-03-31": "", "2006-12-31": "", "2006-09-30": "", "2006-06-30": "", "2006-03-31": "", "2005-12-31": "", "2005-09-30": "", "2005-06-30": "", "2005-03-31": ""}, "Long-term Debt / Capital": {"2020-09-30": "0.20820", "2020-06-30": "0.19960", "2020-03-31": "0.20560", "2019-12-31": "0.19680", "2019-09-30": "0.19580", "2019-06-30": "0.19910", "2019-03-31": "0.18740", "2018-12-31": "0.19370", "2018-09-30": "0.19260", "2018-06-30": "0.19290", "2018-03-31": "0.19960", "2017-12-31": "0.18420", "2017-09-30": "0.18630", "2017-06-30": "0.18810", "2017-03-31": "0.19990", "2016-12-31": "0.20710", "2016-09-30": "0.20690", "2016-06-30": "0.21100", "2016-03-31": "0.21590", "2015-12-31": "0.24370", "2015-09-30": "0.12490", "2015-06-30": "0.12330", "2015-03-31": "0.12280", "2014-12-31": "0.10190", "2014-09-30": "0.11910", "2014-06-30": "0.11800", "2014-03-31": "0.11480", "2013-12-31": "0.11670", "2013-09-30": "0.11890", "2013-06-30": "0.12240", "2013-03-31": "0.13360", "2012-12-31": "0.10880", "2012-09-30": "0.11080", "2012-06-30": "0.11540", "2012-03-31": "0.11670", "2011-12-31": "0.12130", "2011-09-30": "0.12390", "2011-06-30": "0.12230", "2011-03-31": "0.12560", "2010-12-31": "0.12750", "2010-09-30": "0.12140", "2010-06-30": "0.12850", "2010-03-31": "0.13270", "2009-12-31": "0.13840", "2009-09-30": "0.15060", "2009-06-30": "0.16710", "2009-03-31": "0.15990", "2008-12-31": "0.16260", "2008-09-30": "0.16350", "2008-06-30": "0.15560", "2008-03-31": "0.11220", "2007-12-31": "0.09800", "2007-09-30": "0.11420", "2007-06-30": "0.11960", "2007-03-31": "0.12110", "2006-12-31": "0.09850", "2006-09-30": "0.10780", "2006-06-30": "0.11500", "2006-03-31": "0.12970", "2005-12-31": "0.13290", "2005-09-30": "0.13260", "2005-06-30": "0.14970", "2005-03-31": "0.15650"}, "Debt/Equity Ratio": {"2020-09-30": "0.31100", "2020-06-30": "0.29880", "2020-03-31": "0.31070", "2019-12-31": "0.29410", "2019-09-30": "0.26960", "2019-06-30": "0.27500", "2019-03-31": "0.26740", "2018-12-31": "0.27850", "2018-09-30": "0.27610", "2018-06-30": "0.27850", "2018-03-31": "0.30940", "2017-12-31": "0.27310", "2017-09-30": "0.27710", "2017-06-30": "0.27800", "2017-03-31": "0.28450", "2016-12-31": "0.30060", "2016-09-30": "0.30030", "2016-06-30": "0.30780", "2016-03-31": "0.31680", "2015-12-31": "0.37040", "2015-09-30": "0.21490", "2015-06-30": "0.21180", "2015-03-31": "0.22590", "2014-12-31": "0.19970", "2014-09-30": "0.19680", "2014-06-30": "0.19480", "2014-03-31": "0.19440", "2013-12-31": "0.19800", "2013-09-30": "0.20230", "2013-06-30": "0.20910", "2013-03-31": "0.20430", "2012-12-31": "0.17290", "2012-09-30": "0.17660", "2012-06-30": "0.18480", "2012-03-31": "0.19230", "2011-12-31": "0.18950", "2011-09-30": "0.19410", "2011-06-30": "0.19740", "2011-03-31": "0.20360", "2010-12-31": "0.20280", "2010-09-30": "0.14500", "2010-06-30": "0.15440", "2010-03-31": "0.16030", "2009-12-31": "0.16880", "2009-09-30": "0.18800", "2009-06-30": "0.21360", "2009-03-31": "0.22200", "2008-12-31": "0.22680", "2008-09-30": "0.21720", "2008-06-30": "0.24850", "2008-03-31": "0.20650", "2007-12-31": "0.13090", "2007-09-30": "0.13440", "2007-06-30": "0.14150", "2007-03-31": "0.17660", "2006-12-31": "0.14970", "2006-09-30": "0.15780", "2006-06-30": "0.19410", "2006-03-31": "0.17370", "2005-12-31": "0.17870", "2005-09-30": "0.19650", "2005-06-30": "0.19010", "2005-03-31": "0.20030"}, "Gross Margin": {"2020-09-30": "", "2020-06-30": "", "2020-03-31": "", "2019-12-31": "", "2019-09-30": "", "2019-06-30": "", "2019-03-31": "", "2018-12-31": "", "2018-09-30": "", "2018-06-30": "", "2018-03-31": "", "2017-12-31": "", "2017-09-30": "", "2017-06-30": "", "2017-03-31": "", "2016-12-31": "", "2016-09-30": "", "2016-06-30": "", "2016-03-31": "", "2015-12-31": "", "2015-09-30": "", "2015-06-30": "", "2015-03-31": "", "2014-12-31": "", "2014-09-30": "", "2014-06-30": "", "2014-03-31": "", "2013-12-31": "", "2013-09-30": "", "2013-06-30": "", "2013-03-31": "", "2012-12-31": "", "2012-09-30": "", "2012-06-30": "", "2012-03-31": "", "2011-12-31": "", "2011-09-30": "", "2011-06-30": "", "2011-03-31": "", "2010-12-31": "", "2010-09-30": "", "2010-06-30": "", "2010-03-31": "", "2009-12-31": "", "2009-09-30": "", "2009-06-30": "", "2009-03-31": "", "2008-12-31": "", "2008-09-30": "", "2008-06-30": "", "2008-03-31": "", "2007-12-31": "", "2007-09-30": "", "2007-06-30": "", "2007-03-31": "", "2006-12-31": "", "2006-09-30": "", "2006-06-30": "", "2006-03-31": "", "2005-12-31": "", "2005-09-30": "", "2005-06-30": "", "2005-03-31": ""}, "Operating Margin": {"2020-09-30": "15.49030", "2020-06-30": "-2.94940", "2020-03-31": "7.78230", "2019-12-31": "17.05200", "2019-09-30": "16.15260", "2019-06-30": "17.61460", "2019-03-31": "17.40730", "2018-12-31": "9.00870", "2018-09-30": "18.21710", "2018-06-30": "19.88250", "2018-03-31": "17.67340", "2017-12-31": "17.26760", "2017-09-30": "0.52260", "2017-06-30": "21.26300", "2017-03-31": "19.78700", "2016-12-31": "26.37120", "2016-09-30": "22.32910", "2016-06-30": "14.33460", "2016-03-31": "12.46180", "2015-12-31": "18.52960", "2015-09-30": "15.13040", "2015-06-30": "22.90020", "2015-03-31": "19.79950", "2014-12-31": "18.02830", "2014-09-30": "19.82690", "2014-06-30": "20.43610", "2014-03-31": "20.32130", "2013-12-31": "22.78280", "2013-09-30": "22.09980", "2013-06-30": "22.93310", "2013-03-31": "26.33410", "2012-12-31": "14.78560", "2012-09-30": "16.54340", "2012-06-30": "13.70350", "2012-03-31": "27.35960", "2011-12-31": "20.49570", "2011-09-30": "4.37820", "2011-06-30": "18.26950", "2011-03-31": "10.74060", "2010-12-31": "26.46860", "2010-09-30": "22.96810", "2010-06-30": "23.16490", "2010-03-31": "23.57560", "2009-12-31": "28.48780", "2009-09-30": "17.60390", "2009-06-30": "19.50950", "2009-03-31": "20.83920", "2008-12-31": "5.18850", "2008-09-30": "3.17770", "2008-06-30": "24.64790", "2008-03-31": "18.72560", "2007-12-31": "21.63090", "2007-09-30": "23.06430", "2007-06-30": "24.68280", "2007-03-31": "24.68300", "2006-12-31": "23.95500", "2006-09-30": "22.24850", "2006-06-30": "22.86410", "2006-03-31": "20.81110", "2005-12-31": "8.97110", "2005-09-30": "-1.54550", "2005-06-30": "19.58260", "2005-03-31": "19.21860"}, "EBIT Margin": {"2020-09-30": "15.49030", "2020-06-30": "-2.94940", "2020-03-31": "7.78230", "2019-12-31": "17.05200", "2019-09-30": "16.15260", "2019-06-30": "17.61460", "2019-03-31": "17.40730", "2018-12-31": "9.00870", "2018-09-30": "18.21710", "2018-06-30": "19.88250", "2018-03-31": "17.67340", "2017-12-31": "17.26760", "2017-09-30": "0.52260", "2017-06-30": "21.26300", "2017-03-31": "19.78700", "2016-12-31": "26.37120", "2016-09-30": "22.32910", "2016-06-30": "14.33460", "2016-03-31": "12.46180", "2015-12-31": "18.52960", "2015-09-30": "15.13040", "2015-06-30": "22.90020", "2015-03-31": "19.79950", "2014-12-31": "18.02830", "2014-09-30": "19.82690", "2014-06-30": "20.43610", "2014-03-31": "20.32130", "2013-12-31": "22.78280", "2013-09-30": "22.09980", "2013-06-30": "22.93310", "2013-03-31": "26.33410", "2012-12-31": "14.78560", "2012-09-30": "16.54340", "2012-06-30": "13.70350", "2012-03-31": "27.35960", "2011-12-31": "20.49570", "2011-09-30": "4.37820", "2011-06-30": "18.26950", "2011-03-31": "10.74060", "2010-12-31": "26.46860", "2010-09-30": "22.96810", "2010-06-30": "23.16490", "2010-03-31": "23.57560", "2009-12-31": "28.48780", "2009-09-30": "17.60390", "2009-06-30": "19.50950", "2009-03-31": "20.83920", "2008-12-31": "5.18850", "2008-09-30": "3.17770", "2008-06-30": "24.64790", "2008-03-31": "18.72560", "2007-12-31": "21.63090", "2007-09-30": "23.06430", "2007-06-30": "24.68280", "2007-03-31": "24.68300", "2006-12-31": "23.95500", "2006-09-30": "22.24850", "2006-06-30": "22.86410", "2006-03-31": "20.81110", "2005-12-31": "8.97110", "2005-09-30": "-1.54550", "2005-06-30": "19.58260", "2005-03-31": "19.21860"}, "EBITDA Margin": {"2020-09-30": "", "2020-06-30": "", "2020-03-31": "", "2019-12-31": "", "2019-09-30": "", "2019-06-30": "", "2019-03-31": "", "2018-12-31": "", "2018-09-30": "", "2018-06-30": "", "2018-03-31": "", "2017-12-31": "", "2017-09-30": "", "2017-06-30": "", "2017-03-31": "", "2016-12-31": "", "2016-09-30": "", "2016-06-30": "", "2016-03-31": "", "2015-12-31": "", "2015-09-30": "", "2015-06-30": "", "2015-03-31": "", "2014-12-31": "", "2014-09-30": "", "2014-06-30": "", "2014-03-31": "", "2013-12-31": "", "2013-09-30": "", "2013-06-30": "", "2013-03-31": "", "2012-12-31": "", "2012-09-30": "", "2012-06-30": "", "2012-03-31": "", "2011-12-31": "", "2011-09-30": "", "2011-06-30": "", "2011-03-31": "", "2010-12-31": "", "2010-09-30": "", "2010-06-30": "", "2010-03-31": "", "2009-12-31": "", "2009-09-30": "", "2009-06-30": "", "2009-03-31": "", "2008-12-31": "", "2008-09-30": "", "2008-06-30": "", "2008-03-31": "", "2007-12-31": "", "2007-09-30": "", "2007-06-30": "", "2007-03-31": "", "2006-12-31": "", "2006-09-30": "", "2006-06-30": "", "2006-03-31": "", "2005-12-31": "", "2005-09-30": "", "2005-06-30": "", "2005-03-31": ""}, "Pre-Tax Profit Margin": {"2020-09-30": "14.11670", "2020-06-30": "-4.37400", "2020-03-31": "6.06730", "2019-12-31": "15.35820", "2019-09-30": "14.60480", "2019-06-30": "15.92590", "2019-03-31": "15.59170", "2018-12-31": "6.74010", "2018-09-30": "16.16000", "2018-06-30": "17.76730", "2018-03-31": "15.54080", "2017-12-31": "14.36060", "2017-09-30": "-1.80020", "2017-06-30": "18.56190", "2017-03-31": "16.25830", "2016-12-31": "22.88200", "2016-09-30": "19.19780", "2016-06-30": "11.15610", "2016-03-31": "8.18670", "2015-12-31": "16.02910", "2015-09-30": "13.54960", "2015-06-30": "21.49370", "2015-03-31": "18.25020", "2014-12-31": "16.61390", "2014-09-30": "18.48080", "2014-06-30": "18.94080", "2014-03-31": "18.71460", "2013-12-31": "21.40320", "2013-09-30": "20.70770", "2013-06-30": "21.38150", "2013-03-31": "24.94200", "2012-12-31": "13.44140", "2012-09-30": "15.31720", "2012-06-30": "12.12430", "2012-03-31": "25.87810", "2011-12-31": "19.08910", "2011-09-30": "2.93430", "2011-06-30": "16.81170", "2011-03-31": "9.08610", "2010-12-31": "25.06240", "2010-09-30": "21.47630", "2010-06-30": "21.78190", "2010-03-31": "22.25880", "2009-12-31": "27.17700", "2009-09-30": "15.97390", "2009-06-30": "17.93070", "2009-03-31": "19.35660", "2008-12-31": "3.44830", "2008-09-30": "1.29870", "2008-06-30": "23.03080", "2008-03-31": "17.23020", "2007-12-31": "20.40060", "2007-09-30": "21.85610", "2007-06-30": "23.47170", "2007-03-31": "23.38690", "2006-12-31": "22.74430", "2006-09-30": "20.89110", "2006-06-30": "21.49590", "2006-03-31": "19.45930", "2005-12-31": "7.52820", "2005-09-30": "-2.77620", "2005-06-30": "18.26270", "2005-03-31": "17.88440"}, "Net Profit Margin": {"2020-09-30": "12.61620", "2020-06-30": "-3.68390", "2020-03-31": "3.27400", "2019-12-31": "13.42410", "2019-09-30": "12.06190", "2019-06-30": "13.48660", "2019-03-31": "13.20470", "2018-12-31": "4.65510", "2018-09-30": "14.06860", "2018-06-30": "15.20560", "2018-03-31": "13.81690", "2017-12-31": "19.12660", "2017-09-30": "-0.81300", "2017-06-30": "16.09520", "2017-03-31": "14.55390", "2016-12-31": "19.71110", "2016-09-30": "15.94930", "2016-06-30": "9.19340", "2016-03-31": "6.38360", "2015-12-31": "14.59710", "2015-09-30": "10.83970", "2015-06-30": "18.66090", "2015-03-31": "15.51610", "2014-12-31": "11.71630", "2014-09-30": "15.09620", "2014-06-30": "16.17860", "2014-03-31": "16.61010", "2013-12-31": "19.66890", "2013-09-30": "17.71080", "2013-06-30": "18.93730", "2013-03-31": "22.11140", "2012-12-31": "16.32170", "2012-09-30": "12.45620", "2012-06-30": "8.35460", "2012-03-31": "23.24970", "2011-12-31": "16.40990", "2011-09-30": "-0.90820", "2011-06-30": "13.96660", "2011-03-31": "6.56510", "2010-12-31": "22.18190", "2010-09-30": "17.36110", "2010-06-30": "18.00530", "2010-03-31": "19.11880", "2009-12-31": "22.30810", "2009-09-30": "13.42030", "2009-06-30": "15.08320", "2009-03-31": "15.86010", "2008-12-31": "0.64450", "2008-09-30": "1.49210", "2008-06-30": "19.45750", "2008-03-31": "12.25620", "2007-12-31": "16.36620", "2007-09-30": "18.01210", "2007-06-30": "18.71400", "2007-03-31": "19.75200", "2006-12-31": "19.16980", "2006-09-30": "17.05520", "2006-06-30": "17.42170", "2006-03-31": "15.37250", "2005-12-31": "7.40280", "2005-09-30": "-3.20550", "2005-06-30": "14.33400", "2005-03-31": "13.88180"}, "Asset Turnover": {"2020-09-30": "0.05040", "2020-06-30": "0.04950", "2020-03-31": "0.04450", "2019-12-31": "0.04940", "2019-09-30": "0.05160", "2019-06-30": "0.04890", "2019-03-31": "0.04600", "2018-12-31": "0.04550", "2018-09-30": "0.05220", "2018-06-30": "0.05080", "2018-03-31": "0.04640", "2017-12-31": "0.04800", "2017-09-30": "0.05140", "2017-06-30": "0.04970", "2017-03-31": "0.04670", "2016-12-31": "0.05110", "2016-09-30": "0.05270", "2016-06-30": "0.04930", "2016-03-31": "0.04390", "2015-12-31": "0.04570", "2015-09-30": "0.04980", "2015-06-30": "0.05060", "2015-03-31": "0.04460", "2014-12-31": "0.04820", "2014-09-30": "0.05330", "2014-06-30": "0.04940", "2014-03-31": "0.04640", "2013-12-31": "0.05370", "2013-09-30": "0.05470", "2013-06-30": "0.05020", "2013-03-31": "0.04610", "2012-12-31": "0.05060", "2012-09-30": "0.05490", "2012-06-30": "0.04330", "2012-03-31": "0.04660", "2011-12-31": "0.05130", "2011-09-30": "0.04840", "2011-06-30": "0.04770", "2011-03-31": "0.04420", "2010-12-31": "0.05290", "2010-09-30": "0.04720", "2010-06-30": "0.04690", "2010-03-31": "0.04980", "2009-12-31": "0.05480", "2009-09-30": "0.04730", "2009-06-30": "0.04690", "2009-03-31": "0.04890", "2008-12-31": "0.04310", "2008-09-30": "0.04820", "2008-06-30": "0.04930", "2008-03-31": "0.04160", "2007-12-31": "0.04850", "2007-09-30": "0.05060", "2007-06-30": "0.04880", "2007-03-31": "0.05090", "2006-12-31": "0.05170", "2006-09-30": "0.05100", "2006-06-30": "0.05030", "2006-03-31": "0.04910", "2005-12-31": "0.05110", "2005-09-30": "0.05770", "2005-06-30": "0.05610", "2005-03-31": "0.05530"}, "Inventory Turnover Ratio": {"2020-09-30": "", "2020-06-30": "", "2020-03-31": "", "2019-12-31": "", "2019-09-30": "", "2019-06-30": "", "2019-03-31": "", "2018-12-31": "", "2018-09-30": "", "2018-06-30": "", "2018-03-31": "", "2017-12-31": "", "2017-09-30": "", "2017-06-30": "", "2017-03-31": "", "2016-12-31": "", "2016-09-30": "", "2016-06-30": "", "2016-03-31": "", "2015-12-31": "", "2015-09-30": "", "2015-06-30": "", "2015-03-31": "", "2014-12-31": "", "2014-09-30": "", "2014-06-30": "", "2014-03-31": "", "2013-12-31": "", "2013-09-30": "", "2013-06-30": "", "2013-03-31": "", "2012-12-31": "", "2012-09-30": "", "2012-06-30": "", "2012-03-31": "", "2011-12-31": "", "2011-09-30": "", "2011-06-30": "", "2011-03-31": "", "2010-12-31": "", "2010-09-30": "", "2010-06-30": "", "2010-03-31": "", "2009-12-31": "", "2009-09-30": "", "2009-06-30": "", "2009-03-31": "", "2008-12-31": "", "2008-09-30": "", "2008-06-30": "", "2008-03-31": "", "2007-12-31": "", "2007-09-30": "", "2007-06-30": "", "2007-03-31": "", "2006-12-31": "", "2006-09-30": "", "2006-06-30": "", "2006-03-31": "", "2005-12-31": "", "2005-09-30": "", "2005-06-30": "", "2005-03-31": ""}, "Receiveable Turnover": {"2020-09-30": "", "2020-06-30": "", "2020-03-31": "", "2019-12-31": "", "2019-09-30": "", "2019-06-30": "", "2019-03-31": "", "2018-12-31": "", "2018-09-30": "", "2018-06-30": "", "2018-03-31": "", "2017-12-31": "", "2017-09-30": "", "2017-06-30": "", "2017-03-31": "", "2016-12-31": "", "2016-09-30": "", "2016-06-30": "", "2016-03-31": "", "2015-12-31": "", "2015-09-30": "", "2015-06-30": "", "2015-03-31": "", "2014-12-31": "", "2014-09-30": "", "2014-06-30": "", "2014-03-31": "", "2013-12-31": "", "2013-09-30": "", "2013-06-30": "", "2013-03-31": "", "2012-12-31": "", "2012-09-30": "", "2012-06-30": "", "2012-03-31": "", "2011-12-31": "", "2011-09-30": "", "2011-06-30": "", "2011-03-31": "", "2010-12-31": "", "2010-09-30": "", "2010-06-30": "", "2010-03-31": "", "2009-12-31": "", "2009-09-30": "", "2009-06-30": "", "2009-03-31": "", "2008-12-31": "", "2008-09-30": "", "2008-06-30": "", "2008-03-31": "", "2007-12-31": "", "2007-09-30": "", "2007-06-30": "", "2007-03-31": "", "2006-12-31": "", "2006-09-30": "", "2006-06-30": "", "2006-03-31": "", "2005-12-31": "", "2005-09-30": "", "2005-06-30": "", "2005-03-31": ""}, "Days Sales In Receivables": {"2020-09-30": "", "2020-06-30": "", "2020-03-31": "", "2019-12-31": "", "2019-09-30": "", "2019-06-30": "", "2019-03-31": "", "2018-12-31": "", "2018-09-30": "", "2018-06-30": "", "2018-03-31": "", "2017-12-31": "", "2017-09-30": "", "2017-06-30": "", "2017-03-31": "", "2016-12-31": "", "2016-09-30": "", "2016-06-30": "", "2016-03-31": "", "2015-12-31": "", "2015-09-30": "", "2015-06-30": "", "2015-03-31": "", "2014-12-31": "", "2014-09-30": "", "2014-06-30": "", "2014-03-31": "", "2013-12-31": "", "2013-09-30": "", "2013-06-30": "", "2013-03-31": "", "2012-12-31": "", "2012-09-30": "", "2012-06-30": "", "2012-03-31": "", "2011-12-31": "", "2011-09-30": "", "2011-06-30": "", "2011-03-31": "", "2010-12-31": "", "2010-09-30": "", "2010-06-30": "", "2010-03-31": "", "2009-12-31": "", "2009-09-30": "", "2009-06-30": "", "2009-03-31": "", "2008-12-31": "", "2008-09-30": "", "2008-06-30": "", "2008-03-31": "", "2007-12-31": "", "2007-09-30": "", "2007-06-30": "", "2007-03-31": "", "2006-12-31": "", "2006-09-30": "", "2006-06-30": "", "2006-03-31": "", "2005-12-31": "", "2005-09-30": "", "2005-06-30": "", "2005-03-31": ""}, "ROE - Return On Equity": {"2020-09-30": "2.11650", "2020-06-30": "-0.60450", "2020-03-31": "0.48280", "2019-12-31": "2.12000", "2019-09-30": "1.99920", "2019-06-30": "2.13750", "2019-03-31": "1.98640", "2018-12-31": "0.70560", "2018-09-30": "2.41690", "2018-06-30": "2.53870", "2018-03-31": "2.10970", "2017-12-31": "2.99580", "2017-09-30": "-0.13870", "2017-06-30": "2.59190", "2017-03-31": "2.22050", "2016-12-31": "3.33510", "2016-09-30": "2.81150", "2016-06-30": "1.53730", "2016-03-31": "0.95650", "2015-12-31": "2.34430", "2015-09-30": "1.81280", "2015-06-30": "3.18730", "2015-03-31": "2.29280", "2014-12-31": "1.87580", "2014-09-30": "2.61520", "2014-06-30": "2.56880", "2014-03-31": "2.49920", "2013-12-31": "3.46230", "2013-09-30": "3.24620", "2013-06-30": "3.26430", "2013-03-31": "3.41060", "2012-12-31": "2.77870", "2012-09-30": "2.37360", "2012-06-30": "1.27320", "2012-03-31": "3.82600", "2011-12-31": "3.02070", "2011-09-30": "-0.16420", "2011-06-30": "2.46340", "2011-03-31": "1.06950", "2010-12-31": "4.25700", "2010-09-30": "2.95470", "2010-06-30": "3.16210", "2010-03-31": "3.65870", "2009-12-31": "4.84570", "2009-09-30": "2.63710", "2009-06-30": "3.23050", "2009-03-31": "3.85240", "2008-12-31": "0.13840", "2008-09-30": "0.35170", "2008-06-30": "4.56910", "2008-03-31": "2.25300", "2007-12-31": "3.43030", "2007-09-30": "4.09160", "2007-06-30": "4.27480", "2007-03-31": "4.68680", "2006-12-31": "4.65820", "2006-09-30": "4.27860", "2006-06-30": "4.59720", "2006-03-31": "3.99010", "2005-12-31": "1.99830", "2005-09-30": "-1.09510", "2005-06-30": "4.44890", "2005-03-31": "4.38620"}, "Return On Tangible Equity": {"2020-09-30": "3.38150", "2020-06-30": "-0.98320", "2020-03-31": "0.80450", "2019-12-31": "3.45280", "2019-09-30": "3.28670", "2019-06-30": "3.56740", "2019-03-31": "3.36180", "2018-12-31": "1.22850", "2018-09-30": "4.17810", "2018-06-30": "4.42970", "2018-03-31": "3.71010", "2017-12-31": "5.26480", "2017-09-30": "-0.24820", "2017-06-30": "4.60540", "2017-03-31": "4.02390", "2016-12-31": "6.14970", "2016-09-30": "5.25100", "2016-06-30": "2.98730", "2016-03-31": "1.94780", "2015-12-31": "2.91230", "2015-09-30": "2.25510", "2015-06-30": "3.99390", "2015-03-31": "2.81570", "2014-12-31": "2.32580", "2014-09-30": "3.19210", "2014-06-30": "3.14070", "2014-03-31": "3.06000", "2013-12-31": "4.26110", "2013-09-30": "4.02580", "2013-06-30": "4.06850", "2013-03-31": "4.13750", "2012-12-31": "3.39160", "2012-09-30": "2.91270", "2012-06-30": "1.56670", "2012-03-31": "4.73000", "2011-12-31": "3.76290", "2011-09-30": "-0.20600", "2011-06-30": "3.08490", "2011-03-31": "1.34070", "2010-12-31": "5.34130", "2010-09-30": "3.56410", "2010-06-30": "3.85230", "2010-03-31": "4.50670", "2009-12-31": "6.05620", "2009-09-30": "3.30190", "2009-06-30": "4.17810", "2009-03-31": "5.16250", "2008-12-31": "0.18690", "2008-09-30": "0.46800", "2008-06-30": "5.86710", "2008-03-31": "2.69830", "2007-12-31": "4.13320", "2007-09-30": "4.93080", "2007-06-30": "5.21160", "2007-03-31": "5.73270", "2006-12-31": "5.75910", "2006-09-30": "5.32420", "2006-06-30": "5.86910", "2006-03-31": "5.13010", "2005-12-31": "2.59080", "2005-09-30": "-1.48820", "2005-06-30": "5.99030", "2005-03-31": "5.94000"}, "ROA - Return On Assets": {"2020-09-30": "0.63580", "2020-06-30": "-0.18240", "2020-03-31": "0.14560", "2019-12-31": "0.66290", "2019-09-30": "0.62290", "2019-06-30": "0.65900", "2019-03-31": "0.60700", "2018-12-31": "0.21160", "2018-09-30": "0.73410", "2018-06-30": "0.77240", "2018-03-31": "0.64110", "2017-12-31": "0.91780", "2017-09-30": "-0.04180", "2017-06-30": "0.80070", "2017-03-31": "0.67900", "2016-12-31": "1.00760", "2016-09-30": "0.84050", "2016-06-30": "0.45320", "2016-03-31": "0.28030", "2015-12-31": "0.66760", "2015-09-30": "0.54010", "2015-06-30": "0.94350", "2015-03-31": "0.69210", "2014-12-31": "0.56490", "2014-09-30": "0.80470", "2014-06-30": "0.79940", "2014-03-31": "0.77120", "2013-12-31": "1.05600", "2013-09-30": "0.96850", "2013-06-30": "0.95100", "2013-03-31": "1.01970", "2012-12-31": "0.82660", "2012-09-30": "0.68440", "2012-06-30": "0.36160", "2012-03-31": "1.08410", "2011-12-31": "0.84170", "2011-09-30": "-0.04400", "2011-06-30": "0.66550", "2011-03-31": "0.29000", "2010-12-31": "1.17330", "2010-09-30": "0.81930", "2010-06-30": "0.84460", "2010-03-31": "0.95170", "2009-12-31": "1.22210", "2009-09-30": "0.63480", "2009-06-30": "0.70720", "2009-03-31": "0.77540", "2008-12-31": "0.02780", "2008-09-30": "0.07190", "2008-06-30": "0.95920", "2008-03-31": "0.51000", "2007-12-31": "0.79350", "2007-09-30": "0.91170", "2007-06-30": "0.91380", "2007-03-31": "1.00470", "2006-12-31": "0.99050", "2006-09-30": "0.87000", "2006-06-30": "0.87630", "2006-03-31": "0.74790", "2005-12-31": "0.37800", "2005-09-30": "-0.18500", "2005-06-30": "0.80350", "2005-03-31": "0.76710"}, "ROI - Return On Investment": {"2020-09-30": "1.67600", "2020-06-30": "-0.48380", "2020-03-31": "0.38350", "2019-12-31": "1.70270", "2019-09-30": "1.60780", "2019-06-30": "1.71200", "2019-03-31": "1.61430", "2018-12-31": "0.56890", "2018-09-30": "1.95140", "2018-06-30": "2.04890", "2018-03-31": "1.68870", "2017-12-31": "2.44390", "2017-09-30": "-0.11280", "2017-06-30": "2.10430", "2017-03-31": "1.77650", "2016-12-31": "2.64430", "2016-09-30": "2.22980", "2016-06-30": "1.21290", "2016-03-31": "0.75000", "2015-12-31": "1.77290", "2015-09-30": "1.58630", "2015-06-30": "2.79430", "2015-03-31": "2.01130", "2014-12-31": "1.68470", "2014-09-30": "2.30380", "2014-06-30": "2.26570", "2014-03-31": "2.21240", "2013-12-31": "3.05830", "2013-09-30": "2.86030", "2013-06-30": "2.86480", "2013-03-31": "2.95510", "2012-12-31": "2.47640", "2012-09-30": "2.11060", "2012-06-30": "1.12630", "2012-03-31": "3.37950", "2011-12-31": "2.65420", "2011-09-30": "-0.14390", "2011-06-30": "2.16210", "2011-03-31": "0.93510", "2010-12-31": "3.71410", "2010-09-30": "2.59590", "2010-06-30": "2.75560", "2010-03-31": "3.17310", "2009-12-31": "4.17520", "2009-09-30": "2.24000", "2009-06-30": "2.69070", "2009-03-31": "3.23630", "2008-12-31": "0.11590", "2008-09-30": "0.29410", "2008-06-30": "3.85830", "2008-03-31": "2.00010", "2007-12-31": "3.09390", "2007-09-30": "3.62370", "2007-06-30": "3.76300", "2007-03-31": "4.11870", "2006-12-31": "4.19880", "2006-09-30": "3.81690", "2006-06-30": "4.06790", "2006-03-31": "3.47200", "2005-12-31": "1.73240", "2005-09-30": "-0.94970", "2005-06-30": "3.78200", "2005-03-31": "3.69890"}, "Book Value Per Share": {"2020-09-30": "124.98010", "2020-06-30": "121.32220", "2020-03-31": "115.64180", "2019-12-31": "122.42130", "2019-09-30": "120.32610", "2019-06-30": "117.96670", "2019-03-31": "114.26760", "2018-12-31": "109.56370", "2018-09-30": "110.46170", "2018-06-30": "109.96930", "2018-03-31": "110.09790", "2017-12-31": "110.32420", "2017-09-30": "108.73650", "2017-06-30": "108.19020", "2017-03-31": "105.35440", "2016-12-31": "103.60130", "2016-09-30": "103.96190", "2016-06-30": "101.55840", "2016-03-31": "98.85550", "2015-12-31": "89.76690", "2015-09-30": "89.88090", "2015-06-30": "91.27150", "2015-03-31": "90.80820", "2014-12-31": "90.02310", "2014-09-30": "90.38220", "2014-06-30": "90.19230", "2014-03-31": "86.89700", "2013-12-31": "84.83080", "2013-09-30": "82.97700", "2013-06-30": "80.25910", "2013-03-31": "82.17150", "2012-12-31": "80.89690", "2012-09-30": "79.36480", "2012-06-30": "75.98040", "2012-03-31": "75.09460", "2011-12-31": "72.21740", "2011-09-30": "70.60260", "2011-06-30": "71.35880", "2011-03-31": "69.32920", "2010-12-31": "68.59080", "2010-09-30": "67.34390", "2010-06-30": "63.20180", "2010-03-31": "60.94310", "2009-12-31": "58.44140", "2009-09-30": "55.70660", "2009-06-30": "49.27450", "2009-03-31": "43.81780", "2008-12-31": "43.29750", "2008-09-30": "46.05950", "2008-06-30": "48.99340", "2008-03-31": "50.32980", "2007-12-31": "50.58160", "2007-09-30": "48.67060", "2007-06-30": "46.15070", "2007-03-31": "45.56380", "2006-12-31": "43.73650", "2006-09-30": "41.45040", "2006-06-30": "38.31320", "2006-03-31": "37.38970", "2005-12-31": "36.53320", "2005-09-30": "35.43470", "2005-06-30": "36.44560", "2005-03-31": "34.67970"}, "Operating Cash Flow Per Share": {"2020-09-30": 7.7852, "2020-06-30": 4.4234, "2020-03-31": "3.76660", "2019-12-31": 3.096, "2019-09-30": 4.8388, "2019-06-30": 3.0205, "2019-03-31": "2.86430", "2018-12-31": 3.3771, "2018-09-30": 3.6718, "2018-06-30": 3.5169, "2018-03-31": "1.17370", "2017-12-31": 2.2426, "2017-09-30": 3.8382, "2017-06-30": 1.3328, "2017-03-31": "2.14290", "2016-12-31": 3.2178, "2016-09-30": 3.5701, "2016-06-30": 2.303, "2016-03-31": "2.26660", "2015-12-31": 3.5011, "2015-09-30": 2.4963, "2015-06-30": 2.5122, "2015-03-31": "3.24100", "2014-12-31": 3.7214, "2014-09-30": 3.3975, "2014-06-30": 2.4897, "2014-03-31": "3.65450", "2013-12-31": 3.7291, "2013-09-30": 2.7034, "2013-06-30": 2.5995, "2013-03-31": "2.65480", "2012-12-31": 2.8333, "2012-09-30": 4.7866, "2012-06-30": 2.3619, "2012-03-31": "1.67400", "2011-12-31": 1.3228, "2011-09-30": 2.822, "2011-06-30": 3.0848, "2011-03-31": "2.95290", "2010-12-31": 2.2738, "2010-09-30": 3.1621, "2010-06-30": 2.5338, "2010-03-31": "2.42160", "2009-12-31": 2.9893, "2009-09-30": 2.9741, "2009-06-30": 2.2449, "2009-03-31": "1.67200", "2008-12-31": 2.8907, "2008-09-30": 3.1595, "2008-06-30": 3.1584, "2008-03-31": "3.04760", "2007-12-31": 2.4307, "2007-09-30": 4.4765, "2007-06-30": 3.439, "2007-03-31": "3.81390", "2006-12-31": 2.4407, "2006-09-30": 4.0695, "2006-06-30": 2.7003, "2006-03-31": "3.33410", "2005-12-31": 2.2036, "2005-09-30": 4.2924, "2005-06-30": 3.7762, "2005-03-31": "4.21820"}, "Free Cash Flow Per Share": {"2020-09-30": 7.7852, "2020-06-30": 4.4234, "2020-03-31": "3.76660", "2019-12-31": 3.096, "2019-09-30": 4.8388, "2019-06-30": 3.0205, "2019-03-31": "2.86430", "2018-12-31": 3.3771, "2018-09-30": 3.6718, "2018-06-30": 3.5169, "2018-03-31": "1.17370", "2017-12-31": 2.2426, "2017-09-30": 3.8382, "2017-06-30": 1.3328, "2017-03-31": "2.14290", "2016-12-31": 3.2178, "2016-09-30": 3.5701, "2016-06-30": 2.303, "2016-03-31": "2.26660", "2015-12-31": 3.5011, "2015-09-30": 2.4963, "2015-06-30": 2.5122, "2015-03-31": "3.24100", "2014-12-31": 3.7214, "2014-09-30": 3.3975, "2014-06-30": 2.4897, "2014-03-31": "3.65450", "2013-12-31": 3.7291, "2013-09-30": 2.7034, "2013-06-30": 2.5995, "2013-03-31": "2.65480", "2012-12-31": 2.8333, "2012-09-30": 4.7866, "2012-06-30": 2.3619, "2012-03-31": "1.67400", "2011-12-31": 1.3228, "2011-09-30": 2.822, "2011-06-30": 3.0848, "2011-03-31": "2.95290", "2010-12-31": 2.2738, "2010-09-30": 3.1621, "2010-06-30": 2.5338, "2010-03-31": "2.42160", "2009-12-31": 2.9893, "2009-09-30": 2.9741, "2009-06-30": 2.2449, "2009-03-31": "1.67200", "2008-12-31": 2.8907, "2008-09-30": 3.1595, "2008-06-30": 3.1584, "2008-03-31": "3.04760", "2007-12-31": 2.4307, "2007-09-30": 4.4765, "2007-06-30": 3.439, "2007-03-31": "3.81390", "2006-12-31": 2.4407, "2006-09-30": 4.0695, "2006-06-30": 2.7003, "2006-03-31": "3.33410", "2005-12-31": 2.2036, "2005-09-30": 4.2924, "2005-06-30": 3.7762, "2005-03-31": "4.21820"}}, "revenue": {"Chubb Annual Revenue (Millions of US $)": {"2020": "$35,994", "2019": "$34,186", "2018": "$32,717", "2017": "$32,243", "2016": "$31,469", "2015": "$18,987", "2014": "$19,171", "2013": "$19,261", "2012": "$17,936", "2011": "$16,834", "2010": "$16,006", "2009": "$15,075", "2008": "$13,632", "2007": "$14,154", "2006": "$13,328", "2005": "$13,088"}, "Chubb Quarterly Revenue (Millions of US $)": {"2020-12-31": "$9,848", "2020-09-30": "$9,464", "2020-06-30": "$8,985", "2020-03-31": "$7,697", "2019-12-31": "$8,738", "2019-09-30": "$9,045", "2019-06-30": "$8,527", "2019-03-31": "$7,876", "2018-12-31": "$7,626", "2018-09-30": "$8,750", "2018-06-30": "$8,510", "2018-03-31": "$7,831", "2017-12-31": "$8,015", "2017-09-30": "$8,610", "2017-06-30": "$8,108", "2017-03-31": "$7,510", "2016-12-31": "$8,168", "2016-09-30": "$8,527", "2016-06-30": "$7,897", "2016-03-31": "$6,877", "2015-12-31": "$4,679", "2015-09-30": "$4,871", "2015-06-30": "$5,048", "2015-03-31": "$4,389", "2014-12-31": "$4,737", "2014-09-30": "$5,200", "2014-06-30": "$4,815", "2014-03-31": "$4,419", "2013-12-31": "$5,074", "2013-09-30": "$5,172", "2013-06-30": "$4,705", "2013-03-31": "$4,310", "2012-12-31": "$4,687", "2012-09-30": "$5,138", "2012-06-30": "$3,926", "2012-03-31": "$4,185", "2011-12-31": "$4,479", "2011-09-30": "$4,294", "2011-06-30": "$4,253", "2011-03-31": "$3,808", "2010-12-31": "$4,409", "2010-09-30": "$3,888", "2010-06-30": "$3,760", "2010-03-31": "$3,949", "2009-12-31": "$4,272", "2009-09-30": "$3,681", "2009-06-30": "$3,547", "2009-03-31": "$3,575", "2008-12-31": "$3,103", "2008-09-30": "$3,619", "2008-06-30": "$3,834", "2008-03-31": "$3,076", "2007-12-31": "$3,495", "2007-09-30": "$3,642", "2007-06-30": "$3,468", "2007-03-31": "$3,549", "2006-12-31": "$3,469", "2006-09-30": "$3,389", "2006-06-30": "$3,289", "2006-03-31": "$3,181", "2005-12-31": "$3,188", "2005-09-30": "$3,494", "2005-06-30": "$3,258", "2005-03-31": "$3,148"}}, "gross-profit": {"Chubb Annual Gross Profit (Millions of US $)": {"2020": "$6,953", "2019": "$8,563", "2018": "$8,148", "2017": "$7,332", "2016": "$8,925", "2015": "$6,019", "2014": "$5,930", "2013": "$6,739", "2012": "$5,316", "2011": "$4,441", "2010": "$5,725", "2009": "$5,198", "2008": "$3,495", "2007": "$4,864", "2006": "$4,420", "2005": "$2,711"}, "Chubb Quarterly Gross Profit (Millions of US $)": {"2020-12-31": "$3,107", "2020-09-30": "$1,786", "2020-06-30": "$592", "2020-03-31": "$1,468", "2019-12-31": "$2,106", "2019-09-30": "$2,232", "2019-06-30": "$2,107", "2019-03-31": "$2,118", "2018-12-31": "$1,374", "2018-09-30": "$2,251", "2018-06-30": "$2,409", "2018-03-31": "$2,114", "2017-12-31": "$2,120", "2017-09-30": "$706", "2017-06-30": "$2,350", "2017-03-31": "$2,156", "2016-12-31": "$2,735", "2016-09-30": "$2,589", "2016-06-30": "$1,937", "2016-03-31": "$1,664", "2015-12-31": "$1,482", "2015-09-30": "$1,368", "2015-06-30": "$1,751", "2015-03-31": "$1,418", "2014-12-31": "$1,423", "2014-09-30": "$1,566", "2014-06-30": "$1,525", "2014-03-31": "$1,416", "2013-12-31": "$1,719", "2013-09-30": "$1,701", "2013-06-30": "$1,680", "2013-03-31": "$1,639", "2012-12-31": "$1,226", "2012-09-30": "$1,352", "2012-06-30": "$1,086", "2012-03-31": "$1,652", "2011-12-31": "$1,442", "2011-09-30": "$797", "2011-06-30": "$1,307", "2011-03-31": "$895", "2010-12-31": "$1,700", "2010-09-30": "$1,301", "2010-06-30": "$1,337", "2010-03-31": "$1,387", "2009-12-31": "$1,744", "2009-09-30": "$1,150", "2009-06-30": "$1,125", "2009-03-31": "$1,179", "2008-12-31": "$670", "2008-09-30": "$578", "2008-06-30": "$1,281", "2008-03-31": "$966", "2007-12-31": "$1,190", "2007-09-30": "$1,230", "2007-06-30": "$1,208", "2007-03-31": "$1,236", "2006-12-31": "$1,180", "2006-09-30": "$1,105", "2006-06-30": "$1,080", "2006-03-31": "$1,055", "2005-12-31": "$598", "2005-09-30": "$229", "2005-06-30": "$948", "2005-03-31": "$936"}}, "operating-income": {"Chubb Annual Operating Income (Millions of US $)": {"2020": "$4,620", "2019": "$5,824", "2018": "$5,357", "2017": "$4,639", "2016": "$6,047", "2015": "$3,629", "2014": "$3,767", "2013": "$4,513", "2012": "$3,226", "2011": "$2,292", "2010": "$3,862", "2009": "$3,302", "2008": "$1,797", "2007": "$3,328", "2006": "$2,999", "2005": "$1,475"}, "Chubb Quarterly Operating Income (Millions of US $)": {"2020-12-31": "$2,828", "2020-09-30": "$1,466", "2020-06-30": "$-265", "2020-03-31": "$599", "2019-12-31": "$1,490", "2019-09-30": "$1,461", "2019-06-30": "$1,502", "2019-03-31": "$1,371", "2018-12-31": "$687", "2018-09-30": "$1,594", "2018-06-30": "$1,692", "2018-03-31": "$1,384", "2017-12-31": "$1,384", "2017-09-30": "$45", "2017-06-30": "$1,724", "2017-03-31": "$1,486", "2016-12-31": "$2,154", "2016-09-30": "$1,904", "2016-06-30": "$1,132", "2016-03-31": "$857", "2015-12-31": "$867", "2015-09-30": "$737", "2015-06-30": "$1,156", "2015-03-31": "$869", "2014-12-31": "$854", "2014-09-30": "$1,031", "2014-06-30": "$984", "2014-03-31": "$898", "2013-12-31": "$1,156", "2013-09-30": "$1,143", "2013-06-30": "$1,079", "2013-03-31": "$1,135", "2012-12-31": "$693", "2012-09-30": "$850", "2012-06-30": "$538", "2012-03-31": "$1,145", "2011-12-31": "$918", "2011-09-30": "$188", "2011-06-30": "$777", "2011-03-31": "$409", "2010-12-31": "$1,167", "2010-09-30": "$893", "2010-06-30": "$871", "2010-03-31": "$931", "2009-12-31": "$1,217", "2009-09-30": "$648", "2009-06-30": "$692", "2009-03-31": "$745", "2008-12-31": "$161", "2008-09-30": "$115", "2008-06-30": "$945", "2008-03-31": "$576", "2007-12-31": "$756", "2007-09-30": "$840", "2007-06-30": "$856", "2007-03-31": "$876", "2006-12-31": "$831", "2006-09-30": "$754", "2006-06-30": "$752", "2006-03-31": "$662", "2005-12-31": "$286", "2005-09-30": "$-54", "2005-06-30": "$638", "2005-03-31": "$605"}}, "ebitda": {"Chubb Annual EBITDA (Millions of US $)": {"2019": "$6,524", "2018": "$6,288", "2017": "$5,593", "2016": "$8,362", "2015": "$3,958", "2014": "$3,955", "2013": "$4,781", "2012": "$3,446", "2011": "$2,444", "2010": "$4,007", "2009": "$3,355", "2008": "$1,796", "2007": "$3,322", "2006": "$3,009", "2005": "$1,565"}, "Chubb Quarterly EBITDA (Millions of US $)": {"2020-09-30": "$1,626", "2020-06-30": "$-88", "2020-03-31": "$759", "2019-12-31": "$1,667", "2019-09-30": "$1,622", "2019-06-30": "$1,670", "2019-03-31": "$1,565", "2018-12-31": "$911", "2018-09-30": "$1,820", "2018-06-30": "$1,933", "2018-03-31": "$1,624", "2017-12-31": "$1,618", "2017-09-30": "$283", "2017-06-30": "$1,958", "2017-03-31": "$1,734", "2016-12-31": "$2,496", "2016-09-30": "$2,406", "2016-06-30": "$1,859", "2016-03-31": "$1,601", "2015-12-31": "$1,081", "2015-09-30": "$781", "2015-06-30": "$1,191", "2015-03-31": "$905", "2014-12-31": "$883", "2014-09-30": "$1,075", "2014-06-30": "$1,046", "2014-03-31": "$951", "2013-12-31": "$1,217", "2013-09-30": "$1,216", "2013-06-30": "$1,147", "2013-03-31": "$1,201", "2012-12-31": "$752", "2012-09-30": "$908", "2012-06-30": "$596", "2012-03-31": "$1,190", "2011-12-31": "$965", "2011-09-30": "$230", "2011-06-30": "$811", "2011-03-31": "$438", "2010-12-31": "$1,209", "2010-09-30": "$935", "2010-06-30": "$902", "2010-03-31": "$961", "2009-12-31": "$1,244", "2009-09-30": "$660", "2009-06-30": "$704", "2009-03-31": "$747", "2008-12-31": "$141", "2008-09-30": "$129", "2008-06-30": "$948", "2008-03-31": "$578", "2007-12-31": "$755", "2007-09-30": "$841", "2007-06-30": "$852", "2007-03-31": "$874", "2006-12-31": "$821", "2006-09-30": "$755", "2006-06-30": "$755", "2006-03-31": "$678", "2005-12-31": "$296", "2005-09-30": "$-28", "2005-06-30": "$661", "2005-03-31": "$636"}}, "net-income": {"Chubb Annual Net Income (Millions of US $)": {"2020": "$3,533", "2019": "$4,454", "2018": "$3,962", "2017": "$3,861", "2016": "$4,135", "2015": "$2,834", "2014": "$2,853", "2013": "$3,758", "2012": "$2,706", "2011": "$1,540", "2010": "$3,085", "2009": "$2,549", "2008": "$1,197", "2007": "$2,578", "2006": "$2,305", "2005": "$1,028"}, "Chubb Quarterly Net Income (Millions of US $)": {"2020-12-31": "$2,418", "2020-09-30": "$1,194", "2020-06-30": "$-331", "2020-03-31": "$252", "2019-12-31": "$1,173", "2019-09-30": "$1,091", "2019-06-30": "$1,150", "2019-03-31": "$1,040", "2018-12-31": "$355", "2018-09-30": "$1,231", "2018-06-30": "$1,294", "2018-03-31": "$1,082", "2017-12-31": "$1,533", "2017-09-30": "$-70", "2017-06-30": "$1,305", "2017-03-31": "$1,093", "2016-12-31": "$1,610", "2016-09-30": "$1,360", "2016-06-30": "$726", "2016-03-31": "$439", "2015-12-31": "$683", "2015-09-30": "$528", "2015-06-30": "$942", "2015-03-31": "$681", "2014-12-31": "$555", "2014-09-30": "$785", "2014-06-30": "$779", "2014-03-31": "$734", "2013-12-31": "$998", "2013-09-30": "$916", "2013-06-30": "$891", "2013-03-31": "$953", "2012-12-31": "$765", "2012-09-30": "$640", "2012-06-30": "$328", "2012-03-31": "$973", "2011-12-31": "$735", "2011-09-30": "$-39", "2011-06-30": "$594", "2011-03-31": "$250", "2010-12-31": "$978", "2010-09-30": "$675", "2010-06-30": "$677", "2010-03-31": "$755", "2009-12-31": "$953", "2009-09-30": "$494", "2009-06-30": "$535", "2009-03-31": "$567", "2008-12-31": "$20", "2008-09-30": "$54", "2008-06-30": "$746", "2008-03-31": "$377", "2007-12-31": "$572", "2007-09-30": "$656", "2007-06-30": "$649", "2007-03-31": "$701", "2006-12-31": "$665", "2006-09-30": "$578", "2006-06-30": "$573", "2006-03-31": "$489", "2005-12-31": "$236", "2005-09-30": "$-112", "2005-06-30": "$467", "2005-03-31": "$437"}}, "eps-earnings-per-share-diluted": {"Chubb Annual EPS": {"2020": "$7.79", "2019": "$9.71", "2018": "$8.49", "2017": "$8.19", "2016": "$8.87", "2015": "$8.62", "2014": "$8.42", "2013": "$10.92", "2012": "$7.89", "2011": "$4.52", "2010": "$9.04", "2009": "$7.55", "2008": "$3.50", "2007": "$7.63", "2006": "$6.91", "2005": "$3.31"}, "Chubb Quarterly EPS": {"2020-12-31": "$5.34", "2020-09-30": "$2.63", "2020-06-30": "$-0.73", "2020-03-31": "$0.55", "2019-12-31": "$2.58", "2019-09-30": "$2.38", "2019-06-30": "$2.50", "2019-03-31": "$2.25", "2018-12-31": "$0.79", "2018-09-30": "$2.64", "2018-06-30": "$2.76", "2018-03-31": "$2.30", "2017-12-31": "$3.26", "2017-09-30": "$-0.15", "2017-06-30": "$2.77", "2017-03-31": "$2.31", "2016-12-31": "$3.48", "2016-09-30": "$2.88", "2016-06-30": "$1.54", "2016-03-31": "$0.97", "2015-12-31": "$2.09", "2015-09-30": "$1.62", "2015-06-30": "$2.86", "2015-03-31": "$2.05", "2014-12-31": "$1.68", "2014-09-30": "$2.32", "2014-06-30": "$2.28", "2014-03-31": "$2.14", "2013-12-31": "$2.90", "2013-09-30": "$2.66", "2013-06-30": "$2.59", "2013-03-31": "$2.77", "2012-12-31": "$2.23", "2012-09-30": "$1.86", "2012-06-30": "$0.96", "2012-03-31": "$2.84", "2011-12-31": "$2.16", "2011-09-30": "$-0.11", "2011-06-30": "$1.74", "2011-03-31": "$0.73", "2010-12-31": "$2.87", "2010-09-30": "$1.97", "2010-06-30": "$1.98", "2010-03-31": "$2.22", "2009-12-31": "$2.82", "2009-09-30": "$1.46", "2009-06-30": "$1.58", "2009-03-31": "$1.69", "2008-12-31": "$0.06", "2008-09-30": "$0.16", "2008-06-30": "$2.18", "2008-03-31": "$1.10", "2007-12-31": "$1.65", "2007-09-30": "$1.95", "2007-06-30": "$1.93", "2007-03-31": "$2.10", "2006-12-31": "$2.00", "2006-09-30": "$1.73", "2006-06-30": "$1.72", "2006-03-31": "$1.46", "2005-12-31": "$0.68", "2005-09-30": "$-0.43", "2005-06-30": "$1.58", "2005-03-31": "$1.48"}}, "shares-outstanding": {"Chubb Annual Shares Outstanding (Millions of Shares)": {"2020": "453", "2019": "459", "2018": "467", "2017": "471", "2016": "466", "2015": "329", "2014": "339", "2013": "344", "2012": "343", "2011": "341", "2010": "341", "2009": "338", "2008": "335", "2007": "332", "2006": "327", "2005": "297"}, "Chubb Quarterly Shares Outstanding (Millions of Shares)": {"2020-12-31": "453", "2020-09-30": "453", "2020-06-30": "451", "2020-03-31": "455", "2019-12-31": "459", "2019-09-30": "458", "2019-06-30": "460", "2019-03-31": "462", "2018-12-31": "467", "2018-09-30": "466", "2018-06-30": "468", "2018-03-31": "469", "2017-12-31": "471", "2017-09-30": "466", "2017-06-30": "472", "2017-03-31": "473", "2016-12-31": "466", "2016-09-30": "471", "2016-06-30": "471", "2016-03-31": "450", "2015-12-31": "329", "2015-09-30": "327", "2015-06-30": "329", "2015-03-31": "332", "2014-12-31": "339", "2014-09-30": "338", "2014-06-30": "341", "2014-03-31": "342", "2013-12-31": "344", "2013-09-30": "344", "2013-06-30": "344", "2013-03-31": "344", "2012-12-31": "343", "2012-09-30": "343", "2012-06-30": "343", "2012-03-31": "342", "2011-12-31": "341", "2011-09-30": "338", "2011-06-30": "342", "2011-03-31": "340", "2010-12-31": "341", "2010-09-30": "342", "2010-06-30": "341", "2010-03-31": "340", "2009-12-31": "338", "2009-09-30": "338", "2009-06-30": "338", "2009-03-31": "336", "2008-12-31": "335", "2008-09-30": "335", "2008-06-30": "335", "2008-03-31": "333", "2007-12-31": "332", "2007-09-30": "331", "2007-06-30": "330", "2007-03-31": "324", "2006-12-31": "327", "2006-09-30": "327", "2006-06-30": "326", "2006-03-31": "326", "2005-12-31": "297", "2005-09-30": "285", "2005-06-30": "288", "2005-03-31": "288"}}, "total-assets": {"Chubb Annual Total Assets (Millions of US $)": {"2019": "$176,943", "2018": "$167,771", "2017": "$167,022", "2016": "$159,786", "2015": "$102,306", "2014": "$98,248", "2013": "$94,510", "2012": "$92,545", "2011": "$87,321", "2010": "$83,355", "2009": "$77,980", "2008": "$72,057", "2007": "$72,090", "2006": "$67,135", "2005": "$62,440"}, "Chubb Quarterly Total Assets (Millions of US $)": {"2020-09-30": "$187,786", "2020-06-30": "$181,474", "2020-03-31": "$173,127", "2019-12-31": "$176,943", "2019-09-30": "$175,148", "2019-06-30": "$174,516", "2019-03-31": "$171,347", "2018-12-31": "$167,771", "2018-09-30": "$167,684", "2018-06-30": "$167,534", "2018-03-31": "$168,781", "2017-12-31": "$167,022", "2017-09-30": "$167,578", "2017-06-30": "$162,988", "2017-03-31": "$160,967", "2016-12-31": "$159,786", "2016-09-30": "$161,810", "2016-06-30": "$160,203", "2016-03-31": "$156,644", "2015-12-31": "$102,306", "2015-09-30": "$97,760", "2015-06-30": "$99,840", "2015-03-31": "$98,398", "2014-12-31": "$98,248", "2014-09-30": "$97,557", "2014-06-30": "$97,447", "2014-03-31": "$95,179", "2013-12-31": "$94,510", "2013-09-30": "$94,584", "2013-06-30": "$93,688", "2013-03-31": "$93,461", "2012-12-31": "$92,545", "2012-09-30": "$93,508", "2012-06-30": "$90,701", "2012-03-31": "$89,749", "2011-12-31": "$87,321", "2011-09-30": "$88,720", "2011-06-30": "$89,254", "2011-03-31": "$86,220", "2010-12-31": "$83,355", "2010-09-30": "$82,388", "2010-06-30": "$80,160", "2010-03-31": "$79,329", "2009-12-31": "$77,980", "2009-09-30": "$77,821", "2009-06-30": "$75,655", "2009-03-31": "$73,127", "2008-12-31": "$72,057", "2008-09-30": "$75,155", "2008-06-30": "$77,776", "2008-03-31": "$73,919", "2007-12-31": "$72,090", "2007-09-30": "$71,954", "2007-06-30": "$71,020", "2007-03-31": "$69,774", "2006-12-31": "$67,135", "2006-09-30": "$66,433", "2006-06-30": "$65,390", "2006-03-31": "$64,847", "2005-12-31": "$62,440", "2005-09-30": "$60,545", "2005-06-30": "$58,123", "2005-03-31": "$56,965"}}, "cash-on-hand": {"Chubb Annual Cash on Hand (Millions of US $)": {"2019": "$1,646", "2018": "$1,340", "2017": "$851", "2016": "$985", "2015": "$1,775", "2014": "$655", "2013": "$579", "2012": "$615", "2011": "$614", "2010": "$772", "2009": "$669", "2008": "$867", "2007": "$510", "2006": "$565", "2005": "$512"}, "Chubb Quarterly Cash on Hand (Millions of US $)": {"2020-09-30": "$1,873", "2020-06-30": "$1,709", "2020-03-31": "$1,658", "2019-12-31": "$1,646", "2019-09-30": "$1,589", "2019-06-30": "$1,368", "2019-03-31": "$1,393", "2018-12-31": "$1,340", "2018-09-30": "$1,157", "2018-06-30": "$1,101", "2018-03-31": "$2,113", "2017-12-31": "$851", "2017-09-30": "$1,088", "2017-06-30": "$1,297", "2017-03-31": "$1,063", "2016-12-31": "$985", "2016-09-30": "$870", "2016-06-30": "$1,011", "2016-03-31": "$1,091", "2015-12-31": "$1,775", "2015-09-30": "$1,038", "2015-06-30": "$790", "2015-03-31": "$948", "2014-12-31": "$655", "2014-09-30": "$806", "2014-06-30": "$594", "2014-03-31": "$847", "2013-12-31": "$579", "2013-09-30": "$768", "2013-06-30": "$679", "2013-03-31": "$855", "2012-12-31": "$615", "2012-09-30": "$690", "2012-06-30": "$617", "2012-03-31": "$715", "2011-12-31": "$614", "2011-09-30": "$766", "2011-06-30": "$833", "2011-03-31": "$1,115", "2010-12-31": "$772", "2010-09-30": "$487", "2010-06-30": "$668", "2010-03-31": "$726", "2009-12-31": "$669", "2009-09-30": "$742", "2009-06-30": "$654", "2009-03-31": "$844", "2008-12-31": "$867", "2008-09-30": "$479", "2008-06-30": "$582", "2008-03-31": "$511", "2007-12-31": "$510", "2007-09-30": "$506", "2007-06-30": "$621", "2007-03-31": "$639", "2006-12-31": "$565", "2006-09-30": "$544", "2006-06-30": "$552", "2006-03-31": "$398", "2005-12-31": "$512", "2005-09-30": "$409", "2005-06-30": "$651", "2005-03-31": "$574"}}, "long-term-debt": {"Chubb Annual Long Term Debt (Millions of US $)": {"2019": "$13,559", "2018": "$12,087", "2017": "$11,556", "2016": "$12,610", "2015": "$9,389", "2014": "$3,357", "2013": "$3,807", "2012": "$3,360", "2011": "$3,360", "2010": "$3,358", "2009": "$3,158", "2008": "$2,806", "2007": "$1,811", "2006": "$1,560", "2005": "$1,811"}, "Chubb Quarterly Long Term Debt (Millions of US $)": {"2020-09-30": "$14,830", "2020-06-30": "$13,656", "2020-03-31": "$13,510", "2019-12-31": "$13,559", "2019-09-30": "$13,285", "2019-06-30": "$13,371", "2019-03-31": "$12,071", "2018-12-31": "$12,087", "2018-09-30": "$12,149", "2018-06-30": "$12,184", "2018-03-31": "$12,786", "2017-12-31": "$11,556", "2017-09-30": "$11,559", "2017-06-30": "$11,667", "2017-03-31": "$12,300", "2016-12-31": "$12,610", "2016-09-30": "$12,621", "2016-06-30": "$12,631", "2016-03-31": "$12,636", "2015-12-31": "$9,389", "2015-09-30": "$4,157", "2015-06-30": "$4,157", "2015-03-31": "$4,157", "2014-12-31": "$3,357", "2014-09-30": "$4,057", "2014-06-30": "$4,057", "2014-03-31": "$3,808", "2013-12-31": "$3,807", "2013-09-30": "$3,807", "2013-06-30": "$3,807", "2013-03-31": "$4,307", "2012-12-31": "$3,360", "2012-09-30": "$3,360", "2012-06-30": "$3,360", "2012-03-31": "$3,360", "2011-12-31": "$3,360", "2011-09-30": "$3,360", "2011-06-30": "$3,360", "2011-03-31": "$3,358", "2010-12-31": "$3,358", "2010-09-30": "$3,158", "2010-06-30": "$3,158", "2010-03-31": "$3,158", "2009-12-31": "$3,158", "2009-09-30": "$3,321", "2009-06-30": "$3,322", "2009-03-31": "$2,802", "2008-12-31": "$2,806", "2008-09-30": "$3,002", "2008-06-30": "$3,008", "2008-03-31": "$2,114", "2007-12-31": "$1,811", "2007-09-30": "$2,068", "2007-06-30": "$2,063", "2007-03-31": "$2,061", "2006-12-31": "$1,560", "2006-09-30": "$1,632", "2006-06-30": "$1,620", "2006-03-31": "$1,812", "2005-12-31": "$1,811", "2005-09-30": "$1,564", "2005-06-30": "$1,849", "2005-03-31": "$1,849"}}, "total-liabilities": {"Chubb Annual Total Liabilities (Millions of US $)": {"2019": "$121,612", "2018": "$117,459", "2017": "$115,850", "2016": "$111,511", "2015": "$73,171", "2014": "$68,661", "2013": "$65,685", "2012": "$65,014", "2011": "$62,989", "2010": "$60,381", "2009": "$58,313", "2008": "$57,611", "2007": "$55,413", "2006": "$52,857", "2005": "$50,628"}, "Chubb Quarterly Total Liabilities (Millions of US $)": {"2020-09-30": "$131,373", "2020-06-30": "$126,714", "2020-03-31": "$120,930", "2019-12-31": "$121,612", "2019-09-30": "$120,576", "2019-06-30": "$120,714", "2019-03-31": "$118,992", "2018-12-31": "$117,459", "2018-09-30": "$116,750", "2018-06-30": "$116,563", "2018-03-31": "$117,494", "2017-12-31": "$115,850", "2017-09-30": "$117,107", "2017-06-30": "$112,639", "2017-03-31": "$111,743", "2016-12-31": "$111,511", "2016-09-30": "$113,438", "2016-06-30": "$112,977", "2016-03-31": "$110,747", "2015-12-31": "$73,171", "2015-09-30": "$68,633", "2015-06-30": "$70,285", "2015-03-31": "$68,696", "2014-12-31": "$68,661", "2014-09-30": "$67,540", "2014-06-30": "$67,122", "2014-03-31": "$65,810", "2013-12-31": "$65,685", "2013-09-30": "$66,366", "2013-06-30": "$66,393", "2013-03-31": "$65,519", "2012-12-31": "$65,014", "2012-09-30": "$66,545", "2012-06-30": "$64,939", "2012-03-31": "$64,318", "2011-12-31": "$62,989", "2011-09-30": "$64,970", "2011-06-30": "$65,141", "2011-03-31": "$62,844", "2010-12-31": "$60,381", "2010-09-30": "$59,543", "2010-06-30": "$58,750", "2010-03-31": "$58,693", "2009-12-31": "$58,313", "2009-09-30": "$59,088", "2009-06-30": "$59,094", "2009-03-31": "$58,409", "2008-12-31": "$57,611", "2008-09-30": "$59,799", "2008-06-30": "$61,449", "2008-03-31": "$57,184", "2007-12-31": "$55,413", "2007-09-30": "$55,919", "2007-06-30": "$55,836", "2007-03-31": "$54,815", "2006-12-31": "$52,857", "2006-09-30": "$52,922", "2006-06-30": "$52,924", "2006-03-31": "$52,690", "2005-12-31": "$50,628", "2005-09-30": "$50,316", "2005-06-30": "$47,624", "2005-03-31": "$46,999"}}, "total-share-holder-equity": {"Chubb Annual Share Holder Equity (Millions of US $)": {"2019": "$55,331", "2018": "$50,312", "2017": "$51,172", "2016": "$48,275", "2015": "$29,135", "2014": "$29,587", "2013": "$28,825", "2012": "$27,531", "2011": "$24,332", "2010": "$22,974", "2009": "$19,667", "2008": "$14,446", "2007": "$16,677", "2006": "$14,278", "2005": "$11,812"}, "Chubb Quarterly Share Holder Equity (Millions of US $)": {"2020-09-30": "$56,413", "2020-06-30": "$54,760", "2020-03-31": "$52,197", "2019-12-31": "$55,331", "2019-09-30": "$54,572", "2019-06-30": "$53,802", "2019-03-31": "$52,355", "2018-12-31": "$50,312", "2018-09-30": "$50,934", "2018-06-30": "$50,971", "2018-03-31": "$51,287", "2017-12-31": "$51,172", "2017-09-30": "$50,471", "2017-06-30": "$50,349", "2017-03-31": "$49,224", "2016-12-31": "$48,275", "2016-09-30": "$48,372", "2016-06-30": "$47,226", "2016-03-31": "$45,897", "2015-12-31": "$29,135", "2015-09-30": "$29,127", "2015-06-30": "$29,555", "2015-03-31": "$29,702", "2014-12-31": "$29,587", "2014-09-30": "$30,017", "2014-06-30": "$30,325", "2014-03-31": "$29,369", "2013-12-31": "$28,825", "2013-09-30": "$28,218", "2013-06-30": "$27,295", "2013-03-31": "$27,942", "2012-12-31": "$27,531", "2012-09-30": "$26,963", "2012-06-30": "$25,762", "2012-03-31": "$25,431", "2011-12-31": "$24,332", "2011-09-30": "$23,750", "2011-06-30": "$24,113", "2011-03-31": "$23,376", "2010-12-31": "$22,974", "2010-09-30": "$22,845", "2010-06-30": "$21,410", "2010-03-31": "$20,636", "2009-12-31": "$19,667", "2009-09-30": "$18,733", "2009-06-30": "$16,561", "2009-03-31": "$14,718", "2008-12-31": "$14,446", "2008-09-30": "$15,356", "2008-06-30": "$16,327", "2008-03-31": "$16,735", "2007-12-31": "$16,677", "2007-09-30": "$16,035", "2007-06-30": "$15,184", "2007-03-31": "$14,959", "2006-12-31": "$14,278", "2006-09-30": "$13,511", "2006-06-30": "$12,466", "2006-03-31": "$12,157", "2005-12-31": "$11,812", "2005-09-30": "$10,229", "2005-06-30": "$10,499", "2005-03-31": "$9,965"}}, "profit-margins": {"current": "9.42%"}, "gross margin": {"2020-12-31": "19.32%", "2020-09-30": "17.06%", "2020-06-30": "18.56%", "2020-03-31": "23.27%", "2019-12-31": "25.05%", "2019-09-30": "23.68%", "2019-06-30": "23.95%", "2019-03-31": "24.88%", "2018-12-31": "24.90%", "2018-09-30": "26.87%", "2018-06-30": "22.29%", "2018-03-31": "22.39%", "2017-12-31": "22.74%", "2017-09-30": "24.53%", "2017-06-30": "30.42%", "2017-03-31": "29.33%", "2016-12-31": "28.36%", "2016-09-30": "27.42%", "2016-06-30": "26.52%", "2016-03-31": "29.17%", "2015-12-31": "31.70%", "2015-09-30": "31.29%", "2015-06-30": "31.78%", "2015-03-31": "30.99%", "2014-12-31": "30.93%", "2014-09-30": "31.92%", "2014-06-30": "32.65%", "2014-03-31": "33.64%", "2013-12-31": "34.99%", "2013-09-30": "33.09%", "2013-06-30": "31.30%", "2013-03-31": "29.36%", "2012-12-31": "29.64%", "2012-09-30": "31.20%", "2012-06-30": "29.48%", "2012-03-31": "30.20%", "2011-12-31": "26.38%", "2011-09-30": "28.03%", "2011-06-30": "31.81%", "2011-03-31": "32.98%", "2010-12-31": "35.77%", "2010-09-30": "36.35%", "2010-06-30": "35.87%", "2010-03-31": "34.99%", "2009-12-31": "34.48%", "2009-09-30": "29.66%", "2009-06-30": "25.66%", "2009-03-31": "26.24%", "2008-12-31": "25.64%", "2008-09-30": "28.63%", "2008-06-30": "33.22%", "2008-03-31": "33.58%", "2007-12-31": "34.36%", "2007-09-30": "34.36%", "2007-06-30": "34.08%", "2007-03-31": "33.59%", "2006-12-31": "33.16%", "2006-09-30": "29.42%", "2006-06-30": "22.52%", "2006-03-31": "21.57%", "2005-12-31": "20.71%"}, "operating margin": {"2020-12-31": "12.86%", "2020-09-30": "9.43%", "2020-06-30": "9.53%", "2020-03-31": "14.86%", "2019-12-31": "17.04%", "2019-09-30": "15.18%", "2019-06-30": "15.72%", "2019-03-31": "16.31%", "2018-12-31": "16.37%", "2018-09-30": "18.29%", "2018-06-30": "13.67%", "2018-03-31": "13.93%", "2017-12-31": "14.39%", "2017-09-30": "16.70%", "2017-06-30": "22.49%", "2017-03-31": "20.80%", "2016-12-31": "19.22%", "2016-09-30": "17.01%", "2016-06-30": "14.77%", "2016-03-31": "16.84%", "2015-12-31": "19.11%", "2015-09-30": "18.99%", "2015-06-30": "20.18%", "2015-03-31": "19.53%", "2014-12-31": "19.65%", "2014-09-30": "20.86%", "2014-06-30": "21.46%", "2014-03-31": "22.08%", "2013-12-31": "23.43%", "2013-09-30": "21.46%", "2013-06-30": "19.94%", "2013-03-31": "17.81%", "2012-12-31": "17.99%", "2012-09-30": "19.47%", "2012-06-30": "16.52%", "2012-03-31": "17.59%", "2011-12-31": "13.62%", "2011-09-30": "15.16%", "2011-06-30": "19.84%", "2011-03-31": "21.05%", "2010-12-31": "24.13%", "2010-09-30": "24.65%", "2010-06-30": "23.41%", "2010-03-31": "22.58%", "2009-12-31": "21.90%", "2009-09-30": "16.15%", "2009-06-30": "12.37%", "2009-03-31": "13.91%", "2008-12-31": "13.18%", "2008-09-30": "17.06%", "2008-06-30": "22.19%", "2008-03-31": "22.13%", "2007-12-31": "23.51%", "2007-09-30": "24.09%", "2007-06-30": "23.91%", "2007-03-31": "23.46%", "2006-12-31": "22.50%", "2006-09-30": "18.81%", "2006-06-30": "12.52%", "2006-03-31": "11.68%", "2005-12-31": "11.27%"}, "ebitda margin": {"2020-09-30": "11.36%", "2020-06-30": "11.49%", "2020-03-31": "16.81%", "2019-12-31": "19.08%", "2019-09-30": "17.44%", "2019-06-30": "18.20%", "2019-03-31": "19.01%", "2018-12-31": "19.22%", "2018-09-30": "21.13%", "2018-06-30": "16.56%", "2018-03-31": "16.84%", "2017-12-31": "17.35%", "2017-09-30": "19.97%", "2017-06-30": "26.60%", "2017-03-31": "26.46%", "2016-12-31": "26.57%", "2016-09-30": "24.83%", "2016-06-30": "21.88%", "2016-03-31": "21.67%", "2015-12-31": "20.85%", "2015-09-30": "19.74%", "2015-06-30": "20.92%", "2015-03-31": "20.42%", "2014-12-31": "20.63%", "2014-09-30": "21.99%", "2014-06-30": "22.74%", "2014-03-31": "23.39%", "2013-12-31": "24.82%", "2013-09-30": "22.87%", "2013-06-30": "21.27%", "2013-03-31": "19.14%", "2012-12-31": "19.21%", "2012-09-30": "20.64%", "2012-06-30": "17.66%", "2012-03-31": "18.57%", "2011-12-31": "14.52%", "2011-09-30": "16.03%", "2011-06-30": "20.74%", "2011-03-31": "21.96%", "2010-12-31": "25.03%", "2010-09-30": "25.47%", "2010-06-30": "24.05%", "2010-03-31": "23.10%", "2009-12-31": "22.26%", "2009-09-30": "16.19%", "2009-06-30": "12.43%", "2009-03-31": "13.91%", "2008-12-31": "13.17%", "2008-09-30": "17.18%", "2008-06-30": "22.23%", "2008-03-31": "22.12%", "2007-12-31": "23.47%", "2007-09-30": "23.98%", "2007-06-30": "23.80%", "2007-03-31": "23.40%", "2006-12-31": "22.58%", "2006-09-30": "19.04%", "2006-06-30": "12.93%", "2006-03-31": "12.25%", "2005-12-31": "11.96%"}, "pre tax profit margin": {"2020-12-31": "11.56%", "2020-09-30": "7.89%", "2020-06-30": "7.94%", "2020-03-31": "13.20%", "2019-12-31": "15.35%", "2019-09-30": "13.37%", "2019-06-30": "13.77%", "2019-03-31": "14.25%", "2018-12-31": "14.23%", "2018-09-30": "15.99%", "2018-06-30": "11.30%", "2018-03-31": "11.42%", "2017-12-31": "11.54%", "2017-09-30": "13.71%", "2017-06-30": "19.29%", "2017-03-31": "17.47%", "2016-12-31": "15.73%", "2016-09-30": "13.69%", "2016-06-30": "11.73%", "2016-03-31": "14.24%", "2015-12-31": "17.36%", "2015-09-30": "17.50%", "2015-06-30": "18.76%", "2015-03-31": "18.08%", "2014-12-31": "18.19%", "2014-09-30": "19.41%", "2014-06-30": "20.00%", "2014-03-31": "20.60%", "2013-12-31": "22.00%", "2013-09-30": "20.04%", "2013-06-30": "18.57%", "2013-03-31": "16.43%", "2012-12-31": "16.59%", "2012-09-30": "18.06%", "2012-06-30": "15.04%", "2012-03-31": "16.15%", "2011-12-31": "12.13%", "2011-09-30": "13.67%", "2011-06-30": "18.35%", "2011-03-31": "19.57%", "2010-12-31": "22.73%", "2010-09-30": "23.28%", "2010-06-30": "22.01%", "2010-03-31": "21.13%", "2009-12-31": "20.41%", "2009-09-30": "14.55%", "2009-06-30": "10.70%", "2009-03-31": "12.24%", "2008-12-31": "11.50%", "2008-09-30": "15.49%", "2008-06-30": "20.80%", "2008-03-31": "20.85%", "2007-12-31": "22.28%", "2007-09-30": "22.86%", "2007-06-30": "22.64%", "2007-03-31": "22.15%", "2006-12-31": "21.18%", "2006-09-30": "17.43%", "2006-06-30": "11.17%", "2006-03-31": "10.34%", "2005-12-31": "9.94%"}, "net profit margin": {"2020-12-31": "9.82%", "2020-09-30": "6.56%", "2020-06-30": "6.34%", "2020-03-31": "10.78%", "2019-12-31": "13.03%", "2019-09-30": "10.99%", "2019-06-30": "11.52%", "2019-03-31": "11.97%", "2018-12-31": "12.11%", "2018-09-30": "15.53%", "2018-06-30": "11.65%", "2018-03-31": "11.82%", "2017-12-31": "11.97%", "2017-09-30": "12.16%", "2017-06-30": "16.61%", "2017-03-31": "14.92%", "2016-12-31": "13.14%", "2016-09-30": "11.47%", "2016-06-30": "9.77%", "2016-03-31": "12.07%", "2015-12-31": "14.93%", "2015-09-30": "14.21%", "2015-06-30": "15.29%", "2015-03-31": "14.63%", "2014-12-31": "14.88%", "2014-09-30": "16.90%", "2014-06-30": "17.59%", "2014-03-31": "18.27%", "2013-12-31": "19.51%", "2013-09-30": "18.68%", "2013-06-30": "17.25%", "2013-03-31": "14.87%", "2012-12-31": "15.09%", "2012-09-30": "15.09%", "2012-06-30": "11.83%", "2012-03-31": "13.15%", "2011-12-31": "9.15%", "2011-09-30": "10.64%", "2011-06-30": "15.26%", "2011-03-31": "16.26%", "2010-12-31": "19.27%", "2010-09-30": "19.28%", "2010-06-30": "18.38%", "2010-03-31": "17.72%", "2009-12-31": "16.91%", "2009-09-30": "11.62%", "2009-06-30": "8.49%", "2009-03-31": "9.82%", "2008-12-31": "8.78%", "2008-09-30": "12.47%", "2008-06-30": "16.74%", "2008-03-31": "16.48%", "2007-12-31": "18.21%", "2007-09-30": "18.91%", "2007-06-30": "18.69%", "2007-03-31": "18.38%", "2006-12-31": "17.29%", "2006-09-30": "14.38%", "2006-06-30": "9.02%", "2006-03-31": "8.23%", "2005-12-31": "7.85%"}, "pe ratio": {"current": "22.27", "2021-02-05": "66.35", "2020-12-31": "62.82", "2020-09-30": "23.01", "2020-06-30": "26.24", "2020-03-31": "13.72", "2019-12-31": "15.65", "2019-09-30": "19.85", "2019-06-30": "17.45", "2019-03-31": "16.01", "2018-12-31": "14.59", "2018-09-30": "11.58", "2018-06-30": "14.68", "2018-03-31": "15.69", "2017-12-31": "16.66", "2017-09-30": "15.90", "2017-06-30": "11.84", "2017-03-31": "12.38", "2016-12-31": "13.75", "2016-09-30": "15.32", "2016-06-30": "19.06", "2016-03-31": "14.23", "2015-12-31": "12.16", "2015-09-30": "11.25", "2015-06-30": "10.12", "2015-03-31": "11.81", "2014-12-31": "11.97", "2014-09-30": "9.47", "2014-06-30": "8.93", "2014-03-31": "8.27", "2013-12-31": "8.10", "2013-09-30": "7.77", "2013-06-30": "7.94", "2013-03-31": "9.49", "2012-12-31": "8.39", "2012-09-30": "7.92", "2012-06-30": "10.19", "2012-03-31": "8.85", "2011-12-31": "12.12", "2011-09-30": "9.07", "2011-06-30": "7.07", "2011-03-31": "6.73", "2010-12-31": "5.40", "2010-09-30": "5.09", "2010-06-30": "4.71", "2010-03-31": "5.03", "2009-12-31": "5.15", "2009-09-30": "8.55", "2009-06-30": "9.59", "2009-03-31": "7.44", "2008-12-31": "11.22", "2008-09-30": "7.81", "2008-06-30": "5.90", "2008-03-31": "6.10", "2007-12-31": "5.93", "2007-09-30": "5.58", "2007-06-30": "5.89", "2007-03-31": "5.50", "2006-12-31": "6.35"}, "price sales": {"2021-02-05": "2.05", "2020-12-31": "1.94", "2020-09-30": "1.51", "2020-06-30": "1.65", "2020-03-31": "1.48", "2019-12-31": "2.04", "2019-09-30": "2.19", "2019-06-30": "2.01", "2019-03-31": "1.91", "2018-12-31": "1.76", "2018-09-30": "1.80", "2018-06-30": "1.71", "2018-03-31": "1.85", "2017-12-31": "1.99", "2017-09-30": "1.92", "2017-06-30": "1.96", "2017-03-31": "1.84", "2016-12-31": "1.79", "2016-09-30": "1.78", "2016-06-30": "1.94", "2016-03-31": "1.80", "2015-12-31": "1.82", "2015-09-30": "1.61", "2015-06-30": "1.55", "2015-03-31": "1.73", "2014-12-31": "1.78", "2014-09-30": "1.60", "2014-06-30": "1.57", "2014-03-31": "1.51", "2013-12-31": "1.58", "2013-09-30": "1.45", "2013-06-30": "1.37", "2013-03-31": "1.41", "2012-12-31": "1.26", "2012-09-30": "1.20", "2012-06-30": "1.22", "2012-03-31": "1.18", "2011-12-31": "1.14", "2011-09-30": "0.99", "2011-06-30": "1.09", "2011-03-31": "1.10", "2010-12-31": "1.05", "2010-09-30": "0.98", "2010-06-30": "0.86", "2010-03-31": "0.89", "2009-12-31": "0.87", "2009-09-30": "0.99", "2009-06-30": "0.81", "2009-03-31": "0.73", "2008-12-31": "0.97", "2008-09-30": "0.96", "2008-06-30": "0.97", "2008-03-31": "0.99", "2007-12-31": "1.06", "2007-09-30": "1.03", "2007-06-30": "1.08", "2007-03-31": "0.99", "2006-12-31": "1.07"}, "price book": {"current": "1.23", "2021-02-05": "1.30", "2020-09-30": "0.92", "2020-06-30": "1.03", "2020-03-31": "0.95", "2019-12-31": "1.24", "2019-09-30": "1.30", "2019-06-30": "1.21", "2019-03-31": "1.18", "2018-12-31": "1.13", "2018-09-30": "1.15", "2018-06-30": "1.09", "2018-03-31": "1.17", "2017-12-31": "1.24", "2017-09-30": "1.22", "2017-06-30": "1.24", "2017-03-31": "1.19", "2016-12-31": "1.17", "2016-09-30": "1.10", "2016-06-30": "1.17", "2016-03-31": "1.09", "2015-12-31": "1.17", "2015-09-30": "1.03", "2015-06-30": "0.99", "2015-03-31": "1.08", "2014-12-31": "1.12", "2014-09-30": "1.01", "2014-06-30": "0.99", "2014-03-31": "0.98", "2013-12-31": "1.04", "2013-09-30": "0.96", "2013-06-30": "0.93", "2013-03-31": "0.90", "2012-12-31": "0.82", "2012-09-30": "0.78", "2012-06-30": "0.79", "2012-03-31": "0.79", "2011-12-31": "0.78", "2011-09-30": "0.69", "2011-06-30": "0.74", "2011-03-31": "0.74", "2010-12-31": "0.72", "2010-09-30": "0.68", "2010-06-30": "0.63", "2010-03-31": "0.67", "2009-12-31": "0.66", "2009-09-30": "0.74", "2009-06-30": "0.68", "2009-03-31": "0.70", "2008-12-31": "0.91", "2008-09-30": "0.87", "2008-06-30": "0.84", "2008-03-31": "0.81", "2007-12-31": "0.90", "2007-09-30": "0.91", "2007-06-30": "0.99", "2007-03-31": "0.91", "2006-12-31": "1.00", "2006-09-30": "0.95", "2006-06-30": "0.95", "2006-03-31": "0.99"}, "price fcf": {"2021-02-05": "", "2020-09-30": "$19.07", "2020-06-30": "$16.12", "2020-03-31": "$14.72", "2019-12-31": "$13.82", "2019-09-30": "$14.10", "2019-06-30": "$12.93", "2019-03-31": "$13.43", "2018-12-31": "$11.74", "2018-09-30": "$10.61", "2018-06-30": "$10.77", "2018-03-31": "$8.59", "2017-12-31": "$9.56", "2017-09-30": "$10.53", "2017-06-30": "$10.26", "2017-03-31": "$11.23", "2016-12-31": "$11.36", "2016-09-30": "$11.64", "2016-06-30": "$10.57", "2016-03-31": "$10.78", "2015-12-31": "$11.75", "2015-09-30": "$11.97", "2015-06-30": "$12.87", "2015-03-31": "$12.85", "2014-12-31": "$13.26", "2014-09-30": "$13.27", "2014-06-30": "$12.58", "2014-03-31": "$12.69", "2013-12-31": "$11.69", "2013-09-30": "$10.79", "2013-06-30": "$12.87", "2013-03-31": "$12.64", "2012-12-31": "$11.66", "2012-09-30": "$10.15", "2012-06-30": "$8.18", "2012-03-31": "$8.90", "2011-12-31": "$10.18", "2011-09-30": "$11.13", "2011-06-30": "$11.47", "2011-03-31": "$10.92", "2010-12-31": "$10.39", "2010-09-30": "$11.11", "2010-06-30": "$10.92", "2010-03-31": "$10.63", "2009-12-31": "$9.88", "2009-09-30": "$9.78", "2009-06-30": "$9.97", "2009-03-31": "$10.88", "2008-12-31": "$12.26", "2008-09-30": "$11.80", "2008-06-30": "$13.11", "2008-03-31": "$13.39", "2007-12-31": "$14.16", "2007-09-30": "$14.17", "2007-06-30": "$13.76", "2007-03-31": "$13.02", "2006-12-31": "$12.54"}, "net worth": {"value": "$73.37B"}, "current ratio": {"2020-12-31": "0.33", "2020-09-30": "0.25", "2020-06-30": "0.25", "2020-03-31": "0.26", "2019-12-31": "0.26", "2019-09-30": "0.26", "2019-06-30": "0.27", "2019-03-31": "0.26", "2018-12-31": "0.27", "2018-09-30": "0.26", "2018-06-30": "0.26", "2018-03-31": "0.26", "2017-12-31": "0.25", "2017-09-30": "0.25", "2017-06-30": "0.25", "2017-03-31": "0.25", "2016-12-31": "0.25", "2016-09-30": "0.24", "2016-06-30": "0.24", "2016-03-31": "0.23", "2015-12-31": "0.30", "2015-09-30": "0.28", "2015-06-30": "0.29", "2015-03-31": "0.28", "2014-12-31": "0.29", "2014-09-30": "0.28", "2014-06-30": "0.28", "2014-03-31": "0.28", "2013-12-31": "0.28", "2013-09-30": "0.29", "2013-06-30": "0.29", "2013-03-31": "0.28", "2012-12-31": "0.29", "2012-09-30": "0.30", "2012-06-30": "0.30", "2012-03-31": "0.30", "2011-12-31": "0.31", "2011-09-30": "0.33", "2011-06-30": "0.33", "2011-03-31": "0.34", "2010-12-31": "0.33", "2010-09-30": "0.33", "2010-06-30": "0.34", "2010-03-31": "0.34", "2009-12-31": "0.35", "2009-09-30": "0.35", "2009-06-30": "0.34", "2009-03-31": "0.35", "2008-12-31": "0.35", "2008-09-30": "0.34", "2008-06-30": "0.34", "2008-03-31": "0.35", "2007-12-31": "0.36", "2007-09-30": "0.36", "2007-06-30": "0.37", "2007-03-31": "0.38", "2006-12-31": "0.39", "2006-09-30": "0.40", "2006-06-30": "0.41", "2006-03-31": "0.41", "2005-12-31": "0.42", "2005-09-30": "0.43", "2005-06-30": "0.43", "2005-03-31": "0.44"}, "quick ratio": {"2020-12-31": "0.00", "2020-09-30": "0.00", "2020-06-30": "0.00", "2020-03-31": "0.00", "2019-12-31": "0.00", "2019-09-30": "0.00", "2019-06-30": "0.00", "2019-03-31": "0.00", "2018-12-31": "0.00", "2018-09-30": "0.00", "2018-06-30": "0.00", "2018-03-31": "0.00", "2017-12-31": "0.00", "2017-09-30": "0.00", "2017-06-30": "0.00", "2017-03-31": "0.00", "2016-12-31": "0.00", "2016-09-30": "0.00", "2016-06-30": "0.00", "2016-03-31": "0.00", "2015-12-31": "0.00", "2015-09-30": "0.00", "2015-06-30": "0.00", "2015-03-31": "0.00", "2014-12-31": "0.00", "2014-09-30": "0.00", "2014-06-30": "0.00", "2014-03-31": "0.00", "2013-12-31": "0.00", "2013-09-30": "0.00", "2013-06-30": "0.00", "2013-03-31": "0.00", "2012-12-31": "0.00", "2012-09-30": "0.00", "2012-06-30": "0.00", "2012-03-31": "0.00", "2011-12-31": "0.00", "2011-09-30": "0.00", "2011-06-30": "0.00", "2011-03-31": "0.00", "2010-12-31": "0.00", "2010-09-30": "0.00", "2010-06-30": "0.00", "2010-03-31": "0.00", "2009-12-31": "0.00", "2009-09-30": "0.00", "2009-06-30": "0.00", "2009-03-31": "0.00", "2008-12-31": "0.00", "2008-09-30": "0.00", "2008-06-30": "0.00", "2008-03-31": "0.00", "2007-12-31": "0.00", "2007-09-30": "0.00", "2007-06-30": "0.00", "2007-03-31": "0.00", "2006-12-31": "0.00", "2006-09-30": "0.00", "2006-06-30": "0.00", "2006-03-31": "0.00", "2005-12-31": "0.00", "2005-09-30": "0.00", "2005-06-30": "0.00", "2005-03-31": "0.00"}, "debt equity ratio": {"current": "0.26", "2020-12-31": "2.21", "2020-09-30": "2.33", "2020-06-30": "2.31", "2020-03-31": "2.32", "2019-12-31": "2.20", "2019-09-30": "2.21", "2019-06-30": "2.24", "2019-03-31": "2.27", "2018-12-31": "2.34", "2018-09-30": "2.29", "2018-06-30": "2.29", "2018-03-31": "2.29", "2017-12-31": "2.26", "2017-09-30": "2.32", "2017-06-30": "2.24", "2017-03-31": "2.27", "2016-12-31": "2.31", "2016-09-30": "2.35", "2016-06-30": "2.39", "2016-03-31": "2.41", "2015-12-31": "2.51", "2015-09-30": "2.36", "2015-06-30": "2.38", "2015-03-31": "2.31", "2014-12-31": "2.32", "2014-09-30": "2.25", "2014-06-30": "2.21", "2014-03-31": "2.24", "2013-12-31": "2.28", "2013-09-30": "2.35", "2013-06-30": "2.43", "2013-03-31": "2.35", "2012-12-31": "2.36", "2012-09-30": "2.47", "2012-06-30": "2.52", "2012-03-31": "2.53", "2011-12-31": "2.59", "2011-09-30": "2.74", "2011-06-30": "2.70", "2011-03-31": "2.69", "2010-12-31": "2.63", "2010-09-30": "2.61", "2010-06-30": "2.74", "2010-03-31": "2.84", "2009-12-31": "2.97", "2009-09-30": "3.15", "2009-06-30": "3.57", "2009-03-31": "3.97", "2008-12-31": "3.99", "2008-09-30": "3.89", "2008-06-30": "3.76", "2008-03-31": "3.42", "2007-12-31": "3.32", "2007-09-30": "3.49", "2007-06-30": "3.68", "2007-03-31": "3.66", "2006-12-31": "3.70", "2006-09-30": "3.92", "2006-06-30": "4.25", "2006-03-31": "4.33", "2005-12-31": "4.29", "2005-09-30": "4.92", "2005-06-30": "4.54", "2005-03-31": "4.72"}, "return on equity": {"2020-12-31": "6.34%", "2020-09-30": "4.18%", "2020-06-30": "4.03%", "2020-03-31": "6.79%", "2019-12-31": "8.25%", "2019-09-30": "6.89%", "2019-06-30": "7.28%", "2019-03-31": "7.66%", "2018-12-31": "7.79%", "2018-09-30": "10.06%", "2018-06-30": "7.53%", "2018-03-31": "7.58%", "2017-12-31": "7.68%", "2017-09-30": "7.94%", "2017-06-30": "10.94%", "2017-03-31": "9.92%", "2016-12-31": "8.72%", "2016-09-30": "7.52%", "2016-06-30": "6.28%", "2016-03-31": "7.75%", "2015-12-31": "9.65%", "2015-09-30": "9.18%", "2015-06-30": "9.97%", "2015-03-31": "9.36%", "2014-12-31": "9.57%", "2014-09-30": "11.12%", "2014-06-30": "11.74%", "2014-03-31": "12.45%", "2013-12-31": "13.39%", "2013-09-30": "12.70%", "2013-06-30": "11.84%", "2013-03-31": "9.93%", "2012-12-31": "10.24%", "2012-09-30": "10.44%", "2012-06-30": "8.05%", "2012-03-31": "9.27%", "2011-12-31": "6.45%", "2011-09-30": "7.57%", "2011-06-30": "10.70%", "2011-03-31": "11.39%", "2010-12-31": "14.04%", "2010-09-30": "14.48%", "2010-06-30": "14.32%", "2010-03-31": "14.48%", "2009-12-31": "14.63%", "2009-09-30": "10.03%", "2009-06-30": "7.70%", "2009-03-31": "9.12%", "2008-12-31": "7.62%", "2008-09-30": "10.75%", "2008-06-30": "14.30%", "2008-03-31": "13.95%", "2007-12-31": "16.41%", "2007-09-30": "17.67%", "2007-06-30": "17.90%", "2007-03-31": "18.23%", "2006-12-31": "17.59%", "2006-09-30": "15.02%", "2006-06-30": "10.17%", "2006-03-31": "9.67%", "2005-12-31": "9.67%"}, "return on assets": {"2020-12-31": "1.93%", "2020-09-30": "1.27%", "2020-06-30": "1.24%", "2020-03-31": "2.10%", "2019-12-31": "2.55%", "2019-09-30": "2.11%", "2019-06-30": "2.22%", "2019-03-31": "2.33%", "2018-12-31": "2.36%", "2018-09-30": "3.06%", "2018-06-30": "2.29%", "2018-03-31": "2.31%", "2017-12-31": "2.35%", "2017-09-30": "2.42%", "2017-06-30": "3.33%", "2017-03-31": "2.98%", "2016-12-31": "2.59%", "2016-09-30": "2.21%", "2016-06-30": "1.84%", "2016-03-31": "2.27%", "2015-12-31": "2.85%", "2015-09-30": "2.75%", "2015-06-30": "3.01%", "2015-03-31": "2.86%", "2014-12-31": "2.94%", "2014-09-30": "3.43%", "2014-06-30": "3.59%", "2014-03-31": "3.75%", "2013-12-31": "4.00%", "2013-09-30": "3.77%", "2013-06-30": "3.48%", "2013-03-31": "2.90%", "2012-12-31": "2.95%", "2012-09-30": "2.96%", "2012-06-30": "2.24%", "2012-03-31": "2.55%", "2011-12-31": "1.75%", "2011-09-30": "2.05%", "2011-06-30": "2.93%", "2011-03-31": "3.11%", "2010-12-31": "3.79%", "2010-09-30": "3.83%", "2010-06-30": "3.65%", "2010-03-31": "3.52%", "2009-12-31": "3.35%", "2009-09-30": "2.16%", "2009-06-30": "1.59%", "2009-03-31": "1.86%", "2008-12-31": "1.60%", "2008-09-30": "2.34%", "2008-06-30": "3.18%", "2008-03-31": "3.12%", "2007-12-31": "3.62%", "2007-09-30": "3.82%", "2007-06-30": "3.78%", "2007-03-31": "3.75%", "2006-12-31": "3.50%", "2006-09-30": "2.90%", "2006-06-30": "1.87%", "2006-03-31": "1.76%", "2005-12-31": "1.73%"}, "return on investments": {"2020-12-31": "9.01%", "2020-09-30": "4.80%", "2020-06-30": "4.85%", "2020-03-31": "7.49%", "2019-12-31": "8.68%", "2019-09-30": "7.67%", "2019-06-30": "8.02%", "2019-03-31": "8.45%", "2018-12-31": "8.48%", "2018-09-30": "9.57%", "2018-06-30": "7.15%", "2018-03-31": "7.23%", "2017-12-31": "7.47%", "2017-09-30": "8.78%", "2017-06-30": "11.85%", "2017-03-31": "10.98%", "2016-12-31": "10.07%", "2016-09-30": "8.74%", "2016-06-30": "7.56%", "2016-03-31": "8.82%", "2015-12-31": "10.41%", "2015-09-30": "10.81%", "2015-06-30": "11.62%", "2015-03-31": "11.05%", "2014-12-31": "11.20%", "2014-09-30": "12.12%", "2014-06-30": "12.65%", "2014-03-31": "13.27%", "2013-12-31": "14.10%", "2013-09-30": "12.83%", "2013-06-30": "12.06%", "2013-03-31": "10.49%", "2012-12-31": "10.83%", "2012-09-30": "11.91%", "2012-06-30": "9.90%", "2012-03-31": "10.91%", "2011-12-31": "8.41%", "2011-09-30": "9.44%", "2011-06-30": "12.19%", "2011-03-31": "12.89%", "2010-12-31": "15.34%", "2010-09-30": "16.10%", "2010-06-30": "15.73%", "2010-03-31": "15.76%", "2009-12-31": "16.05%", "2009-09-30": "11.71%", "2009-06-30": "9.38%", "2009-03-31": "10.85%", "2008-12-31": "9.74%", "2008-09-30": "12.75%", "2008-06-30": "16.67%", "2008-03-31": "16.66%", "2007-12-31": "18.79%", "2007-09-30": "19.96%", "2007-06-30": "20.33%", "2007-03-31": "20.70%", "2006-12-31": "20.32%", "2006-09-30": "17.28%", "2006-06-30": "12.31%", "2006-03-31": "11.85%", "2005-12-31": "11.90%"}, "return on tangible equity": {"2020-09-30": "6.82%", "2020-06-30": "6.61%", "2020-03-31": "11.22%", "2019-12-31": "13.67%", "2019-09-30": "11.61%", "2019-06-30": "12.43%", "2019-03-31": "13.23%", "2018-12-31": "13.58%", "2018-09-30": "17.58%", "2018-06-30": "13.27%", "2018-03-31": "13.41%", "2017-12-31": "13.69%", "2017-09-30": "14.33%", "2017-06-30": "19.96%", "2017-03-31": "18.50%", "2016-12-31": "16.72%", "2016-09-30": "13.34%", "2016-06-30": "10.14%", "2016-03-31": "11.15%", "2015-12-31": "11.98%", "2015-09-30": "11.39%", "2015-06-30": "12.32%", "2015-03-31": "11.49%", "2014-12-31": "11.74%", "2014-09-30": "13.62%", "2014-06-30": "14.43%", "2014-03-31": "15.38%", "2013-12-31": "16.50%", "2013-09-30": "15.62%", "2013-06-30": "14.53%", "2013-03-31": "12.14%", "2012-12-31": "12.58%", "2012-09-30": "12.89%", "2012-06-30": "9.99%", "2012-03-31": "11.56%", "2011-12-31": "8.07%", "2011-09-30": "9.49%", "2011-06-30": "13.29%", "2011-03-31": "14.05%", "2010-12-31": "17.24%", "2010-09-30": "17.74%", "2010-06-30": "17.71%", "2010-03-31": "18.17%", "2009-12-31": "18.71%", "2009-09-30": "13.07%", "2009-06-30": "10.22%", "2009-03-31": "12.08%", "2008-12-31": "9.79%", "2008-09-30": "13.44%", "2008-06-30": "17.47%", "2008-03-31": "16.83%", "2007-12-31": "19.90%", "2007-09-30": "21.57%", "2007-06-30": "22.03%", "2007-03-31": "22.68%", "2006-12-31": "22.15%", "2006-09-30": "19.15%", "2006-06-30": "13.23%", "2006-03-31": "12.75%", "2005-12-31": "12.94%"}, "dividend yield history": {"last payout": "$3.12", "last yield": "1.92%"}}