{"ticker": "CI", "price": {"title": "Cigna Historical Annual Stock Price Data", "value": 203.43, "historical": {"2021": {"Average Stock Price": "217.2683", "Year Open": "205.7200", "Year High": "228.4200", "Year Low": "203.4300", "Year Close": "203.4300", "Annual % Change": "-2.28%"}, "2020": {"Average Stock Price": "188.9189", "Year Open": "204.9400", "Year High": "222.5600", "Year Low": "130.0600", "Year Close": "208.1800", "Annual % Change": "1.80%"}, "2019": {"Average Stock Price": "171.2821", "Year Open": "187.1700", "Year High": "206.4700", "Year Low": "145.4900", "Year Close": "204.4900", "Annual % Change": "7.67%"}, "2018": {"Average Stock Price": "190.2598", "Year Open": "202.5600", "Year High": "226.2200", "Year Low": "164.0000", "Year Close": "189.9200", "Annual % Change": "-6.48%"}, "2017": {"Average Stock Price": "171.3713", "Year Open": "135.7200", "Year High": "211.7300", "Year Low": "135.7200", "Year Close": "203.0900", "Annual % Change": "52.25%"}, "2016": {"Average Stock Price": "132.6423", "Year Open": "146.5500", "Year High": "146.5500", "Year Low": "116.0300", "Year Close": "133.3900", "Annual % Change": "-8.84%"}, "2015": {"Average Stock Price": "134.4357", "Year Open": "102.8300", "Year High": "169.7700", "Year Low": "101.0600", "Year Close": "146.3300", "Annual % Change": "42.19%"}, "2014": {"Average Stock Price": "90.1559", "Year Open": "86.2000", "Year High": "105.2000", "Year Low": "75.6400", "Year Close": "102.9100", "Annual % Change": "17.64%"}, "2013": {"Average Stock Price": "71.7965", "Year Open": "55.1600", "Year High": "88.1800", "Year Low": "54.3500", "Year Close": "87.4800", "Annual % Change": "63.64%"}, "2012": {"Average Stock Price": "46.6211", "Year Open": "43.2300", "Year High": "54.4900", "Year Low": "39.6600", "Year Close": "53.4600", "Annual % Change": "27.29%"}, "2011": {"Average Stock Price": "44.7383", "Year Open": "37.8200", "Year High": "52.6200", "Year Low": "37.4800", "Year Close": "42.0000", "Annual % Change": "14.57%"}, "2010": {"Average Stock Price": "34.6133", "Year Open": "36.3700", "Year High": "38.2600", "Year Low": "29.7700", "Year Close": "36.6600", "Annual % Change": "3.94%"}, "2009": {"Average Stock Price": "24.6410", "Year Open": "17.7900", "Year High": "37.1900", "Year Low": "12.8700", "Year Close": "35.2700", "Annual % Change": "109.32%"}, "2008": {"Average Stock Price": "35.9951", "Year Open": "54.1600", "Year High": "56.3600", "Year Low": "8.8200", "Year Close": "16.8500", "Annual % Change": "-68.64%"}, "2007": {"Average Stock Price": "50.7116", "Year Open": "43.9300", "Year High": "56.3333", "Year Low": "42.6500", "Year Close": "53.7300", "Annual % Change": "22.51%"}, "2006": {"Average Stock Price": "37.9585", "Year Open": "37.4333", "Year High": "44.4200", "Year Low": "29.5767", "Year Close": "43.8567", "Annual % Change": "17.79%"}, "2005": {"Average Stock Price": "33.9640", "Year Open": "26.6667", "Year High": "39.7667", "Year Low": "26.2000", "Year Close": "37.2333", "Annual % Change": "36.94%"}, "2004": {"Average Stock Price": "21.7671", "Year Open": "19.1200", "Year High": "27.4033", "Year Low": "17.6833", "Year Close": "27.1900", "Annual % Change": "41.86%"}, "2003": {"Average Stock Price": "15.9733", "Year Open": "14.1667", "Year High": "19.4000", "Year Low": "13.0733", "Year Close": "19.1667", "Annual % Change": "39.83%"}, "2002": {"Average Stock Price": "27.2561", "Year Open": "30.7033", "Year High": "36.9333", "Year Low": "12.0300", "Year Close": "13.7067", "Annual % Change": "-55.62%"}, "2001": {"Average Stock Price": "32.1279", "Year Open": "42.8000", "Year High": "42.8333", "Year Low": "23.8700", "Year Close": "30.8833", "Annual % Change": "-29.97%"}, "2000": {"Average Stock Price": "31.5221", "Year Open": "26.1467", "Year High": "45.0000", "Year Low": "20.3967", "Year Close": "44.1000", "Annual % Change": "64.23%"}, "1999": {"Average Stock Price": "28.0946", "Year Open": "25.8767", "Year High": "32.4800", "Year Low": "21.3767", "Year Close": "26.8533", "Annual % Change": "4.20%"}, "1998": {"Average Stock Price": "22.6244", "Year Open": "19.1444", "Year High": "27.3967", "Year Low": "18.8444", "Year Close": "25.7700", "Annual % Change": "34.53%"}, "1997": {"Average Stock Price": "18.6821", "Year Open": "15.0333", "Year High": "22.1667", "Year Low": "15.0333", "Year Close": "19.1556", "Annual % Change": "26.18%"}, "1996": {"Average Stock Price": "13.1645", "Year Open": "11.7922", "Year High": "15.7078", "Year Low": "11.3194", "Year Close": "15.1811", "Annual % Change": "32.26%"}, "1995": {"Average Stock Price": "9.4513", "Year Open": "7.0422", "Year High": "12.4444", "Year Low": "6.9722", "Year Close": "11.4778", "Annual % Change": "62.35%"}, "1994": {"Average Stock Price": "7.2979", "Year Open": "6.9722", "Year High": "8.1944", "Year Low": "6.3478", "Year Close": "7.0700", "Annual % Change": "1.40%"}, "1993": {"Average Stock Price": "6.8824", "Year Open": "6.5144", "Year High": "7.5144", "Year Low": "6.3056", "Year Close": "6.9722", "Annual % Change": "7.03%"}, "1992": {"Average Stock Price": "5.9813", "Year Open": "6.5978", "Year High": "6.7500", "Year Low": "5.2367", "Year Close": "6.5144", "Annual % Change": "-4.09%"}, "1991": {"Average Stock Price": "5.3023", "Year Open": "4.4444", "Year High": "6.7922", "Year Low": "4.0833", "Year Close": "6.7922", "Annual % Change": "49.54%"}, "1990": {"Average Stock Price": "5.1233", "Year Open": "6.6944", "Year High": "6.6944", "Year Low": "3.7367", "Year Close": "4.5422", "Annual % Change": "-31.29%"}, "1989": {"Average Stock Price": "6.4130", "Year Open": "5.1389", "Year High": "7.4167", "Year Low": "5.1389", "Year Close": "6.6111", "Annual % Change": "26.25%"}, "1988": {"Average Stock Price": "5.3398", "Year Open": "5.0978", "Year High": "6.1389", "Year Low": "4.7778", "Year Close": "5.2367", "Annual % Change": "7.41%"}, "1987": {"Average Stock Price": "6.6766", "Year Open": "6.2367", "Year High": "7.6800", "Year Low": "4.5978", "Year Close": "4.8756", "Annual % Change": "-20.22%"}, "1986": {"Average Stock Price": "6.9009", "Year Open": "7.0000", "Year High": "8.5278", "Year Low": "5.7089", "Year Close": "6.1111", "Annual % Change": "-14.40%"}, "1985": {"Average Stock Price": "6.0290", "Year Open": "4.9167", "Year High": "7.1389", "Year Low": "4.8478", "Year Close": "7.1389", "Annual % Change": "44.77%"}, "1984": {"Average Stock Price": "4.2001", "Year Open": "4.8478", "Year High": "5.0278", "Year Low": "3.0133", "Year Close": "4.9311", "Annual % Change": "1.44%"}, "1983": {"Average Stock Price": "5.0169", "Year Open": "4.7500", "Year High": "5.6389", "Year Low": "4.2500", "Year Close": "4.8611", "Annual % Change": "-1.13%"}}}, "market cap": {"value": "$73.49B"}, "income statement": {"Revenue": {"2020-12-31": "160401.00000", "2019-12-31": "153566.00000", "2018-12-31": "48650.00000", "2017-12-31": "41806.00000", "2016-12-31": "39838.00000", "2015-12-31": "37876.00000", "2014-12-31": "34914.00000", "2013-12-31": "32380.00000", "2012-12-31": "29119.00000", "2011-12-31": "21865.00000", "2010-12-31": "21128.00000", "2009-12-31": "18414.00000", "2008-12-31": "19101.00000", "2007-12-31": "17624.00000", "2006-12-31": "16547.00000", "2005-12-31": "16684.00000"}, "Cost Of Goods Sold": {"2020-12-31": "32710.00000", "2019-12-31": "30819.00000", "2018-12-31": "27528.00000", "2017-12-31": "25263.00000", "2016-12-31": "24341.00000", "2015-12-31": "23290.00000", "2014-12-31": "21334.00000", "2013-12-31": "20865.00000", "2012-12-31": "17900.00000", "2011-12-31": "12724.00000", "2010-12-31": "12288.00000", "2009-12-31": "10030.00000", "2008-12-31": "12227.00000", "2007-12-31": "10346.00000", "2006-12-31": "9271.00000", "2005-12-31": "9646.00000"}, "Gross Profit": {"2020-12-31": "127691.00000", "2019-12-31": "122747.00000", "2018-12-31": "21122.00000", "2017-12-31": "16543.00000", "2016-12-31": "15497.00000", "2015-12-31": "14586.00000", "2014-12-31": "13580.00000", "2013-12-31": "11515.00000", "2012-12-31": "11219.00000", "2011-12-31": "9141.00000", "2010-12-31": "8840.00000", "2009-12-31": "8384.00000", "2008-12-31": "6874.00000", "2007-12-31": "7278.00000", "2006-12-31": "7276.00000", "2005-12-31": "7038.00000"}, "Research And Development Expenses": {"2020-12-31": "", "2019-12-31": "", "2018-12-31": "", "2017-12-31": "", "2016-12-31": "", "2015-12-31": "", "2014-12-31": "", "2013-12-31": "", "2012-12-31": "", "2011-12-31": "", "2010-12-31": "", "2009-12-31": "", "2008-12-31": "", "2007-12-31": "", "2006-12-31": "", "2005-12-31": ""}, "SG&A Expenses": {"2020-12-31": "13590.00000", "2019-12-31": "14053.00000", "2018-12-31": "11934.00000", "2017-12-31": "10030.00000", "2016-12-31": "9790.00000", "2015-12-31": "", "2014-12-31": "", "2013-12-31": "", "2012-12-31": "", "2011-12-31": "", "2010-12-31": "", "2009-12-31": "", "2008-12-31": "", "2007-12-31": "", "2006-12-31": "", "2005-12-31": ""}, "Other Operating Income Or Expenses": {"2020-12-31": "-103966.00000", "2019-12-31": "-97668.00000", "2018-12-31": "-4793.00000", "2017-12-31": "-2456.00000", "2016-12-31": "-2468.00000", "2015-12-31": "-11116.00000", "2014-12-31": "-10081.00000", "2013-12-31": "-9104.00000", "2012-12-31": "-8742.00000", "2011-12-31": "-7265.00000", "2010-12-31": "-7038.00000", "2009-12-31": "-6486.00000", "2008-12-31": "-6492.00000", "2007-12-31": "-5644.00000", "2006-12-31": "-5545.00000", "2005-12-31": "-5245.00000"}, "Operating Expenses": {"2020-12-31": "152248.00000", "2019-12-31": "145489.00000", "2018-12-31": "44490.00000", "2017-12-31": "37864.00000", "2016-12-31": "36750.00000", "2015-12-31": "34549.00000", "2014-12-31": "31610.00000", "2013-12-31": "30204.00000", "2012-12-31": "26642.00000", "2011-12-31": "19989.00000", "2010-12-31": "19326.00000", "2009-12-31": "16516.00000", "2008-12-31": "18719.00000", "2007-12-31": "15990.00000", "2006-12-31": "14816.00000", "2005-12-31": "14891.00000"}, "Operating Income": {"2020-12-31": "8153.00000", "2019-12-31": "8077.00000", "2018-12-31": "4160.00000", "2017-12-31": "3942.00000", "2016-12-31": "3088.00000", "2015-12-31": "3327.00000", "2014-12-31": "3304.00000", "2013-12-31": "2176.00000", "2012-12-31": "2477.00000", "2011-12-31": "1876.00000", "2010-12-31": "1802.00000", "2009-12-31": "1898.00000", "2008-12-31": "382.00000", "2007-12-31": "1634.00000", "2006-12-31": "1731.00000", "2005-12-31": "1793.00000"}, "Total Non-Operating Income/Expense": {"2020-12-31": "2715.00000", "2019-12-31": "-1507.00000", "2018-12-31": "-579.00000", "2017-12-31": "-336.00000", "2016-12-31": "-109.00000", "2015-12-31": "", "2014-12-31": "", "2013-12-31": "", "2012-12-31": "", "2011-12-31": "", "2010-12-31": "", "2009-12-31": "", "2008-12-31": "", "2007-12-31": "", "2006-12-31": "", "2005-12-31": ""}, "Pre-Tax Income": {"2020-12-31": "10868.00000", "2019-12-31": "6570.00000", "2018-12-31": "3581.00000", "2017-12-31": "3606.00000", "2016-12-31": "2979.00000", "2015-12-31": "3327.00000", "2014-12-31": "3304.00000", "2013-12-31": "2176.00000", "2012-12-31": "2477.00000", "2011-12-31": "1876.00000", "2010-12-31": "1802.00000", "2009-12-31": "1898.00000", "2008-12-31": "382.00000", "2007-12-31": "1634.00000", "2006-12-31": "1731.00000", "2005-12-31": "1793.00000"}, "Income Taxes": {"2020-12-31": "2379.00000", "2019-12-31": "1450.00000", "2018-12-31": "935.00000", "2017-12-31": "1374.00000", "2016-12-31": "1136.00000", "2015-12-31": "1250.00000", "2014-12-31": "1210.00000", "2013-12-31": "698.00000", "2012-12-31": "853.00000", "2011-12-31": "615.00000", "2010-12-31": "519.00000", "2009-12-31": "594.00000", "2008-12-31": "92.00000", "2007-12-31": "511.00000", "2006-12-31": "572.00000", "2005-12-31": "517.00000"}, "Income After Taxes": {"2020-12-31": "8489.00000", "2019-12-31": "5120.00000", "2018-12-31": "2646.00000", "2017-12-31": "2232.00000", "2016-12-31": "1843.00000", "2015-12-31": "2077.00000", "2014-12-31": "2094.00000", "2013-12-31": "1478.00000", "2012-12-31": "1624.00000", "2011-12-31": "1261.00000", "2010-12-31": "1283.00000", "2009-12-31": "1304.00000", "2008-12-31": "290.00000", "2007-12-31": "1123.00000", "2006-12-31": "1159.00000", "2005-12-31": "1276.00000"}, "Other Income": {"2020-12-31": "", "2019-12-31": "", "2018-12-31": "", "2017-12-31": "", "2016-12-31": "", "2015-12-31": "", "2014-12-31": "", "2013-12-31": "", "2012-12-31": "", "2011-12-31": "", "2010-12-31": "", "2009-12-31": "", "2008-12-31": "", "2007-12-31": "", "2006-12-31": "", "2005-12-31": ""}, "Income From Continuous Operations": {"2020-12-31": "8489.00000", "2019-12-31": "5120.00000", "2018-12-31": "2646.00000", "2017-12-31": "2232.00000", "2016-12-31": "1843.00000", "2015-12-31": "2077.00000", "2014-12-31": "2094.00000", "2013-12-31": "1478.00000", "2012-12-31": "1624.00000", "2011-12-31": "1261.00000", "2010-12-31": "1283.00000", "2009-12-31": "1304.00000", "2008-12-31": "290.00000", "2007-12-31": "1123.00000", "2006-12-31": "1159.00000", "2005-12-31": "1276.00000"}, "Income From Discontinued Operations": {"2020-12-31": "", "2019-12-31": "", "2018-12-31": "", "2017-12-31": "", "2016-12-31": "", "2015-12-31": "", "2014-12-31": "", "2013-12-31": "", "2012-12-31": "", "2011-12-31": "", "2010-12-31": "", "2009-12-31": "1.00000", "2008-12-31": "4.00000", "2007-12-31": "-5.00000", "2006-12-31": "-4.00000", "2005-12-31": "349.00000"}, "Net Income": {"2020-12-31": "8458.00000", "2019-12-31": "5104.00000", "2018-12-31": "2637.00000", "2017-12-31": "2237.00000", "2016-12-31": "1867.00000", "2015-12-31": "2094.00000", "2014-12-31": "2102.00000", "2013-12-31": "1476.00000", "2012-12-31": "1623.00000", "2011-12-31": "1260.00000", "2010-12-31": "1279.00000", "2009-12-31": "1302.00000", "2008-12-31": "292.00000", "2007-12-31": "1115.00000", "2006-12-31": "1155.00000", "2005-12-31": "1625.00000"}, "EBITDA": {"2020-12-31": "10955.00000", "2019-12-31": "11728.00000", "2018-12-31": "4855.00000", "2017-12-31": "4508.00000", "2016-12-31": "3698.00000", "2015-12-31": "3912.00000", "2014-12-31": "3892.00000", "2013-12-31": "2773.00000", "2012-12-31": "3037.00000", "2011-12-31": "2221.00000", "2010-12-31": "2094.00000", "2009-12-31": "2166.00000", "2008-12-31": "626.00000", "2007-12-31": "1828.00000", "2006-12-31": "1939.00000", "2005-12-31": "2014.00000"}, "EBIT": {"2020-12-31": "8153.00000", "2019-12-31": "8077.00000", "2018-12-31": "4160.00000", "2017-12-31": "3942.00000", "2016-12-31": "3088.00000", "2015-12-31": "3327.00000", "2014-12-31": "3304.00000", "2013-12-31": "2176.00000", "2012-12-31": "2477.00000", "2011-12-31": "1876.00000", "2010-12-31": "1802.00000", "2009-12-31": "1898.00000", "2008-12-31": "382.00000", "2007-12-31": "1634.00000", "2006-12-31": "1731.00000", "2005-12-31": "1793.00000"}, "Basic Shares Outstanding": {"2020-12-31": "", "2019-12-31": "375.91900", "2018-12-31": "246.65200", "2017-12-31": "250.89200", "2016-12-31": "255.36000", "2015-12-31": "256.14900", "2014-12-31": "263.88900", "2013-12-31": "279.29600", "2012-12-31": "284.81900", "2011-12-31": "270.69100", "2010-12-31": "272.86600", "2009-12-31": "274.05800", "2008-12-31": "277.31700", "2007-12-31": "286.35700", "2006-12-31": "331.25700", "2005-12-31": "382.04400"}, "Shares Outstanding": {"2020-12-31": "368.38900", "2019-12-31": "379.81700", "2018-12-31": "250.22500", "2017-12-31": "255.07200", "2016-12-31": "259.64700", "2015-12-31": "260.59200", "2014-12-31": "268.60300", "2013-12-31": "284.68500", "2012-12-31": "289.53000", "2011-12-31": "274.24900", "2010-12-31": "275.28700", "2009-12-31": "275.35700", "2008-12-31": "278.84300", "2007-12-31": "290.13300", "2006-12-31": "336.98500", "2005-12-31": "389.41900"}, "Basic EPS": {"2020-12-31": "", "2019-12-31": "13.58000", "2018-12-31": "10.69000", "2017-12-31": "8.92000", "2016-12-31": "7.31000", "2015-12-31": "8.17000", "2014-12-31": "7.97000", "2013-12-31": "5.28000", "2012-12-31": "5.70000", "2011-12-31": "4.65000", "2010-12-31": "4.69000", "2009-12-31": "4.75000", "2008-12-31": "1.05000", "2007-12-31": "3.89000", "2006-12-31": "3.49000", "2005-12-31": "4.25000"}, "EPS - Earnings Per Share": {"2020-12-31": "22.96000", "2019-12-31": "13.44000", "2018-12-31": "10.54000", "2017-12-31": "8.77000", "2016-12-31": "7.19000", "2015-12-31": "8.04000", "2014-12-31": "7.83000", "2013-12-31": "5.18000", "2012-12-31": "5.61000", "2011-12-31": "4.59000", "2010-12-31": "4.65000", "2009-12-31": "4.73000", "2008-12-31": "1.05000", "2007-12-31": "3.84000", "2006-12-31": "3.43000", "2005-12-31": "4.17000"}}, "income statement, quarterly": {"Revenue": {"2020-12-31": "41712.00000", "2020-09-30": "40955.00000", "2020-06-30": "39265.00000", "2020-03-31": "38469.00000", "2019-12-31": "38245.00000", "2019-09-30": "38556.00000", "2019-06-30": "38819.00000", "2019-03-31": "37946.00000", "2018-12-31": "14300.00000", "2018-09-30": "11457.00000", "2018-06-30": "11480.00000", "2018-03-31": "11413.00000", "2017-12-31": "10418.00000", "2017-09-30": "10489.00000", "2017-06-30": "10425.00000", "2017-03-31": "10474.00000", "2016-12-31": "10114.00000", "2016-09-30": "9880.00000", "2016-06-30": "9960.00000", "2016-03-31": "9884.00000", "2015-12-31": "9528.00000", "2015-09-30": "9389.00000", "2015-06-30": "9492.00000", "2015-03-31": "9467.00000", "2014-12-31": "8928.00000", "2014-09-30": "8757.00000", "2014-06-30": "8733.00000", "2014-03-31": "8496.00000", "2013-12-31": "8151.00000", "2013-09-30": "8066.00000", "2013-06-30": "7980.00000", "2013-03-31": "8183.00000", "2012-12-31": "7620.00000", "2012-09-30": "7323.00000", "2012-06-30": "7422.00000", "2012-03-31": "6754.00000", "2011-12-31": "5337.00000", "2011-09-30": "5610.00000", "2011-06-30": "5507.00000", "2011-03-31": "5411.00000", "2010-12-31": "5304.00000", "2010-09-30": "5266.00000", "2010-06-30": "5353.00000", "2010-03-31": "5205.00000", "2009-12-31": "4636.00000", "2009-09-30": "4517.00000", "2009-06-30": "4488.00000", "2009-03-31": "4773.00000", "2008-12-31": "4817.00000", "2008-09-30": "4852.00000", "2008-06-30": "4863.00000", "2008-03-31": "4569.00000", "2007-12-31": "4456.00000", "2007-09-30": "4413.00000", "2007-06-30": "4381.00000", "2007-03-31": "4374.00000", "2006-12-31": "4205.00000", "2006-09-30": "4137.00000", "2006-06-30": "4098.00000", "2006-03-31": "4107.00000", "2005-12-31": "4210.00000", "2005-09-30": "4022.00000", "2005-06-30": "4107.00000", "2005-03-31": "4345.00000"}, "Cost Of Goods Sold": {"2020-12-31": "8847.00000", "2020-09-30": "8429.00000", "2020-06-30": "7112.00000", "2020-03-31": "8322.00000", "2019-12-31": "7889.00000", "2019-09-30": "7734.00000", "2019-06-30": "7576.00000", "2019-03-31": "7620.00000", "2018-12-31": "7108.00000", "2018-09-30": "6803.00000", "2018-06-30": "6845.00000", "2018-03-31": "6772.00000", "2017-12-31": "6535.00000", "2017-09-30": "6187.00000", "2017-06-30": "6225.00000", "2017-03-31": "6316.00000", "2016-12-31": "5986.00000", "2016-09-30": "6035.00000", "2016-06-30": "6191.00000", "2016-03-31": "6129.00000", "2015-12-31": "5872.00000", "2015-09-30": "5769.00000", "2015-06-30": "5776.00000", "2015-03-31": "5873.00000", "2014-12-31": "5458.00000", "2014-09-30": "5360.00000", "2014-06-30": "5319.00000", "2014-03-31": "5197.00000", "2013-12-31": "5111.00000", "2013-09-30": "4944.00000", "2013-06-30": "4901.00000", "2013-03-31": "5909.00000", "2012-12-31": "4701.00000", "2012-09-30": "4419.00000", "2012-06-30": "4706.00000", "2012-03-31": "4074.00000", "2011-12-31": "3030.00000", "2011-09-30": "3510.00000", "2011-06-30": "3129.00000", "2011-03-31": "3055.00000", "2010-12-31": "2923.00000", "2010-09-30": "3062.00000", "2010-06-30": "3219.00000", "2010-03-31": "3084.00000", "2009-12-31": "2468.00000", "2009-09-30": "2433.00000", "2009-06-30": "2273.00000", "2009-03-31": "2856.00000", "2008-12-31": "3517.00000", "2008-09-30": "2966.00000", "2008-06-30": "2768.00000", "2008-03-31": "2976.00000", "2007-12-31": "2612.00000", "2007-09-30": "2496.00000", "2007-06-30": "2659.00000", "2007-03-31": "2579.00000", "2006-12-31": "2379.00000", "2006-09-30": "2338.00000", "2006-06-30": "2318.00000", "2006-03-31": "2236.00000", "2005-12-31": "2532.00000", "2005-09-30": "2365.00000", "2005-06-30": "2425.00000", "2005-03-31": "2324.00000"}, "Gross Profit": {"2020-12-31": "32865.00000", "2020-09-30": "32526.00000", "2020-06-30": "32153.00000", "2020-03-31": "30147.00000", "2019-12-31": "30356.00000", "2019-09-30": "30822.00000", "2019-06-30": "31243.00000", "2019-03-31": "30326.00000", "2018-12-31": "7192.00000", "2018-09-30": "4654.00000", "2018-06-30": "4635.00000", "2018-03-31": "4641.00000", "2017-12-31": "3883.00000", "2017-09-30": "4302.00000", "2017-06-30": "4200.00000", "2017-03-31": "4158.00000", "2016-12-31": "4128.00000", "2016-09-30": "3845.00000", "2016-06-30": "3769.00000", "2016-03-31": "3755.00000", "2015-12-31": "3656.00000", "2015-09-30": "3620.00000", "2015-06-30": "3716.00000", "2015-03-31": "3594.00000", "2014-12-31": "3470.00000", "2014-09-30": "3397.00000", "2014-06-30": "3414.00000", "2014-03-31": "3299.00000", "2013-12-31": "3040.00000", "2013-09-30": "3122.00000", "2013-06-30": "3079.00000", "2013-03-31": "2274.00000", "2012-12-31": "2919.00000", "2012-09-30": "2904.00000", "2012-06-30": "2716.00000", "2012-03-31": "2680.00000", "2011-12-31": "2307.00000", "2011-09-30": "2100.00000", "2011-06-30": "2378.00000", "2011-03-31": "2356.00000", "2010-12-31": "2381.00000", "2010-09-30": "2204.00000", "2010-06-30": "2134.00000", "2010-03-31": "2121.00000", "2009-12-31": "2168.00000", "2009-09-30": "2084.00000", "2009-06-30": "2215.00000", "2009-03-31": "1917.00000", "2008-12-31": "1300.00000", "2008-09-30": "1886.00000", "2008-06-30": "2095.00000", "2008-03-31": "1593.00000", "2007-12-31": "1844.00000", "2007-09-30": "1917.00000", "2007-06-30": "1722.00000", "2007-03-31": "1795.00000", "2006-12-31": "1826.00000", "2006-09-30": "1799.00000", "2006-06-30": "1780.00000", "2006-03-31": "1871.00000", "2005-12-31": "1678.00000", "2005-09-30": "1657.00000", "2005-06-30": "1682.00000", "2005-03-31": "2021.00000"}, "Research And Development Expenses": {"2020-12-31": "", "2020-09-30": "", "2020-06-30": "", "2020-03-31": "", "2019-12-31": "", "2019-09-30": "", "2019-06-30": "", "2019-03-31": "", "2018-12-31": "", "2018-09-30": "", "2018-06-30": "", "2018-03-31": "", "2017-12-31": "", "2017-09-30": "", "2017-06-30": "", "2017-03-31": "", "2016-12-31": "", "2016-09-30": "", "2016-06-30": "", "2016-03-31": "", "2015-12-31": "", "2015-09-30": "", "2015-06-30": "", "2015-03-31": "", "2014-12-31": "", "2014-09-30": "", "2014-06-30": "", "2014-03-31": "", "2013-12-31": "", "2013-09-30": "", "2013-06-30": "", "2013-03-31": "", "2012-12-31": "", "2012-09-30": "", "2012-06-30": "", "2012-03-31": "", "2011-12-31": "", "2011-09-30": "", "2011-06-30": "", "2011-03-31": "", "2010-12-31": "", "2010-09-30": "", "2010-06-30": "", "2010-03-31": "", "2009-12-31": "", "2009-09-30": "", "2009-06-30": "", "2009-03-31": "", "2008-12-31": "", "2008-09-30": "", "2008-06-30": "", "2008-03-31": "", "2007-12-31": "", "2007-09-30": "", "2007-06-30": "", "2007-03-31": "", "2006-12-31": "", "2006-09-30": "", "2006-06-30": "", "2006-03-31": "", "2005-12-31": "", "2005-09-30": "", "2005-06-30": "", "2005-03-31": ""}, "SG&A Expenses": {"2020-12-31": "3778.00000", "2020-09-30": "3301.00000", "2020-06-30": "3407.00000", "2020-03-31": "3398.00000", "2019-12-31": "3957.00000", "2019-09-30": "3413.00000", "2019-06-30": "3380.00000", "2019-03-31": "3303.00000", "2018-12-31": "3480.00000", "2018-09-30": "2872.00000", "2018-06-30": "2837.00000", "2018-03-31": "2745.00000", "2017-12-31": "", "2017-09-30": "", "2017-06-30": "", "2017-03-31": "", "2016-12-31": "", "2016-09-30": "", "2016-06-30": "", "2016-03-31": "", "2015-12-31": "", "2015-09-30": "", "2015-06-30": "", "2015-03-31": "", "2014-12-31": "", "2014-09-30": "", "2014-06-30": "", "2014-03-31": "", "2013-12-31": "", "2013-09-30": "", "2013-06-30": "", "2013-03-31": "", "2012-12-31": "", "2012-09-30": "", "2012-06-30": "", "2012-03-31": "", "2011-12-31": "", "2011-09-30": "", "2011-06-30": "", "2011-03-31": "", "2010-12-31": "", "2010-09-30": "", "2010-06-30": "", "2010-03-31": "", "2009-12-31": "", "2009-09-30": "", "2009-06-30": "", "2009-03-31": "", "2008-12-31": "", "2008-09-30": "", "2008-06-30": "", "2008-03-31": "", "2007-12-31": "", "2007-09-30": "", "2007-06-30": "", "2007-03-31": "", "2006-12-31": "", "2006-09-30": "", "2006-06-30": "", "2006-03-31": "", "2005-12-31": "", "2005-09-30": "", "2005-06-30": "", "2005-03-31": ""}, "Other Operating Income Or Expenses": {"2020-12-31": "-27247.00000", "2020-09-30": "-26624.00000", "2020-06-30": "-25611.00000", "2020-03-31": "-24190.00000", "2019-12-31": "-24103.00000", "2019-09-30": "-24552.00000", "2019-06-30": "-24963.00000", "2019-03-31": "-24050.00000", "2018-12-31": "-3017.00000", "2018-09-30": "-602.00000", "2018-06-30": "-613.00000", "2018-03-31": "-561.00000", "2017-12-31": "7268.00000", "2017-09-30": "-3450.00000", "2017-06-30": "-3038.00000", "2017-03-31": "-3236.00000", "2016-12-31": "6412.00000", "2016-09-30": "-3066.00000", "2016-06-30": "-2919.00000", "2016-03-31": "-2895.00000", "2015-12-31": "-2976.00000", "2015-09-30": "-2703.00000", "2015-06-30": "-2741.00000", "2015-03-31": "-2696.00000", "2014-12-31": "-2689.00000", "2014-09-30": "-2533.00000", "2014-06-30": "-2465.00000", "2014-03-31": "-2394.00000", "2013-12-31": "-2269.00000", "2013-09-30": "-2323.00000", "2013-06-30": "-2312.00000", "2013-03-31": "-2200.00000", "2012-12-31": "-2300.00000", "2012-09-30": "-2186.00000", "2012-06-30": "-2128.00000", "2012-03-31": "-2128.00000", "2011-12-31": "-1875.00000", "2011-09-30": "-1827.00000", "2011-06-30": "-1786.00000", "2011-03-31": "-1777.00000", "2010-12-31": "-1904.00000", "2010-09-30": "-1740.00000", "2010-06-30": "-1695.00000", "2010-03-31": "-1699.00000", "2009-12-31": "-1660.00000", "2009-09-30": "-1597.00000", "2009-06-30": "-1585.00000", "2009-03-31": "-1644.00000", "2008-12-31": "-1638.00000", "2008-09-30": "-1653.00000", "2008-06-30": "-1682.00000", "2008-03-31": "-1519.00000", "2007-12-31": "-1453.00000", "2007-09-30": "-1415.00000", "2007-06-30": "-1394.00000", "2007-03-31": "-1382.00000", "2006-12-31": "-1477.00000", "2006-09-30": "-1353.00000", "2006-06-30": "-1372.00000", "2006-03-31": "-1343.00000", "2005-12-31": "-1370.00000", "2005-09-30": "-1274.00000", "2005-06-30": "-1245.00000", "2005-03-31": "-1356.00000"}, "Operating Expenses": {"2020-12-31": "40367.00000", "2020-09-30": "38847.00000", "2020-06-30": "36626.00000", "2020-03-31": "36408.00000", "2019-12-31": "36684.00000", "2019-09-30": "36433.00000", "2019-06-30": "36656.00000", "2019-03-31": "35716.00000", "2018-12-31": "13741.00000", "2018-09-30": "10325.00000", "2018-06-30": "10319.00000", "2018-03-31": "10105.00000", "2017-12-31": "9324.00000", "2017-09-30": "9665.00000", "2017-06-30": "9291.00000", "2017-03-31": "9584.00000", "2016-12-31": "9400.00000", "2016-09-30": "9138.00000", "2016-06-30": "9147.00000", "2016-03-31": "9065.00000", "2015-12-31": "8869.00000", "2015-09-30": "8511.00000", "2015-06-30": "8556.00000", "2015-03-31": "8613.00000", "2014-12-31": "8196.00000", "2014-09-30": "7939.00000", "2014-06-30": "7832.00000", "2014-03-31": "7643.00000", "2013-12-31": "7615.00000", "2013-09-30": "7267.00000", "2013-06-30": "7213.00000", "2013-03-31": "8109.00000", "2012-12-31": "7001.00000", "2012-09-30": "6605.00000", "2012-06-30": "6834.00000", "2012-03-31": "6202.00000", "2011-12-31": "4905.00000", "2011-09-30": "5337.00000", "2011-06-30": "4915.00000", "2011-03-31": "4832.00000", "2010-12-31": "4827.00000", "2010-09-30": "4802.00000", "2010-06-30": "4914.00000", "2010-03-31": "4783.00000", "2009-12-31": "4128.00000", "2009-09-30": "4030.00000", "2009-06-30": "3858.00000", "2009-03-31": "4500.00000", "2008-12-31": "5155.00000", "2008-09-30": "4619.00000", "2008-06-30": "4450.00000", "2008-03-31": "4495.00000", "2007-12-31": "4065.00000", "2007-09-30": "3911.00000", "2007-06-30": "4053.00000", "2007-03-31": "3961.00000", "2006-12-31": "3856.00000", "2006-09-30": "3691.00000", "2006-06-30": "3690.00000", "2006-03-31": "3579.00000", "2005-12-31": "3902.00000", "2005-09-30": "3639.00000", "2005-06-30": "3670.00000", "2005-03-31": "3680.00000"}, "Operating Income": {"2020-12-31": "1345.00000", "2020-09-30": "2108.00000", "2020-06-30": "2639.00000", "2020-03-31": "2061.00000", "2019-12-31": "1561.00000", "2019-09-30": "2123.00000", "2019-06-30": "2163.00000", "2019-03-31": "2230.00000", "2018-12-31": "559.00000", "2018-09-30": "1132.00000", "2018-06-30": "1161.00000", "2018-03-31": "1308.00000", "2017-12-31": "1094.00000", "2017-09-30": "824.00000", "2017-06-30": "1134.00000", "2017-03-31": "890.00000", "2016-12-31": "714.00000", "2016-09-30": "742.00000", "2016-06-30": "813.00000", "2016-03-31": "819.00000", "2015-12-31": "659.00000", "2015-09-30": "878.00000", "2015-06-30": "936.00000", "2015-03-31": "854.00000", "2014-12-31": "732.00000", "2014-09-30": "818.00000", "2014-06-30": "901.00000", "2014-03-31": "853.00000", "2013-12-31": "536.00000", "2013-09-30": "799.00000", "2013-06-30": "767.00000", "2013-03-31": "74.00000", "2012-12-31": "619.00000", "2012-09-30": "718.00000", "2012-06-30": "588.00000", "2012-03-31": "552.00000", "2011-12-31": "432.00000", "2011-09-30": "273.00000", "2011-06-30": "592.00000", "2011-03-31": "579.00000", "2010-12-31": "477.00000", "2010-09-30": "464.00000", "2010-06-30": "439.00000", "2010-03-31": "422.00000", "2009-12-31": "508.00000", "2009-09-30": "487.00000", "2009-06-30": "630.00000", "2009-03-31": "273.00000", "2008-12-31": "-338.00000", "2008-09-30": "233.00000", "2008-06-30": "413.00000", "2008-03-31": "74.00000", "2007-12-31": "391.00000", "2007-09-30": "502.00000", "2007-06-30": "328.00000", "2007-03-31": "413.00000", "2006-12-31": "349.00000", "2006-09-30": "446.00000", "2006-06-30": "408.00000", "2006-03-31": "528.00000", "2005-12-31": "308.00000", "2005-09-30": "383.00000", "2005-06-30": "437.00000", "2005-03-31": "665.00000"}, "Total Non-Operating Income/Expense": {"2020-12-31": "4033.00000", "2020-09-30": "-304.00000", "2020-06-30": "-350.00000", "2020-03-31": "-664.00000", "2019-12-31": "-300.00000", "2019-09-30": "-360.00000", "2019-06-30": "-405.00000", "2019-03-31": "-442.00000", "2018-12-31": "-331.00000", "2018-09-30": "-99.00000", "2018-06-30": "-59.00000", "2018-03-31": "-90.00000", "2017-12-31": "", "2017-09-30": "", "2017-06-30": "", "2017-03-31": "", "2016-12-31": "", "2016-09-30": "", "2016-06-30": "", "2016-03-31": "", "2015-12-31": "", "2015-09-30": "", "2015-06-30": "", "2015-03-31": "", "2014-12-31": "", "2014-09-30": "", "2014-06-30": "", "2014-03-31": "", "2013-12-31": "", "2013-09-30": "", "2013-06-30": "", "2013-03-31": "", "2012-12-31": "", "2012-09-30": "", "2012-06-30": "", "2012-03-31": "", "2011-12-31": "", "2011-09-30": "", "2011-06-30": "", "2011-03-31": "", "2010-12-31": "", "2010-09-30": "", "2010-06-30": "", "2010-03-31": "", "2009-12-31": "", "2009-09-30": "", "2009-06-30": "", "2009-03-31": "", "2008-12-31": "", "2008-09-30": "", "2008-06-30": "", "2008-03-31": "", "2007-12-31": "", "2007-09-30": "", "2007-06-30": "", "2007-03-31": "", "2006-12-31": "", "2006-09-30": "", "2006-06-30": "", "2006-03-31": "", "2005-12-31": "", "2005-09-30": "", "2005-06-30": "", "2005-03-31": ""}, "Pre-Tax Income": {"2020-12-31": "5378.00000", "2020-09-30": "1804.00000", "2020-06-30": "2289.00000", "2020-03-31": "1397.00000", "2019-12-31": "1261.00000", "2019-09-30": "1763.00000", "2019-06-30": "1758.00000", "2019-03-31": "1788.00000", "2018-12-31": "228.00000", "2018-09-30": "1033.00000", "2018-06-30": "1102.00000", "2018-03-31": "1218.00000", "2017-12-31": "758.00000", "2017-09-30": "824.00000", "2017-06-30": "1134.00000", "2017-03-31": "890.00000", "2016-12-31": "605.00000", "2016-09-30": "742.00000", "2016-06-30": "813.00000", "2016-03-31": "819.00000", "2015-12-31": "659.00000", "2015-09-30": "878.00000", "2015-06-30": "936.00000", "2015-03-31": "854.00000", "2014-12-31": "732.00000", "2014-09-30": "818.00000", "2014-06-30": "901.00000", "2014-03-31": "853.00000", "2013-12-31": "536.00000", "2013-09-30": "799.00000", "2013-06-30": "767.00000", "2013-03-31": "74.00000", "2012-12-31": "619.00000", "2012-09-30": "718.00000", "2012-06-30": "588.00000", "2012-03-31": "552.00000", "2011-12-31": "432.00000", "2011-09-30": "273.00000", "2011-06-30": "592.00000", "2011-03-31": "579.00000", "2010-12-31": "477.00000", "2010-09-30": "464.00000", "2010-06-30": "439.00000", "2010-03-31": "422.00000", "2009-12-31": "508.00000", "2009-09-30": "487.00000", "2009-06-30": "630.00000", "2009-03-31": "273.00000", "2008-12-31": "-338.00000", "2008-09-30": "233.00000", "2008-06-30": "413.00000", "2008-03-31": "74.00000", "2007-12-31": "391.00000", "2007-09-30": "502.00000", "2007-06-30": "328.00000", "2007-03-31": "413.00000", "2006-12-31": "349.00000", "2006-09-30": "446.00000", "2006-06-30": "408.00000", "2006-03-31": "528.00000", "2005-12-31": "308.00000", "2005-09-30": "383.00000", "2005-06-30": "437.00000", "2005-03-31": "665.00000"}, "Income Taxes": {"2020-12-31": "1236.00000", "2020-09-30": "406.00000", "2020-06-30": "529.00000", "2020-03-31": "208.00000", "2019-12-31": "277.00000", "2019-09-30": "409.00000", "2019-06-30": "348.00000", "2019-03-31": "416.00000", "2018-12-31": "81.00000", "2018-09-30": "259.00000", "2018-06-30": "294.00000", "2018-03-31": "301.00000", "2017-12-31": "491.00000", "2017-09-30": "262.00000", "2017-06-30": "324.00000", "2017-03-31": "297.00000", "2016-12-31": "231.00000", "2016-09-30": "290.00000", "2016-06-30": "310.00000", "2016-03-31": "305.00000", "2015-12-31": "241.00000", "2015-09-30": "334.00000", "2015-06-30": "352.00000", "2015-03-31": "323.00000", "2014-12-31": "270.00000", "2014-09-30": "287.00000", "2014-06-30": "329.00000", "2014-03-31": "324.00000", "2013-12-31": "176.00000", "2013-09-30": "246.00000", "2013-06-30": "261.00000", "2013-03-31": "15.00000", "2012-12-31": "212.00000", "2012-09-30": "252.00000", "2012-06-30": "208.00000", "2012-03-31": "181.00000", "2011-12-31": "159.00000", "2011-09-30": "90.00000", "2011-06-30": "201.00000", "2011-03-31": "165.00000", "2010-12-31": "81.00000", "2010-09-30": "156.00000", "2010-06-30": "144.00000", "2010-03-31": "138.00000", "2009-12-31": "177.00000", "2009-09-30": "157.00000", "2009-06-30": "195.00000", "2009-03-31": "65.00000", "2008-12-31": "-128.00000", "2008-09-30": "62.00000", "2008-06-30": "140.00000", "2008-03-31": "18.00000", "2007-12-31": "125.00000", "2007-09-30": "139.00000", "2007-06-30": "111.00000", "2007-03-31": "136.00000", "2006-12-31": "117.00000", "2006-09-30": "144.00000", "2006-06-30": "135.00000", "2006-03-31": "176.00000", "2005-12-31": "98.00000", "2005-09-30": "124.00000", "2005-06-30": "66.00000", "2005-03-31": "229.00000"}, "Income After Taxes": {"2020-12-31": "4142.00000", "2020-09-30": "1398.00000", "2020-06-30": "1760.00000", "2020-03-31": "1189.00000", "2019-12-31": "984.00000", "2019-09-30": "1354.00000", "2019-06-30": "1410.00000", "2019-03-31": "1372.00000", "2018-12-31": "147.00000", "2018-09-30": "774.00000", "2018-06-30": "808.00000", "2018-03-31": "917.00000", "2017-12-31": "267.00000", "2017-09-30": "562.00000", "2017-06-30": "810.00000", "2017-03-31": "593.00000", "2016-12-31": "374.00000", "2016-09-30": "452.00000", "2016-06-30": "503.00000", "2016-03-31": "514.00000", "2015-12-31": "418.00000", "2015-09-30": "544.00000", "2015-06-30": "584.00000", "2015-03-31": "531.00000", "2014-12-31": "462.00000", "2014-09-30": "531.00000", "2014-06-30": "572.00000", "2014-03-31": "529.00000", "2013-12-31": "360.00000", "2013-09-30": "553.00000", "2013-06-30": "506.00000", "2013-03-31": "59.00000", "2012-12-31": "407.00000", "2012-09-30": "466.00000", "2012-06-30": "380.00000", "2012-03-31": "371.00000", "2011-12-31": "273.00000", "2011-09-30": "183.00000", "2011-06-30": "391.00000", "2011-03-31": "414.00000", "2010-12-31": "396.00000", "2010-09-30": "308.00000", "2010-06-30": "295.00000", "2010-03-31": "284.00000", "2009-12-31": "331.00000", "2009-09-30": "330.00000", "2009-06-30": "435.00000", "2009-03-31": "208.00000", "2008-12-31": "-210.00000", "2008-09-30": "171.00000", "2008-06-30": "273.00000", "2008-03-31": "56.00000", "2007-12-31": "266.00000", "2007-09-30": "363.00000", "2007-06-30": "217.00000", "2007-03-31": "277.00000", "2006-12-31": "232.00000", "2006-09-30": "302.00000", "2006-06-30": "273.00000", "2006-03-31": "352.00000", "2005-12-31": "210.00000", "2005-09-30": "259.00000", "2005-06-30": "371.00000", "2005-03-31": "436.00000"}, "Other Income": {"2020-12-31": "", "2020-09-30": "", "2020-06-30": "", "2020-03-31": "", "2019-12-31": "", "2019-09-30": "", "2019-06-30": "", "2019-03-31": "", "2018-12-31": "", "2018-09-30": "", "2018-06-30": "", "2018-03-31": "", "2017-12-31": "", "2017-09-30": "", "2017-06-30": "", "2017-03-31": "", "2016-12-31": "", "2016-09-30": "", "2016-06-30": "", "2016-03-31": "", "2015-12-31": "", "2015-09-30": "", "2015-06-30": "", "2015-03-31": "", "2014-12-31": "", "2014-09-30": "", "2014-06-30": "", "2014-03-31": "", "2013-12-31": "", "2013-09-30": "", "2013-06-30": "", "2013-03-31": "", "2012-12-31": "", "2012-09-30": "", "2012-06-30": "", "2012-03-31": "", "2011-12-31": "", "2011-09-30": "", "2011-06-30": "", "2011-03-31": "", "2010-12-31": "", "2010-09-30": "", "2010-06-30": "", "2010-03-31": "", "2009-12-31": "", "2009-09-30": "", "2009-06-30": "", "2009-03-31": "", "2008-12-31": "", "2008-09-30": "", "2008-06-30": "", "2008-03-31": "", "2007-12-31": "", "2007-09-30": "", "2007-06-30": "", "2007-03-31": "", "2006-12-31": "", "2006-09-30": "", "2006-06-30": "", "2006-03-31": "", "2005-12-31": "", "2005-09-30": "", "2005-06-30": "", "2005-03-31": ""}, "Income From Continuous Operations": {"2020-12-31": "4142.00000", "2020-09-30": "1398.00000", "2020-06-30": "1760.00000", "2020-03-31": "1189.00000", "2019-12-31": "984.00000", "2019-09-30": "1354.00000", "2019-06-30": "1410.00000", "2019-03-31": "1372.00000", "2018-12-31": "147.00000", "2018-09-30": "774.00000", "2018-06-30": "808.00000", "2018-03-31": "917.00000", "2017-12-31": "267.00000", "2017-09-30": "562.00000", "2017-06-30": "810.00000", "2017-03-31": "593.00000", "2016-12-31": "374.00000", "2016-09-30": "452.00000", "2016-06-30": "503.00000", "2016-03-31": "514.00000", "2015-12-31": "418.00000", "2015-09-30": "544.00000", "2015-06-30": "584.00000", "2015-03-31": "531.00000", "2014-12-31": "462.00000", "2014-09-30": "531.00000", "2014-06-30": "572.00000", "2014-03-31": "529.00000", "2013-12-31": "360.00000", "2013-09-30": "553.00000", "2013-06-30": "506.00000", "2013-03-31": "59.00000", "2012-12-31": "407.00000", "2012-09-30": "466.00000", "2012-06-30": "380.00000", "2012-03-31": "371.00000", "2011-12-31": "273.00000", "2011-09-30": "183.00000", "2011-06-30": "391.00000", "2011-03-31": "414.00000", "2010-12-31": "396.00000", "2010-09-30": "308.00000", "2010-06-30": "295.00000", "2010-03-31": "284.00000", "2009-12-31": "331.00000", "2009-09-30": "330.00000", "2009-06-30": "435.00000", "2009-03-31": "208.00000", "2008-12-31": "-210.00000", "2008-09-30": "171.00000", "2008-06-30": "273.00000", "2008-03-31": "56.00000", "2007-12-31": "266.00000", "2007-09-30": "363.00000", "2007-06-30": "217.00000", "2007-03-31": "277.00000", "2006-12-31": "232.00000", "2006-09-30": "302.00000", "2006-06-30": "273.00000", "2006-03-31": "352.00000", "2005-12-31": "210.00000", "2005-09-30": "259.00000", "2005-06-30": "371.00000", "2005-03-31": "436.00000"}, "Income From Discontinued Operations": {"2020-12-31": "", "2020-09-30": "", "2020-06-30": "", "2020-03-31": "", "2019-12-31": "", "2019-09-30": "", "2019-06-30": "", "2019-03-31": "", "2018-12-31": "", "2018-09-30": "", "2018-06-30": "", "2018-03-31": "", "2017-12-31": "", "2017-09-30": "", "2017-06-30": "", "2017-03-31": "", "2016-12-31": "", "2016-09-30": "", "2016-06-30": "", "2016-03-31": "", "2015-12-31": "", "2015-09-30": "", "2015-06-30": "", "2015-03-31": "", "2014-12-31": "", "2014-09-30": "", "2014-06-30": "", "2014-03-31": "", "2013-12-31": "", "2013-09-30": "", "2013-06-30": "", "2013-03-31": "", "2012-12-31": "", "2012-09-30": "", "2012-06-30": "", "2012-03-31": "", "2011-12-31": "", "2011-09-30": "", "2011-06-30": "", "2011-03-31": "", "2010-12-31": "", "2010-09-30": "", "2010-06-30": "", "2010-03-31": "", "2009-12-31": "", "2009-09-30": "", "2009-06-30": "", "2009-03-31": "1.00000", "2008-12-31": "1.00000", "2008-09-30": "1.00000", "2008-06-30": "-1.00000", "2008-03-31": "3.00000", "2007-12-31": "", "2007-09-30": "2.00000", "2007-06-30": "-19.00000", "2007-03-31": "12.00000", "2006-12-31": "", "2006-09-30": "-4.00000", "2006-06-30": "", "2006-03-31": "", "2005-12-31": "", "2005-09-30": "", "2005-06-30": "349.00000", "2005-03-31": ""}, "Net Income": {"2020-12-31": "4135.00000", "2020-09-30": "1388.00000", "2020-06-30": "1754.00000", "2020-03-31": "1181.00000", "2019-12-31": "977.00000", "2019-09-30": "1351.00000", "2019-06-30": "1408.00000", "2019-03-31": "1368.00000", "2018-12-31": "144.00000", "2018-09-30": "772.00000", "2018-06-30": "806.00000", "2018-03-31": "915.00000", "2017-12-31": "266.00000", "2017-09-30": "560.00000", "2017-06-30": "813.00000", "2017-03-31": "598.00000", "2016-12-31": "382.00000", "2016-09-30": "456.00000", "2016-06-30": "510.00000", "2016-03-31": "519.00000", "2015-12-31": "426.00000", "2015-09-30": "547.00000", "2015-06-30": "588.00000", "2015-03-31": "533.00000", "2014-12-31": "467.00000", "2014-09-30": "534.00000", "2014-06-30": "573.00000", "2014-03-31": "528.00000", "2013-12-31": "361.00000", "2013-09-30": "553.00000", "2013-06-30": "505.00000", "2013-03-31": "57.00000", "2012-12-31": "409.00000", "2012-09-30": "466.00000", "2012-06-30": "377.00000", "2012-03-31": "371.00000", "2011-12-31": "273.00000", "2011-09-30": "183.00000", "2011-06-30": "391.00000", "2011-03-31": "413.00000", "2010-12-31": "395.00000", "2010-09-30": "307.00000", "2010-06-30": "294.00000", "2010-03-31": "283.00000", "2009-12-31": "330.00000", "2009-09-30": "329.00000", "2009-06-30": "435.00000", "2009-03-31": "208.00000", "2008-12-31": "-209.00000", "2008-09-30": "171.00000", "2008-06-30": "272.00000", "2008-03-31": "58.00000", "2007-12-31": "263.00000", "2007-09-30": "365.00000", "2007-06-30": "198.00000", "2007-03-31": "289.00000", "2006-12-31": "232.00000", "2006-09-30": "298.00000", "2006-06-30": "273.00000", "2006-03-31": "352.00000", "2005-12-31": "210.00000", "2005-09-30": "259.00000", "2005-06-30": "720.00000", "2005-03-31": "436.00000"}, "EBITDA": {"2020-12-31": "", "2020-09-30": "2810.00000", "2020-06-30": "3333.00000", "2020-03-31": "2754.00000", "2019-12-31": "2488.00000", "2019-09-30": "3036.00000", "2019-06-30": "3077.00000", "2019-03-31": "3127.00000", "2018-12-31": "816.00000", "2018-09-30": "1294.00000", "2018-06-30": "1297.00000", "2018-03-31": "1448.00000", "2017-12-31": "1235.00000", "2017-09-30": "963.00000", "2017-06-30": "1274.00000", "2017-03-31": "1036.00000", "2016-12-31": "864.00000", "2016-09-30": "892.00000", "2016-06-30": "965.00000", "2016-03-31": "977.00000", "2015-12-31": "793.00000", "2015-09-30": "1027.00000", "2015-06-30": "1087.00000", "2015-03-31": "1005.00000", "2014-12-31": "885.00000", "2014-09-30": "964.00000", "2014-06-30": "1040.00000", "2014-03-31": "1003.00000", "2013-12-31": "688.00000", "2013-09-30": "945.00000", "2013-06-30": "916.00000", "2013-03-31": "224.00000", "2012-12-31": "773.00000", "2012-09-30": "854.00000", "2012-06-30": "732.00000", "2012-03-31": "678.00000", "2011-12-31": "525.00000", "2011-09-30": "359.00000", "2011-06-30": "675.00000", "2011-03-31": "662.00000", "2010-12-31": "565.00000", "2010-09-30": "540.00000", "2010-06-30": "506.00000", "2010-03-31": "483.00000", "2009-12-31": "569.00000", "2009-09-30": "549.00000", "2009-06-30": "706.00000", "2009-03-31": "342.00000", "2008-12-31": "-275.00000", "2008-09-30": "297.00000", "2008-06-30": "477.00000", "2008-03-31": "127.00000", "2007-12-31": "438.00000", "2007-09-30": "551.00000", "2007-06-30": "372.00000", "2007-03-31": "467.00000", "2006-12-31": "402.00000", "2006-09-30": "494.00000", "2006-06-30": "461.00000", "2006-03-31": "582.00000", "2005-12-31": "359.00000", "2005-09-30": "441.00000", "2005-06-30": "487.00000", "2005-03-31": "727.00000"}, "EBIT": {"2020-12-31": "1345.00000", "2020-09-30": "2108.00000", "2020-06-30": "2639.00000", "2020-03-31": "2061.00000", "2019-12-31": "1561.00000", "2019-09-30": "2123.00000", "2019-06-30": "2163.00000", "2019-03-31": "2230.00000", "2018-12-31": "559.00000", "2018-09-30": "1132.00000", "2018-06-30": "1161.00000", "2018-03-31": "1308.00000", "2017-12-31": "1094.00000", "2017-09-30": "824.00000", "2017-06-30": "1134.00000", "2017-03-31": "890.00000", "2016-12-31": "714.00000", "2016-09-30": "742.00000", "2016-06-30": "813.00000", "2016-03-31": "819.00000", "2015-12-31": "659.00000", "2015-09-30": "878.00000", "2015-06-30": "936.00000", "2015-03-31": "854.00000", "2014-12-31": "732.00000", "2014-09-30": "818.00000", "2014-06-30": "901.00000", "2014-03-31": "853.00000", "2013-12-31": "536.00000", "2013-09-30": "799.00000", "2013-06-30": "767.00000", "2013-03-31": "74.00000", "2012-12-31": "619.00000", "2012-09-30": "718.00000", "2012-06-30": "588.00000", "2012-03-31": "552.00000", "2011-12-31": "432.00000", "2011-09-30": "273.00000", "2011-06-30": "592.00000", "2011-03-31": "579.00000", "2010-12-31": "477.00000", "2010-09-30": "464.00000", "2010-06-30": "439.00000", "2010-03-31": "422.00000", "2009-12-31": "508.00000", "2009-09-30": "487.00000", "2009-06-30": "630.00000", "2009-03-31": "273.00000", "2008-12-31": "-338.00000", "2008-09-30": "233.00000", "2008-06-30": "413.00000", "2008-03-31": "74.00000", "2007-12-31": "391.00000", "2007-09-30": "502.00000", "2007-06-30": "328.00000", "2007-03-31": "413.00000", "2006-12-31": "349.00000", "2006-09-30": "446.00000", "2006-06-30": "408.00000", "2006-03-31": "528.00000", "2005-12-31": "308.00000", "2005-09-30": "383.00000", "2005-06-30": "437.00000", "2005-03-31": "665.00000"}, "Basic Shares Outstanding": {"2020-12-31": "", "2020-09-30": "364.42700", "2020-06-30": "367.39600", "2020-03-31": "370.44000", "2019-12-31": "375.91900", "2019-09-30": "374.84200", "2019-06-30": "377.96200", "2019-03-31": "379.38700", "2018-12-31": "246.65200", "2018-09-30": "242.57700", "2018-06-30": "242.45300", "2018-03-31": "242.17900", "2017-12-31": "250.89200", "2017-09-30": "249.24200", "2017-06-30": "254.08700", "2017-03-31": "255.68000", "2016-12-31": "255.36000", "2016-09-30": "255.51900", "2016-06-30": "255.38100", "2016-03-31": "254.82200", "2015-12-31": "256.14900", "2015-09-30": "256.07000", "2015-06-30": "255.73000", "2015-03-31": "256.70700", "2014-12-31": "263.88900", "2014-09-30": "261.40200", "2014-06-30": "265.37700", "2014-03-31": "269.97900", "2013-12-31": "279.29600", "2013-09-30": "278.05400", "2013-06-30": "282.04300", "2013-03-31": "283.80400", "2012-12-31": "284.81900", "2012-09-30": "284.89100", "2012-06-30": "285.69000", "2012-03-31": "285.15900", "2011-12-31": "270.69100", "2011-09-30": "268.56900", "2011-06-30": "268.55700", "2011-03-31": "270.37700", "2010-12-31": "272.86600", "2010-09-30": "270.49700", "2010-06-30": "275.10700", "2010-03-31": "275.68800", "2009-12-31": "274.05800", "2009-09-30": "272.84000", "2009-06-30": "274.08600", "2009-03-31": "272.59100", "2008-12-31": "277.31700", "2008-09-30": "276.13000", "2008-06-30": "275.05500", "2008-03-31": "272.59100", "2007-12-31": "286.35700", "2007-09-30": "279.88300", "2007-06-30": "284.61400", "2007-03-31": "290.37000", "2006-12-31": "331.25700", "2006-09-30": "319.74300", "2006-06-30": "346.23400", "2006-03-31": "359.83800", "2005-12-31": "382.04400", "2005-09-30": "380.66400", "2005-06-30": "386.95800", "2005-03-31": "392.16600"}, "Shares Outstanding": {"2020-12-31": "361.11500", "2020-09-30": "367.19000", "2020-06-30": "367.39600", "2020-03-31": "374.63900", "2019-12-31": "379.81700", "2019-09-30": "378.32100", "2019-06-30": "377.96200", "2019-03-31": "384.02400", "2018-12-31": "250.22500", "2018-09-30": "246.11200", "2018-06-30": "245.33900", "2018-03-31": "245.78800", "2017-12-31": "255.07200", "2017-09-30": "253.41000", "2017-06-30": "258.06100", "2017-03-31": "259.77400", "2016-12-31": "259.64700", "2016-09-30": "259.75400", "2016-06-30": "259.50000", "2016-03-31": "259.44700", "2015-12-31": "260.59200", "2015-09-30": "260.51900", "2015-06-30": "260.09700", "2015-03-31": "261.24600", "2014-12-31": "268.60300", "2014-09-30": "265.89100", "2014-06-30": "269.92100", "2014-03-31": "274.46700", "2013-12-31": "284.68500", "2013-09-30": "283.56300", "2013-06-30": "287.08600", "2013-03-31": "289.25800", "2012-12-31": "289.53000", "2012-09-30": "289.87500", "2012-06-30": "290.54700", "2012-03-31": "288.99900", "2011-12-31": "274.24900", "2011-09-30": "272.06000", "2011-06-30": "272.73300", "2011-03-31": "273.87300", "2010-12-31": "275.28700", "2010-09-30": "272.84000", "2010-06-30": "277.53600", "2010-03-31": "278.10000", "2009-12-31": "275.35700", "2009-09-30": "276.13000", "2009-06-30": "275.05500", "2009-03-31": "272.86800", "2008-12-31": "278.84300", "2008-09-30": "276.80600", "2008-06-30": "281.92000", "2008-03-31": "272.86800", "2007-12-31": "290.13300", "2007-09-30": "284.46200", "2007-06-30": "290.00100", "2007-03-31": "296.35200", "2006-12-31": "336.98500", "2006-09-30": "324.70400", "2006-06-30": "350.93500", "2006-03-31": "367.53900", "2005-12-31": "389.41900", "2005-09-30": "389.04900", "2005-06-30": "394.03800", "2005-03-31": "398.17800"}, "Basic EPS": {"2020-12-31": "", "2020-09-30": "3.81000", "2020-06-30": "4.77000", "2020-03-31": "3.19000", "2019-12-31": "2.64000", "2019-09-30": "3.60000", "2019-06-30": "3.73000", "2019-03-31": "3.61000", "2018-12-31": "0.41000", "2018-09-30": "3.18000", "2018-06-30": "3.32000", "2018-03-31": "3.78000", "2017-12-31": "1.13000", "2017-09-30": "2.25000", "2017-06-30": "3.20000", "2017-03-31": "2.34000", "2016-12-31": "1.49000", "2016-09-30": "1.78000", "2016-06-30": "2.00000", "2016-03-31": "2.04000", "2015-12-31": "1.65000", "2015-09-30": "2.14000", "2015-06-30": "2.30000", "2015-03-31": "2.08000", "2014-12-31": "1.81000", "2014-09-30": "2.04000", "2014-06-30": "2.16000", "2014-03-31": "1.96000", "2013-12-31": "1.30000", "2013-09-30": "1.99000", "2013-06-30": "1.79000", "2013-03-31": "0.20000", "2012-12-31": "1.43000", "2012-09-30": "1.64000", "2012-06-30": "1.33000", "2012-03-31": "1.30000", "2011-12-31": "0.98000", "2011-09-30": "0.68000", "2011-06-30": "1.46000", "2011-03-31": "1.53000", "2010-12-31": "1.46000", "2010-09-30": "1.13000", "2010-06-30": "1.07000", "2010-03-31": "1.03000", "2009-12-31": "1.20000", "2009-09-30": "1.20000", "2009-06-30": "1.59000", "2009-03-31": "0.76000", "2008-12-31": "-0.75000", "2008-09-30": "0.62000", "2008-06-30": "0.97000", "2008-03-31": "0.21000", "2007-12-31": "0.89000", "2007-09-30": "1.30000", "2007-06-30": "0.70000", "2007-03-31": "1.00000", "2006-12-31": "0.79330", "2006-09-30": "0.93000", "2006-06-30": "0.79000", "2006-03-31": "0.97670", "2005-12-31": "0.59670", "2005-09-30": "0.68000", "2005-06-30": "1.86000", "2005-03-31": "1.11330"}, "EPS - Earnings Per Share": {"2020-12-31": "11.45000", "2020-09-30": "3.78000", "2020-06-30": "4.73000", "2020-03-31": "3.15000", "2019-12-31": "2.61000", "2019-09-30": "3.57000", "2019-06-30": "3.70000", "2019-03-31": "3.56000", "2018-12-31": "0.39000", "2018-09-30": "3.14000", "2018-06-30": "3.29000", "2018-03-31": "3.72000", "2017-12-31": "1.11000", "2017-09-30": "2.21000", "2017-06-30": "3.15000", "2017-03-31": "2.30000", "2016-12-31": "1.46000", "2016-09-30": "1.76000", "2016-06-30": "1.97000", "2016-03-31": "2.00000", "2015-12-31": "1.64000", "2015-09-30": "2.10000", "2015-06-30": "2.26000", "2015-03-31": "2.04000", "2014-12-31": "1.78000", "2014-09-30": "2.01000", "2014-06-30": "2.12000", "2014-03-31": "1.92000", "2013-12-31": "1.27000", "2013-09-30": "1.95000", "2013-06-30": "1.76000", "2013-03-31": "0.20000", "2012-12-31": "1.41000", "2012-09-30": "1.61000", "2012-06-30": "1.31000", "2012-03-31": "1.28000", "2011-12-31": "0.98000", "2011-09-30": "0.67000", "2011-06-30": "1.43000", "2011-03-31": "1.51000", "2010-12-31": "1.44000", "2010-09-30": "1.13000", "2010-06-30": "1.06000", "2010-03-31": "1.02000", "2009-12-31": "1.20000", "2009-09-30": "1.19000", "2009-06-30": "1.58000", "2009-03-31": "0.76000", "2008-12-31": "-0.73000", "2008-09-30": "0.62000", "2008-06-30": "0.96000", "2008-03-31": "0.20000", "2007-12-31": "0.90000", "2007-09-30": "1.28000", "2007-06-30": "0.68000", "2007-03-31": "0.98000", "2006-12-31": "0.77330", "2006-09-30": "0.92000", "2006-06-30": "0.78000", "2006-03-31": "0.95670", "2005-12-31": "0.58330", "2005-09-30": "0.66670", "2005-06-30": "1.82670", "2005-03-31": "1.09330"}}, "balance sheet": {"Cash On Hand": {"2020-12-31": "10182.00000", "2019-12-31": "4619.00000", "2018-12-31": "3855.00000", "2017-12-31": "2972.00000", "2016-12-31": "3185.00000", "2015-12-31": "1968.00000", "2014-12-31": "1420.00000", "2013-12-31": "2795.00000", "2012-12-31": "2978.00000", "2011-12-31": "4690.00000", "2010-12-31": "1605.00000", "2009-12-31": "924.00000", "2008-12-31": "1342.00000", "2007-12-31": "1970.00000", "2006-12-31": "1392.00000", "2005-12-31": "1709.00000"}, "Receivables": {"2020-12-31": "17391.00000", "2019-12-31": "15816.00000", "2018-12-31": "15980.00000", "2017-12-31": "8918.00000", "2016-12-31": "9555.00000", "2015-12-31": "10507.00000", "2014-12-31": "9837.00000", "2013-12-31": "9290.00000", "2012-12-31": "8033.00000", "2011-12-31": "7614.00000", "2010-12-31": "7813.00000", "2009-12-31": "7958.00000", "2008-12-31": "8380.00000", "2007-12-31": "8736.00000", "2006-12-31": "9504.00000", "2005-12-31": "8646.00000"}, "Inventory": {"2020-12-31": "", "2019-12-31": "", "2018-12-31": "", "2017-12-31": "", "2016-12-31": "", "2015-12-31": "", "2014-12-31": "", "2013-12-31": "", "2012-12-31": "", "2011-12-31": "", "2010-12-31": "", "2009-12-31": "", "2008-12-31": "", "2007-12-31": "", "2006-12-31": "", "2005-12-31": ""}, "Pre-Paid Expenses": {"2020-12-31": "", "2019-12-31": "", "2018-12-31": "", "2017-12-31": "", "2016-12-31": "", "2015-12-31": "", "2014-12-31": "", "2013-12-31": "", "2012-12-31": "", "2011-12-31": "", "2010-12-31": "", "2009-12-31": "", "2008-12-31": "", "2007-12-31": "", "2006-12-31": "", "2005-12-31": ""}, "Other Current Assets": {"2020-12-31": "", "2019-12-31": "", "2018-12-31": "", "2017-12-31": "", "2016-12-31": "", "2015-12-31": "", "2014-12-31": "", "2013-12-31": "", "2012-12-31": "", "2011-12-31": "", "2010-12-31": "", "2009-12-31": "", "2008-12-31": "", "2007-12-31": "", "2006-12-31": "", "2005-12-31": ""}, "Total Current Assets": {"2020-12-31": "27573.00000", "2019-12-31": "20435.00000", "2018-12-31": "19835.00000", "2017-12-31": "11890.00000", "2016-12-31": "12740.00000", "2015-12-31": "12475.00000", "2014-12-31": "11257.00000", "2013-12-31": "12085.00000", "2012-12-31": "11011.00000", "2011-12-31": "12304.00000", "2010-12-31": "9418.00000", "2009-12-31": "8882.00000", "2008-12-31": "9722.00000", "2007-12-31": "10706.00000", "2006-12-31": "10896.00000", "2005-12-31": "10355.00000"}, "Property, Plant, And Equipment": {"2020-12-31": "4205.00000", "2019-12-31": "4417.00000", "2018-12-31": "4562.00000", "2017-12-31": "1563.00000", "2016-12-31": "1536.00000", "2015-12-31": "1534.00000", "2014-12-31": "1502.00000", "2013-12-31": "1464.00000", "2012-12-31": "1120.00000", "2011-12-31": "1024.00000", "2010-12-31": "912.00000", "2009-12-31": "862.00000", "2008-12-31": "804.00000", "2007-12-31": "625.00000", "2006-12-31": "632.00000", "2005-12-31": "638.00000"}, "Long-Term Investments": {"2020-12-31": "24593.00000", "2019-12-31": "22479.00000", "2018-12-31": "28974.00000", "2017-12-31": "28619.00000", "2016-12-31": "26815.00000", "2015-12-31": "24713.00000", "2014-12-31": "24342.00000", "2013-12-31": "22365.00000", "2012-12-31": "23918.00000", "2011-12-31": "22742.00000", "2010-12-31": "21183.00000", "2009-12-31": "20077.00000", "2008-12-31": "18212.00000", "2007-12-31": "17763.00000", "2006-12-31": "18326.00000", "2005-12-31": "21658.00000"}, "Goodwill And Intangible Assets": {"2020-12-31": "79827.00000", "2019-12-31": "81164.00000", "2018-12-31": "83508.00000", "2017-12-31": "6509.00000", "2016-12-31": "5980.00000", "2015-12-31": "6019.00000", "2014-12-31": "5989.00000", "2013-12-31": "6029.00000", "2012-12-31": "6001.00000", "2011-12-31": "3164.00000", "2010-12-31": "3119.00000", "2009-12-31": "2876.00000", "2008-12-31": "2878.00000", "2007-12-31": "1783.00000", "2006-12-31": "1736.00000", "2005-12-31": "1622.00000"}, "Other Long-Term Assets": {"2020-12-31": "15868.00000", "2019-12-31": "14809.00000", "2018-12-31": "13526.00000", "2017-12-31": "10902.00000", "2016-12-31": "10167.00000", "2015-12-31": "10309.00000", "2014-12-31": "10985.00000", "2013-12-31": "10906.00000", "2012-12-31": "10112.00000", "2011-12-31": "9843.00000", "2010-12-31": "9146.00000", "2009-12-31": "8344.00000", "2008-12-31": "7384.00000", "2007-12-31": "7578.00000", "2006-12-31": "9176.00000", "2005-12-31": "8915.00000"}, "Total Long-Term Assets": {"2020-12-31": "127878.00000", "2019-12-31": "135339.00000", "2018-12-31": "133391.00000", "2017-12-31": "49869.00000", "2016-12-31": "46620.00000", "2015-12-31": "44613.00000", "2014-12-31": "44613.00000", "2013-12-31": "42251.00000", "2012-12-31": "42723.00000", "2011-12-31": "38393.00000", "2010-12-31": "36264.00000", "2009-12-31": "34131.00000", "2008-12-31": "31684.00000", "2007-12-31": "29359.00000", "2006-12-31": "31503.00000", "2005-12-31": "34538.00000"}, "Total Assets": {"2020-12-31": "155451.00000", "2019-12-31": "155774.00000", "2018-12-31": "153226.00000", "2017-12-31": "61759.00000", "2016-12-31": "59360.00000", "2015-12-31": "57088.00000", "2014-12-31": "55870.00000", "2013-12-31": "54336.00000", "2012-12-31": "53734.00000", "2011-12-31": "50697.00000", "2010-12-31": "45682.00000", "2009-12-31": "43013.00000", "2008-12-31": "41406.00000", "2007-12-31": "40065.00000", "2006-12-31": "42399.00000", "2005-12-31": "44893.00000"}, "Total Current Liabilities": {"2020-12-31": "52866.00000", "2019-12-31": "33326.00000", "2018-12-31": "31895.00000", "2017-12-31": "31539.00000", "2016-12-31": "32879.00000", "2015-12-31": "32122.00000", "2014-12-31": "31684.00000", "2013-12-31": "30393.00000", "2012-12-31": "31108.00000", "2011-12-31": "29620.00000", "2010-12-31": "28823.00000", "2009-12-31": "27837.00000", "2008-12-31": "29838.00000", "2007-12-31": "26469.00000", "2006-12-31": "28123.00000", "2005-12-31": "29520.00000"}, "Long Term Debt": {"2020-12-31": "29545.00000", "2019-12-31": "31893.00000", "2018-12-31": "39523.00000", "2017-12-31": "5199.00000", "2016-12-31": "4756.00000", "2015-12-31": "5020.00000", "2014-12-31": "4979.00000", "2013-12-31": "5014.00000", "2012-12-31": "4986.00000", "2011-12-31": "4990.00000", "2010-12-31": "2288.00000", "2009-12-31": "2436.00000", "2008-12-31": "2090.00000", "2007-12-31": "1790.00000", "2006-12-31": "1294.00000", "2005-12-31": "1338.00000"}, "Other Non-Current Liabilities": {"2020-12-31": "13715.00000", "2019-12-31": "28977.00000", "2018-12-31": "31283.00000", "2017-12-31": "11261.00000", "2016-12-31": "7940.00000", "2015-12-31": "7833.00000", "2014-12-31": "8328.00000", "2013-12-31": "8252.00000", "2012-12-31": "7757.00000", "2011-12-31": "8093.00000", "2010-12-31": "7908.00000", "2009-12-31": "7311.00000", "2008-12-31": "5880.00000", "2007-12-31": "7058.00000", "2006-12-31": "8652.00000", "2005-12-31": "8675.00000"}, "Total Long Term Liabilities": {"2020-12-31": "52257.00000", "2019-12-31": "77104.00000", "2018-12-31": "80296.00000", "2017-12-31": "16509.00000", "2016-12-31": "12754.00000", "2015-12-31": "12922.00000", "2014-12-31": "13397.00000", "2013-12-31": "13362.00000", "2012-12-31": "12857.00000", "2011-12-31": "13083.00000", "2010-12-31": "10196.00000", "2009-12-31": "9747.00000", "2008-12-31": "7970.00000", "2007-12-31": "8848.00000", "2006-12-31": "9946.00000", "2005-12-31": "10013.00000"}, "Total Liabilities": {"2020-12-31": "105123.00000", "2019-12-31": "110430.00000", "2018-12-31": "112191.00000", "2017-12-31": "48048.00000", "2016-12-31": "45633.00000", "2015-12-31": "45044.00000", "2014-12-31": "45081.00000", "2013-12-31": "43755.00000", "2012-12-31": "43965.00000", "2011-12-31": "42703.00000", "2010-12-31": "39019.00000", "2009-12-31": "37584.00000", "2008-12-31": "37808.00000", "2007-12-31": "35317.00000", "2006-12-31": "38069.00000", "2005-12-31": "39533.00000"}, "Common Stock Net": {"2020-12-31": "4.00000", "2019-12-31": "4.00000", "2018-12-31": "4.00000", "2017-12-31": "74.00000", "2016-12-31": "74.00000", "2015-12-31": "74.00000", "2014-12-31": "74.00000", "2013-12-31": "92.00000", "2012-12-31": "92.00000", "2011-12-31": "92.00000", "2010-12-31": "88.00000", "2009-12-31": "88.00000", "2008-12-31": "88.00000", "2007-12-31": "88.00000", "2006-12-31": "40.00000", "2005-12-31": "40.00000"}, "Retained Earnings (Accumulated Deficit)": {"2020-12-31": "28575.00000", "2019-12-31": "20162.00000", "2018-12-31": "15088.00000", "2017-12-31": "15800.00000", "2016-12-31": "13855.00000", "2015-12-31": "12121.00000", "2014-12-31": "10289.00000", "2013-12-31": "13676.00000", "2012-12-31": "12330.00000", "2011-12-31": "10787.00000", "2010-12-31": "9879.00000", "2009-12-31": "8625.00000", "2008-12-31": "7374.00000", "2007-12-31": "7113.00000", "2006-12-31": "6177.00000", "2005-12-31": "5162.00000"}, "Comprehensive Income": {"2020-12-31": "-861.00000", "2019-12-31": "-941.00000", "2018-12-31": "-1711.00000", "2017-12-31": "-1082.00000", "2016-12-31": "-1382.00000", "2015-12-31": "-1250.00000", "2014-12-31": "-936.00000", "2013-12-31": "-520.00000", "2012-12-31": "-671.00000", "2011-12-31": "-787.00000", "2010-12-31": "-614.00000", "2009-12-31": "-618.00000", "2008-12-31": "-1074.00000", "2007-12-31": "51.00000", "2006-12-31": "-169.00000", "2005-12-31": "-509.00000"}, "Other Share Holders Equity": {"2020-12-31": "", "2019-12-31": "", "2018-12-31": "", "2017-12-31": "", "2016-12-31": "", "2015-12-31": "", "2014-12-31": "", "2013-12-31": "", "2012-12-31": "", "2011-12-31": "", "2010-12-31": "", "2009-12-31": "", "2008-12-31": "", "2007-12-31": "", "2006-12-31": "", "2005-12-31": ""}, "Share Holder Equity": {"2020-12-31": "50328.00000", "2019-12-31": "45344.00000", "2018-12-31": "41035.00000", "2017-12-31": "13711.00000", "2016-12-31": "13727.00000", "2015-12-31": "12044.00000", "2014-12-31": "10789.00000", "2013-12-31": "10581.00000", "2012-12-31": "9769.00000", "2011-12-31": "7994.00000", "2010-12-31": "6663.00000", "2009-12-31": "5429.00000", "2008-12-31": "3598.00000", "2007-12-31": "4748.00000", "2006-12-31": "4330.00000", "2005-12-31": "5360.00000"}, "Total Liabilities And Share Holders Equity": {"2020-12-31": "155451.00000", "2019-12-31": "155774.00000", "2018-12-31": "153226.00000", "2017-12-31": "61759.00000", "2016-12-31": "59360.00000", "2015-12-31": "57088.00000", "2014-12-31": "55870.00000", "2013-12-31": "54336.00000", "2012-12-31": "53734.00000", "2011-12-31": "50697.00000", "2010-12-31": "45682.00000", "2009-12-31": "43013.00000", "2008-12-31": "41406.00000", "2007-12-31": "40065.00000", "2006-12-31": "42399.00000", "2005-12-31": "44893.00000"}}, "balance sheet, quarterly": {"Cash On Hand": {"2020-12-31": "10182.00000", "2020-09-30": "5344.00000", "2020-06-30": "7185.00000", "2020-03-31": "4452.00000", "2019-12-31": "4619.00000", "2019-09-30": "4577.00000", "2019-06-30": "3610.00000", "2019-03-31": "4976.00000", "2018-12-31": "3855.00000", "2018-09-30": "24032.00000", "2018-06-30": "3634.00000", "2018-03-31": "2771.00000", "2017-12-31": "2972.00000", "2017-09-30": "3656.00000", "2017-06-30": "3611.00000", "2017-03-31": "4155.00000", "2016-12-31": "3185.00000", "2016-09-30": "3224.00000", "2016-06-30": "2454.00000", "2016-03-31": "2401.00000", "2015-12-31": "1968.00000", "2015-09-30": "2381.00000", "2015-06-30": "1969.00000", "2015-03-31": "2620.00000", "2014-12-31": "1420.00000", "2014-09-30": "1621.00000", "2014-06-30": "1967.00000", "2014-03-31": "2276.00000", "2013-12-31": "2795.00000", "2013-09-30": "3055.00000", "2013-06-30": "3209.00000", "2013-03-31": "3306.00000", "2012-12-31": "2978.00000", "2012-09-30": "2236.00000", "2012-06-30": "3045.00000", "2012-03-31": "2111.00000", "2011-12-31": "4690.00000", "2011-09-30": "1902.00000", "2011-06-30": "1774.00000", "2011-03-31": "1656.00000", "2010-12-31": "1605.00000", "2010-09-30": "1404.00000", "2010-06-30": "1449.00000", "2010-03-31": "1299.00000", "2009-12-31": "924.00000", "2009-09-30": "836.00000", "2009-06-30": "1022.00000", "2009-03-31": "1375.00000", "2008-12-31": "1342.00000", "2008-09-30": "1078.00000", "2008-06-30": "805.00000", "2008-03-31": "2850.00000", "2007-12-31": "1970.00000", "2007-09-30": "1421.00000", "2007-06-30": "1104.00000", "2007-03-31": "1589.00000", "2006-12-31": "1392.00000", "2006-09-30": "1208.00000", "2006-06-30": "1388.00000", "2006-03-31": "1904.00000", "2005-12-31": "1709.00000", "2005-09-30": "1251.00000", "2005-06-30": "1879.00000", "2005-03-31": "2400.00000"}, "Receivables": {"2020-12-31": "17391.00000", "2020-09-30": "18386.00000", "2020-06-30": "17636.00000", "2020-03-31": "16782.00000", "2019-12-31": "15816.00000", "2019-09-30": "16993.00000", "2019-06-30": "17024.00000", "2019-03-31": "16326.00000", "2018-12-31": "15980.00000", "2018-09-30": "9389.00000", "2018-06-30": "9289.00000", "2018-03-31": "9400.00000", "2017-12-31": "8918.00000", "2017-09-30": "9469.00000", "2017-06-30": "9721.00000", "2017-03-31": "9540.00000", "2016-12-31": "9555.00000", "2016-09-30": "10116.00000", "2016-06-30": "11034.00000", "2016-03-31": "10681.00000", "2015-12-31": "10507.00000", "2015-09-30": "10650.00000", "2015-06-30": "10811.00000", "2015-03-31": "10407.00000", "2014-12-31": "9837.00000", "2014-09-30": "9660.00000", "2014-06-30": "9789.00000", "2014-03-31": "9645.00000", "2013-12-31": "9290.00000", "2013-09-30": "9240.00000", "2013-06-30": "9384.00000", "2013-03-31": "9457.00000", "2012-12-31": "8033.00000", "2012-09-30": "8105.00000", "2012-06-30": "7854.00000", "2012-03-31": "8084.00000", "2011-12-31": "7614.00000", "2011-09-30": "7744.00000", "2011-06-30": "7753.00000", "2011-03-31": "7827.00000", "2010-12-31": "7813.00000", "2010-09-30": "7844.00000", "2010-06-30": "7940.00000", "2010-03-31": "8035.00000", "2009-12-31": "7958.00000", "2009-09-30": "8170.00000", "2009-06-30": "8282.00000", "2009-03-31": "8408.00000", "2008-12-31": "8380.00000", "2008-09-30": "8675.00000", "2008-06-30": "8800.00000", "2008-03-31": "8680.00000", "2007-12-31": "8736.00000", "2007-09-30": "9049.00000", "2007-06-30": "9185.00000", "2007-03-31": "9264.00000", "2006-12-31": "9504.00000", "2006-09-30": "9288.00000", "2006-06-30": "9439.00000", "2006-03-31": "8201.00000", "2005-12-31": "8646.00000", "2005-09-30": "9049.00000", "2005-06-30": "9390.00000", "2005-03-31": "11412.00000"}, "Inventory": {"2020-12-31": "", "2020-09-30": "", "2020-06-30": "", "2020-03-31": "", "2019-12-31": "", "2019-09-30": "", "2019-06-30": "", "2019-03-31": "", "2018-12-31": "", "2018-09-30": "", "2018-06-30": "", "2018-03-31": "", "2017-12-31": "", "2017-09-30": "", "2017-06-30": "", "2017-03-31": "", "2016-12-31": "", "2016-09-30": "", "2016-06-30": "", "2016-03-31": "", "2015-12-31": "", "2015-09-30": "", "2015-06-30": "", "2015-03-31": "", "2014-12-31": "", "2014-09-30": "", "2014-06-30": "", "2014-03-31": "", "2013-12-31": "", "2013-09-30": "", "2013-06-30": "", "2013-03-31": "", "2012-12-31": "", "2012-09-30": "", "2012-06-30": "", "2012-03-31": "", "2011-12-31": "", "2011-09-30": "", "2011-06-30": "", "2011-03-31": "", "2010-12-31": "", "2010-09-30": "", "2010-06-30": "", "2010-03-31": "", "2009-12-31": "", "2009-09-30": "", "2009-06-30": "", "2009-03-31": "", "2008-12-31": "", "2008-09-30": "", "2008-06-30": "", "2008-03-31": "", "2007-12-31": "", "2007-09-30": "", "2007-06-30": "", "2007-03-31": "", "2006-12-31": "", "2006-09-30": "", "2006-06-30": "", "2006-03-31": "", "2005-12-31": "", "2005-09-30": "", "2005-06-30": "", "2005-03-31": ""}, "Pre-Paid Expenses": {"2020-12-31": "", "2020-09-30": "", "2020-06-30": "", "2020-03-31": "", "2019-12-31": "", "2019-09-30": "", "2019-06-30": "", "2019-03-31": "", "2018-12-31": "", "2018-09-30": "", "2018-06-30": "", "2018-03-31": "", "2017-12-31": "", "2017-09-30": "", "2017-06-30": "", "2017-03-31": "", "2016-12-31": "", "2016-09-30": "", "2016-06-30": "", "2016-03-31": "", "2015-12-31": "", "2015-09-30": "", "2015-06-30": "", "2015-03-31": "", "2014-12-31": "", "2014-09-30": "", "2014-06-30": "", "2014-03-31": "", "2013-12-31": "", "2013-09-30": "", "2013-06-30": "", "2013-03-31": "", "2012-12-31": "", "2012-09-30": "", "2012-06-30": "", "2012-03-31": "", "2011-12-31": "", "2011-09-30": "", "2011-06-30": "", "2011-03-31": "", "2010-12-31": "", "2010-09-30": "", "2010-06-30": "", "2010-03-31": "", "2009-12-31": "", "2009-09-30": "", "2009-06-30": "", "2009-03-31": "", "2008-12-31": "", "2008-09-30": "", "2008-06-30": "", "2008-03-31": "", "2007-12-31": "", "2007-09-30": "", "2007-06-30": "", "2007-03-31": "", "2006-12-31": "", "2006-09-30": "", "2006-06-30": "", "2006-03-31": "", "2005-12-31": "", "2005-09-30": "", "2005-06-30": "", "2005-03-31": ""}, "Other Current Assets": {"2020-12-31": "", "2020-09-30": "", "2020-06-30": "", "2020-03-31": "", "2019-12-31": "", "2019-09-30": "", "2019-06-30": "", "2019-03-31": "", "2018-12-31": "", "2018-09-30": "", "2018-06-30": "", "2018-03-31": "", "2017-12-31": "", "2017-09-30": "", "2017-06-30": "", "2017-03-31": "", "2016-12-31": "", "2016-09-30": "", "2016-06-30": "", "2016-03-31": "", "2015-12-31": "", "2015-09-30": "", "2015-06-30": "", "2015-03-31": "", "2014-12-31": "", "2014-09-30": "", "2014-06-30": "", "2014-03-31": "", "2013-12-31": "", "2013-09-30": "", "2013-06-30": "", "2013-03-31": "", "2012-12-31": "", "2012-09-30": "", "2012-06-30": "", "2012-03-31": "", "2011-12-31": "", "2011-09-30": "", "2011-06-30": "", "2011-03-31": "", "2010-12-31": "", "2010-09-30": "", "2010-06-30": "", "2010-03-31": "", "2009-12-31": "", "2009-09-30": "", "2009-06-30": "", "2009-03-31": "", "2008-12-31": "", "2008-09-30": "", "2008-06-30": "", "2008-03-31": "", "2007-12-31": "", "2007-09-30": "", "2007-06-30": "", "2007-03-31": "", "2006-12-31": "", "2006-09-30": "", "2006-06-30": "", "2006-03-31": "", "2005-12-31": "", "2005-09-30": "", "2005-06-30": "", "2005-03-31": ""}, "Total Current Assets": {"2020-12-31": "27573.00000", "2020-09-30": "23730.00000", "2020-06-30": "24821.00000", "2020-03-31": "21234.00000", "2019-12-31": "20435.00000", "2019-09-30": "21570.00000", "2019-06-30": "20634.00000", "2019-03-31": "21302.00000", "2018-12-31": "19835.00000", "2018-09-30": "33421.00000", "2018-06-30": "12923.00000", "2018-03-31": "12171.00000", "2017-12-31": "11890.00000", "2017-09-30": "13125.00000", "2017-06-30": "13332.00000", "2017-03-31": "13695.00000", "2016-12-31": "12740.00000", "2016-09-30": "13340.00000", "2016-06-30": "13488.00000", "2016-03-31": "13082.00000", "2015-12-31": "12475.00000", "2015-09-30": "13031.00000", "2015-06-30": "12780.00000", "2015-03-31": "13027.00000", "2014-12-31": "11257.00000", "2014-09-30": "11281.00000", "2014-06-30": "11756.00000", "2014-03-31": "11921.00000", "2013-12-31": "12085.00000", "2013-09-30": "12295.00000", "2013-06-30": "12593.00000", "2013-03-31": "12763.00000", "2012-12-31": "11011.00000", "2012-09-30": "10341.00000", "2012-06-30": "10899.00000", "2012-03-31": "10195.00000", "2011-12-31": "12304.00000", "2011-09-30": "9646.00000", "2011-06-30": "9527.00000", "2011-03-31": "9483.00000", "2010-12-31": "9418.00000", "2010-09-30": "9248.00000", "2010-06-30": "9389.00000", "2010-03-31": "9334.00000", "2009-12-31": "8882.00000", "2009-09-30": "9006.00000", "2009-06-30": "9304.00000", "2009-03-31": "9783.00000", "2008-12-31": "9722.00000", "2008-09-30": "9753.00000", "2008-06-30": "9605.00000", "2008-03-31": "11530.00000", "2007-12-31": "10706.00000", "2007-09-30": "10470.00000", "2007-06-30": "10289.00000", "2007-03-31": "10853.00000", "2006-12-31": "10896.00000", "2006-09-30": "10496.00000", "2006-06-30": "10827.00000", "2006-03-31": "10105.00000", "2005-12-31": "10355.00000", "2005-09-30": "10300.00000", "2005-06-30": "11269.00000", "2005-03-31": "13812.00000"}, "Property, Plant, And Equipment": {"2020-12-31": "4205.00000", "2020-09-30": "4203.00000", "2020-06-30": "4255.00000", "2020-03-31": "4317.00000", "2019-12-31": "4417.00000", "2019-09-30": "4448.00000", "2019-06-30": "4538.00000", "2019-03-31": "4523.00000", "2018-12-31": "4562.00000", "2018-09-30": "1559.00000", "2018-06-30": "1554.00000", "2018-03-31": "1552.00000", "2017-12-31": "1563.00000", "2017-09-30": "1526.00000", "2017-06-30": "1509.00000", "2017-03-31": "1519.00000", "2016-12-31": "1536.00000", "2016-09-30": "1561.00000", "2016-06-30": "1556.00000", "2016-03-31": "1534.00000", "2015-12-31": "1534.00000", "2015-09-30": "1483.00000", "2015-06-30": "1502.00000", "2015-03-31": "1486.00000", "2014-12-31": "1502.00000", "2014-09-30": "1494.00000", "2014-06-30": "1498.00000", "2014-03-31": "1450.00000", "2013-12-31": "1464.00000", "2013-09-30": "1451.00000", "2013-06-30": "1191.00000", "2013-03-31": "1109.00000", "2012-12-31": "1120.00000", "2012-09-30": "1136.00000", "2012-06-30": "1115.00000", "2012-03-31": "1083.00000", "2011-12-31": "1024.00000", "2011-09-30": "978.00000", "2011-06-30": "953.00000", "2011-03-31": "912.00000", "2010-12-31": "912.00000", "2010-09-30": "894.00000", "2010-06-30": "875.00000", "2010-03-31": "860.00000", "2009-12-31": "862.00000", "2009-09-30": "827.00000", "2009-06-30": "805.00000", "2009-03-31": "804.00000", "2008-12-31": "804.00000", "2008-09-30": "791.00000", "2008-06-30": "789.00000", "2008-03-31": "649.00000", "2007-12-31": "625.00000", "2007-09-30": "601.00000", "2007-06-30": "568.00000", "2007-03-31": "603.00000", "2006-12-31": "632.00000", "2006-09-30": "617.00000", "2006-06-30": "612.00000", "2006-03-31": "626.00000", "2005-12-31": "638.00000", "2005-09-30": "660.00000", "2005-06-30": "730.00000", "2005-03-31": "747.00000"}, "Long-Term Investments": {"2020-12-31": "24593.00000", "2020-09-30": "23276.00000", "2020-06-30": "22528.00000", "2020-03-31": "21581.00000", "2019-12-31": "22479.00000", "2019-09-30": "30275.00000", "2019-06-30": "29845.00000", "2019-03-31": "28919.00000", "2018-12-31": "28974.00000", "2018-09-30": "28976.00000", "2018-06-30": "29339.00000", "2018-03-31": "29864.00000", "2017-12-31": "28619.00000", "2017-09-30": "28245.00000", "2017-06-30": "27932.00000", "2017-03-31": "27259.00000", "2016-12-31": "26815.00000", "2016-09-30": "27101.00000", "2016-06-30": "25863.00000", "2016-03-31": "25447.00000", "2015-12-31": "24713.00000", "2015-09-30": "23899.00000", "2015-06-30": "23819.00000", "2015-03-31": "24408.00000", "2014-12-31": "24342.00000", "2014-09-30": "24333.00000", "2014-06-30": "23997.00000", "2014-03-31": "23389.00000", "2013-12-31": "22365.00000", "2013-09-30": "22053.00000", "2013-06-30": "21864.00000", "2013-03-31": "22776.00000", "2012-12-31": "23918.00000", "2012-09-30": "24156.00000", "2012-06-30": "23604.00000", "2012-03-31": "23555.00000", "2011-12-31": "22742.00000", "2011-09-30": "22877.00000", "2011-06-30": "22006.00000", "2011-03-31": "21525.00000", "2010-12-31": "21183.00000", "2010-09-30": "21789.00000", "2010-06-30": "21015.00000", "2010-03-31": "20344.00000", "2009-12-31": "20077.00000", "2009-09-30": "19911.00000", "2009-06-30": "18787.00000", "2009-03-31": "18033.00000", "2008-12-31": "18212.00000", "2008-09-30": "18072.00000", "2008-06-30": "18470.00000", "2008-03-31": "17845.00000", "2007-12-31": "17763.00000", "2007-09-30": "17923.00000", "2007-06-30": "18028.00000", "2007-03-31": "18651.00000", "2006-12-31": "18326.00000", "2006-09-30": "18861.00000", "2006-06-30": "18797.00000", "2006-03-31": "20976.00000", "2005-12-31": "21658.00000", "2005-09-30": "22299.00000", "2005-06-30": "22759.00000", "2005-03-31": "21965.00000"}, "Goodwill And Intangible Assets": {"2020-12-31": "79827.00000", "2020-09-30": "80177.00000", "2020-06-30": "80381.00000", "2020-03-31": "80746.00000", "2019-12-31": "81164.00000", "2019-09-30": "81546.00000", "2019-06-30": "82166.00000", "2019-03-31": "82875.00000", "2018-12-31": "83508.00000", "2018-09-30": "6129.00000", "2018-06-30": "6147.00000", "2018-03-31": "6170.00000", "2017-12-31": "6509.00000", "2017-09-30": "6001.00000", "2017-06-30": "6000.00000", "2017-03-31": "5982.00000", "2016-12-31": "5980.00000", "2016-09-30": "6007.00000", "2016-06-30": "6017.00000", "2016-03-31": "6029.00000", "2015-12-31": "6019.00000", "2015-09-30": "6040.00000", "2015-06-30": "6041.00000", "2015-03-31": "6029.00000", "2014-12-31": "5989.00000", "2014-09-30": "6003.00000", "2014-06-30": "6033.00000", "2014-03-31": "6030.00000", "2013-12-31": "6029.00000", "2013-09-30": "6035.00000", "2013-06-30": "5986.00000", "2013-03-31": "5990.00000", "2012-12-31": "6001.00000", "2012-09-30": "5878.00000", "2012-06-30": "5710.00000", "2012-03-31": "5726.00000", "2011-12-31": "3164.00000", "2011-09-30": "3116.00000", "2011-06-30": "3136.00000", "2011-03-31": "3135.00000", "2010-12-31": "3119.00000", "2010-09-30": "3119.00000", "2010-06-30": "2879.00000", "2010-03-31": "2879.00000", "2009-12-31": "2876.00000", "2009-09-30": "2876.00000", "2009-06-30": "2876.00000", "2009-03-31": "2876.00000", "2008-12-31": "2878.00000", "2008-09-30": "2859.00000", "2008-06-30": "2837.00000", "2008-03-31": "1784.00000", "2007-12-31": "1783.00000", "2007-09-30": "1774.00000", "2007-06-30": "1741.00000", "2007-03-31": "1739.00000", "2006-12-31": "1736.00000", "2006-09-30": "1721.00000", "2006-06-30": "1622.00000", "2006-03-31": "1622.00000", "2005-12-31": "1622.00000", "2005-09-30": "1620.00000", "2005-06-30": "1620.00000", "2005-03-31": "1620.00000"}, "Other Long-Term Assets": {"2020-12-31": "15868.00000", "2020-09-30": "15475.00000", "2020-06-30": "14813.00000", "2020-03-31": "14455.00000", "2019-12-31": "14809.00000", "2019-09-30": "14213.00000", "2019-06-30": "14397.00000", "2019-03-31": "13912.00000", "2018-12-31": "13526.00000", "2018-09-30": "10389.00000", "2018-06-30": "10699.00000", "2018-03-31": "10973.00000", "2017-12-31": "10902.00000", "2017-09-30": "10794.00000", "2017-06-30": "10755.00000", "2017-03-31": "10447.00000", "2016-12-31": "10167.00000", "2016-09-30": "10767.00000", "2016-06-30": "10587.00000", "2016-03-31": "10773.00000", "2015-12-31": "10309.00000", "2015-09-30": "10581.00000", "2015-06-30": "11033.00000", "2015-03-31": "11377.00000", "2014-12-31": "10985.00000", "2014-09-30": "11022.00000", "2014-06-30": "11135.00000", "2014-03-31": "10918.00000", "2013-12-31": "10906.00000", "2013-09-30": "10581.00000", "2013-06-30": "10598.00000", "2013-03-31": "10796.00000", "2012-12-31": "10112.00000", "2012-09-30": "10591.00000", "2012-06-30": "10826.00000", "2012-03-31": "10809.00000", "2011-12-31": "9843.00000", "2011-09-30": "9443.00000", "2011-06-30": "9634.00000", "2011-03-31": "9632.00000", "2010-12-31": "9146.00000", "2010-09-30": "9258.00000", "2010-06-30": "8409.00000", "2010-03-31": "8495.00000", "2009-12-31": "8344.00000", "2009-09-30": "8130.00000", "2009-06-30": "7757.00000", "2009-03-31": "7502.00000", "2008-12-31": "7384.00000", "2008-09-30": "7475.00000", "2008-06-30": "7949.00000", "2008-03-31": "7474.00000", "2007-12-31": "7578.00000", "2007-09-30": "7303.00000", "2007-06-30": "9138.00000", "2007-03-31": "8915.00000", "2006-12-31": "9176.00000", "2006-09-30": "8706.00000", "2006-06-30": "8567.00000", "2006-03-31": "8840.00000", "2005-12-31": "8915.00000", "2005-09-30": "9192.00000", "2005-06-30": "9503.00000", "2005-03-31": "10910.00000"}, "Total Long-Term Assets": {"2020-12-31": "127878.00000", "2020-09-30": "136314.00000", "2020-06-30": "134807.00000", "2020-03-31": "133477.00000", "2019-12-31": "135339.00000", "2019-09-30": "133277.00000", "2019-06-30": "133767.00000", "2019-03-31": "133046.00000", "2018-12-31": "133391.00000", "2018-09-30": "49535.00000", "2018-06-30": "50179.00000", "2018-03-31": "50970.00000", "2017-12-31": "49869.00000", "2017-09-30": "48811.00000", "2017-06-30": "48406.00000", "2017-03-31": "47452.00000", "2016-12-31": "46620.00000", "2016-09-30": "47422.00000", "2016-06-30": "46018.00000", "2016-03-31": "45802.00000", "2015-12-31": "44613.00000", "2015-09-30": "43878.00000", "2015-06-30": "44352.00000", "2015-03-31": "45095.00000", "2014-12-31": "44613.00000", "2014-09-30": "44372.00000", "2014-06-30": "44173.00000", "2014-03-31": "43252.00000", "2013-12-31": "42251.00000", "2013-09-30": "41748.00000", "2013-06-30": "41236.00000", "2013-03-31": "42176.00000", "2012-12-31": "42723.00000", "2012-09-30": "43190.00000", "2012-06-30": "42654.00000", "2012-03-31": "42590.00000", "2011-12-31": "38393.00000", "2011-09-30": "38158.00000", "2011-06-30": "37506.00000", "2011-03-31": "37034.00000", "2010-12-31": "36264.00000", "2010-09-30": "36731.00000", "2010-06-30": "35043.00000", "2010-03-31": "34530.00000", "2009-12-31": "34131.00000", "2009-09-30": "33647.00000", "2009-06-30": "32345.00000", "2009-03-31": "31451.00000", "2008-12-31": "31684.00000", "2008-09-30": "31023.00000", "2008-06-30": "31810.00000", "2008-03-31": "29458.00000", "2007-12-31": "29359.00000", "2007-09-30": "29330.00000", "2007-06-30": "31237.00000", "2007-03-31": "31525.00000", "2006-12-31": "31503.00000", "2006-09-30": "31693.00000", "2006-06-30": "31449.00000", "2006-03-31": "33923.00000", "2005-12-31": "34538.00000", "2005-09-30": "35597.00000", "2005-06-30": "36597.00000", "2005-03-31": "37065.00000"}, "Total Assets": {"2020-12-31": "155451.00000", "2020-09-30": "160044.00000", "2020-06-30": "159628.00000", "2020-03-31": "154711.00000", "2019-12-31": "155774.00000", "2019-09-30": "154847.00000", "2019-06-30": "154401.00000", "2019-03-31": "154348.00000", "2018-12-31": "153226.00000", "2018-09-30": "82956.00000", "2018-06-30": "63102.00000", "2018-03-31": "63141.00000", "2017-12-31": "61759.00000", "2017-09-30": "61936.00000", "2017-06-30": "61738.00000", "2017-03-31": "61147.00000", "2016-12-31": "59360.00000", "2016-09-30": "60762.00000", "2016-06-30": "59506.00000", "2016-03-31": "58884.00000", "2015-12-31": "57088.00000", "2015-09-30": "56909.00000", "2015-06-30": "57132.00000", "2015-03-31": "58122.00000", "2014-12-31": "55870.00000", "2014-09-30": "55653.00000", "2014-06-30": "55929.00000", "2014-03-31": "55173.00000", "2013-12-31": "54336.00000", "2013-09-30": "54043.00000", "2013-06-30": "53829.00000", "2013-03-31": "54939.00000", "2012-12-31": "53734.00000", "2012-09-30": "53531.00000", "2012-06-30": "53553.00000", "2012-03-31": "52785.00000", "2011-12-31": "50697.00000", "2011-09-30": "47804.00000", "2011-06-30": "47033.00000", "2011-03-31": "46517.00000", "2010-12-31": "45682.00000", "2010-09-30": "45979.00000", "2010-06-30": "44432.00000", "2010-03-31": "43864.00000", "2009-12-31": "43013.00000", "2009-09-30": "42653.00000", "2009-06-30": "41649.00000", "2009-03-31": "41234.00000", "2008-12-31": "41406.00000", "2008-09-30": "40776.00000", "2008-06-30": "41415.00000", "2008-03-31": "40988.00000", "2007-12-31": "40065.00000", "2007-09-30": "39800.00000", "2007-06-30": "41526.00000", "2007-03-31": "42378.00000", "2006-12-31": "42399.00000", "2006-09-30": "42189.00000", "2006-06-30": "42276.00000", "2006-03-31": "44028.00000", "2005-12-31": "44893.00000", "2005-09-30": "45897.00000", "2005-06-30": "47866.00000", "2005-03-31": "50877.00000"}, "Total Current Liabilities": {"2020-12-31": "52866.00000", "2020-09-30": "36691.00000", "2020-06-30": "35070.00000", "2020-03-31": "33337.00000", "2019-12-31": "33326.00000", "2019-09-30": "34447.00000", "2019-06-30": "31867.00000", "2019-03-31": "32969.00000", "2018-12-31": "31895.00000", "2018-09-30": "34168.00000", "2018-06-30": "34838.00000", "2018-03-31": "35453.00000", "2017-12-31": "31539.00000", "2017-09-30": "34100.00000", "2017-06-30": "34043.00000", "2017-03-31": "34044.00000", "2016-12-31": "32879.00000", "2016-09-30": "33776.00000", "2016-06-30": "33312.00000", "2016-03-31": "33351.00000", "2015-12-31": "32122.00000", "2015-09-30": "32091.00000", "2015-06-30": "32396.00000", "2015-03-31": "33627.00000", "2014-12-31": "31684.00000", "2014-09-30": "30779.00000", "2014-06-30": "31179.00000", "2014-03-31": "31098.00000", "2013-12-31": "30393.00000", "2013-09-30": "30884.00000", "2013-06-30": "30958.00000", "2013-03-31": "32221.00000", "2012-12-31": "31108.00000", "2012-09-30": "30653.00000", "2012-06-30": "31192.00000", "2012-03-31": "30753.00000", "2011-12-31": "29620.00000", "2011-09-30": "29242.00000", "2011-06-30": "28275.00000", "2011-03-31": "28197.00000", "2010-12-31": "28823.00000", "2010-09-30": "29162.00000", "2010-06-30": "28694.00000", "2010-03-31": "28323.00000", "2009-12-31": "27837.00000", "2009-09-30": "28063.00000", "2009-06-30": "28154.00000", "2009-03-31": "29213.00000", "2008-12-31": "29838.00000", "2008-09-30": "27644.00000", "2008-06-30": "27572.00000", "2008-03-31": "27481.00000", "2007-12-31": "26469.00000", "2007-09-30": "26976.00000", "2007-06-30": "27316.00000", "2007-03-31": "27891.00000", "2006-12-31": "28123.00000", "2006-09-30": "28480.00000", "2006-06-30": "28292.00000", "2006-03-31": "28802.00000", "2005-12-31": "29520.00000", "2005-09-30": "29974.00000", "2005-06-30": "31376.00000", "2005-03-31": "33557.00000"}, "Long Term Debt": {"2020-12-31": "29545.00000", "2020-09-30": "29537.00000", "2020-06-30": "31774.00000", "2020-03-31": "32147.00000", "2019-12-31": "31893.00000", "2019-09-30": "34041.00000", "2019-06-30": "36885.00000", "2019-03-31": "37571.00000", "2018-12-31": "39523.00000", "2018-09-30": "25041.00000", "2018-06-30": "5195.00000", "2018-03-31": "5191.00000", "2017-12-31": "5199.00000", "2017-09-30": "5207.00000", "2017-06-30": "4622.00000", "2017-03-31": "4621.00000", "2016-12-31": "4756.00000", "2016-09-30": "4780.00000", "2016-06-30": "4789.00000", "2016-03-31": "4791.00000", "2015-12-31": "5020.00000", "2015-09-30": "5056.00000", "2015-06-30": "5046.00000", "2015-03-31": "5062.00000", "2014-12-31": "4979.00000", "2014-09-30": "5024.00000", "2014-06-30": "5022.00000", "2014-03-31": "5022.00000", "2013-12-31": "5014.00000", "2013-09-30": "5034.00000", "2013-06-30": "5030.00000", "2013-03-31": "4995.00000", "2012-12-31": "4986.00000", "2012-09-30": "4986.00000", "2012-06-30": "4985.00000", "2012-03-31": "4990.00000", "2011-12-31": "4990.00000", "2011-09-30": "2883.00000", "2011-06-30": "2883.00000", "2011-03-31": "2883.00000", "2010-12-31": "2288.00000", "2010-09-30": "2510.00000", "2010-06-30": "2510.00000", "2010-03-31": "2212.00000", "2009-12-31": "2436.00000", "2009-09-30": "2435.00000", "2009-06-30": "2435.00000", "2009-03-31": "2086.00000", "2008-12-31": "2090.00000", "2008-09-30": "2090.00000", "2008-06-30": "2090.00000", "2008-03-31": "2090.00000", "2007-12-31": "1790.00000", "2007-09-30": "1793.00000", "2007-06-30": "1792.00000", "2007-03-31": "1792.00000", "2006-12-31": "1294.00000", "2006-09-30": "1028.00000", "2006-06-30": "950.00000", "2006-03-31": "1253.00000", "2005-12-31": "1338.00000", "2005-09-30": "1338.00000", "2005-06-30": "1338.00000", "2005-03-31": "1338.00000"}, "Other Non-Current Liabilities": {"2020-12-31": "13715.00000", "2020-09-30": "29381.00000", "2020-06-30": "29100.00000", "2020-03-31": "27997.00000", "2019-12-31": "28977.00000", "2019-09-30": "32342.00000", "2019-06-30": "32393.00000", "2019-03-31": "31954.00000", "2018-12-31": "31283.00000", "2018-09-30": "8162.00000", "2018-06-30": "8287.00000", "2018-03-31": "8253.00000", "2017-12-31": "11261.00000", "2017-09-30": "8432.00000", "2017-06-30": "8468.00000", "2017-03-31": "8197.00000", "2016-12-31": "7940.00000", "2016-09-30": "8156.00000", "2016-06-30": "7970.00000", "2016-03-31": "7985.00000", "2015-12-31": "7833.00000", "2015-09-30": "7908.00000", "2015-06-30": "8311.00000", "2015-03-31": "8392.00000", "2014-12-31": "8328.00000", "2014-09-30": "8582.00000", "2014-06-30": "8643.00000", "2014-03-31": "8388.00000", "2013-12-31": "8252.00000", "2013-09-30": "8156.00000", "2013-06-30": "7965.00000", "2013-03-31": "7950.00000", "2012-12-31": "7757.00000", "2012-09-30": "8362.00000", "2012-06-30": "8354.00000", "2012-03-31": "8481.00000", "2011-12-31": "8093.00000", "2011-09-30": "7918.00000", "2011-06-30": "8327.00000", "2011-03-31": "8413.00000", "2010-12-31": "7908.00000", "2010-09-30": "7821.00000", "2010-06-30": "7237.00000", "2010-03-31": "7514.00000", "2009-12-31": "7311.00000", "2009-09-30": "6987.00000", "2009-06-30": "6562.00000", "2009-03-31": "6097.00000", "2008-12-31": "5880.00000", "2008-09-30": "6400.00000", "2008-06-30": "6999.00000", "2008-03-31": "6603.00000", "2007-12-31": "7058.00000", "2007-09-30": "6795.00000", "2007-06-30": "8409.00000", "2007-03-31": "8543.00000", "2006-12-31": "8652.00000", "2006-09-30": "8424.00000", "2006-06-30": "8340.00000", "2006-03-31": "8621.00000", "2005-12-31": "8675.00000", "2005-09-30": "8927.00000", "2005-06-30": "9273.00000", "2005-03-31": "10673.00000"}, "Total Long Term Liabilities": {"2020-12-31": "52257.00000", "2020-09-30": "75314.00000", "2020-06-30": "77187.00000", "2020-03-31": "76288.00000", "2019-12-31": "77104.00000", "2019-09-30": "75701.00000", "2019-06-30": "78716.00000", "2019-03-31": "78966.00000", "2018-12-31": "80296.00000", "2018-09-30": "33233.00000", "2018-06-30": "13521.00000", "2018-03-31": "13493.00000", "2017-12-31": "16509.00000", "2017-09-30": "13691.00000", "2017-06-30": "13148.00000", "2017-03-31": "12874.00000", "2016-12-31": "12754.00000", "2016-09-30": "13004.00000", "2016-06-30": "12830.00000", "2016-03-31": "12849.00000", "2015-12-31": "12922.00000", "2015-09-30": "13031.00000", "2015-06-30": "13433.00000", "2015-03-31": "13537.00000", "2014-12-31": "13397.00000", "2014-09-30": "13699.00000", "2014-06-30": "13798.00000", "2014-03-31": "13506.00000", "2013-12-31": "13362.00000", "2013-09-30": "13285.00000", "2013-06-30": "13096.00000", "2013-03-31": "13058.00000", "2012-12-31": "12857.00000", "2012-09-30": "13348.00000", "2012-06-30": "13339.00000", "2012-03-31": "13471.00000", "2011-12-31": "13083.00000", "2011-09-30": "10801.00000", "2011-06-30": "11210.00000", "2011-03-31": "11296.00000", "2010-12-31": "10196.00000", "2010-09-30": "10331.00000", "2010-06-30": "9747.00000", "2010-03-31": "9726.00000", "2009-12-31": "9747.00000", "2009-09-30": "9422.00000", "2009-06-30": "8997.00000", "2009-03-31": "8183.00000", "2008-12-31": "7970.00000", "2008-09-30": "8490.00000", "2008-06-30": "9089.00000", "2008-03-31": "8693.00000", "2007-12-31": "8848.00000", "2007-09-30": "8588.00000", "2007-06-30": "10201.00000", "2007-03-31": "10335.00000", "2006-12-31": "9946.00000", "2006-09-30": "9452.00000", "2006-06-30": "9290.00000", "2006-03-31": "9874.00000", "2005-12-31": "10013.00000", "2005-09-30": "10265.00000", "2005-06-30": "10611.00000", "2005-03-31": "12011.00000"}, "Total Liabilities": {"2020-12-31": "105123.00000", "2020-09-30": "112005.00000", "2020-06-30": "112257.00000", "2020-03-31": "109625.00000", "2019-12-31": "110430.00000", "2019-09-30": "110148.00000", "2019-06-30": "110583.00000", "2019-03-31": "111935.00000", "2018-12-31": "112191.00000", "2018-09-30": "67401.00000", "2018-06-30": "48359.00000", "2018-03-31": "48946.00000", "2017-12-31": "48048.00000", "2017-09-30": "47791.00000", "2017-06-30": "47191.00000", "2017-03-31": "46918.00000", "2016-12-31": "45633.00000", "2016-09-30": "46780.00000", "2016-06-30": "46142.00000", "2016-03-31": "46200.00000", "2015-12-31": "45044.00000", "2015-09-30": "45122.00000", "2015-06-30": "45829.00000", "2015-03-31": "47164.00000", "2014-12-31": "45081.00000", "2014-09-30": "44478.00000", "2014-06-30": "44977.00000", "2014-03-31": "44604.00000", "2013-12-31": "43755.00000", "2013-09-30": "44169.00000", "2013-06-30": "44054.00000", "2013-03-31": "45279.00000", "2012-12-31": "43965.00000", "2012-09-30": "44001.00000", "2012-06-30": "44531.00000", "2012-03-31": "44224.00000", "2011-12-31": "42703.00000", "2011-09-30": "40043.00000", "2011-06-30": "39485.00000", "2011-03-31": "39493.00000", "2010-12-31": "39019.00000", "2010-09-30": "39493.00000", "2010-06-30": "38441.00000", "2010-03-31": "38049.00000", "2009-12-31": "37584.00000", "2009-09-30": "37485.00000", "2009-06-30": "37151.00000", "2009-03-31": "37396.00000", "2008-12-31": "37808.00000", "2008-09-30": "36134.00000", "2008-06-30": "36661.00000", "2008-03-31": "36174.00000", "2007-12-31": "35317.00000", "2007-09-30": "35564.00000", "2007-06-30": "37517.00000", "2007-03-31": "38226.00000", "2006-12-31": "38069.00000", "2006-09-30": "37932.00000", "2006-06-30": "37582.00000", "2006-03-31": "38676.00000", "2005-12-31": "39533.00000", "2005-09-30": "40239.00000", "2005-06-30": "41987.00000", "2005-03-31": "45568.00000"}, "Common Stock Net": {"2020-12-31": "4.00000", "2020-09-30": "4.00000", "2020-06-30": "4.00000", "2020-03-31": "4.00000", "2019-12-31": "4.00000", "2019-09-30": "4.00000", "2019-06-30": "4.00000", "2019-03-31": "4.00000", "2018-12-31": "4.00000", "2018-09-30": "74.00000", "2018-06-30": "74.00000", "2018-03-31": "74.00000", "2017-12-31": "74.00000", "2017-09-30": "74.00000", "2017-06-30": "74.00000", "2017-03-31": "74.00000", "2016-12-31": "74.00000", "2016-09-30": "74.00000", "2016-06-30": "74.00000", "2016-03-31": "74.00000", "2015-12-31": "74.00000", "2015-09-30": "74.00000", "2015-06-30": "74.00000", "2015-03-31": "74.00000", "2014-12-31": "74.00000", "2014-09-30": "92.00000", "2014-06-30": "92.00000", "2014-03-31": "92.00000", "2013-12-31": "92.00000", "2013-09-30": "92.00000", "2013-06-30": "92.00000", "2013-03-31": "92.00000", "2012-12-31": "92.00000", "2012-09-30": "92.00000", "2012-06-30": "92.00000", "2012-03-31": "92.00000", "2011-12-31": "92.00000", "2011-09-30": "88.00000", "2011-06-30": "88.00000", "2011-03-31": "88.00000", "2010-12-31": "88.00000", "2010-09-30": "88.00000", "2010-06-30": "88.00000", "2010-03-31": "88.00000", "2009-12-31": "88.00000", "2009-09-30": "88.00000", "2009-06-30": "88.00000", "2009-03-31": "88.00000", "2008-12-31": "88.00000", "2008-09-30": "88.00000", "2008-06-30": "88.00000", "2008-03-31": "88.00000", "2007-12-31": "88.00000", "2007-09-30": "88.00000", "2007-06-30": "88.00000", "2007-03-31": "40.00000", "2006-12-31": "40.00000", "2006-09-30": "40.00000", "2006-06-30": "40.00000", "2006-03-31": "40.00000", "2005-12-31": "40.00000", "2005-09-30": "40.00000", "2005-06-30": "40.00000", "2005-03-31": "40.00000"}, "Retained Earnings (Accumulated Deficit)": {"2020-12-31": "28575.00000", "2020-09-30": "24440.00000", "2020-06-30": "23052.00000", "2020-03-31": "21298.00000", "2019-12-31": "20162.00000", "2019-09-30": "19185.00000", "2019-06-30": "17834.00000", "2019-03-31": "16426.00000", "2018-12-31": "15088.00000", "2018-09-30": "18474.00000", "2018-06-30": "17722.00000", "2018-03-31": "16933.00000", "2017-12-31": "15800.00000", "2017-09-30": "15590.00000", "2017-06-30": "15102.00000", "2017-03-31": "14356.00000", "2016-12-31": "13855.00000", "2016-09-30": "13487.00000", "2016-06-30": "13046.00000", "2016-03-31": "12541.00000", "2015-12-31": "12121.00000", "2015-09-30": "11706.00000", "2015-06-30": "11178.00000", "2015-03-31": "10635.00000", "2014-12-31": "10289.00000", "2014-09-30": "15196.00000", "2014-06-30": "14677.00000", "2014-03-31": "14136.00000", "2013-12-31": "13676.00000", "2013-09-30": "13327.00000", "2013-06-30": "12806.00000", "2013-03-31": "12328.00000", "2012-12-31": "12330.00000", "2012-09-30": "11962.00000", "2012-06-30": "11501.00000", "2012-03-31": "11123.00000", "2011-12-31": "10787.00000", "2011-09-30": "10855.00000", "2011-06-30": "10658.00000", "2011-03-31": "10270.00000", "2010-12-31": "9879.00000", "2010-09-30": "9421.00000", "2010-06-30": "9129.00000", "2010-03-31": "8840.00000", "2009-12-31": "8625.00000", "2009-09-30": "8303.00000", "2009-06-30": "7986.00000", "2009-03-31": "7536.00000", "2008-12-31": "7374.00000", "2008-09-30": "7582.00000", "2008-06-30": "7412.00000", "2008-03-31": "7142.00000", "2007-12-31": "7113.00000", "2007-09-30": "6865.00000", "2007-06-30": "6513.00000", "2007-03-31": "6375.00000", "2006-12-31": "6177.00000", "2006-09-30": "5974.00000", "2006-06-30": "5686.00000", "2006-03-31": "5425.00000", "2005-12-31": "5162.00000", "2005-09-30": "5084.00000", "2005-06-30": "4829.00000", "2005-03-31": "4112.00000"}, "Comprehensive Income": {"2020-12-31": "-861.00000", "2020-09-30": "-541.00000", "2020-06-30": "-788.00000", "2020-03-31": "-1527.00000", "2019-12-31": "-941.00000", "2019-09-30": "-858.00000", "2019-06-30": "-965.00000", "2019-03-31": "-1282.00000", "2018-12-31": "-1711.00000", "2018-09-30": "-1857.00000", "2018-06-30": "-1843.00000", "2018-03-31": "-1547.00000", "2017-12-31": "-1082.00000", "2017-09-30": "-1124.00000", "2017-06-30": "-1146.00000", "2017-03-31": "-1252.00000", "2016-12-31": "-1382.00000", "2016-09-30": "-715.00000", "2016-06-30": "-844.00000", "2016-03-31": "-988.00000", "2015-12-31": "-1250.00000", "2015-09-30": "-1215.00000", "2015-06-30": "-1125.00000", "2015-03-31": "-934.00000", "2014-12-31": "-936.00000", "2014-09-30": "-419.00000", "2014-06-30": "-273.00000", "2014-03-31": "-433.00000", "2013-12-31": "-520.00000", "2013-09-30": "-959.00000", "2013-06-30": "-1014.00000", "2013-03-31": "-756.00000", "2012-12-31": "-671.00000", "2012-09-30": "-553.00000", "2012-06-30": "-671.00000", "2012-03-31": "-722.00000", "2011-12-31": "-787.00000", "2011-09-30": "-441.00000", "2011-06-30": "-436.00000", "2011-03-31": "-569.00000", "2010-12-31": "-614.00000", "2010-09-30": "-285.00000", "2010-06-30": "-539.00000", "2010-03-31": "-530.00000", "2009-12-31": "-618.00000", "2009-09-30": "-516.00000", "2009-06-30": "-837.00000", "2009-03-31": "-1036.00000", "2008-12-31": "-1074.00000", "2008-09-30": "-254.00000", "2008-06-30": "-84.00000", "2008-03-31": "38.00000", "2007-12-31": "51.00000", "2007-09-30": "-176.00000", "2007-06-30": "-257.00000", "2007-03-31": "-171.00000", "2006-12-31": "-169.00000", "2006-09-30": "-503.00000", "2006-06-30": "-682.00000", "2006-03-31": "-602.00000", "2005-12-31": "-509.00000", "2005-09-30": "-521.00000", "2005-06-30": "-390.00000", "2005-03-31": "-483.00000"}, "Other Share Holders Equity": {"2020-12-31": "", "2020-09-30": "", "2020-06-30": "", "2020-03-31": "", "2019-12-31": "", "2019-09-30": "", "2019-06-30": "", "2019-03-31": "", "2018-12-31": "", "2018-09-30": "", "2018-06-30": "", "2018-03-31": "", "2017-12-31": "", "2017-09-30": "", "2017-06-30": "", "2017-03-31": "", "2016-12-31": "", "2016-09-30": "", "2016-06-30": "", "2016-03-31": "", "2015-12-31": "", "2015-09-30": "", "2015-06-30": "", "2015-03-31": "", "2014-12-31": "", "2014-09-30": "", "2014-06-30": "", "2014-03-31": "", "2013-12-31": "", "2013-09-30": "", "2013-06-30": "0.00000", "2013-03-31": "0.00000", "2012-12-31": "", "2012-09-30": "", "2012-06-30": "", "2012-03-31": "", "2011-12-31": "", "2011-09-30": "", "2011-06-30": "", "2011-03-31": "", "2010-12-31": "", "2010-09-30": "", "2010-06-30": "", "2010-03-31": "", "2009-12-31": "", "2009-09-30": "", "2009-06-30": "", "2009-03-31": "", "2008-12-31": "", "2008-09-30": "", "2008-06-30": "", "2008-03-31": "", "2007-12-31": "", "2007-09-30": "", "2007-06-30": "", "2007-03-31": "", "2006-12-31": "", "2006-09-30": "", "2006-06-30": "", "2006-03-31": "", "2005-12-31": "", "2005-09-30": "", "2005-06-30": "", "2005-03-31": ""}, "Share Holder Equity": {"2020-12-31": "50328.00000", "2020-09-30": "48039.00000", "2020-06-30": "47371.00000", "2020-03-31": "45086.00000", "2019-12-31": "45344.00000", "2019-09-30": "44699.00000", "2019-06-30": "43818.00000", "2019-03-31": "42413.00000", "2018-12-31": "41035.00000", "2018-09-30": "15555.00000", "2018-06-30": "14743.00000", "2018-03-31": "14195.00000", "2017-12-31": "13711.00000", "2017-09-30": "14145.00000", "2017-06-30": "14547.00000", "2017-03-31": "14229.00000", "2016-12-31": "13727.00000", "2016-09-30": "13982.00000", "2016-06-30": "13364.00000", "2016-03-31": "12684.00000", "2015-12-31": "12044.00000", "2015-09-30": "11787.00000", "2015-06-30": "11303.00000", "2015-03-31": "10958.00000", "2014-12-31": "10789.00000", "2014-09-30": "11175.00000", "2014-06-30": "10952.00000", "2014-03-31": "10569.00000", "2013-12-31": "10581.00000", "2013-09-30": "9874.00000", "2013-06-30": "9775.00000", "2013-03-31": "9660.00000", "2012-12-31": "9769.00000", "2012-09-30": "9530.00000", "2012-06-30": "9022.00000", "2012-03-31": "8561.00000", "2011-12-31": "7994.00000", "2011-09-30": "7761.00000", "2011-06-30": "7548.00000", "2011-03-31": "7024.00000", "2010-12-31": "6663.00000", "2010-09-30": "6486.00000", "2010-06-30": "5991.00000", "2010-03-31": "5815.00000", "2009-12-31": "5429.00000", "2009-09-30": "5168.00000", "2009-06-30": "4498.00000", "2009-03-31": "3838.00000", "2008-12-31": "3598.00000", "2008-09-30": "4642.00000", "2008-06-30": "4754.00000", "2008-03-31": "4814.00000", "2007-12-31": "4748.00000", "2007-09-30": "4236.00000", "2007-06-30": "4009.00000", "2007-03-31": "4152.00000", "2006-12-31": "4330.00000", "2006-09-30": "4257.00000", "2006-06-30": "4694.00000", "2006-03-31": "5352.00000", "2005-12-31": "5360.00000", "2005-09-30": "5658.00000", "2005-06-30": "5879.00000", "2005-03-31": "5309.00000"}, "Total Liabilities And Share Holders Equity": {"2020-12-31": "155451.00000", "2020-09-30": "160044.00000", "2020-06-30": "159628.00000", "2020-03-31": "154711.00000", "2019-12-31": "155774.00000", "2019-09-30": "154847.00000", "2019-06-30": "154401.00000", "2019-03-31": "154348.00000", "2018-12-31": "153226.00000", "2018-09-30": "82956.00000", "2018-06-30": "63102.00000", "2018-03-31": "63141.00000", "2017-12-31": "61759.00000", "2017-09-30": "61936.00000", "2017-06-30": "61738.00000", "2017-03-31": "61147.00000", "2016-12-31": "59360.00000", "2016-09-30": "60762.00000", "2016-06-30": "59506.00000", "2016-03-31": "58884.00000", "2015-12-31": "57088.00000", "2015-09-30": "56909.00000", "2015-06-30": "57132.00000", "2015-03-31": "58122.00000", "2014-12-31": "55870.00000", "2014-09-30": "55653.00000", "2014-06-30": "55929.00000", "2014-03-31": "55173.00000", "2013-12-31": "54336.00000", "2013-09-30": "54043.00000", "2013-06-30": "53829.00000", "2013-03-31": "54939.00000", "2012-12-31": "53734.00000", "2012-09-30": "53531.00000", "2012-06-30": "53553.00000", "2012-03-31": "52785.00000", "2011-12-31": "50697.00000", "2011-09-30": "47804.00000", "2011-06-30": "47033.00000", "2011-03-31": "46517.00000", "2010-12-31": "45682.00000", "2010-09-30": "45979.00000", "2010-06-30": "44432.00000", "2010-03-31": "43864.00000", "2009-12-31": "43013.00000", "2009-09-30": "42653.00000", "2009-06-30": "41649.00000", "2009-03-31": "41234.00000", "2008-12-31": "41406.00000", "2008-09-30": "40776.00000", "2008-06-30": "41415.00000", "2008-03-31": "40988.00000", "2007-12-31": "40065.00000", "2007-09-30": "39800.00000", "2007-06-30": "41526.00000", "2007-03-31": "42378.00000", "2006-12-31": "42399.00000", "2006-09-30": "42189.00000", "2006-06-30": "42276.00000", "2006-03-31": "44028.00000", "2005-12-31": "44893.00000", "2005-09-30": "45897.00000", "2005-06-30": "47866.00000", "2005-03-31": "50877.00000"}}, "cash flow statement": {"Net Income/Loss": {"2020-12-31": "8489.00000", "2019-12-31": "5120.00000", "2018-12-31": "2646.00000", "2017-12-31": "2232.00000", "2016-12-31": "1843.00000", "2015-12-31": "2077.00000", "2014-12-31": "2094.00000", "2013-12-31": "1478.00000", "2012-12-31": "1624.00000", "2011-12-31": "1261.00000", "2010-12-31": "1283.00000", "2009-12-31": "1305.00000", "2008-12-31": "294.00000", "2007-12-31": "1118.00000", "2006-12-31": "1155.00000", "2005-12-31": "1625.00000"}, "Total Depreciation And Amortization - Cash Flow": {"2020-12-31": "2802.00000", "2019-12-31": "3651.00000", "2018-12-31": "695.00000", "2017-12-31": "566.00000", "2016-12-31": "610.00000", "2015-12-31": "585.00000", "2014-12-31": "588.00000", "2013-12-31": "597.00000", "2012-12-31": "560.00000", "2011-12-31": "345.00000", "2010-12-31": "292.00000", "2009-12-31": "268.00000", "2008-12-31": "244.00000", "2007-12-31": "194.00000", "2006-12-31": "208.00000", "2005-12-31": "221.00000"}, "Other Non-Cash Items": {"2020-12-31": "-4539.00000", "2019-12-31": "-488.00000", "2018-12-31": "-20.00000", "2017-12-31": "326.00000", "2016-12-31": "-95.00000", "2015-12-31": "64.00000", "2014-12-31": "-176.00000", "2013-12-31": "-16.00000", "2012-12-31": "151.00000", "2011-12-31": "130.00000", "2010-12-31": "100.00000", "2009-12-31": "329.00000", "2008-12-31": "-93.00000", "2007-12-31": "-62.00000", "2006-12-31": "-516.00000", "2005-12-31": "-122.00000"}, "Total Non-Cash Items": {"2020-12-31": "-1737.00000", "2019-12-31": "3163.00000", "2018-12-31": "675.00000", "2017-12-31": "892.00000", "2016-12-31": "515.00000", "2015-12-31": "649.00000", "2014-12-31": "412.00000", "2013-12-31": "581.00000", "2012-12-31": "711.00000", "2011-12-31": "475.00000", "2010-12-31": "392.00000", "2009-12-31": "597.00000", "2008-12-31": "151.00000", "2007-12-31": "132.00000", "2006-12-31": "-308.00000", "2005-12-31": "99.00000"}, "Change In Accounts Receivable": {"2020-12-31": "-1266.00000", "2019-12-31": "-990.00000", "2018-12-31": "471.00000", "2017-12-31": "-118.00000", "2016-12-31": "909.00000", "2015-12-31": "-890.00000", "2014-12-31": "-758.00000", "2013-12-31": "259.00000", "2012-12-31": "-9.00000", "2011-12-31": "-31.00000", "2010-12-31": "99.00000", "2009-12-31": "79.00000", "2008-12-31": "282.00000", "2007-12-31": "206.00000", "2006-12-31": "162.00000", "2005-12-31": "272.00000"}, "Change In Inventories": {"2020-12-31": "-504.00000", "2019-12-31": "149.00000", "2018-12-31": "-107.00000", "2017-12-31": "-72.00000", "2016-12-31": "30.00000", "2015-12-31": "", "2014-12-31": "", "2013-12-31": "", "2012-12-31": "", "2011-12-31": "", "2010-12-31": "", "2009-12-31": "", "2008-12-31": "", "2007-12-31": "", "2006-12-31": "", "2005-12-31": ""}, "Change In Accounts Payable": {"2020-12-31": "4237.00000", "2019-12-31": "1151.00000", "2018-12-31": "-510.00000", "2017-12-31": "731.00000", "2016-12-31": "125.00000", "2015-12-31": "423.00000", "2014-12-31": "202.00000", "2013-12-31": "-483.00000", "2012-12-31": "-132.00000", "2011-12-31": "344.00000", "2010-12-31": "-272.00000", "2009-12-31": "-1321.00000", "2008-12-31": "1466.00000", "2007-12-31": "150.00000", "2006-12-31": "-106.00000", "2005-12-31": "-345.00000"}, "Change In Assets/Liabilities": {"2020-12-31": "1131.00000", "2019-12-31": "892.00000", "2018-12-31": "595.00000", "2017-12-31": "421.00000", "2016-12-31": "604.00000", "2015-12-31": "699.00000", "2014-12-31": "97.00000", "2013-12-31": "1136.00000", "2012-12-31": "127.00000", "2011-12-31": "-312.00000", "2010-12-31": "239.00000", "2009-12-31": "30.00000", "2008-12-31": "-465.00000", "2007-12-31": "-274.00000", "2006-12-31": "-506.00000", "2005-12-31": "-668.00000"}, "Total Change In Assets/Liabilities": {"2020-12-31": "3598.00000", "2019-12-31": "1202.00000", "2018-12-31": "449.00000", "2017-12-31": "962.00000", "2016-12-31": "1668.00000", "2015-12-31": "207.00000", "2014-12-31": "-348.00000", "2013-12-31": "856.00000", "2012-12-31": "15.00000", "2011-12-31": "-245.00000", "2010-12-31": "68.00000", "2009-12-31": "-1157.00000", "2008-12-31": "1211.00000", "2007-12-31": "92.00000", "2006-12-31": "-205.00000", "2005-12-31": "-1006.00000"}, "Cash Flow From Operating Activities": {"2020-12-31": "10350.00000", "2019-12-31": "9485.00000", "2018-12-31": "3770.00000", "2017-12-31": "4086.00000", "2016-12-31": "4026.00000", "2015-12-31": "2933.00000", "2014-12-31": "2158.00000", "2013-12-31": "719.00000", "2012-12-31": "2350.00000", "2011-12-31": "1491.00000", "2010-12-31": "1743.00000", "2009-12-31": "745.00000", "2008-12-31": "1656.00000", "2007-12-31": "1342.00000", "2006-12-31": "642.00000", "2005-12-31": "718.00000"}, "Net Change In Property, Plant, And Equipment": {"2020-12-31": "", "2019-12-31": "-1050.00000", "2018-12-31": "-528.00000", "2017-12-31": "-471.00000", "2016-12-31": "-461.00000", "2015-12-31": "-510.00000", "2014-12-31": "-473.00000", "2013-12-31": "-527.00000", "2012-12-31": "-408.00000", "2011-12-31": "-422.00000", "2010-12-31": "-300.00000", "2009-12-31": "-307.00000", "2008-12-31": "-257.00000", "2007-12-31": "-180.00000", "2006-12-31": "-136.00000", "2005-12-31": "-61.00000"}, "Net Change In Intangible Assets": {"2020-12-31": "", "2019-12-31": "", "2018-12-31": "", "2017-12-31": "", "2016-12-31": "", "2015-12-31": "", "2014-12-31": "", "2013-12-31": "", "2012-12-31": "", "2011-12-31": "", "2010-12-31": "", "2009-12-31": "", "2008-12-31": "", "2007-12-31": "", "2006-12-31": "", "2005-12-31": ""}, "Net Acquisitions/Divestitures": {"2020-12-31": "", "2019-12-31": "-153.00000", "2018-12-31": "-24455.00000", "2017-12-31": "-209.00000", "2016-12-31": "-4.00000", "2015-12-31": "-99.00000", "2014-12-31": "", "2013-12-31": "-76.00000", "2012-12-31": "-3581.00000", "2011-12-31": "-102.00000", "2010-12-31": "-539.00000", "2009-12-31": "", "2008-12-31": "-1319.00000", "2007-12-31": "24.00000", "2006-12-31": "-6.00000", "2005-12-31": ""}, "Net Change In Short-term Investments": {"2020-12-31": "", "2019-12-31": "", "2018-12-31": "", "2017-12-31": "", "2016-12-31": "", "2015-12-31": "", "2014-12-31": "", "2013-12-31": "", "2012-12-31": "", "2011-12-31": "", "2010-12-31": "", "2009-12-31": "", "2008-12-31": "", "2007-12-31": "", "2006-12-31": "", "2005-12-31": ""}, "Net Change In Long-Term Investments": {"2020-12-31": "", "2019-12-31": "480.00000", "2018-12-31": "-1383.00000", "2017-12-31": "-1023.00000", "2016-12-31": "-2008.00000", "2015-12-31": "-1127.00000", "2014-12-31": "-1369.00000", "2013-12-31": "660.00000", "2012-12-31": "132.00000", "2011-12-31": "-746.00000", "2010-12-31": "-503.00000", "2009-12-31": "-1178.00000", "2008-12-31": "-988.00000", "2007-12-31": "425.00000", "2006-12-31": "1735.00000", "2005-12-31": "338.00000"}, "Net Change In Investments - Total": {"2020-12-31": "", "2019-12-31": "480.00000", "2018-12-31": "-1383.00000", "2017-12-31": "-1023.00000", "2016-12-31": "-2008.00000", "2015-12-31": "-1127.00000", "2014-12-31": "-1369.00000", "2013-12-31": "660.00000", "2012-12-31": "132.00000", "2011-12-31": "-746.00000", "2010-12-31": "-503.00000", "2009-12-31": "-1178.00000", "2008-12-31": "-988.00000", "2007-12-31": "425.00000", "2006-12-31": "1735.00000", "2005-12-31": "338.00000"}, "Investing Activities - Other": {"2020-12-31": "", "2019-12-31": "-11.00000", "2018-12-31": "-12.00000", "2017-12-31": "", "2016-12-31": "-101.00000", "2015-12-31": "", "2014-12-31": "-24.00000", "2013-12-31": "-42.00000", "2012-12-31": "", "2011-12-31": "", "2010-12-31": "", "2009-12-31": "", "2008-12-31": "-8.00000", "2007-12-31": "", "2006-12-31": "-45.00000", "2005-12-31": "-19.00000"}, "Cash Flow From Investing Activities": {"2020-12-31": "2976.00000", "2019-12-31": "-734.00000", "2018-12-31": "-26378.00000", "2017-12-31": "-1703.00000", "2016-12-31": "-2574.00000", "2015-12-31": "-1736.00000", "2014-12-31": "-1866.00000", "2013-12-31": "15.00000", "2012-12-31": "-3857.00000", "2011-12-31": "-1270.00000", "2010-12-31": "-1342.00000", "2009-12-31": "-1485.00000", "2008-12-31": "-2572.00000", "2007-12-31": "269.00000", "2006-12-31": "1548.00000", "2005-12-31": "258.00000"}, "Net Long-Term Debt": {"2020-12-31": "", "2019-12-31": "-4494.00000", "2018-12-31": "22725.00000", "2017-12-31": "18.00000", "2016-12-31": "", "2015-12-31": "-44.00000", "2014-12-31": "", "2013-12-31": "-15.00000", "2012-12-31": "-326.00000", "2011-12-31": "2225.00000", "2010-12-31": "273.00000", "2009-12-31": "146.00000", "2008-12-31": "297.00000", "2007-12-31": "120.00000", "2006-12-31": "146.00000", "2005-12-31": ""}, "Net Current Debt": {"2020-12-31": "", "2019-12-31": "-681.00000", "2018-12-31": "1487.00000", "2017-12-31": "80.00000", "2016-12-31": "-148.00000", "2015-12-31": "-21.00000", "2014-12-31": "-112.00000", "2013-12-31": "-101.00000", "2012-12-31": "98.00000", "2011-12-31": "-1.00000", "2010-12-31": "59.00000", "2009-12-31": "53.00000", "2008-12-31": "281.00000", "2007-12-31": "-20.00000", "2006-12-31": "-9.00000", "2005-12-31": "-216.00000"}, "Debt Issuance/Retirement Net - Total": {"2020-12-31": "", "2019-12-31": "-5175.00000", "2018-12-31": "24212.00000", "2017-12-31": "98.00000", "2016-12-31": "-148.00000", "2015-12-31": "-65.00000", "2014-12-31": "-112.00000", "2013-12-31": "-116.00000", "2012-12-31": "-228.00000", "2011-12-31": "2224.00000", "2010-12-31": "332.00000", "2009-12-31": "199.00000", "2008-12-31": "578.00000", "2007-12-31": "100.00000", "2006-12-31": "137.00000", "2005-12-31": "-216.00000"}, "Net Common Equity Issued/Repurchased": {"2020-12-31": "", "2019-12-31": "-1763.00000", "2018-12-31": "-274.00000", "2017-12-31": "-2594.00000", "2016-12-31": "-103.00000", "2015-12-31": "-517.00000", "2014-12-31": "-1502.00000", "2013-12-31": "-853.00000", "2012-12-31": "-87.00000", "2011-12-31": "509.00000", "2010-12-31": "-137.00000", "2009-12-31": "30.00000", "2008-12-31": "-341.00000", "2007-12-31": "-937.00000", "2006-12-31": "-2514.00000", "2005-12-31": "-1272.00000"}, "Net Total Equity Issued/Repurchased": {"2020-12-31": "", "2019-12-31": "-1763.00000", "2018-12-31": "-274.00000", "2017-12-31": "-2594.00000", "2016-12-31": "-103.00000", "2015-12-31": "-517.00000", "2014-12-31": "-1502.00000", "2013-12-31": "-853.00000", "2012-12-31": "-87.00000", "2011-12-31": "509.00000", "2010-12-31": "-137.00000", "2009-12-31": "30.00000", "2008-12-31": "-341.00000", "2007-12-31": "-937.00000", "2006-12-31": "-2514.00000", "2005-12-31": "-1272.00000"}, "Total Common And Preferred Stock Dividends Paid": {"2020-12-31": "", "2019-12-31": "", "2018-12-31": "", "2017-12-31": "", "2016-12-31": "", "2015-12-31": "", "2014-12-31": "", "2013-12-31": "", "2012-12-31": "-11.00000", "2011-12-31": "-11.00000", "2010-12-31": "-11.00000", "2009-12-31": "-11.00000", "2008-12-31": "-14.00000", "2007-12-31": "-11.00000", "2006-12-31": "-12.00000", "2005-12-31": "-13.00000"}, "Financial Activities - Other": {"2020-12-31": "", "2019-12-31": "-249.00000", "2018-12-31": "-423.00000", "2017-12-31": "-155.00000", "2016-12-31": "26.00000", "2015-12-31": "-27.00000", "2014-12-31": "-21.00000", "2013-12-31": "39.00000", "2012-12-31": "98.00000", "2011-12-31": "145.00000", "2010-12-31": "90.00000", "2009-12-31": "89.00000", "2008-12-31": "91.00000", "2007-12-31": "-193.00000", "2006-12-31": "-124.00000", "2005-12-31": "-284.00000"}, "Cash Flow From Financial Activities": {"2020-12-31": "-8533.00000", "2019-12-31": "-7187.00000", "2018-12-31": "23515.00000", "2017-12-31": "-2651.00000", "2016-12-31": "-225.00000", "2015-12-31": "-609.00000", "2014-12-31": "-1635.00000", "2013-12-31": "-930.00000", "2012-12-31": "-228.00000", "2011-12-31": "2867.00000", "2010-12-31": "274.00000", "2009-12-31": "307.00000", "2008-12-31": "314.00000", "2007-12-31": "-1041.00000", "2006-12-31": "-2513.00000", "2005-12-31": "-1785.00000"}, "Net Cash Flow": {"2020-12-31": "4834.00000", "2019-12-31": "1556.00000", "2018-12-31": "883.00000", "2017-12-31": "-213.00000", "2016-12-31": "1217.00000", "2015-12-31": "548.00000", "2014-12-31": "-1375.00000", "2013-12-31": "-183.00000", "2012-12-31": "-1712.00000", "2011-12-31": "3085.00000", "2010-12-31": "681.00000", "2009-12-31": "-418.00000", "2008-12-31": "-628.00000", "2007-12-31": "578.00000", "2006-12-31": "-317.00000", "2005-12-31": "-810.00000"}, "Stock-Based Compensation": {"2020-12-31": "", "2019-12-31": "", "2018-12-31": "", "2017-12-31": "", "2016-12-31": "", "2015-12-31": "", "2014-12-31": "", "2013-12-31": "", "2012-12-31": "", "2011-12-31": "", "2010-12-31": "", "2009-12-31": "", "2008-12-31": "", "2007-12-31": "", "2006-12-31": "", "2005-12-31": ""}, "Common Stock Dividends Paid": {"2020-12-31": "", "2019-12-31": "", "2018-12-31": "", "2017-12-31": "", "2016-12-31": "", "2015-12-31": "", "2014-12-31": "", "2013-12-31": "", "2012-12-31": "-11.00000", "2011-12-31": "-11.00000", "2010-12-31": "-11.00000", "2009-12-31": "-11.00000", "2008-12-31": "-14.00000", "2007-12-31": "-11.00000", "2006-12-31": "-12.00000", "2005-12-31": "-13.00000"}}, "cash flow statement, quarterly": {"Net Income/Loss": {"2020-12-31": 4142, "2020-09-30": 1398, "2020-06-30": 1760, "2020-03-31": "1189.00000", "2019-12-31": 984, "2019-09-30": 1354, "2019-06-30": 1410, "2019-03-31": "1372.00000", "2018-12-31": 147, "2018-09-30": 774, "2018-06-30": 808, "2018-03-31": "917.00000", "2017-12-31": 267, "2017-09-30": 562, "2017-06-30": 810, "2017-03-31": "593.00000", "2016-12-31": 374, "2016-09-30": 452, "2016-06-30": 503, "2016-03-31": "514.00000", "2015-12-31": 418, "2015-09-30": 544, "2015-06-30": 584, "2015-03-31": "531.00000", "2014-12-31": 462, "2014-09-30": 531, "2014-06-30": 572, "2014-03-31": "529.00000", "2013-12-31": 360, "2013-09-30": 553, "2013-06-30": 506, "2013-03-31": "59.00000", "2012-12-31": 407, "2012-09-30": 466, "2012-06-30": 380, "2012-03-31": "371.00000", "2011-12-31": 273, "2011-09-30": 183, "2011-06-30": 391, "2011-03-31": "414.00000", "2010-12-31": 396, "2010-09-30": 308, "2010-06-30": 295, "2010-03-31": "284.00000", "2009-12-31": 331, "2009-09-30": 330, "2009-06-30": 435, "2009-03-31": "209.00000", "2008-12-31": -209, "2008-09-30": 172, "2008-06-30": 272, "2008-03-31": "59.00000", "2007-12-31": 266, "2007-09-30": 365, "2007-06-30": 198, "2007-03-31": "289.00000", "2006-12-31": 232, "2006-09-30": 298, "2006-06-30": 273, "2006-03-31": "352.00000", "2005-12-31": 210, "2005-09-30": 259, "2005-06-30": 720, "2005-03-31": "436.00000"}, "Total Depreciation And Amortization - Cash Flow": {"2020-12-31": 713, "2020-09-30": 702, "2020-06-30": 694, "2020-03-31": "693.00000", "2019-12-31": 927, "2019-09-30": 913, "2019-06-30": 914, "2019-03-31": "897.00000", "2018-12-31": 257, "2018-09-30": 162, "2018-06-30": 136, "2018-03-31": "140.00000", "2017-12-31": 141, "2017-09-30": 139, "2017-06-30": 140, "2017-03-31": "146.00000", "2016-12-31": 150, "2016-09-30": 150, "2016-06-30": 152, "2016-03-31": "158.00000", "2015-12-31": 134, "2015-09-30": 149, "2015-06-30": 151, "2015-03-31": "151.00000", "2014-12-31": 153, "2014-09-30": 146, "2014-06-30": 139, "2014-03-31": "150.00000", "2013-12-31": 152, "2013-09-30": 146, "2013-06-30": 149, "2013-03-31": "150.00000", "2012-12-31": 154, "2012-09-30": 136, "2012-06-30": 144, "2012-03-31": "126.00000", "2011-12-31": 93, "2011-09-30": 86, "2011-06-30": 83, "2011-03-31": "83.00000", "2010-12-31": 88, "2010-09-30": 76, "2010-06-30": 67, "2010-03-31": "61.00000", "2009-12-31": 61, "2009-09-30": 62, "2009-06-30": 76, "2009-03-31": "69.00000", "2008-12-31": 63, "2008-09-30": 64, "2008-06-30": 64, "2008-03-31": "53.00000", "2007-12-31": 47, "2007-09-30": 49, "2007-06-30": 44, "2007-03-31": "54.00000", "2006-12-31": 53, "2006-09-30": 48, "2006-06-30": 53, "2006-03-31": "54.00000", "2005-12-31": 51, "2005-09-30": 58, "2005-06-30": 50, "2005-03-31": "62.00000"}, "Other Non-Cash Items": {"2020-12-31": -4416, "2020-09-30": -113, "2020-06-30": -122, "2020-03-31": "112.00000", "2019-12-31": -4, "2019-09-30": -210, "2019-06-30": -102, "2019-03-31": "-172.00000", "2018-12-31": -73, "2018-09-30": 11, "2018-06-30": 0, "2018-03-31": "42.00000", "2017-12-31": 157, "2017-09-30": 235, "2017-06-30": -31, "2017-03-31": "-35.00000", "2016-12-31": -48, "2016-09-30": 5, "2016-06-30": -95, "2016-03-31": "43.00000", "2015-12-31": 24, "2015-09-30": 42, "2015-06-30": 56, "2015-03-31": "-58.00000", "2014-12-31": -58, "2014-09-30": -25, "2014-06-30": -65, "2014-03-31": "-28.00000", "2013-12-31": -50, "2013-09-30": 11, "2013-06-30": 50, "2013-03-31": "-27.00000", "2012-12-31": 118, "2012-09-30": 8, "2012-06-30": -3, "2012-03-31": "28.00000", "2011-12-31": 24, "2011-09-30": -43, "2011-06-30": 37, "2011-03-31": "112.00000", "2010-12-31": -18, "2010-09-30": 19, "2010-06-30": 48, "2010-03-31": "51.00000", "2009-12-31": 35, "2009-09-30": 67, "2009-06-30": 50, "2009-03-31": "177.00000", "2008-12-31": -34, "2008-09-30": 9, "2008-06-30": 18, "2008-03-31": "-86.00000", "2007-12-31": 44, "2007-09-30": -28, "2007-06-30": -38, "2007-03-31": "-40.00000", "2006-12-31": -36, "2006-09-30": -76, "2006-06-30": 75, "2006-03-31": "-479.00000", "2005-12-31": 379, "2005-09-30": 147, "2005-06-30": -515, "2005-03-31": "-133.00000"}, "Total Non-Cash Items": {"2020-12-31": -3703, "2020-09-30": 589, "2020-06-30": 572, "2020-03-31": "805.00000", "2019-12-31": 923, "2019-09-30": 703, "2019-06-30": 812, "2019-03-31": "725.00000", "2018-12-31": 184, "2018-09-30": 173, "2018-06-30": 136, "2018-03-31": "182.00000", "2017-12-31": 298, "2017-09-30": 374, "2017-06-30": 109, "2017-03-31": "111.00000", "2016-12-31": 102, "2016-09-30": 155, "2016-06-30": 57, "2016-03-31": "201.00000", "2015-12-31": 158, "2015-09-30": 191, "2015-06-30": 207, "2015-03-31": "93.00000", "2014-12-31": 95, "2014-09-30": 121, "2014-06-30": 74, "2014-03-31": "122.00000", "2013-12-31": 102, "2013-09-30": 157, "2013-06-30": 199, "2013-03-31": "123.00000", "2012-12-31": 272, "2012-09-30": 144, "2012-06-30": 141, "2012-03-31": "154.00000", "2011-12-31": 117, "2011-09-30": 43, "2011-06-30": 120, "2011-03-31": "195.00000", "2010-12-31": 70, "2010-09-30": 95, "2010-06-30": 115, "2010-03-31": "112.00000", "2009-12-31": 96, "2009-09-30": 129, "2009-06-30": 126, "2009-03-31": "246.00000", "2008-12-31": 29, "2008-09-30": 73, "2008-06-30": 82, "2008-03-31": "-33.00000", "2007-12-31": 91, "2007-09-30": 21, "2007-06-30": 6, "2007-03-31": "14.00000", "2006-12-31": 17, "2006-09-30": -28, "2006-06-30": 128, "2006-03-31": "-425.00000", "2005-12-31": 430, "2005-09-30": 205, "2005-06-30": -465, "2005-03-31": "-71.00000"}, "Change In Accounts Receivable": {"2020-12-31": 1544, "2020-09-30": -717, "2020-06-30": -827, "2020-03-31": "-1266.00000", "2019-12-31": 181, "2019-09-30": 171, "2019-06-30": -1070, "2019-03-31": "-272.00000", "2018-12-31": 359, "2018-09-30": -72, "2018-06-30": 186, "2018-03-31": "-2.00000", "2017-12-31": -72, "2017-09-30": 112, "2017-06-30": -144, "2017-03-31": "-14.00000", "2016-12-31": 593, "2016-09-30": 840, "2016-06-30": -311, "2016-03-31": "-213.00000", "2015-12-31": 100, "2015-09-30": 70, "2015-06-30": -500, "2015-03-31": "-560.00000", "2014-12-31": -233, "2014-09-30": 68, "2014-06-30": -204, "2014-03-31": "-389.00000", "2013-12-31": -25, "2013-09-30": 120, "2013-06-30": -6, "2013-03-31": "170.00000", "2012-12-31": -39, "2012-09-30": 89, "2012-06-30": 186, "2012-03-31": "-245.00000", "2011-12-31": 94, "2011-09-30": -44, "2011-06-30": 50, "2011-03-31": "-131.00000", "2010-12-31": 142, "2010-09-30": 40, "2010-06-30": 42, "2010-03-31": "-125.00000", "2009-12-31": 152, "2009-09-30": 7, "2009-06-30": 55, "2009-03-31": "-135.00000", "2008-12-31": 219, "2008-09-30": -23, "2008-06-30": 141, "2008-03-31": "-55.00000", "2007-12-31": 267, "2007-09-30": -38, "2007-06-30": -52, "2007-03-31": "29.00000", "2006-12-31": -17, "2006-09-30": -27, "2006-06-30": 107, "2006-03-31": "99.00000", "2005-12-31": 112, "2005-09-30": 113, "2005-06-30": -47, "2005-03-31": "94.00000"}, "Change In Inventories": {"2020-12-31": -509, "2020-09-30": 55, "2020-06-30": -146, "2020-03-31": "96.00000", "2019-12-31": -512, "2019-09-30": 137, "2019-06-30": 84, "2019-03-31": "440.00000", "2018-12-31": -191, "2018-09-30": -31, "2018-06-30": 21, "2018-03-31": "94.00000", "2017-12-31": -72, "2017-09-30": 0, "2017-06-30": 0, "2017-03-31": "", "2016-12-31": 30, "2016-09-30": 0, "2016-06-30": 0, "2016-03-31": "", "2015-12-31": 0, "2015-09-30": 0, "2015-06-30": 0, "2015-03-31": "", "2014-12-31": 0, "2014-09-30": 0, "2014-06-30": 0, "2014-03-31": "", "2013-12-31": 0, "2013-09-30": 0, "2013-06-30": 0, "2013-03-31": "", "2012-12-31": 0, "2012-09-30": 0, "2012-06-30": 0, "2012-03-31": "", "2011-12-31": 0, "2011-09-30": 0, "2011-06-30": 0, "2011-03-31": "", "2010-12-31": 0, "2010-09-30": 0, "2010-06-30": 0, "2010-03-31": "", "2009-12-31": 0, "2009-09-30": 0, "2009-06-30": 0, "2009-03-31": "", "2008-12-31": 0, "2008-09-30": 0, "2008-06-30": 0, "2008-03-31": "", "2007-12-31": 0, "2007-09-30": 0, "2007-06-30": 0, "2007-03-31": "", "2006-12-31": 0, "2006-09-30": 0, "2006-06-30": 0, "2006-03-31": "", "2005-12-31": 0, "2005-09-30": 0, "2005-06-30": 0, "2005-03-31": ""}, "Change In Accounts Payable": {"2020-12-31": 2185, "2020-09-30": -233, "2020-06-30": 1569, "2020-03-31": "716.00000", "2019-12-31": 918, "2019-09-30": -110, "2019-06-30": -192, "2019-03-31": "535.00000", "2018-12-31": -696, "2018-09-30": 362, "2018-06-30": -245, "2018-03-31": "69.00000", "2017-12-31": 510, "2017-09-30": 380, "2017-06-30": 27, "2017-03-31": "-186.00000", "2016-12-31": 116, "2016-09-30": 67, "2016-06-30": 205, "2016-03-31": "-263.00000", "2015-12-31": 204, "2015-09-30": 3, "2015-06-30": 59, "2015-03-31": "157.00000", "2014-12-31": 241, "2014-09-30": -117, "2014-06-30": 185, "2014-03-31": "-107.00000", "2013-12-31": 41, "2013-09-30": -165, "2013-06-30": -31, "2013-03-31": "-328.00000", "2012-12-31": 262, "2012-09-30": -537, "2012-06-30": 309, "2012-03-31": "-166.00000", "2011-12-31": 51, "2011-09-30": 590, "2011-06-30": 69, "2011-03-31": "-366.00000", "2010-12-31": -288, "2010-09-30": 103, "2010-06-30": 212, "2010-03-31": "-299.00000", "2009-12-31": -195, "2009-09-30": -50, "2009-06-30": -612, "2009-03-31": "-464.00000", "2008-12-31": 749, "2008-09-30": 354, "2008-06-30": -233, "2008-03-31": "596.00000", "2007-12-31": 74, "2007-09-30": 107, "2007-06-30": 43, "2007-03-31": "-74.00000", "2006-12-31": 130, "2006-09-30": 157, "2006-06-30": -228, "2006-03-31": "-165.00000", "2005-12-31": 56, "2005-09-30": -493, "2005-06-30": -21, "2005-03-31": "113.00000"}, "Change In Assets/Liabilities": {"2020-12-31": 635, "2020-09-30": -197, "2020-06-30": 346, "2020-03-31": "347.00000", "2019-12-31": 299, "2019-09-30": 206, "2019-06-30": -5, "2019-03-31": "392.00000", "2018-12-31": 323, "2018-09-30": -582, "2018-06-30": 89, "2018-03-31": "765.00000", "2017-12-31": -349, "2017-09-30": -117, "2017-06-30": 103, "2017-03-31": "784.00000", "2016-12-31": -425, "2016-09-30": 509, "2016-06-30": 100, "2016-03-31": "420.00000", "2015-12-31": 317, "2015-09-30": -113, "2015-06-30": 200, "2015-03-31": "295.00000", "2014-12-31": 63, "2014-09-30": -86, "2014-06-30": 35, "2014-03-31": "85.00000", "2013-12-31": 157, "2013-09-30": 109, "2013-06-30": 114, "2013-03-31": "756.00000", "2012-12-31": 3, "2012-09-30": -494, "2012-06-30": -104, "2012-03-31": "722.00000", "2011-12-31": -243, "2011-09-30": -50, "2011-06-30": -45, "2011-03-31": "26.00000", "2010-12-31": 176, "2010-09-30": -56, "2010-06-30": -224, "2010-03-31": "343.00000", "2009-12-31": 8, "2009-09-30": -189, "2009-06-30": -95, "2009-03-31": "306.00000", "2008-12-31": -115, "2008-09-30": -84, "2008-06-30": 13, "2008-03-31": "-279.00000", "2007-12-31": -78, "2007-09-30": -81, "2007-06-30": -135, "2007-03-31": "20.00000", "2006-12-31": -131, "2006-09-30": -181, "2006-06-30": -24, "2006-03-31": "-170.00000", "2005-12-31": -150, "2005-09-30": -172, "2005-06-30": -87, "2005-03-31": "-259.00000"}, "Total Change In Assets/Liabilities": {"2020-12-31": 3855, "2020-09-30": -1092, "2020-06-30": 942, "2020-03-31": "-107.00000", "2019-12-31": 886, "2019-09-30": 404, "2019-06-30": -1183, "2019-03-31": "1095.00000", "2018-12-31": -205, "2018-09-30": -323, "2018-06-30": 51, "2018-03-31": "926.00000", "2017-12-31": 10, "2017-09-30": 299, "2017-06-30": -222, "2017-03-31": "875.00000", "2016-12-31": 371, "2016-09-30": 1305, "2016-06-30": -214, "2016-03-31": "206.00000", "2015-12-31": 560, "2015-09-30": -121, "2015-06-30": -345, "2015-03-31": "113.00000", "2014-12-31": 129, "2014-09-30": -182, "2014-06-30": -134, "2014-03-31": "-161.00000", "2013-12-31": 150, "2013-09-30": 120, "2013-06-30": 98, "2013-03-31": "488.00000", "2012-12-31": 114, "2012-09-30": -930, "2012-06-30": 415, "2012-03-31": "416.00000", "2011-12-31": -142, "2011-09-30": 438, "2011-06-30": 17, "2011-03-31": "-558.00000", "2010-12-31": -6, "2010-09-30": 107, "2010-06-30": -31, "2010-03-31": "-2.00000", "2009-12-31": 49, "2009-09-30": -302, "2009-06-30": -521, "2009-03-31": "-383.00000", "2008-12-31": 786, "2008-09-30": 246, "2008-06-30": -147, "2008-03-31": "326.00000", "2007-12-31": 219, "2007-09-30": -38, "2007-06-30": -164, "2007-03-31": "75.00000", "2006-12-31": 13, "2006-09-30": 29, "2006-06-30": -233, "2006-03-31": "-14.00000", "2005-12-31": -175, "2005-09-30": -630, "2005-06-30": -107, "2005-03-31": "-94.00000"}, "Cash Flow From Operating Activities": {"2020-12-31": 4294, "2020-09-30": 895, "2020-06-30": 3274, "2020-03-31": "1887.00000", "2019-12-31": 2793, "2019-09-30": 2461, "2019-06-30": 1039, "2019-03-31": "3192.00000", "2018-12-31": 126, "2018-09-30": 624, "2018-06-30": 995, "2018-03-31": "2025.00000", "2017-12-31": 575, "2017-09-30": 1235, "2017-06-30": 697, "2017-03-31": "1579.00000", "2016-12-31": 847, "2016-09-30": 1912, "2016-06-30": 346, "2016-03-31": "921.00000", "2015-12-31": 1136, "2015-09-30": 614, "2015-06-30": 446, "2015-03-31": "737.00000", "2014-12-31": 686, "2014-09-30": 470, "2014-06-30": 512, "2014-03-31": "490.00000", "2013-12-31": 612, "2013-09-30": 830, "2013-06-30": 82, "2013-03-31": "-805.00000", "2012-12-31": 793, "2012-09-30": -320, "2012-06-30": 936, "2012-03-31": "941.00000", "2011-12-31": 248, "2011-09-30": 664, "2011-06-30": 528, "2011-03-31": "51.00000", "2010-12-31": 460, "2010-09-30": 510, "2010-06-30": 379, "2010-03-31": "394.00000", "2009-12-31": 476, "2009-09-30": 157, "2009-06-30": 40, "2009-03-31": "72.00000", "2008-12-31": 606, "2008-09-30": 491, "2008-06-30": 207, "2008-03-31": "352.00000", "2007-12-31": 576, "2007-09-30": 348, "2007-06-30": 40, "2007-03-31": "378.00000", "2006-12-31": 262, "2006-09-30": 299, "2006-06-30": 168, "2006-03-31": "-87.00000", "2005-12-31": 465, "2005-09-30": -166, "2005-06-30": 148, "2005-03-31": "271.00000"}, "Net Change In Property, Plant, And Equipment": {"2020-12-31": 775, "2020-09-30": -252, "2020-06-30": -256, "2020-03-31": "-267.00000", "2019-12-31": -310, "2019-09-30": -243, "2019-06-30": -303, "2019-03-31": "-194.00000", "2018-12-31": -182, "2018-09-30": -126, "2018-06-30": -117, "2018-03-31": "-103.00000", "2017-12-31": -131, "2017-09-30": -146, "2017-06-30": -103, "2017-03-31": "-91.00000", "2016-12-31": -99, "2016-09-30": -108, "2016-06-30": -142, "2016-03-31": "-112.00000", "2015-12-31": -153, "2015-09-30": -111, "2015-06-30": -131, "2015-03-31": "-115.00000", "2014-12-31": -123, "2014-09-30": -114, "2014-06-30": -139, "2014-03-31": "-97.00000", "2013-12-31": -113, "2013-09-30": -205, "2013-06-30": -125, "2013-03-31": "-84.00000", "2012-12-31": -79, "2012-09-30": -121, "2012-06-30": -127, "2012-03-31": "-81.00000", "2011-12-31": -131, "2011-09-30": -104, "2011-06-30": -114, "2011-03-31": "-73.00000", "2010-12-31": -91, "2010-09-30": -89, "2010-06-30": -68, "2010-03-31": "-52.00000", "2009-12-31": -89, "2009-09-30": -82, "2009-06-30": -76, "2009-03-31": "-60.00000", "2008-12-31": -78, "2008-09-30": -51, "2008-06-30": -60, "2008-03-31": "-68.00000", "2007-12-31": -71, "2007-09-30": -74, "2007-06-30": -16, "2007-03-31": "-19.00000", "2006-12-31": -43, "2006-09-30": -26, "2006-06-30": -37, "2006-03-31": "-30.00000", "2005-12-31": -29, "2005-09-30": 19, "2005-06-30": -28, "2005-03-31": "-23.00000"}, "Net Change In Intangible Assets": {"2020-12-31": 0, "2020-09-30": 0, "2020-06-30": 0, "2020-03-31": "", "2019-12-31": 0, "2019-09-30": 0, "2019-06-30": 0, "2019-03-31": "", "2018-12-31": 0, "2018-09-30": 0, "2018-06-30": 0, "2018-03-31": "", "2017-12-31": 0, "2017-09-30": 0, "2017-06-30": 0, "2017-03-31": "", "2016-12-31": 0, "2016-09-30": 0, "2016-06-30": 0, "2016-03-31": "", "2015-12-31": 0, "2015-09-30": 0, "2015-06-30": 0, "2015-03-31": "", "2014-12-31": 0, "2014-09-30": 0, "2014-06-30": 0, "2014-03-31": "", "2013-12-31": 0, "2013-09-30": 0, "2013-06-30": 0, "2013-03-31": "", "2012-12-31": 0, "2012-09-30": 0, "2012-06-30": 0, "2012-03-31": "", "2011-12-31": 0, "2011-09-30": 0, "2011-06-30": 0, "2011-03-31": "", "2010-12-31": 0, "2010-09-30": 0, "2010-06-30": 0, "2010-03-31": "", "2009-12-31": 0, "2009-09-30": 0, "2009-06-30": 0, "2009-03-31": "", "2008-12-31": 0, "2008-09-30": 0, "2008-06-30": 0, "2008-03-31": "", "2007-12-31": 0, "2007-09-30": 0, "2007-06-30": 0, "2007-03-31": "", "2006-12-31": 0, "2006-09-30": 0, "2006-06-30": 0, "2006-03-31": "", "2005-12-31": 0, "2005-09-30": 0, "2005-06-30": 0, "2005-03-31": ""}, "Net Acquisitions/Divestitures": {"2020-12-31": 135, "2020-09-30": -135, "2020-06-30": 0, "2020-03-31": "", "2019-12-31": -147, "2019-09-30": 0, "2019-06-30": 0, "2019-03-31": "-6.00000", "2018-12-31": -24455, "2018-09-30": 0, "2018-06-30": 0, "2018-03-31": "", "2017-12-31": -176, "2017-09-30": -19, "2017-06-30": -14, "2017-03-31": "", "2016-12-31": 1, "2016-09-30": -1, "2016-06-30": -4, "2016-03-31": "", "2015-12-31": 11, "2015-09-30": -3, "2015-06-30": 0, "2015-03-31": "-107.00000", "2014-12-31": 0, "2014-09-30": 0, "2014-06-30": 0, "2014-03-31": "", "2013-12-31": -76, "2013-09-30": 0, "2013-06-30": 40, "2013-03-31": "-40.00000", "2012-12-31": -113, "2012-09-30": -271, "2012-06-30": 2, "2012-03-31": "-3199.00000", "2011-12-31": -103, "2011-09-30": 0, "2011-06-30": 13, "2011-03-31": "-12.00000", "2010-12-31": -207, "2010-09-30": -327, "2010-06-30": 0, "2010-03-31": "-5.00000", "2009-12-31": 0, "2009-09-30": 0, "2009-06-30": 0, "2009-03-31": "", "2008-12-31": -18, "2008-09-30": 8, "2008-06-30": -1302, "2008-03-31": "-7.00000", "2007-12-31": 4, "2007-09-30": -22, "2007-06-30": 11, "2007-03-31": "31.00000", "2006-12-31": -20, "2006-09-30": 14, "2006-06-30": 0, "2006-03-31": "", "2005-12-31": 0, "2005-09-30": 0, "2005-06-30": 0, "2005-03-31": ""}, "Net Change In Short-term Investments": {"2020-12-31": 0, "2020-09-30": 0, "2020-06-30": 0, "2020-03-31": "", "2019-12-31": 0, "2019-09-30": 0, "2019-06-30": 0, "2019-03-31": "", "2018-12-31": 0, "2018-09-30": 0, "2018-06-30": 0, "2018-03-31": "", "2017-12-31": 0, "2017-09-30": 0, "2017-06-30": 0, "2017-03-31": "", "2016-12-31": 0, "2016-09-30": 0, "2016-06-30": 0, "2016-03-31": "", "2015-12-31": 0, "2015-09-30": 0, "2015-06-30": 0, "2015-03-31": "", "2014-12-31": 0, "2014-09-30": 0, "2014-06-30": 0, "2014-03-31": "", "2013-12-31": 0, "2013-09-30": 0, "2013-06-30": 0, "2013-03-31": "", "2012-12-31": 0, "2012-09-30": 0, "2012-06-30": 0, "2012-03-31": "", "2011-12-31": 0, "2011-09-30": 0, "2011-06-30": 0, "2011-03-31": "", "2010-12-31": 0, "2010-09-30": 0, "2010-06-30": 0, "2010-03-31": "", "2009-12-31": 0, "2009-09-30": 0, "2009-06-30": 0, "2009-03-31": "", "2008-12-31": 0, "2008-09-30": 0, "2008-06-30": 0, "2008-03-31": "", "2007-12-31": 0, "2007-09-30": 0, "2007-06-30": 0, "2007-03-31": "", "2006-12-31": 0, "2006-09-30": 0, "2006-06-30": 0, "2006-03-31": "", "2005-12-31": 0, "2005-09-30": 0, "2005-06-30": 0, "2005-03-31": ""}, "Net Change In Long-Term Investments": {"2020-12-31": 571, "2020-09-30": -551, "2020-06-30": 19, "2020-03-31": "-39.00000", "2019-12-31": 190, "2019-09-30": -60, "2019-06-30": -325, "2019-03-31": "675.00000", "2018-12-31": -67, "2018-09-30": 263, "2018-06-30": -188, "2018-03-31": "-1391.00000", "2017-12-31": -296, "2017-09-30": -647, "2017-06-30": -54, "2017-03-31": "-26.00000", "2016-12-31": -782, "2016-09-30": -912, "2016-06-30": -66, "2016-03-31": "-248.00000", "2015-12-31": -1297, "2015-09-30": -87, "2015-06-30": 84, "2015-03-31": "173.00000", "2014-12-31": -338, "2014-09-30": -423, "2014-06-30": -187, "2014-03-31": "-421.00000", "2013-12-31": -578, "2013-09-30": -158, "2013-06-30": 310, "2013-03-31": "1086.00000", "2012-12-31": 199, "2012-09-30": -49, "2012-06-30": 121, "2012-03-31": "-139.00000", "2011-12-31": 190, "2011-09-30": -418, "2011-06-30": -287, "2011-03-31": "-231.00000", "2010-12-31": 14, "2010-09-30": -106, "2010-06-30": -345, "2010-03-31": "-66.00000", "2009-12-31": -322, "2009-09-30": -344, "2009-06-30": -406, "2009-03-31": "-106.00000", "2008-12-31": -176, "2008-09-30": 98, "2008-06-30": -822, "2008-03-31": "-88.00000", "2007-12-31": 243, "2007-09-30": 282, "2007-06-30": 57, "2007-03-31": "-157.00000", "2006-12-31": 299, "2006-09-30": 499, "2006-06-30": 250, "2006-03-31": "687.00000", "2005-12-31": 565, "2005-09-30": 230, "2005-06-30": -426, "2005-03-31": "-31.00000"}, "Net Change In Investments - Total": {"2020-12-31": 571, "2020-09-30": -551, "2020-06-30": 19, "2020-03-31": "-39.00000", "2019-12-31": 190, "2019-09-30": -60, "2019-06-30": -325, "2019-03-31": "675.00000", "2018-12-31": -67, "2018-09-30": 263, "2018-06-30": -188, "2018-03-31": "-1391.00000", "2017-12-31": -296, "2017-09-30": -647, "2017-06-30": -54, "2017-03-31": "-26.00000", "2016-12-31": -782, "2016-09-30": -912, "2016-06-30": -66, "2016-03-31": "-248.00000", "2015-12-31": -1297, "2015-09-30": -87, "2015-06-30": 84, "2015-03-31": "173.00000", "2014-12-31": -338, "2014-09-30": -423, "2014-06-30": -187, "2014-03-31": "-421.00000", "2013-12-31": -578, "2013-09-30": -158, "2013-06-30": 310, "2013-03-31": "1086.00000", "2012-12-31": 199, "2012-09-30": -49, "2012-06-30": 121, "2012-03-31": "-139.00000", "2011-12-31": 190, "2011-09-30": -418, "2011-06-30": -287, "2011-03-31": "-231.00000", "2010-12-31": 14, "2010-09-30": -106, "2010-06-30": -345, "2010-03-31": "-66.00000", "2009-12-31": -322, "2009-09-30": -344, "2009-06-30": -406, "2009-03-31": "-106.00000", "2008-12-31": -176, "2008-09-30": 98, "2008-06-30": -822, "2008-03-31": "-88.00000", "2007-12-31": 243, "2007-09-30": 282, "2007-06-30": 57, "2007-03-31": "-157.00000", "2006-12-31": 299, "2006-09-30": 499, "2006-06-30": 250, "2006-03-31": "687.00000", "2005-12-31": 565, "2005-09-30": 230, "2005-06-30": -426, "2005-03-31": "-31.00000"}, "Investing Activities - Other": {"2020-12-31": -37, "2020-09-30": 0, "2020-06-30": 0, "2020-03-31": "37.00000", "2019-12-31": -4, "2019-09-30": -1, "2019-06-30": -6, "2019-03-31": "", "2018-12-31": 0, "2018-09-30": -12, "2018-06-30": 206, "2018-03-31": "-206.00000", "2017-12-31": 0, "2017-09-30": 444, "2017-06-30": -444, "2017-03-31": "", "2016-12-31": 0, "2016-09-30": -101, "2016-06-30": 0, "2016-03-31": "", "2015-12-31": 0, "2015-09-30": 0, "2015-06-30": 0, "2015-03-31": "", "2014-12-31": 0, "2014-09-30": -36, "2014-06-30": 0, "2014-03-31": "12.00000", "2013-12-31": 42, "2013-09-30": -44, "2013-06-30": -40, "2013-03-31": "", "2012-12-31": 0, "2012-09-30": 0, "2012-06-30": 0, "2012-03-31": "", "2011-12-31": 0, "2011-09-30": 0, "2011-06-30": 0, "2011-03-31": "", "2010-12-31": 0, "2010-09-30": 0, "2010-06-30": 0, "2010-03-31": "", "2009-12-31": 0, "2009-09-30": 0, "2009-06-30": 0, "2009-03-31": "", "2008-12-31": 4, "2008-09-30": -12, "2008-06-30": 0, "2008-03-31": "", "2007-12-31": 0, "2007-09-30": 11, "2007-06-30": -5, "2007-03-31": "-6.00000", "2006-12-31": 0, "2006-09-30": 0, "2006-06-30": -45, "2006-03-31": "", "2005-12-31": -1, "2005-09-30": -18, "2005-06-30": 0, "2005-03-31": ""}, "Cash Flow From Investing Activities": {"2020-12-31": 4420, "2020-09-30": -938, "2020-06-30": -237, "2020-03-31": "-269.00000", "2019-12-31": -271, "2019-09-30": -304, "2019-06-30": -634, "2019-03-31": "475.00000", "2018-12-31": -24704, "2018-09-30": 125, "2018-06-30": -99, "2018-03-31": "-1700.00000", "2017-12-31": -603, "2017-09-30": -368, "2017-06-30": -615, "2017-03-31": "-117.00000", "2016-12-31": -880, "2016-09-30": -1122, "2016-06-30": -212, "2016-03-31": "-360.00000", "2015-12-31": -1439, "2015-09-30": -201, "2015-06-30": -47, "2015-03-31": "-49.00000", "2014-12-31": -461, "2014-09-30": -573, "2014-06-30": -326, "2014-03-31": "-506.00000", "2013-12-31": -725, "2013-09-30": -407, "2013-06-30": 185, "2013-03-31": "962.00000", "2012-12-31": 7, "2012-09-30": -441, "2012-06-30": -4, "2012-03-31": "-3419.00000", "2011-12-31": -44, "2011-09-30": -522, "2011-06-30": -388, "2011-03-31": "-316.00000", "2010-12-31": -284, "2010-09-30": -522, "2010-06-30": -413, "2010-03-31": "-123.00000", "2009-12-31": -411, "2009-09-30": -426, "2009-06-30": -482, "2009-03-31": "-166.00000", "2008-12-31": -268, "2008-09-30": 43, "2008-06-30": -2184, "2008-03-31": "-163.00000", "2007-12-31": 176, "2007-09-30": 197, "2007-06-30": 47, "2007-03-31": "-151.00000", "2006-12-31": 236, "2006-09-30": 487, "2006-06-30": 168, "2006-03-31": "657.00000", "2005-12-31": 535, "2005-09-30": 231, "2005-06-30": -454, "2005-03-31": "-54.00000"}, "Net Long-Term Debt": {"2020-12-31": 2246, "2020-09-30": -701, "2020-06-30": -614, "2020-03-31": "-931.00000", "2019-12-31": -1154, "2019-09-30": -600, "2019-06-30": -1740, "2019-03-31": "-1000.00000", "2018-12-31": 2972, "2018-09-30": 19884, "2018-06-30": 0, "2018-03-31": "-131.00000", "2017-12-31": -3, "2017-09-30": 271, "2017-06-30": 0, "2017-03-31": "-250.00000", "2016-12-31": 0, "2016-09-30": 0, "2016-06-30": 0, "2016-03-31": "", "2015-12-31": 0, "2015-09-30": 0, "2015-06-30": -938, "2015-03-31": "894.00000", "2014-12-31": 0, "2014-09-30": 0, "2014-06-30": 0, "2014-03-31": "", "2013-12-31": -8, "2013-09-30": -7, "2013-06-30": 0, "2013-03-31": "", "2012-12-31": 0, "2012-09-30": 0, "2012-06-30": 0, "2012-03-31": "-326.00000", "2011-12-31": 1640, "2011-09-30": 0, "2011-06-30": -4, "2011-03-31": "589.00000", "2010-12-31": -21, "2010-09-30": 1, "2010-06-30": 295, "2010-03-31": "-2.00000", "2009-12-31": -198, "2009-09-30": 0, "2009-06-30": 346, "2009-03-31": "-2.00000", "2008-12-31": 0, "2008-09-30": -1, "2008-06-30": 0, "2008-03-31": "298.00000", "2007-12-31": 0, "2007-09-30": 0, "2007-06-30": 207, "2007-03-31": "-87.00000", "2006-12-31": 246, "2006-09-30": 0, "2006-06-30": 0, "2006-03-31": "-100.00000", "2005-12-31": 0, "2005-09-30": 0, "2005-06-30": 0, "2005-03-31": ""}, "Net Current Debt": {"2020-12-31": -592, "2020-09-30": 147, "2020-06-30": 625, "2020-03-31": "-180.00000", "2019-12-31": -202, "2019-09-30": 142, "2019-06-30": 427, "2019-03-31": "-1048.00000", "2018-12-31": 1596, "2018-09-30": -104, "2018-06-30": -2, "2018-03-31": "-3.00000", "2017-12-31": 96, "2017-09-30": -2, "2017-06-30": -4, "2017-03-31": "-10.00000", "2016-12-31": -5, "2016-09-30": -32, "2016-06-30": -105, "2016-03-31": "-6.00000", "2015-12-31": -6, "2015-09-30": -5, "2015-06-30": -5, "2015-03-31": "-5.00000", "2014-12-31": -8, "2014-09-30": -8, "2014-06-30": -90, "2014-03-31": "-6.00000", "2013-12-31": -10, "2013-09-30": -72, "2013-06-30": -214, "2013-03-31": "195.00000", "2012-12-31": -44, "2012-09-30": 11, "2012-06-30": -14, "2012-03-31": "145.00000", "2011-12-31": 278, "2011-09-30": -27, "2011-06-30": -36, "2011-03-31": "-216.00000", "2010-12-31": 21, "2010-09-30": 6, "2010-06-30": -8, "2010-03-31": "40.00000", "2009-12-31": 170, "2009-09-30": 93, "2009-06-30": -298, "2009-03-31": "88.00000", "2008-12-31": -28, "2008-09-30": -108, "2008-06-30": 105, "2008-03-31": "312.00000", "2007-12-31": -56, "2007-09-30": 29, "2007-06-30": -503, "2007-03-31": "510.00000", "2006-12-31": -21, "2006-09-30": 16, "2006-06-30": -8, "2006-03-31": "4.00000", "2005-12-31": 3, "2005-09-30": 0, "2005-06-30": -26, "2005-03-31": "-193.00000"}, "Debt Issuance/Retirement Net - Total": {"2020-12-31": 1654, "2020-09-30": -554, "2020-06-30": 11, "2020-03-31": "-1111.00000", "2019-12-31": -1356, "2019-09-30": -458, "2019-06-30": -1313, "2019-03-31": "-2048.00000", "2018-12-31": 4568, "2018-09-30": 19780, "2018-06-30": -2, "2018-03-31": "-134.00000", "2017-12-31": 93, "2017-09-30": 269, "2017-06-30": -4, "2017-03-31": "-260.00000", "2016-12-31": -5, "2016-09-30": -32, "2016-06-30": -105, "2016-03-31": "-6.00000", "2015-12-31": -6, "2015-09-30": -5, "2015-06-30": -943, "2015-03-31": "889.00000", "2014-12-31": -8, "2014-09-30": -8, "2014-06-30": -90, "2014-03-31": "-6.00000", "2013-12-31": -18, "2013-09-30": -79, "2013-06-30": -214, "2013-03-31": "195.00000", "2012-12-31": -44, "2012-09-30": 11, "2012-06-30": -14, "2012-03-31": "-181.00000", "2011-12-31": 1918, "2011-09-30": -27, "2011-06-30": -40, "2011-03-31": "373.00000", "2010-12-31": 0, "2010-09-30": 7, "2010-06-30": 287, "2010-03-31": "38.00000", "2009-12-31": -28, "2009-09-30": 93, "2009-06-30": 48, "2009-03-31": "86.00000", "2008-12-31": -28, "2008-09-30": -109, "2008-06-30": 105, "2008-03-31": "610.00000", "2007-12-31": -56, "2007-09-30": 29, "2007-06-30": -296, "2007-03-31": "423.00000", "2006-12-31": 225, "2006-09-30": 16, "2006-06-30": -8, "2006-03-31": "-96.00000", "2005-12-31": 3, "2005-09-30": 0, "2005-06-30": -26, "2005-03-31": "-193.00000"}, "Net Common Equity Issued/Repurchased": {"2020-12-31": 2113, "2020-09-30": -1018, "2020-06-30": -292, "2020-03-31": "-803.00000", "2019-12-31": -324, "2019-09-30": -643, "2019-06-30": -387, "2019-03-31": "-409.00000", "2018-12-31": -5, "2018-09-30": 14, "2018-06-30": 7, "2018-03-31": "-290.00000", "2017-12-31": -744, "2017-09-30": -1031, "2017-06-30": -618, "2017-03-31": "-201.00000", "2016-12-31": 13, "2016-09-30": 9, "2016-06-30": 4, "2016-03-31": "-129.00000", "2015-12-31": -117, "2015-09-30": 8, "2015-06-30": -94, "2015-03-31": "-314.00000", "2014-12-31": -339, "2014-09-30": -214, "2014-06-30": -377, "2014-03-31": "-572.00000", "2013-12-31": -149, "2013-09-30": -518, "2013-06-30": -145, "2013-03-31": "-41.00000", "2012-12-31": -60, "2012-09-30": -79, "2012-06-30": 7, "2012-03-31": "45.00000", "2011-12-31": 634, "2011-09-30": 4, "2011-06-30": -43, "2011-03-31": "-86.00000", "2010-12-31": 33, "2010-09-30": -85, "2010-06-30": -109, "2010-03-31": "24.00000", "2009-12-31": 21, "2009-09-30": 9, "2009-06-30": 0, "2009-03-31": "", "2008-12-31": -38, "2008-09-30": -121, "2008-06-30": -215, "2008-03-31": "33.00000", "2007-12-31": 17, "2007-09-30": -232, "2007-06-30": -272, "2007-03-31": "-450.00000", "2006-12-31": -530, "2006-09-30": -891, "2006-06-30": -855, "2006-03-31": "-238.00000", "2005-12-31": -539, "2005-09-30": -337, "2005-06-30": -248, "2005-03-31": "-148.00000"}, "Net Total Equity Issued/Repurchased": {"2020-12-31": 2113, "2020-09-30": -1018, "2020-06-30": -292, "2020-03-31": "-803.00000", "2019-12-31": -324, "2019-09-30": -643, "2019-06-30": -387, "2019-03-31": "-409.00000", "2018-12-31": -5, "2018-09-30": 14, "2018-06-30": 7, "2018-03-31": "-290.00000", "2017-12-31": -744, "2017-09-30": -1031, "2017-06-30": -618, "2017-03-31": "-201.00000", "2016-12-31": 13, "2016-09-30": 9, "2016-06-30": 4, "2016-03-31": "-129.00000", "2015-12-31": -117, "2015-09-30": 8, "2015-06-30": -94, "2015-03-31": "-314.00000", "2014-12-31": -339, "2014-09-30": -214, "2014-06-30": -377, "2014-03-31": "-572.00000", "2013-12-31": -149, "2013-09-30": -518, "2013-06-30": -145, "2013-03-31": "-41.00000", "2012-12-31": -60, "2012-09-30": -79, "2012-06-30": 7, "2012-03-31": "45.00000", "2011-12-31": 634, "2011-09-30": 4, "2011-06-30": -43, "2011-03-31": "-86.00000", "2010-12-31": 33, "2010-09-30": -85, "2010-06-30": -109, "2010-03-31": "24.00000", "2009-12-31": 21, "2009-09-30": 9, "2009-06-30": 0, "2009-03-31": "", "2008-12-31": -38, "2008-09-30": -121, "2008-06-30": -215, "2008-03-31": "33.00000", "2007-12-31": 17, "2007-09-30": -232, "2007-06-30": -272, "2007-03-31": "-450.00000", "2006-12-31": -530, "2006-09-30": -891, "2006-06-30": -855, "2006-03-31": "-238.00000", "2005-12-31": -539, "2005-09-30": -337, "2005-06-30": -248, "2005-03-31": "-148.00000"}, "Total Common And Preferred Stock Dividends Paid": {"2020-12-31": 0, "2020-09-30": 0, "2020-06-30": 0, "2020-03-31": "", "2019-12-31": 0, "2019-09-30": 0, "2019-06-30": 0, "2019-03-31": "", "2018-12-31": 0, "2018-09-30": 0, "2018-06-30": 0, "2018-03-31": "", "2017-12-31": 0, "2017-09-30": 0, "2017-06-30": 0, "2017-03-31": "", "2016-12-31": 0, "2016-09-30": 0, "2016-06-30": 0, "2016-03-31": "", "2015-12-31": 0, "2015-09-30": 0, "2015-06-30": 0, "2015-03-31": "", "2014-12-31": 0, "2014-09-30": 0, "2014-06-30": 0, "2014-03-31": "", "2013-12-31": 11, "2013-09-30": 0, "2013-06-30": -11, "2013-03-31": "", "2012-12-31": 0, "2012-09-30": 0, "2012-06-30": -11, "2012-03-31": "", "2011-12-31": 0, "2011-09-30": 0, "2011-06-30": -11, "2011-03-31": "", "2010-12-31": 0, "2010-09-30": 0, "2010-06-30": -11, "2010-03-31": "", "2009-12-31": 0, "2009-09-30": 0, "2009-06-30": -11, "2009-03-31": "", "2008-12-31": 0, "2008-09-30": 0, "2008-06-30": -11, "2008-03-31": "-3.00000", "2007-12-31": -3, "2007-09-30": -3, "2007-06-30": -3, "2007-03-31": "-2.00000", "2006-12-31": -3, "2006-09-30": -3, "2006-06-30": -3, "2006-03-31": "-3.00000", "2005-12-31": -3, "2005-09-30": -4, "2005-06-30": -3, "2005-03-31": "-3.00000"}, "Financial Activities - Other": {"2020-12-31": 45, "2020-09-30": -110, "2020-06-30": -31, "2020-03-31": "96.00000", "2019-12-31": -27, "2019-09-30": -72, "2019-06-30": -73, "2019-03-31": "-77.00000", "2018-12-31": -163, "2018-09-30": -137, "2018-06-30": -17, "2018-03-31": "-106.00000", "2017-12-31": -32, "2017-09-30": -63, "2017-06-30": -6, "2017-03-31": "-54.00000", "2016-12-31": 22, "2016-09-30": -9, "2016-06-30": 24, "2016-03-31": "-11.00000", "2015-12-31": 17, "2015-09-30": 14, "2015-06-30": -13, "2015-03-31": "-45.00000", "2014-12-31": -64, "2014-09-30": 5, "2014-06-30": -41, "2014-03-31": "79.00000", "2013-12-31": -3, "2013-09-30": -20, "2013-06-30": 31, "2013-03-31": "31.00000", "2012-12-31": 26, "2012-09-30": 10, "2012-06-30": 32, "2012-03-31": "30.00000", "2011-12-31": 38, "2011-09-30": 27, "2011-06-30": 62, "2011-03-31": "18.00000", "2010-12-31": -9, "2010-09-30": 27, "2010-06-30": 27, "2010-03-31": "45.00000", "2009-12-31": 24, "2009-09-30": -23, "2009-06-30": 37, "2009-03-31": "51.00000", "2008-12-31": 3, "2008-09-30": -16, "2008-06-30": 54, "2008-03-31": "50.00000", "2007-12-31": -166, "2007-09-30": -24, "2007-06-30": -2, "2007-03-31": "-1.00000", "2006-12-31": -8, "2006-09-30": -91, "2006-06-30": 13, "2006-03-31": "-38.00000", "2005-12-31": 0, "2005-09-30": -354, "2005-06-30": 62, "2005-03-31": "8.00000"}, "Cash Flow From Financial Activities": {"2020-12-31": -4721, "2020-09-30": -1682, "2020-06-30": -312, "2020-03-31": "-1818.00000", "2019-12-31": -1707, "2019-09-30": -1173, "2019-06-30": -1773, "2019-03-31": "-2534.00000", "2018-12-31": 4400, "2018-09-30": 19657, "2018-06-30": -12, "2018-03-31": "-530.00000", "2017-12-31": -683, "2017-09-30": -825, "2017-06-30": -628, "2017-03-31": "-515.00000", "2016-12-31": 30, "2016-09-30": -32, "2016-06-30": -77, "2016-03-31": "-146.00000", "2015-12-31": -106, "2015-09-30": 17, "2015-06-30": -1050, "2015-03-31": "530.00000", "2014-12-31": -411, "2014-09-30": -217, "2014-06-30": -508, "2014-03-31": "-499.00000", "2013-12-31": -159, "2013-09-30": -617, "2013-06-30": -339, "2013-03-31": "185.00000", "2012-12-31": -78, "2012-09-30": -58, "2012-06-30": 14, "2012-03-31": "-106.00000", "2011-12-31": 2590, "2011-09-30": 4, "2011-06-30": -32, "2011-03-31": "305.00000", "2010-12-31": 24, "2010-09-30": -51, "2010-06-30": 194, "2010-03-31": "107.00000", "2009-12-31": 17, "2009-09-30": 79, "2009-06-30": 74, "2009-03-31": "137.00000", "2008-12-31": -63, "2008-09-30": -246, "2008-06-30": -67, "2008-03-31": "690.00000", "2007-12-31": -208, "2007-09-30": -230, "2007-06-30": -573, "2007-03-31": "-30.00000", "2006-12-31": -316, "2006-09-30": -969, "2006-06-30": -853, "2006-03-31": "-375.00000", "2005-12-31": -539, "2005-09-30": -695, "2005-06-30": -215, "2005-03-31": "-336.00000"}, "Net Cash Flow": {"2020-12-31": 4041, "2020-09-30": -1717, "2020-06-30": 2747, "2020-03-31": "-237.00000", "2019-12-31": 834, "2019-09-30": 967, "2019-06-30": -1366, "2019-03-31": "1121.00000", "2018-12-31": -20177, "2018-09-30": 20398, "2018-06-30": 863, "2018-03-31": "-201.00000", "2017-12-31": -684, "2017-09-30": 45, "2017-06-30": -544, "2017-03-31": "970.00000", "2016-12-31": -39, "2016-09-30": 770, "2016-06-30": 53, "2016-03-31": "433.00000", "2015-12-31": -413, "2015-09-30": 412, "2015-06-30": -651, "2015-03-31": "1200.00000", "2014-12-31": -201, "2014-09-30": -346, "2014-06-30": -309, "2014-03-31": "-519.00000", "2013-12-31": -260, "2013-09-30": -154, "2013-06-30": -97, "2013-03-31": "328.00000", "2012-12-31": 742, "2012-09-30": -809, "2012-06-30": 934, "2012-03-31": "-2579.00000", "2011-12-31": 2788, "2011-09-30": 128, "2011-06-30": 118, "2011-03-31": "51.00000", "2010-12-31": 201, "2010-09-30": -45, "2010-06-30": 150, "2010-03-31": "375.00000", "2009-12-31": 88, "2009-09-30": -186, "2009-06-30": -353, "2009-03-31": "33.00000", "2008-12-31": 264, "2008-09-30": 273, "2008-06-30": -2045, "2008-03-31": "880.00000", "2007-12-31": 549, "2007-09-30": 317, "2007-06-30": -485, "2007-03-31": "197.00000", "2006-12-31": 184, "2006-09-30": -180, "2006-06-30": -516, "2006-03-31": "195.00000", "2005-12-31": 458, "2005-09-30": -628, "2005-06-30": -521, "2005-03-31": "-119.00000"}, "Stock-Based Compensation": {"2020-12-31": 0, "2020-09-30": 0, "2020-06-30": 0, "2020-03-31": "", "2019-12-31": 0, "2019-09-30": 0, "2019-06-30": 0, "2019-03-31": "", "2018-12-31": 0, "2018-09-30": 0, "2018-06-30": 0, "2018-03-31": "", "2017-12-31": 0, "2017-09-30": 0, "2017-06-30": 0, "2017-03-31": "", "2016-12-31": 0, "2016-09-30": 0, "2016-06-30": 0, "2016-03-31": "", "2015-12-31": 0, "2015-09-30": 0, "2015-06-30": 0, "2015-03-31": "", "2014-12-31": 0, "2014-09-30": 0, "2014-06-30": 0, "2014-03-31": "", "2013-12-31": 0, "2013-09-30": 0, "2013-06-30": 0, "2013-03-31": "", "2012-12-31": 0, "2012-09-30": 0, "2012-06-30": 0, "2012-03-31": "", "2011-12-31": 0, "2011-09-30": 0, "2011-06-30": 0, "2011-03-31": "", "2010-12-31": 0, "2010-09-30": 0, "2010-06-30": 0, "2010-03-31": "", "2009-12-31": 0, "2009-09-30": 0, "2009-06-30": 0, "2009-03-31": "", "2008-12-31": 0, "2008-09-30": 0, "2008-06-30": 0, "2008-03-31": "", "2007-12-31": 0, "2007-09-30": 0, "2007-06-30": 0, "2007-03-31": "", "2006-12-31": 0, "2006-09-30": 0, "2006-06-30": 0, "2006-03-31": "", "2005-12-31": 0, "2005-09-30": 0, "2005-06-30": 0, "2005-03-31": ""}, "Common Stock Dividends Paid": {"2020-12-31": 0, "2020-09-30": 0, "2020-06-30": 0, "2020-03-31": "", "2019-12-31": 0, "2019-09-30": 0, "2019-06-30": 0, "2019-03-31": "", "2018-12-31": 0, "2018-09-30": 0, "2018-06-30": 0, "2018-03-31": "", "2017-12-31": 0, "2017-09-30": 0, "2017-06-30": 0, "2017-03-31": "", "2016-12-31": 0, "2016-09-30": 0, "2016-06-30": 0, "2016-03-31": "", "2015-12-31": 0, "2015-09-30": 0, "2015-06-30": 0, "2015-03-31": "", "2014-12-31": 0, "2014-09-30": 0, "2014-06-30": 0, "2014-03-31": "", "2013-12-31": 11, "2013-09-30": 0, "2013-06-30": -11, "2013-03-31": "", "2012-12-31": 0, "2012-09-30": 0, "2012-06-30": -11, "2012-03-31": "", "2011-12-31": 0, "2011-09-30": 0, "2011-06-30": -11, "2011-03-31": "", "2010-12-31": 0, "2010-09-30": 0, "2010-06-30": -11, "2010-03-31": "0.00000", "2009-12-31": 0, "2009-09-30": 0, "2009-06-30": -11, "2009-03-31": "", "2008-12-31": 0, "2008-09-30": 0, "2008-06-30": -11, "2008-03-31": "-3.00000", "2007-12-31": -3, "2007-09-30": -3, "2007-06-30": -3, "2007-03-31": "-2.00000", "2006-12-31": -3, "2006-09-30": -3, "2006-06-30": -3, "2006-03-31": "-3.00000", "2005-12-31": -3, "2005-09-30": -4, "2005-06-30": -3, "2005-03-31": "-3.00000"}}, "financial ratios": {"Current Ratio": {"2019-12-31": "", "2018-12-31": "", "2017-12-31": "", "2016-12-31": "", "2015-12-31": "", "2014-12-31": "", "2013-12-31": "", "2012-12-31": "", "2011-12-31": "", "2010-12-31": "", "2009-12-31": "", "2008-12-31": "", "2007-12-31": "", "2006-12-31": "", "2005-12-31": ""}, "Long-term Debt / Capital": {"2019-12-31": "0.41290", "2018-12-31": "0.49060", "2017-12-31": "0.27490", "2016-12-31": "0.25730", "2015-12-31": "0.29420", "2014-12-31": "0.31580", "2013-12-31": "0.32150", "2012-12-31": "0.33790", "2011-12-31": "0.38430", "2010-12-31": "0.25560", "2009-12-31": "0.30970", "2008-12-31": "0.36740", "2007-12-31": "0.27380", "2006-12-31": "0.23010", "2005-12-31": "0.19980"}, "Debt/Equity Ratio": {"2019-12-31": "0.82500", "2018-12-31": "1.03520", "2017-12-31": "0.39670", "2016-12-31": "0.36660", "2015-12-31": "0.42920", "2014-12-31": "0.47510", "2013-12-31": "0.49590", "2012-12-31": "0.53100", "2011-12-31": "0.63720", "2010-12-31": "0.42620", "2009-12-31": "0.46790", "2008-12-31": "0.66450", "2007-12-31": "0.37760", "2006-12-31": "0.38710", "2005-12-31": "0.26830"}, "Gross Margin": {"2019-12-31": "", "2018-12-31": "", "2017-12-31": "", "2016-12-31": "", "2015-12-31": "", "2014-12-31": "", "2013-12-31": "", "2012-12-31": "", "2011-12-31": "", "2010-12-31": "", "2009-12-31": "", "2008-12-31": "", "2007-12-31": "", "2006-12-31": "", "2005-12-31": ""}, "Operating Margin": {"2019-12-31": "5.25960", "2018-12-31": "8.55090", "2017-12-31": "9.42930", "2016-12-31": "7.75140", "2015-12-31": "8.78390", "2014-12-31": "9.46330", "2013-12-31": "6.72020", "2012-12-31": "8.50650", "2011-12-31": "8.57990", "2010-12-31": "8.52900", "2009-12-31": "10.30740", "2008-12-31": "1.99990", "2007-12-31": "9.27140", "2006-12-31": "10.46110", "2005-12-31": "10.74680"}, "EBIT Margin": {"2019-12-31": "5.25960", "2018-12-31": "8.55090", "2017-12-31": "9.42930", "2016-12-31": "7.75140", "2015-12-31": "8.78390", "2014-12-31": "9.46330", "2013-12-31": "6.72020", "2012-12-31": "8.50650", "2011-12-31": "8.57990", "2010-12-31": "8.52900", "2009-12-31": "10.30740", "2008-12-31": "1.99990", "2007-12-31": "9.27140", "2006-12-31": "10.46110", "2005-12-31": "10.74680"}, "EBITDA Margin": {"2019-12-31": "7.63710", "2018-12-31": "9.97940", "2017-12-31": "10.78310", "2016-12-31": "9.28260", "2015-12-31": "10.32840", "2014-12-31": "11.14740", "2013-12-31": "8.56390", "2012-12-31": "10.42960", "2011-12-31": "10.15780", "2010-12-31": "9.91100", "2009-12-31": "11.76280", "2008-12-31": "3.27730", "2007-12-31": "10.37220", "2006-12-31": "11.71810", "2005-12-31": "12.07150"}, "Pre-Tax Profit Margin": {"2019-12-31": "4.27830", "2018-12-31": "7.36070", "2017-12-31": "8.62560", "2016-12-31": "7.47780", "2015-12-31": "8.78390", "2014-12-31": "9.46330", "2013-12-31": "6.72020", "2012-12-31": "8.50650", "2011-12-31": "8.57990", "2010-12-31": "8.52900", "2009-12-31": "10.30740", "2008-12-31": "1.99990", "2007-12-31": "9.27140", "2006-12-31": "10.46110", "2005-12-31": "10.74680"}, "Net Profit Margin": {"2019-12-31": "3.32370", "2018-12-31": "5.42040", "2017-12-31": "5.35090", "2016-12-31": "4.68650", "2015-12-31": "5.52860", "2014-12-31": "6.02050", "2013-12-31": "4.55840", "2012-12-31": "5.57370", "2011-12-31": "5.76260", "2010-12-31": "6.05360", "2009-12-31": "7.07070", "2008-12-31": "1.52870", "2007-12-31": "6.32660", "2006-12-31": "6.98010", "2005-12-31": "9.73990"}, "Asset Turnover": {"2019-12-31": "0.98580", "2018-12-31": "0.31750", "2017-12-31": "0.67690", "2016-12-31": "0.67110", "2015-12-31": "0.66350", "2014-12-31": "0.62490", "2013-12-31": "0.59590", "2012-12-31": "0.54190", "2011-12-31": "0.43130", "2010-12-31": "0.46250", "2009-12-31": "0.42810", "2008-12-31": "0.46130", "2007-12-31": "0.43990", "2006-12-31": "0.39030", "2005-12-31": "0.37160"}, "Inventory Turnover Ratio": {"2019-12-31": "", "2018-12-31": "", "2017-12-31": "", "2016-12-31": "", "2015-12-31": "", "2014-12-31": "", "2013-12-31": "", "2012-12-31": "", "2011-12-31": "", "2010-12-31": "", "2009-12-31": "", "2008-12-31": "", "2007-12-31": "", "2006-12-31": "", "2005-12-31": ""}, "Receiveable Turnover": {"2019-12-31": "", "2018-12-31": "", "2017-12-31": "", "2016-12-31": "", "2015-12-31": "", "2014-12-31": "", "2013-12-31": "", "2012-12-31": "", "2011-12-31": "", "2010-12-31": "", "2009-12-31": "", "2008-12-31": "", "2007-12-31": "", "2006-12-31": "", "2005-12-31": ""}, "Days Sales In Receivables": {"2019-12-31": "", "2018-12-31": "", "2017-12-31": "", "2016-12-31": "", "2015-12-31": "", "2014-12-31": "", "2013-12-31": "", "2012-12-31": "", "2011-12-31": "", "2010-12-31": "", "2009-12-31": "", "2008-12-31": "", "2007-12-31": "", "2006-12-31": "", "2005-12-31": ""}, "ROE - Return On Equity": {"2019-12-31": "11.29150", "2018-12-31": "6.44820", "2017-12-31": "16.27890", "2016-12-31": "13.42610", "2015-12-31": "17.24510", "2014-12-31": "19.40870", "2013-12-31": "13.96840", "2012-12-31": "16.62400", "2011-12-31": "15.77430", "2010-12-31": "19.25560", "2009-12-31": "24.01920", "2008-12-31": "8.06000", "2007-12-31": "23.65210", "2006-12-31": "26.76670", "2005-12-31": "23.80600"}, "Return On Tangible Equity": {"2019-12-31": "-14.29370", "2018-12-31": "-6.22980", "2017-12-31": "30.99140", "2016-12-31": "23.78990", "2015-12-31": "34.47300", "2014-12-31": "43.62500", "2013-12-31": "32.46920", "2012-12-31": "43.09980", "2011-12-31": "26.10770", "2010-12-31": "36.20200", "2009-12-31": "51.07720", "2008-12-31": "40.27780", "2007-12-31": "37.87520", "2006-12-31": "44.68000", "2005-12-31": "34.13590"}, "ROA - Return On Assets": {"2019-12-31": "3.28680", "2018-12-31": "1.72690", "2017-12-31": "3.61400", "2016-12-31": "3.10480", "2015-12-31": "3.63820", "2014-12-31": "3.74800", "2013-12-31": "2.72010", "2012-12-31": "3.02230", "2011-12-31": "2.48730", "2010-12-31": "2.80850", "2009-12-31": "3.03160", "2008-12-31": "0.70040", "2007-12-31": "2.80290", "2006-12-31": "2.73360", "2005-12-31": "2.84230"}, "ROI - Return On Investment": {"2019-12-31": "6.62890", "2018-12-31": "3.28460", "2017-12-31": "11.80330", "2016-12-31": "9.97130", "2015-12-31": "12.17180", "2014-12-31": "13.28010", "2013-12-31": "9.47740", "2012-12-31": "11.00640", "2011-12-31": "9.71200", "2010-12-31": "14.33360", "2009-12-31": "16.57980", "2008-12-31": "5.09850", "2007-12-31": "17.17650", "2006-12-31": "20.60810", "2005-12-31": "19.05050"}, "Book Value Per Share": {"2019-12-31": "117.47150", "2018-12-31": "107.70340", "2017-12-31": "46.32100", "2016-12-31": "53.43970", "2015-12-31": "46.94710", "2014-12-31": "41.61200", "2013-12-31": "38.40290", "2012-12-31": "34.17780", "2011-12-31": "27.99680", "2010-12-31": "24.50710", "2009-12-31": "19.79530", "2008-12-31": "13.27500", "2007-12-31": "16.98210", "2006-12-31": "43.89080", "2005-12-31": "14.74260"}, "Operating Cash Flow Per Share": {"2019-12-31": 9.9062, "2018-12-31": -0.9526, "2017-12-31": 0.5133, "2016-12-31": 4.2506, "2015-12-31": 3.2209, "2014-12-31": 5.5086, "2013-12-31": -5.591, "2012-12-31": 2.6799, "2011-12-31": -0.8949, "2010-12-31": 3.626, "2009-12-31": -3.2332, "2008-12-31": 1.3133, "2007-12-31": 2.7204, "2006-12-31": 0.0613, "2005-12-31": 1.8438}, "Free Cash Flow Per Share": {"2019-12-31": 9.2518, "2018-12-31": -1.2162, "2017-12-31": 0.4423, "2016-12-31": 4.4321, "2015-12-31": 3.0249, "2014-12-31": 5.5988, "2013-12-31": -6.033, "2012-12-31": 2.8095, "2011-12-31": -1.3439, "2010-12-31": 3.6511, "2009-12-31": -3.4265, "2008-12-31": 1.0121, "2007-12-31": 2.5035, "2006-12-31": -0.1855, "2005-12-31": 1.6871}}, "financial ratios, quarterly": {"Current Ratio": {"2020-09-30": "", "2020-06-30": "", "2020-03-31": "", "2019-12-31": "", "2019-09-30": "", "2019-06-30": "", "2019-03-31": "", "2018-12-31": "", "2018-09-30": "", "2018-06-30": "", "2018-03-31": "", "2017-12-31": "", "2017-09-30": "", "2017-06-30": "", "2017-03-31": "", "2016-12-31": "", "2016-09-30": "", "2016-06-30": "", "2016-03-31": "", "2015-12-31": "", "2015-09-30": "", "2015-06-30": "", "2015-03-31": "", "2014-12-31": "", "2014-09-30": "", "2014-06-30": "", "2014-03-31": "", "2013-12-31": "", "2013-09-30": "", "2013-06-30": "", "2013-03-31": "", "2012-12-31": "", "2012-09-30": "", "2012-06-30": "", "2012-03-31": "", "2011-12-31": "", "2011-09-30": "", "2011-06-30": "", "2011-03-31": "", "2010-12-31": "", "2010-09-30": "", "2010-06-30": "", "2010-03-31": "", "2009-12-31": "", "2009-09-30": "", "2009-06-30": "", "2009-03-31": "", "2008-12-31": "", "2008-09-30": "", "2008-06-30": "", "2008-03-31": "", "2007-12-31": "", "2007-09-30": "", "2007-06-30": "", "2007-03-31": "", "2006-12-31": "", "2006-09-30": "", "2006-06-30": "", "2006-03-31": "", "2005-12-31": "", "2005-09-30": "", "2005-06-30": "", "2005-03-31": ""}, "Long-term Debt / Capital": {"2020-09-30": "0.38070", "2020-06-30": "0.40150", "2020-03-31": "0.41620", "2019-12-31": "0.41290", "2019-09-30": "0.43230", "2019-06-30": "0.45700", "2019-03-31": "0.46970", "2018-12-31": "0.49060", "2018-09-30": "0.61680", "2018-06-30": "0.26060", "2018-03-31": "0.26780", "2017-12-31": "0.27490", "2017-09-30": "0.26910", "2017-06-30": "0.24110", "2017-03-31": "0.24510", "2016-12-31": "0.25730", "2016-09-30": "0.25480", "2016-06-30": "0.26380", "2016-03-31": "0.27420", "2015-12-31": "0.29420", "2015-09-30": "0.30020", "2015-06-30": "0.30860", "2015-03-31": "0.31600", "2014-12-31": "0.31580", "2014-09-30": "0.31010", "2014-06-30": "0.31440", "2014-03-31": "0.32210", "2013-12-31": "0.32150", "2013-09-30": "0.33770", "2013-06-30": "0.33980", "2013-03-31": "0.34080", "2012-12-31": "0.33790", "2012-09-30": "0.34350", "2012-06-30": "0.35590", "2012-03-31": "0.36820", "2011-12-31": "0.38430", "2011-09-30": "0.27090", "2011-06-30": "0.27640", "2011-03-31": "0.29100", "2010-12-31": "0.25560", "2010-09-30": "0.27900", "2010-06-30": "0.29530", "2010-03-31": "0.27560", "2009-12-31": "0.30970", "2009-09-30": "0.32030", "2009-06-30": "0.35120", "2009-03-31": "0.35210", "2008-12-31": "0.36740", "2008-09-30": "0.31050", "2008-06-30": "0.30540", "2008-03-31": "0.30270", "2007-12-31": "0.27380", "2007-09-30": "0.29740", "2007-06-30": "0.30890", "2007-03-31": "0.30150", "2006-12-31": "0.23010", "2006-09-30": "0.19450", "2006-06-30": "0.16830", "2006-03-31": "0.18970", "2005-12-31": "0.19980", "2005-09-30": "0.19130", "2005-06-30": "0.18540", "2005-03-31": "0.20130"}, "Debt/Equity Ratio": {"2020-09-30": "0.74910", "2020-06-30": "0.77100", "2020-03-31": "0.80930", "2019-12-31": "0.82500", "2019-09-30": "0.86700", "2019-06-30": "0.89450", "2019-03-31": "0.95460", "2018-12-31": "1.03520", "2018-09-30": "1.61040", "2018-06-30": "0.35980", "2018-03-31": "0.37340", "2017-12-31": "0.39670", "2017-09-30": "0.37810", "2017-06-30": "0.32740", "2017-03-31": "0.33470", "2016-12-31": "0.36660", "2016-09-30": "0.36130", "2016-06-30": "0.38080", "2016-03-31": "0.40920", "2015-12-31": "0.42920", "2015-09-30": "0.44160", "2015-06-30": "0.45970", "2015-03-31": "0.55310", "2014-12-31": "0.47510", "2014-09-30": "0.46040", "2014-06-30": "0.46960", "2014-03-31": "0.49500", "2013-12-31": "0.49590", "2013-09-30": "0.53060", "2013-06-30": "0.53020", "2013-03-31": "0.55850", "2012-12-31": "0.53100", "2012-09-30": "0.54690", "2012-06-30": "0.57760", "2012-03-31": "0.60940", "2011-12-31": "0.63720", "2011-09-30": "0.41400", "2011-06-30": "0.42570", "2011-03-31": "0.45740", "2010-12-31": "0.42620", "2010-09-30": "0.43720", "2010-06-30": "0.47340", "2010-03-31": "0.43650", "2009-12-31": "0.46790", "2009-09-30": "0.49130", "2009-06-30": "0.56490", "2009-03-31": "0.64170", "2008-12-31": "0.66450", "2008-09-30": "0.51810", "2008-06-30": "0.52970", "2008-03-31": "0.48630", "2007-12-31": "0.37760", "2007-09-30": "0.42330", "2007-06-30": "0.44700", "2007-03-31": "0.50170", "2006-12-31": "0.38710", "2006-09-30": "0.34840", "2006-06-30": "0.28250", "2006-03-31": "0.25000", "2005-12-31": "0.26830", "2005-09-30": "0.25420", "2005-06-30": "0.24460", "2005-03-31": "0.27090"}, "Gross Margin": {"2020-09-30": "", "2020-06-30": "", "2020-03-31": "", "2019-12-31": "", "2019-09-30": "", "2019-06-30": "", "2019-03-31": "", "2018-12-31": "", "2018-09-30": "", "2018-06-30": "", "2018-03-31": "", "2017-12-31": "", "2017-09-30": "", "2017-06-30": "", "2017-03-31": "", "2016-12-31": "", "2016-09-30": "", "2016-06-30": "", "2016-03-31": "", "2015-12-31": "", "2015-09-30": "", "2015-06-30": "", "2015-03-31": "", "2014-12-31": "", "2014-09-30": "", "2014-06-30": "", "2014-03-31": "", "2013-12-31": "", "2013-09-30": "", "2013-06-30": "", "2013-03-31": "", "2012-12-31": "", "2012-09-30": "", "2012-06-30": "", "2012-03-31": "", "2011-12-31": "", "2011-09-30": "", "2011-06-30": "", "2011-03-31": "", "2010-12-31": "", "2010-09-30": "", "2010-06-30": "", "2010-03-31": "", "2009-12-31": "", "2009-09-30": "", "2009-06-30": "", "2009-03-31": "", "2008-12-31": "", "2008-09-30": "", "2008-06-30": "", "2008-03-31": "", "2007-12-31": "", "2007-09-30": "", "2007-06-30": "", "2007-03-31": "", "2006-12-31": "", "2006-09-30": "", "2006-06-30": "", "2006-03-31": "", "2005-12-31": "", "2005-09-30": "", "2005-06-30": "", "2005-03-31": ""}, "Operating Margin": {"2020-09-30": "5.14710", "2020-06-30": "6.72100", "2020-03-31": "5.35760", "2019-12-31": "4.08160", "2019-09-30": "5.50630", "2019-06-30": "5.57200", "2019-03-31": "5.87680", "2018-12-31": "3.90910", "2018-09-30": "9.88040", "2018-06-30": "10.11320", "2018-03-31": "11.46060", "2017-12-31": "10.50110", "2017-09-30": "7.85580", "2017-06-30": "10.87770", "2017-03-31": "8.49720", "2016-12-31": "7.05950", "2016-09-30": "7.51010", "2016-06-30": "8.16270", "2016-03-31": "8.28610", "2015-12-31": "6.91650", "2015-09-30": "9.35140", "2015-06-30": "9.86090", "2015-03-31": "9.02080", "2014-12-31": "8.19890", "2014-09-30": "9.34110", "2014-06-30": "10.31720", "2014-03-31": "10.04000", "2013-12-31": "6.57590", "2013-09-30": "9.90580", "2013-06-30": "9.61150", "2013-03-31": "0.90430", "2012-12-31": "8.12340", "2012-09-30": "9.80470", "2012-06-30": "7.92240", "2012-03-31": "8.17290", "2011-12-31": "8.09440", "2011-09-30": "4.86630", "2011-06-30": "10.75000", "2011-03-31": "10.70040", "2010-12-31": "8.99320", "2010-09-30": "8.81120", "2010-06-30": "8.20100", "2010-03-31": "8.10760", "2009-12-31": "10.95770", "2009-09-30": "10.78150", "2009-06-30": "14.03740", "2009-03-31": "5.71970", "2008-12-31": "-7.01680", "2008-09-30": "4.80210", "2008-06-30": "8.49270", "2008-03-31": "1.61960", "2007-12-31": "8.77470", "2007-09-30": "11.37550", "2007-06-30": "7.48690", "2007-03-31": "9.44220", "2006-12-31": "8.29960", "2006-09-30": "10.78080", "2006-06-30": "9.95610", "2006-03-31": "12.85610", "2005-12-31": "7.31590", "2005-09-30": "9.52260", "2005-06-30": "10.64040", "2005-03-31": "15.30500"}, "EBIT Margin": {"2020-09-30": "5.14710", "2020-06-30": "6.72100", "2020-03-31": "5.35760", "2019-12-31": "4.08160", "2019-09-30": "5.50630", "2019-06-30": "5.57200", "2019-03-31": "5.87680", "2018-12-31": "3.90910", "2018-09-30": "9.88040", "2018-06-30": "10.11320", "2018-03-31": "11.46060", "2017-12-31": "10.50110", "2017-09-30": "7.85580", "2017-06-30": "10.87770", "2017-03-31": "8.49720", "2016-12-31": "7.05950", "2016-09-30": "7.51010", "2016-06-30": "8.16270", "2016-03-31": "8.28610", "2015-12-31": "6.91650", "2015-09-30": "9.35140", "2015-06-30": "9.86090", "2015-03-31": "9.02080", "2014-12-31": "8.19890", "2014-09-30": "9.34110", "2014-06-30": "10.31720", "2014-03-31": "10.04000", "2013-12-31": "6.57590", "2013-09-30": "9.90580", "2013-06-30": "9.61150", "2013-03-31": "0.90430", "2012-12-31": "8.12340", "2012-09-30": "9.80470", "2012-06-30": "7.92240", "2012-03-31": "8.17290", "2011-12-31": "8.09440", "2011-09-30": "4.86630", "2011-06-30": "10.75000", "2011-03-31": "10.70040", "2010-12-31": "8.99320", "2010-09-30": "8.81120", "2010-06-30": "8.20100", "2010-03-31": "8.10760", "2009-12-31": "10.95770", "2009-09-30": "10.78150", "2009-06-30": "14.03740", "2009-03-31": "5.71970", "2008-12-31": "-7.01680", "2008-09-30": "4.80210", "2008-06-30": "8.49270", "2008-03-31": "1.61960", "2007-12-31": "8.77470", "2007-09-30": "11.37550", "2007-06-30": "7.48690", "2007-03-31": "9.44220", "2006-12-31": "8.29960", "2006-09-30": "10.78080", "2006-06-30": "9.95610", "2006-03-31": "12.85610", "2005-12-31": "7.31590", "2005-09-30": "9.52260", "2005-06-30": "10.64040", "2005-03-31": "15.30500"}, "EBITDA Margin": {"2020-09-30": "", "2020-06-30": "", "2020-03-31": "", "2019-12-31": "", "2019-09-30": "", "2019-06-30": "", "2019-03-31": "", "2018-12-31": "", "2018-09-30": "", "2018-06-30": "", "2018-03-31": "", "2017-12-31": "", "2017-09-30": "", "2017-06-30": "", "2017-03-31": "", "2016-12-31": "", "2016-09-30": "", "2016-06-30": "", "2016-03-31": "", "2015-12-31": "", "2015-09-30": "", "2015-06-30": "", "2015-03-31": "", "2014-12-31": "", "2014-09-30": "", "2014-06-30": "", "2014-03-31": "", "2013-12-31": "", "2013-09-30": "", "2013-06-30": "", "2013-03-31": "", "2012-12-31": "", "2012-09-30": "", "2012-06-30": "", "2012-03-31": "", "2011-12-31": "", "2011-09-30": "", "2011-06-30": "", "2011-03-31": "", "2010-12-31": "", "2010-09-30": "", "2010-06-30": "", "2010-03-31": "", "2009-12-31": "", "2009-09-30": "", "2009-06-30": "", "2009-03-31": "", "2008-12-31": "", "2008-09-30": "", "2008-06-30": "", "2008-03-31": "", "2007-12-31": "", "2007-09-30": "", "2007-06-30": "", "2007-03-31": "", "2006-12-31": "", "2006-09-30": "", "2006-06-30": "", "2006-03-31": "", "2005-12-31": "", "2005-09-30": "", "2005-06-30": "", "2005-03-31": ""}, "Pre-Tax Profit Margin": {"2020-09-30": "4.40480", "2020-06-30": "5.82960", "2020-03-31": "3.63150", "2019-12-31": "3.29720", "2019-09-30": "4.57260", "2019-06-30": "4.52870", "2019-03-31": "4.71200", "2018-12-31": "1.59440", "2018-09-30": "9.01630", "2018-06-30": "9.59930", "2018-03-31": "10.67200", "2017-12-31": "7.27590", "2017-09-30": "7.85580", "2017-06-30": "10.87770", "2017-03-31": "8.49720", "2016-12-31": "5.98180", "2016-09-30": "7.51010", "2016-06-30": "8.16270", "2016-03-31": "8.28610", "2015-12-31": "6.91650", "2015-09-30": "9.35140", "2015-06-30": "9.86090", "2015-03-31": "9.02080", "2014-12-31": "8.19890", "2014-09-30": "9.34110", "2014-06-30": "10.31720", "2014-03-31": "10.04000", "2013-12-31": "6.57590", "2013-09-30": "9.90580", "2013-06-30": "9.61150", "2013-03-31": "0.90430", "2012-12-31": "8.12340", "2012-09-30": "9.80470", "2012-06-30": "7.92240", "2012-03-31": "8.17290", "2011-12-31": "8.09440", "2011-09-30": "4.86630", "2011-06-30": "10.75000", "2011-03-31": "10.70040", "2010-12-31": "8.99320", "2010-09-30": "8.81120", "2010-06-30": "8.20100", "2010-03-31": "8.10760", "2009-12-31": "10.95770", "2009-09-30": "10.78150", "2009-06-30": "14.03740", "2009-03-31": "5.71970", "2008-12-31": "-7.01680", "2008-09-30": "4.80210", "2008-06-30": "8.49270", "2008-03-31": "1.61960", "2007-12-31": "8.77470", "2007-09-30": "11.37550", "2007-06-30": "7.48690", "2007-03-31": "9.44220", "2006-12-31": "8.29960", "2006-09-30": "10.78080", "2006-06-30": "9.95610", "2006-03-31": "12.85610", "2005-12-31": "7.31590", "2005-09-30": "9.52260", "2005-06-30": "10.64040", "2005-03-31": "15.30500"}, "Net Profit Margin": {"2020-09-30": "3.38910", "2020-06-30": "4.46710", "2020-03-31": "3.07000", "2019-12-31": "2.55460", "2019-09-30": "3.50400", "2019-06-30": "3.62710", "2019-03-31": "3.60510", "2018-12-31": "1.00700", "2018-09-30": "6.73820", "2018-06-30": "7.02090", "2018-03-31": "8.01720", "2017-12-31": "2.55330", "2017-09-30": "5.33890", "2017-06-30": "7.79860", "2017-03-31": "5.70940", "2016-12-31": "3.77690", "2016-09-30": "4.61540", "2016-06-30": "5.12050", "2016-03-31": "5.25090", "2015-12-31": "4.47100", "2015-09-30": "5.82600", "2015-06-30": "6.19470", "2015-03-31": "5.63010", "2014-12-31": "5.23070", "2014-09-30": "6.09800", "2014-06-30": "6.56130", "2014-03-31": "6.21470", "2013-12-31": "4.42890", "2013-09-30": "6.85590", "2013-06-30": "6.32830", "2013-03-31": "0.69660", "2012-12-31": "5.36750", "2012-09-30": "6.36350", "2012-06-30": "5.07950", "2012-03-31": "5.49300", "2011-12-31": "5.11520", "2011-09-30": "3.26200", "2011-06-30": "7.10010", "2011-03-31": "7.63260", "2010-12-31": "7.44720", "2010-09-30": "5.82990", "2010-06-30": "5.49220", "2010-03-31": "5.43710", "2009-12-31": "7.11820", "2009-09-30": "7.28360", "2009-06-30": "9.69250", "2009-03-31": "4.35780", "2008-12-31": "-4.33880", "2008-09-30": "3.52430", "2008-06-30": "5.59330", "2008-03-31": "1.26940", "2007-12-31": "5.90220", "2007-09-30": "8.27100", "2007-06-30": "4.51950", "2007-03-31": "6.60720", "2006-12-31": "5.51720", "2006-09-30": "7.20330", "2006-06-30": "6.66180", "2006-03-31": "8.57070", "2005-12-31": "4.98810", "2005-09-30": "6.43960", "2005-06-30": "17.53100", "2005-03-31": "10.03450"}, "Asset Turnover": {"2020-09-30": "0.25590", "2020-06-30": "0.24600", "2020-03-31": "0.24870", "2019-12-31": "0.24550", "2019-09-30": "0.24900", "2019-06-30": "0.25140", "2019-03-31": "0.24580", "2018-12-31": "0.09330", "2018-09-30": "0.13810", "2018-06-30": "0.18190", "2018-03-31": "0.18080", "2017-12-31": "0.16870", "2017-09-30": "0.16940", "2017-06-30": "0.16890", "2017-03-31": "0.17130", "2016-12-31": "0.17040", "2016-09-30": "0.16260", "2016-06-30": "0.16740", "2016-03-31": "0.16790", "2015-12-31": "0.16690", "2015-09-30": "0.16500", "2015-06-30": "0.16610", "2015-03-31": "0.16290", "2014-12-31": "0.15980", "2014-09-30": "0.15740", "2014-06-30": "0.15610", "2014-03-31": "0.15400", "2013-12-31": "0.15000", "2013-09-30": "0.14930", "2013-06-30": "0.14820", "2013-03-31": "0.14890", "2012-12-31": "0.14180", "2012-09-30": "0.13680", "2012-06-30": "0.13860", "2012-03-31": "0.12800", "2011-12-31": "0.10530", "2011-09-30": "0.11740", "2011-06-30": "0.11710", "2011-03-31": "0.11630", "2010-12-31": "0.11610", "2010-09-30": "0.11450", "2010-06-30": "0.12050", "2010-03-31": "0.11870", "2009-12-31": "0.10780", "2009-09-30": "0.10590", "2009-06-30": "0.10780", "2009-03-31": "0.11580", "2008-12-31": "0.11630", "2008-09-30": "0.11900", "2008-06-30": "0.11740", "2008-03-31": "0.11150", "2007-12-31": "0.11120", "2007-09-30": "0.11090", "2007-06-30": "0.10550", "2007-03-31": "0.10320", "2006-12-31": "0.09920", "2006-09-30": "0.09810", "2006-06-30": "0.09690", "2006-03-31": "0.09330", "2005-12-31": "0.09380", "2005-09-30": "0.08760", "2005-06-30": "0.08580", "2005-03-31": "0.08540"}, "Inventory Turnover Ratio": {"2020-09-30": "", "2020-06-30": "", "2020-03-31": "", "2019-12-31": "", "2019-09-30": "", "2019-06-30": "", "2019-03-31": "", "2018-12-31": "", "2018-09-30": "", "2018-06-30": "", "2018-03-31": "", "2017-12-31": "", "2017-09-30": "", "2017-06-30": "", "2017-03-31": "", "2016-12-31": "", "2016-09-30": "", "2016-06-30": "", "2016-03-31": "", "2015-12-31": "", "2015-09-30": "", "2015-06-30": "", "2015-03-31": "", "2014-12-31": "", "2014-09-30": "", "2014-06-30": "", "2014-03-31": "", "2013-12-31": "", "2013-09-30": "", "2013-06-30": "", "2013-03-31": "", "2012-12-31": "", "2012-09-30": "", "2012-06-30": "", "2012-03-31": "", "2011-12-31": "", "2011-09-30": "", "2011-06-30": "", "2011-03-31": "", "2010-12-31": "", "2010-09-30": "", "2010-06-30": "", "2010-03-31": "", "2009-12-31": "", "2009-09-30": "", "2009-06-30": "", "2009-03-31": "", "2008-12-31": "", "2008-09-30": "", "2008-06-30": "", "2008-03-31": "", "2007-12-31": "", "2007-09-30": "", "2007-06-30": "", "2007-03-31": "", "2006-12-31": "", "2006-09-30": "", "2006-06-30": "", "2006-03-31": "", "2005-12-31": "", "2005-09-30": "", "2005-06-30": "", "2005-03-31": ""}, "Receiveable Turnover": {"2020-09-30": "", "2020-06-30": "", "2020-03-31": "", "2019-12-31": "", "2019-09-30": "", "2019-06-30": "", "2019-03-31": "", "2018-12-31": "", "2018-09-30": "", "2018-06-30": "", "2018-03-31": "", "2017-12-31": "", "2017-09-30": "", "2017-06-30": "", "2017-03-31": "", "2016-12-31": "", "2016-09-30": "", "2016-06-30": "", "2016-03-31": "", "2015-12-31": "", "2015-09-30": "", "2015-06-30": "", "2015-03-31": "", "2014-12-31": "", "2014-09-30": "", "2014-06-30": "", "2014-03-31": "", "2013-12-31": "", "2013-09-30": "", "2013-06-30": "", "2013-03-31": "", "2012-12-31": "", "2012-09-30": "", "2012-06-30": "", "2012-03-31": "", "2011-12-31": "", "2011-09-30": "", "2011-06-30": "", "2011-03-31": "", "2010-12-31": "", "2010-09-30": "", "2010-06-30": "", "2010-03-31": "", "2009-12-31": "", "2009-09-30": "", "2009-06-30": "", "2009-03-31": "", "2008-12-31": "", "2008-09-30": "", "2008-06-30": "", "2008-03-31": "", "2007-12-31": "", "2007-09-30": "", "2007-06-30": "", "2007-03-31": "", "2006-12-31": "", "2006-09-30": "", "2006-06-30": "", "2006-03-31": "", "2005-12-31": "", "2005-09-30": "", "2005-06-30": "", "2005-03-31": ""}, "Days Sales In Receivables": {"2020-09-30": "", "2020-06-30": "", "2020-03-31": "", "2019-12-31": "", "2019-09-30": "", "2019-06-30": "", "2019-03-31": "", "2018-12-31": "", "2018-09-30": "", "2018-06-30": "", "2018-03-31": "", "2017-12-31": "", "2017-09-30": "", "2017-06-30": "", "2017-03-31": "", "2016-12-31": "", "2016-09-30": "", "2016-06-30": "", "2016-03-31": "", "2015-12-31": "", "2015-09-30": "", "2015-06-30": "", "2015-03-31": "", "2014-12-31": "", "2014-09-30": "", "2014-06-30": "", "2014-03-31": "", "2013-12-31": "", "2013-09-30": "", "2013-06-30": "", "2013-03-31": "", "2012-12-31": "", "2012-09-30": "", "2012-06-30": "", "2012-03-31": "", "2011-12-31": "", "2011-09-30": "", "2011-06-30": "", "2011-03-31": "", "2010-12-31": "", "2010-09-30": "", "2010-06-30": "", "2010-03-31": "", "2009-12-31": "", "2009-09-30": "", "2009-06-30": "", "2009-03-31": "", "2008-12-31": "", "2008-09-30": "", "2008-06-30": "", "2008-03-31": "", "2007-12-31": "", "2007-09-30": "", "2007-06-30": "", "2007-03-31": "", "2006-12-31": "", "2006-09-30": "", "2006-06-30": "", "2006-03-31": "", "2005-12-31": "", "2005-09-30": "", "2005-06-30": "", "2005-03-31": ""}, "ROE - Return On Equity": {"2020-09-30": "2.91010", "2020-06-30": "3.71540", "2020-03-31": "2.63720", "2019-12-31": "2.17010", "2019-09-30": "3.02920", "2019-06-30": "3.21790", "2019-03-31": "3.23490", "2018-12-31": "0.35820", "2018-09-30": "4.97590", "2018-06-30": "5.48060", "2018-03-31": "6.46000", "2017-12-31": "1.94730", "2017-09-30": "3.97310", "2017-06-30": "5.56820", "2017-03-31": "4.16750", "2016-12-31": "2.72460", "2016-09-30": "3.23270", "2016-06-30": "3.76380", "2016-03-31": "4.05240", "2015-12-31": "3.47060", "2015-09-30": "4.61530", "2015-06-30": "5.16680", "2015-03-31": "4.84580", "2014-12-31": "4.28210", "2014-09-30": "4.75170", "2014-06-30": "5.22280", "2014-03-31": "5.00520", "2013-12-31": "3.40230", "2013-09-30": "5.60060", "2013-06-30": "5.17650", "2013-03-31": "0.61080", "2012-12-31": "4.16620", "2012-09-30": "4.88980", "2012-06-30": "4.21190", "2012-03-31": "4.33360", "2011-12-31": "3.41510", "2011-09-30": "2.35790", "2011-06-30": "5.18020", "2011-03-31": "5.89410", "2010-12-31": "5.94330", "2010-09-30": "4.74870", "2010-06-30": "4.92410", "2010-03-31": "4.88390", "2009-12-31": "6.09690", "2009-09-30": "6.38540", "2009-06-30": "9.67100", "2009-03-31": "5.41950", "2008-12-31": "-5.83660", "2008-09-30": "3.68380", "2008-06-30": "5.74250", "2008-03-31": "1.16330", "2007-12-31": "5.60240", "2007-09-30": "8.56940", "2007-06-30": "5.41280", "2007-03-31": "6.67150", "2006-12-31": "5.35800", "2006-09-30": "7.09420", "2006-06-30": "5.81590", "2006-03-31": "6.57700", "2005-12-31": "3.91790", "2005-09-30": "4.57760", "2005-06-30": "6.31060", "2005-03-31": "8.21250"}, "Return On Tangible Equity": {"2020-09-30": "-4.35000", "2020-06-30": "-5.33170", "2020-03-31": "-3.33430", "2019-12-31": "-2.74710", "2019-09-30": "-3.67470", "2019-06-30": "-3.67690", "2019-03-31": "-3.39080", "2018-12-31": "-0.34610", "2018-09-30": "8.21130", "2018-06-30": "9.39970", "2018-03-31": "11.42680", "2017-12-31": "3.70730", "2017-09-30": "6.90080", "2017-06-30": "9.47700", "2017-03-31": "7.19050", "2016-12-31": "4.82770", "2016-09-30": "5.66770", "2016-06-30": "6.84630", "2016-03-31": "7.72350", "2015-12-31": "6.93780", "2015-09-30": "9.46580", "2015-06-30": "11.09840", "2015-03-31": "10.77300", "2014-12-31": "9.62500", "2014-09-30": "10.26680", "2014-06-30": "11.62840", "2014-03-31": "11.65460", "2013-12-31": "7.90860", "2013-09-30": "14.40480", "2013-06-30": "13.35450", "2013-03-31": "1.60760", "2012-12-31": "10.80150", "2012-09-30": "12.76010", "2012-06-30": "11.47340", "2012-03-31": "13.08640", "2011-12-31": "5.65220", "2011-09-30": "3.93970", "2011-06-30": "8.86220", "2011-03-31": "10.64540", "2010-12-31": "11.17380", "2010-09-30": "9.14760", "2010-06-30": "9.47940", "2010-03-31": "9.67300", "2009-12-31": "12.96510", "2009-09-30": "14.39790", "2009-06-30": "26.81870", "2009-03-31": "21.62160", "2008-12-31": "-29.16670", "2008-09-30": "9.59060", "2008-06-30": "14.24100", "2008-03-31": "1.84820", "2007-12-31": "8.97130", "2007-09-30": "14.74410", "2007-06-30": "9.56790", "2007-03-31": "11.47950", "2006-12-31": "8.94370", "2006-09-30": "11.90850", "2006-06-30": "8.88670", "2006-03-31": "9.43700", "2005-12-31": "5.61800", "2005-09-30": "6.41410", "2005-06-30": "8.71100", "2005-03-31": "11.81890"}, "ROA - Return On Assets": {"2020-09-30": "0.87350", "2020-06-30": "1.10260", "2020-03-31": "0.76850", "2019-12-31": "0.63170", "2019-09-30": "0.87440", "2019-06-30": "0.91320", "2019-03-31": "0.88890", "2018-12-31": "0.09590", "2018-09-30": "0.93300", "2018-06-30": "1.28050", "2018-03-31": "1.45230", "2017-12-31": "0.43230", "2017-09-30": "0.90740", "2017-06-30": "1.31200", "2017-03-31": "0.96980", "2016-12-31": "0.63010", "2016-09-30": "0.74390", "2016-06-30": "0.84530", "2016-03-31": "0.87290", "2015-12-31": "0.73220", "2015-09-30": "0.95590", "2015-06-30": "1.02220", "2015-03-31": "0.91360", "2014-12-31": "0.82690", "2014-09-30": "0.95410", "2014-06-30": "1.02270", "2014-03-31": "0.95880", "2013-12-31": "0.66250", "2013-09-30": "1.02330", "2013-06-30": "0.94000", "2013-03-31": "0.10740", "2012-12-31": "0.75740", "2012-09-30": "0.87050", "2012-06-30": "0.70960", "2012-03-31": "0.70290", "2011-12-31": "0.53850", "2011-09-30": "0.38280", "2011-06-30": "0.83130", "2011-03-31": "0.89000", "2010-12-31": "0.86690", "2010-09-30": "0.66990", "2010-06-30": "0.66390", "2010-03-31": "0.64750", "2009-12-31": "0.76950", "2009-09-30": "0.77370", "2009-06-30": "1.04440", "2009-03-31": "0.50440", "2008-12-31": "-0.50720", "2008-09-30": "0.41940", "2008-06-30": "0.65920", "2008-03-31": "0.13660", "2007-12-31": "0.66390", "2007-09-30": "0.91210", "2007-06-30": "0.52260", "2007-03-31": "0.65360", "2006-12-31": "0.54720", "2006-09-30": "0.71580", "2006-06-30": "0.64580", "2006-03-31": "0.79950", "2005-12-31": "0.46780", "2005-09-30": "0.56430", "2005-06-30": "0.77510", "2005-03-31": "0.85700"}, "ROI - Return On Investment": {"2020-09-30": "1.80210", "2020-06-30": "2.22380", "2020-03-31": "1.53950", "2019-12-31": "1.27400", "2019-09-30": "1.71960", "2019-06-30": "1.74710", "2019-03-31": "1.71530", "2018-12-31": "0.18250", "2018-09-30": "1.90660", "2018-06-30": "4.05260", "2018-03-31": "4.73020", "2017-12-31": "1.41200", "2017-09-30": "2.90410", "2017-06-30": "4.22560", "2017-03-31": "3.14590", "2016-12-31": "2.02350", "2016-09-30": "2.40910", "2016-06-30": "2.77090", "2016-03-31": "2.94130", "2015-12-31": "2.44960", "2015-09-30": "3.22980", "2015-06-30": "3.57210", "2015-03-31": "3.31460", "2014-12-31": "2.93000", "2014-09-30": "3.27800", "2014-06-30": "3.58080", "2014-03-31": "3.39300", "2013-12-31": "2.30840", "2013-09-30": "3.70940", "2013-06-30": "3.41780", "2013-03-31": "0.40260", "2012-12-31": "2.75840", "2012-09-30": "3.21030", "2012-06-30": "2.71290", "2012-03-31": "2.73780", "2011-12-31": "2.10260", "2011-09-30": "1.71930", "2011-06-30": "3.74840", "2011-03-31": "4.17890", "2010-12-31": "4.42410", "2010-09-30": "3.42370", "2010-06-30": "3.47020", "2010-03-31": "3.53810", "2009-12-31": "4.20850", "2009-09-30": "4.34040", "2009-06-30": "6.27430", "2009-03-31": "3.51110", "2008-12-31": "-3.69200", "2008-09-30": "2.54010", "2008-06-30": "3.98890", "2008-03-31": "0.81110", "2007-12-31": "4.06850", "2007-09-30": "6.02090", "2007-06-30": "3.74070", "2007-03-31": "4.66020", "2006-12-31": "4.12520", "2006-09-30": "5.71430", "2006-06-30": "4.83700", "2006-03-31": "5.32930", "2005-12-31": "3.13530", "2005-09-30": "3.70210", "2005-06-30": "5.14060", "2005-03-31": "6.55940"}, "Book Value Per Share": {"2020-09-30": "123.49360", "2020-06-30": "121.77640", "2020-03-31": "116.20100", "2019-12-31": "117.47150", "2019-09-30": "119.70010", "2019-06-30": "116.04070", "2019-03-31": "111.77260", "2018-12-31": "107.70340", "2018-09-30": "63.90720", "2018-06-30": "60.57980", "2018-03-31": "58.39160", "2017-12-31": "46.32100", "2017-09-30": "57.16840", "2017-06-30": "57.56310", "2017-03-31": "55.56640", "2016-12-31": "53.43970", "2016-09-30": "54.49480", "2016-06-30": "52.11930", "2016-03-31": "49.47690", "2015-12-31": "46.94710", "2015-09-30": "45.78420", "2015-06-30": "43.92840", "2015-03-31": "42.54250", "2014-12-31": "41.61200", "2014-09-30": "42.54550", "2014-06-30": "41.39450", "2014-03-31": "39.35260", "2013-12-31": "38.40290", "2013-09-30": "35.64620", "2013-06-30": "34.47920", "2013-03-31": "33.81210", "2012-12-31": "34.17780", "2012-09-30": "33.25640", "2012-06-30": "31.30250", "2012-03-31": "29.70990", "2011-12-31": "27.99680", "2011-09-30": "28.71250", "2011-06-30": "27.92450", "2011-03-31": "25.93800", "2010-12-31": "24.50710", "2010-09-30": "23.94210", "2010-06-30": "21.93740", "2010-03-31": "21.01430", "2009-12-31": "19.79530", "2009-09-30": "18.89410", "2009-06-30": "16.48970", "2009-03-31": "14.06730", "2008-12-31": "13.27500", "2008-09-30": "17.04700", "2008-06-30": "17.26150", "2008-03-31": "17.13970", "2007-12-31": "16.98210", "2007-09-30": "15.17130", "2007-06-30": "14.14120", "2007-03-31": "14.43130", "2006-12-31": "43.89080", "2006-09-30": "13.83860", "2006-06-30": "14.11310", "2006-03-31": "14.90020", "2005-12-31": "14.74260", "2005-09-30": "14.99780", "2005-06-30": "15.24570", "2005-03-31": "13.52350"}, "Operating Cash Flow Per Share": {"2020-09-30": 2.4453, "2020-06-30": 9.0107, "2020-03-31": "5.03680", "2019-12-31": 7.2839, "2019-09-30": 6.4944, "2019-06-30": 2.8823, "2019-03-31": "8.31200", "2018-12-31": 0.2601, "2018-09-30": 2.4968, "2018-06-30": 4.0707, "2018-03-31": "8.23880", "2017-12-31": 2.164, "2017-09-30": 5.0354, "2017-06-30": 2.7412, "2017-03-31": "6.07840", "2016-12-31": 3.2672, "2016-09-30": 7.356, "2016-06-30": 1.3326, "2016-03-31": "3.54990", "2015-12-31": 4.3573, "2015-09-30": 2.3495, "2015-06-30": 1.7272, "2015-03-31": "2.82110", "2014-12-31": 2.4981, "2014-09-30": 1.8239, "2014-06-30": 1.9269, "2014-03-31": "1.78530", "2013-12-31": 2.1483, "2013-09-30": 2.8957, "2013-06-30": 0.2646, "2013-03-31": "-2.78300", "2012-12-31": 2.7453, "2012-09-30": -1.0889, "2012-06-30": 3.2041, "2012-03-31": "3.25610", "2011-12-31": 0.8679, "2011-09-30": 2.4458, "2011-06-30": 1.9368, "2011-03-31": "0.18620", "2010-12-31": 1.6292, "2010-09-30": 1.9172, "2010-06-30": 1.3684, "2010-03-31": "1.41680", "2009-12-31": 1.7314, "2009-09-30": 0.567, "2009-06-30": 0.1433, "2009-03-31": "0.26390", "2008-12-31": 2.1455, "2008-09-30": 1.8105, "2008-06-30": 0.6928, "2008-03-31": "1.29000", "2007-12-31": 1.9327, "2007-09-30": 1.2514, "2007-06-30": 0.1659, "2007-03-31": "1.27550", "2006-12-31": 0.7348, "2006-09-30": 0.9395, "2006-06-30": 0.4675, "2006-03-31": "-0.23670", "2005-12-31": 1.1935, "2005-09-30": -0.413, "2005-06-30": 0.3827, "2005-03-31": "0.68060"}, "Free Cash Flow Per Share": {"2020-09-30": 1.7582, "2020-06-30": 8.2998, "2020-03-31": "4.32420", "2019-12-31": 6.4754, "2019-09-30": 5.8534, "2019-06-30": 2.0725, "2019-03-31": "7.80680", "2018-12-31": -0.4441, "2018-09-30": 1.9876, "2018-06-30": 3.5931, "2018-03-31": "7.81970", "2017-12-31": 1.6592, "2017-09-30": 4.4454, "2017-06-30": 2.3398, "2017-03-31": "5.72810", "2016-12-31": 2.8853, "2016-09-30": 6.9412, "2016-06-30": 0.7855, "2016-03-31": "3.11820", "2015-12-31": 3.7707, "2015-09-30": 1.9249, "2015-06-30": 1.2216, "2015-03-31": "2.38090", "2014-12-31": 2.0534, "2014-09-30": 1.3819, "2014-06-30": 1.406, "2014-03-31": "1.43190", "2013-12-31": 1.7571, "2013-09-30": 2.1637, "2013-06-30": -0.173, "2013-03-31": "-3.07340", "2012-12-31": 2.4711, "2012-09-30": -1.508, "2012-06-30": 2.7685, "2012-03-31": "2.97580", "2011-12-31": 0.3987, "2011-09-30": 2.0619, "2011-06-30": 1.5176, "2011-03-31": "-0.08030", "2010-12-31": 1.3054, "2010-09-30": 1.5836, "2010-06-30": 1.123, "2010-03-31": "1.22980", "2009-12-31": 1.406, "2009-09-30": 0.272, "2009-06-30": -0.1313, "2009-03-31": "0.04400", "2008-12-31": 1.8706, "2008-09-30": 1.6178, "2008-06-30": 0.488, "2008-03-31": "1.04080", "2007-12-31": 1.6955, "2007-09-30": 0.9889, "2007-06-30": 0.1093, "2007-03-31": "1.21140", "2006-12-31": 0.6177, "2006-09-30": 0.844, "2006-06-30": 0.3582, "2006-03-31": "-0.31830", "2005-12-31": 1.119, "2005-09-30": -0.3658, "2005-06-30": 0.3111, "2005-03-31": "0.62280"}}, "revenue": {"Cigna Annual Revenue (Millions of US $)": {"2020": "$160,401", "2019": "$153,566", "2018": "$48,650", "2017": "$41,806", "2016": "$39,838", "2015": "$37,876", "2014": "$34,914", "2013": "$32,380", "2012": "$29,119", "2011": "$21,865", "2010": "$21,128", "2009": "$18,414", "2008": "$19,101", "2007": "$17,624", "2006": "$16,547", "2005": "$16,684"}, "Cigna Quarterly Revenue (Millions of US $)": {"2020-12-31": "$41,712", "2020-09-30": "$40,955", "2020-06-30": "$39,265", "2020-03-31": "$38,469", "2019-12-31": "$38,245", "2019-09-30": "$38,556", "2019-06-30": "$38,819", "2019-03-31": "$37,946", "2018-12-31": "$14,300", "2018-09-30": "$11,457", "2018-06-30": "$11,480", "2018-03-31": "$11,413", "2017-12-31": "$10,418", "2017-09-30": "$10,489", "2017-06-30": "$10,425", "2017-03-31": "$10,474", "2016-12-31": "$10,114", "2016-09-30": "$9,880", "2016-06-30": "$9,960", "2016-03-31": "$9,884", "2015-12-31": "$9,528", "2015-09-30": "$9,389", "2015-06-30": "$9,492", "2015-03-31": "$9,467", "2014-12-31": "$8,928", "2014-09-30": "$8,757", "2014-06-30": "$8,733", "2014-03-31": "$8,496", "2013-12-31": "$8,151", "2013-09-30": "$8,066", "2013-06-30": "$7,980", "2013-03-31": "$8,183", "2012-12-31": "$7,620", "2012-09-30": "$7,323", "2012-06-30": "$7,422", "2012-03-31": "$6,754", "2011-12-31": "$5,337", "2011-09-30": "$5,610", "2011-06-30": "$5,507", "2011-03-31": "$5,411", "2010-12-31": "$5,304", "2010-09-30": "$5,266", "2010-06-30": "$5,353", "2010-03-31": "$5,205", "2009-12-31": "$4,636", "2009-09-30": "$4,517", "2009-06-30": "$4,488", "2009-03-31": "$4,773", "2008-12-31": "$4,817", "2008-09-30": "$4,852", "2008-06-30": "$4,863", "2008-03-31": "$4,569", "2007-12-31": "$4,456", "2007-09-30": "$4,413", "2007-06-30": "$4,381", "2007-03-31": "$4,374", "2006-12-31": "$4,205", "2006-09-30": "$4,137", "2006-06-30": "$4,098", "2006-03-31": "$4,107", "2005-12-31": "$4,210", "2005-09-30": "$4,022", "2005-06-30": "$4,107", "2005-03-31": "$4,345"}}, "gross-profit": {"Cigna Annual Gross Profit (Millions of US $)": {"2020": "$127,691", "2019": "$122,747", "2018": "$21,122", "2017": "$16,543", "2016": "$15,497", "2015": "$14,586", "2014": "$13,580", "2013": "$11,515", "2012": "$11,219", "2011": "$9,141", "2010": "$8,840", "2009": "$8,384", "2008": "$6,874", "2007": "$7,278", "2006": "$7,276", "2005": "$7,038"}, "Cigna Quarterly Gross Profit (Millions of US $)": {"2020-12-31": "$32,865", "2020-09-30": "$32,526", "2020-06-30": "$32,153", "2020-03-31": "$30,147", "2019-12-31": "$30,356", "2019-09-30": "$30,822", "2019-06-30": "$31,243", "2019-03-31": "$30,326", "2018-12-31": "$7,192", "2018-09-30": "$4,654", "2018-06-30": "$4,635", "2018-03-31": "$4,641", "2017-12-31": "$3,883", "2017-09-30": "$4,302", "2017-06-30": "$4,200", "2017-03-31": "$4,158", "2016-12-31": "$4,128", "2016-09-30": "$3,845", "2016-06-30": "$3,769", "2016-03-31": "$3,755", "2015-12-31": "$3,656", "2015-09-30": "$3,620", "2015-06-30": "$3,716", "2015-03-31": "$3,594", "2014-12-31": "$3,470", "2014-09-30": "$3,397", "2014-06-30": "$3,414", "2014-03-31": "$3,299", "2013-12-31": "$3,040", "2013-09-30": "$3,122", "2013-06-30": "$3,079", "2013-03-31": "$2,274", "2012-12-31": "$2,919", "2012-09-30": "$2,904", "2012-06-30": "$2,716", "2012-03-31": "$2,680", "2011-12-31": "$2,307", "2011-09-30": "$2,100", "2011-06-30": "$2,378", "2011-03-31": "$2,356", "2010-12-31": "$2,381", "2010-09-30": "$2,204", "2010-06-30": "$2,134", "2010-03-31": "$2,121", "2009-12-31": "$2,168", "2009-09-30": "$2,084", "2009-06-30": "$2,215", "2009-03-31": "$1,917", "2008-12-31": "$1,300", "2008-09-30": "$1,886", "2008-06-30": "$2,095", "2008-03-31": "$1,593", "2007-12-31": "$1,844", "2007-09-30": "$1,917", "2007-06-30": "$1,722", "2007-03-31": "$1,795", "2006-12-31": "$1,826", "2006-09-30": "$1,799", "2006-06-30": "$1,780", "2006-03-31": "$1,871", "2005-12-31": "$1,678", "2005-09-30": "$1,657", "2005-06-30": "$1,682", "2005-03-31": "$2,021"}}, "operating-income": {"Cigna Annual Operating Income (Millions of US $)": {"2020": "$8,153", "2019": "$8,077", "2018": "$4,160", "2017": "$3,942", "2016": "$3,088", "2015": "$3,327", "2014": "$3,304", "2013": "$2,176", "2012": "$2,477", "2011": "$1,876", "2010": "$1,802", "2009": "$1,898", "2008": "$382", "2007": "$1,634", "2006": "$1,731", "2005": "$1,793"}, "Cigna Quarterly Operating Income (Millions of US $)": {"2020-12-31": "$1,345", "2020-09-30": "$2,108", "2020-06-30": "$2,639", "2020-03-31": "$2,061", "2019-12-31": "$1,561", "2019-09-30": "$2,123", "2019-06-30": "$2,163", "2019-03-31": "$2,230", "2018-12-31": "$559", "2018-09-30": "$1,132", "2018-06-30": "$1,161", "2018-03-31": "$1,308", "2017-12-31": "$1,094", "2017-09-30": "$824", "2017-06-30": "$1,134", "2017-03-31": "$890", "2016-12-31": "$714", "2016-09-30": "$742", "2016-06-30": "$813", "2016-03-31": "$819", "2015-12-31": "$659", "2015-09-30": "$878", "2015-06-30": "$936", "2015-03-31": "$854", "2014-12-31": "$732", "2014-09-30": "$818", "2014-06-30": "$901", "2014-03-31": "$853", "2013-12-31": "$536", "2013-09-30": "$799", "2013-06-30": "$767", "2013-03-31": "$74", "2012-12-31": "$619", "2012-09-30": "$718", "2012-06-30": "$588", "2012-03-31": "$552", "2011-12-31": "$432", "2011-09-30": "$273", "2011-06-30": "$592", "2011-03-31": "$579", "2010-12-31": "$477", "2010-09-30": "$464", "2010-06-30": "$439", "2010-03-31": "$422", "2009-12-31": "$508", "2009-09-30": "$487", "2009-06-30": "$630", "2009-03-31": "$273", "2008-12-31": "$-338", "2008-09-30": "$233", "2008-06-30": "$413", "2008-03-31": "$74", "2007-12-31": "$391", "2007-09-30": "$502", "2007-06-30": "$328", "2007-03-31": "$413", "2006-12-31": "$349", "2006-09-30": "$446", "2006-06-30": "$408", "2006-03-31": "$528", "2005-12-31": "$308", "2005-09-30": "$383", "2005-06-30": "$437", "2005-03-31": "$665"}}, "ebitda": {"Cigna Annual EBITDA (Millions of US $)": {"2019": "$11,728", "2018": "$4,855", "2017": "$4,508", "2016": "$3,698", "2015": "$3,912", "2014": "$3,892", "2013": "$2,773", "2012": "$3,037", "2011": "$2,221", "2010": "$2,094", "2009": "$2,166", "2008": "$626", "2007": "$1,828", "2006": "$1,939", "2005": "$2,014"}, "Cigna Quarterly EBITDA (Millions of US $)": {"2020-09-30": "$2,810", "2020-06-30": "$3,333", "2020-03-31": "$2,754", "2019-12-31": "$2,488", "2019-09-30": "$3,036", "2019-06-30": "$3,077", "2019-03-31": "$3,127", "2018-12-31": "$816", "2018-09-30": "$1,294", "2018-06-30": "$1,297", "2018-03-31": "$1,448", "2017-12-31": "$1,235", "2017-09-30": "$963", "2017-06-30": "$1,274", "2017-03-31": "$1,036", "2016-12-31": "$864", "2016-09-30": "$892", "2016-06-30": "$965", "2016-03-31": "$977", "2015-12-31": "$793", "2015-09-30": "$1,027", "2015-06-30": "$1,087", "2015-03-31": "$1,005", "2014-12-31": "$885", "2014-09-30": "$964", "2014-06-30": "$1,040", "2014-03-31": "$1,003", "2013-12-31": "$688", "2013-09-30": "$945", "2013-06-30": "$916", "2013-03-31": "$224", "2012-12-31": "$773", "2012-09-30": "$854", "2012-06-30": "$732", "2012-03-31": "$678", "2011-12-31": "$525", "2011-09-30": "$359", "2011-06-30": "$675", "2011-03-31": "$662", "2010-12-31": "$565", "2010-09-30": "$540", "2010-06-30": "$506", "2010-03-31": "$483", "2009-12-31": "$569", "2009-09-30": "$549", "2009-06-30": "$706", "2009-03-31": "$342", "2008-12-31": "$-275", "2008-09-30": "$297", "2008-06-30": "$477", "2008-03-31": "$127", "2007-12-31": "$438", "2007-09-30": "$551", "2007-06-30": "$372", "2007-03-31": "$467", "2006-12-31": "$402", "2006-09-30": "$494", "2006-06-30": "$461", "2006-03-31": "$582", "2005-12-31": "$359", "2005-09-30": "$441", "2005-06-30": "$487", "2005-03-31": "$727"}}, "net-income": {"Cigna Annual Net Income (Millions of US $)": {"2020": "$8,458", "2019": "$5,104", "2018": "$2,637", "2017": "$2,237", "2016": "$1,867", "2015": "$2,094", "2014": "$2,102", "2013": "$1,476", "2012": "$1,623", "2011": "$1,260", "2010": "$1,279", "2009": "$1,302", "2008": "$292", "2007": "$1,115", "2006": "$1,155", "2005": "$1,625"}, "Cigna Quarterly Net Income (Millions of US $)": {"2020-12-31": "$4,135", "2020-09-30": "$1,388", "2020-06-30": "$1,754", "2020-03-31": "$1,181", "2019-12-31": "$977", "2019-09-30": "$1,351", "2019-06-30": "$1,408", "2019-03-31": "$1,368", "2018-12-31": "$144", "2018-09-30": "$772", "2018-06-30": "$806", "2018-03-31": "$915", "2017-12-31": "$266", "2017-09-30": "$560", "2017-06-30": "$813", "2017-03-31": "$598", "2016-12-31": "$382", "2016-09-30": "$456", "2016-06-30": "$510", "2016-03-31": "$519", "2015-12-31": "$426", "2015-09-30": "$547", "2015-06-30": "$588", "2015-03-31": "$533", "2014-12-31": "$467", "2014-09-30": "$534", "2014-06-30": "$573", "2014-03-31": "$528", "2013-12-31": "$361", "2013-09-30": "$553", "2013-06-30": "$505", "2013-03-31": "$57", "2012-12-31": "$409", "2012-09-30": "$466", "2012-06-30": "$377", "2012-03-31": "$371", "2011-12-31": "$273", "2011-09-30": "$183", "2011-06-30": "$391", "2011-03-31": "$413", "2010-12-31": "$395", "2010-09-30": "$307", "2010-06-30": "$294", "2010-03-31": "$283", "2009-12-31": "$330", "2009-09-30": "$329", "2009-06-30": "$435", "2009-03-31": "$208", "2008-12-31": "$-209", "2008-09-30": "$171", "2008-06-30": "$272", "2008-03-31": "$58", "2007-12-31": "$263", "2007-09-30": "$365", "2007-06-30": "$198", "2007-03-31": "$289", "2006-12-31": "$232", "2006-09-30": "$298", "2006-06-30": "$273", "2006-03-31": "$352", "2005-12-31": "$210", "2005-09-30": "$259", "2005-06-30": "$720", "2005-03-31": "$436"}}, "eps-earnings-per-share-diluted": {"Cigna Annual EPS": {"2020": "$22.96", "2019": "$13.44", "2018": "$10.54", "2017": "$8.77", "2016": "$7.19", "2015": "$8.04", "2014": "$7.83", "2013": "$5.18", "2012": "$5.61", "2011": "$4.59", "2010": "$4.65", "2009": "$4.73", "2008": "$1.05", "2007": "$3.84", "2006": "$3.43", "2005": "$4.17"}, "Cigna Quarterly EPS": {"2020-12-31": "$11.45", "2020-09-30": "$3.78", "2020-06-30": "$4.73", "2020-03-31": "$3.15", "2019-12-31": "$2.61", "2019-09-30": "$3.57", "2019-06-30": "$3.70", "2019-03-31": "$3.56", "2018-12-31": "$0.39", "2018-09-30": "$3.14", "2018-06-30": "$3.29", "2018-03-31": "$3.72", "2017-12-31": "$1.11", "2017-09-30": "$2.21", "2017-06-30": "$3.15", "2017-03-31": "$2.30", "2016-12-31": "$1.46", "2016-09-30": "$1.76", "2016-06-30": "$1.97", "2016-03-31": "$2.00", "2015-12-31": "$1.64", "2015-09-30": "$2.10", "2015-06-30": "$2.26", "2015-03-31": "$2.04", "2014-12-31": "$1.78", "2014-09-30": "$2.01", "2014-06-30": "$2.12", "2014-03-31": "$1.92", "2013-12-31": "$1.27", "2013-09-30": "$1.95", "2013-06-30": "$1.76", "2013-03-31": "$0.20", "2012-12-31": "$1.41", "2012-09-30": "$1.61", "2012-06-30": "$1.31", "2012-03-31": "$1.28", "2011-12-31": "$0.98", "2011-09-30": "$0.67", "2011-06-30": "$1.43", "2011-03-31": "$1.51", "2010-12-31": "$1.44", "2010-09-30": "$1.13", "2010-06-30": "$1.06", "2010-03-31": "$1.02", "2009-12-31": "$1.20", "2009-09-30": "$1.19", "2009-06-30": "$1.58", "2009-03-31": "$0.76", "2008-12-31": "$-0.73", "2008-09-30": "$0.62", "2008-06-30": "$0.96", "2008-03-31": "$0.20", "2007-12-31": "$0.90", "2007-09-30": "$1.28", "2007-06-30": "$0.68", "2007-03-31": "$0.98", "2006-12-31": "$0.77", "2006-09-30": "$0.92", "2006-06-30": "$0.78", "2006-03-31": "$0.96", "2005-12-31": "$0.58", "2005-09-30": "$0.67", "2005-06-30": "$1.83", "2005-03-31": "$1.09"}}, "shares-outstanding": {"Cigna Annual Shares Outstanding (Millions of Shares)": {"2020": "368", "2019": "380", "2018": "250", "2017": "255", "2016": "260", "2015": "261", "2014": "269", "2013": "285", "2012": "290", "2011": "274", "2010": "275", "2009": "275", "2008": "279", "2007": "290", "2006": "337", "2005": "389"}, "Cigna Quarterly Shares Outstanding (Millions of Shares)": {"2020-12-31": "361", "2020-09-30": "367", "2020-06-30": "367", "2020-03-31": "375", "2019-12-31": "380", "2019-09-30": "378", "2019-06-30": "378", "2019-03-31": "384", "2018-12-31": "250", "2018-09-30": "246", "2018-06-30": "245", "2018-03-31": "246", "2017-12-31": "255", "2017-09-30": "253", "2017-06-30": "258", "2017-03-31": "260", "2016-12-31": "260", "2016-09-30": "260", "2016-06-30": "260", "2016-03-31": "259", "2015-12-31": "261", "2015-09-30": "261", "2015-06-30": "260", "2015-03-31": "261", "2014-12-31": "269", "2014-09-30": "266", "2014-06-30": "270", "2014-03-31": "274", "2013-12-31": "285", "2013-09-30": "284", "2013-06-30": "287", "2013-03-31": "289", "2012-12-31": "290", "2012-09-30": "290", "2012-06-30": "291", "2012-03-31": "289", "2011-12-31": "274", "2011-09-30": "272", "2011-06-30": "273", "2011-03-31": "274", "2010-12-31": "275", "2010-09-30": "273", "2010-06-30": "278", "2010-03-31": "278", "2009-12-31": "275", "2009-09-30": "276", "2009-06-30": "275", "2009-03-31": "273", "2008-12-31": "279", "2008-09-30": "277", "2008-06-30": "282", "2008-03-31": "273", "2007-12-31": "290", "2007-09-30": "284", "2007-06-30": "290", "2007-03-31": "296", "2006-12-31": "337", "2006-09-30": "325", "2006-06-30": "351", "2006-03-31": "368", "2005-12-31": "389", "2005-09-30": "389", "2005-06-30": "394", "2005-03-31": "398"}}, "total-assets": {"Cigna Annual Total Assets (Millions of US $)": {"2019": "$155,774", "2018": "$153,226", "2017": "$61,759", "2016": "$59,360", "2015": "$57,088", "2014": "$55,870", "2013": "$54,336", "2012": "$53,734", "2011": "$50,697", "2010": "$45,682", "2009": "$43,013", "2008": "$41,406", "2007": "$40,065", "2006": "$42,399", "2005": "$44,893"}, "Cigna Quarterly Total Assets (Millions of US $)": {"2020-09-30": "$160,044", "2020-06-30": "$159,628", "2020-03-31": "$154,711", "2019-12-31": "$155,774", "2019-09-30": "$154,847", "2019-06-30": "$154,401", "2019-03-31": "$154,348", "2018-12-31": "$153,226", "2018-09-30": "$82,956", "2018-06-30": "$63,102", "2018-03-31": "$63,141", "2017-12-31": "$61,759", "2017-09-30": "$61,936", "2017-06-30": "$61,738", "2017-03-31": "$61,147", "2016-12-31": "$59,360", "2016-09-30": "$60,762", "2016-06-30": "$59,506", "2016-03-31": "$58,884", "2015-12-31": "$57,088", "2015-09-30": "$56,909", "2015-06-30": "$57,132", "2015-03-31": "$58,122", "2014-12-31": "$55,870", "2014-09-30": "$55,653", "2014-06-30": "$55,929", "2014-03-31": "$55,173", "2013-12-31": "$54,336", "2013-09-30": "$54,043", "2013-06-30": "$53,829", "2013-03-31": "$54,939", "2012-12-31": "$53,734", "2012-09-30": "$53,531", "2012-06-30": "$53,553", "2012-03-31": "$52,785", "2011-12-31": "$50,697", "2011-09-30": "$47,804", "2011-06-30": "$47,033", "2011-03-31": "$46,517", "2010-12-31": "$45,682", "2010-09-30": "$45,979", "2010-06-30": "$44,432", "2010-03-31": "$43,864", "2009-12-31": "$43,013", "2009-09-30": "$42,653", "2009-06-30": "$41,649", "2009-03-31": "$41,234", "2008-12-31": "$41,406", "2008-09-30": "$40,776", "2008-06-30": "$41,415", "2008-03-31": "$40,988", "2007-12-31": "$40,065", "2007-09-30": "$39,800", "2007-06-30": "$41,526", "2007-03-31": "$42,378", "2006-12-31": "$42,399", "2006-09-30": "$42,189", "2006-06-30": "$42,276", "2006-03-31": "$44,028", "2005-12-31": "$44,893", "2005-09-30": "$45,897", "2005-06-30": "$47,866", "2005-03-31": "$50,877"}}, "cash-on-hand": {"Cigna Annual Cash on Hand (Millions of US $)": {"2019": "$4,619", "2018": "$3,855", "2017": "$2,972", "2016": "$3,185", "2015": "$1,968", "2014": "$1,420", "2013": "$2,795", "2012": "$2,978", "2011": "$4,690", "2010": "$1,605", "2009": "$924", "2008": "$1,342", "2007": "$1,970", "2006": "$1,392", "2005": "$1,709"}, "Cigna Quarterly Cash on Hand (Millions of US $)": {"2020-09-30": "$5,344", "2020-06-30": "$7,185", "2020-03-31": "$4,452", "2019-12-31": "$4,619", "2019-09-30": "$4,577", "2019-06-30": "$3,610", "2019-03-31": "$4,976", "2018-12-31": "$3,855", "2018-09-30": "$24,032", "2018-06-30": "$3,634", "2018-03-31": "$2,771", "2017-12-31": "$2,972", "2017-09-30": "$3,656", "2017-06-30": "$3,611", "2017-03-31": "$4,155", "2016-12-31": "$3,185", "2016-09-30": "$3,224", "2016-06-30": "$2,454", "2016-03-31": "$2,401", "2015-12-31": "$1,968", "2015-09-30": "$2,381", "2015-06-30": "$1,969", "2015-03-31": "$2,620", "2014-12-31": "$1,420", "2014-09-30": "$1,621", "2014-06-30": "$1,967", "2014-03-31": "$2,276", "2013-12-31": "$2,795", "2013-09-30": "$3,055", "2013-06-30": "$3,209", "2013-03-31": "$3,306", "2012-12-31": "$2,978", "2012-09-30": "$2,236", "2012-06-30": "$3,045", "2012-03-31": "$2,111", "2011-12-31": "$4,690", "2011-09-30": "$1,902", "2011-06-30": "$1,774", "2011-03-31": "$1,656", "2010-12-31": "$1,605", "2010-09-30": "$1,404", "2010-06-30": "$1,449", "2010-03-31": "$1,299", "2009-12-31": "$924", "2009-09-30": "$836", "2009-06-30": "$1,022", "2009-03-31": "$1,375", "2008-12-31": "$1,342", "2008-09-30": "$1,078", "2008-06-30": "$805", "2008-03-31": "$2,850", "2007-12-31": "$1,970", "2007-09-30": "$1,421", "2007-06-30": "$1,104", "2007-03-31": "$1,589", "2006-12-31": "$1,392", "2006-09-30": "$1,208", "2006-06-30": "$1,388", "2006-03-31": "$1,904", "2005-12-31": "$1,709", "2005-09-30": "$1,251", "2005-06-30": "$1,879", "2005-03-31": "$2,400"}}, "long-term-debt": {"Cigna Annual Long Term Debt (Millions of US $)": {"2019": "$31,893", "2018": "$39,523", "2017": "$5,199", "2016": "$4,756", "2015": "$5,020", "2014": "$4,979", "2013": "$5,014", "2012": "$4,986", "2011": "$4,990", "2010": "$2,288", "2009": "$2,436", "2008": "$2,090", "2007": "$1,790", "2006": "$1,294", "2005": "$1,338"}, "Cigna Quarterly Long Term Debt (Millions of US $)": {"2020-09-30": "$29,537", "2020-06-30": "$31,774", "2020-03-31": "$32,147", "2019-12-31": "$31,893", "2019-09-30": "$34,041", "2019-06-30": "$36,885", "2019-03-31": "$37,571", "2018-12-31": "$39,523", "2018-09-30": "$25,041", "2018-06-30": "$5,195", "2018-03-31": "$5,191", "2017-12-31": "$5,199", "2017-09-30": "$5,207", "2017-06-30": "$4,622", "2017-03-31": "$4,621", "2016-12-31": "$4,756", "2016-09-30": "$4,780", "2016-06-30": "$4,789", "2016-03-31": "$4,791", "2015-12-31": "$5,020", "2015-09-30": "$5,056", "2015-06-30": "$5,046", "2015-03-31": "$5,062", "2014-12-31": "$4,979", "2014-09-30": "$5,024", "2014-06-30": "$5,022", "2014-03-31": "$5,022", "2013-12-31": "$5,014", "2013-09-30": "$5,034", "2013-06-30": "$5,030", "2013-03-31": "$4,995", "2012-12-31": "$4,986", "2012-09-30": "$4,986", "2012-06-30": "$4,985", "2012-03-31": "$4,990", "2011-12-31": "$4,990", "2011-09-30": "$2,883", "2011-06-30": "$2,883", "2011-03-31": "$2,883", "2010-12-31": "$2,288", "2010-09-30": "$2,510", "2010-06-30": "$2,510", "2010-03-31": "$2,212", "2009-12-31": "$2,436", "2009-09-30": "$2,435", "2009-06-30": "$2,435", "2009-03-31": "$2,086", "2008-12-31": "$2,090", "2008-09-30": "$2,090", "2008-06-30": "$2,090", "2008-03-31": "$2,090", "2007-12-31": "$1,790", "2007-09-30": "$1,793", "2007-06-30": "$1,792", "2007-03-31": "$1,792", "2006-12-31": "$1,294", "2006-09-30": "$1,028", "2006-06-30": "$950", "2006-03-31": "$1,253", "2005-12-31": "$1,338", "2005-09-30": "$1,338", "2005-06-30": "$1,338", "2005-03-31": "$1,338"}}, "total-liabilities": {"Cigna Annual Total Liabilities (Millions of US $)": {"2019": "$110,430", "2018": "$112,191", "2017": "$48,048", "2016": "$45,633", "2015": "$45,044", "2014": "$45,081", "2013": "$43,755", "2012": "$43,965", "2011": "$42,703", "2010": "$39,019", "2009": "$37,584", "2008": "$37,808", "2007": "$35,317", "2006": "$38,069", "2005": "$39,533"}, "Cigna Quarterly Total Liabilities (Millions of US $)": {"2020-09-30": "$112,005", "2020-06-30": "$112,257", "2020-03-31": "$109,625", "2019-12-31": "$110,430", "2019-09-30": "$110,148", "2019-06-30": "$110,583", "2019-03-31": "$111,935", "2018-12-31": "$112,191", "2018-09-30": "$67,401", "2018-06-30": "$48,359", "2018-03-31": "$48,946", "2017-12-31": "$48,048", "2017-09-30": "$47,791", "2017-06-30": "$47,191", "2017-03-31": "$46,918", "2016-12-31": "$45,633", "2016-09-30": "$46,780", "2016-06-30": "$46,142", "2016-03-31": "$46,200", "2015-12-31": "$45,044", "2015-09-30": "$45,122", "2015-06-30": "$45,829", "2015-03-31": "$47,164", "2014-12-31": "$45,081", "2014-09-30": "$44,478", "2014-06-30": "$44,977", "2014-03-31": "$44,604", "2013-12-31": "$43,755", "2013-09-30": "$44,169", "2013-06-30": "$44,054", "2013-03-31": "$45,279", "2012-12-31": "$43,965", "2012-09-30": "$44,001", "2012-06-30": "$44,531", "2012-03-31": "$44,224", "2011-12-31": "$42,703", "2011-09-30": "$40,043", "2011-06-30": "$39,485", "2011-03-31": "$39,493", "2010-12-31": "$39,019", "2010-09-30": "$39,493", "2010-06-30": "$38,441", "2010-03-31": "$38,049", "2009-12-31": "$37,584", "2009-09-30": "$37,485", "2009-06-30": "$37,151", "2009-03-31": "$37,396", "2008-12-31": "$37,808", "2008-09-30": "$36,134", "2008-06-30": "$36,661", "2008-03-31": "$36,174", "2007-12-31": "$35,317", "2007-09-30": "$35,564", "2007-06-30": "$37,517", "2007-03-31": "$38,226", "2006-12-31": "$38,069", "2006-09-30": "$37,932", "2006-06-30": "$37,582", "2006-03-31": "$38,676", "2005-12-31": "$39,533", "2005-09-30": "$40,239", "2005-06-30": "$41,987", "2005-03-31": "$45,568"}}, "total-share-holder-equity": {"Cigna Annual Share Holder Equity (Millions of US $)": {"2019": "$45,344", "2018": "$41,035", "2017": "$13,711", "2016": "$13,727", "2015": "$12,044", "2014": "$10,789", "2013": "$10,581", "2012": "$9,769", "2011": "$7,994", "2010": "$6,663", "2009": "$5,429", "2008": "$3,598", "2007": "$4,748", "2006": "$4,330", "2005": "$5,360"}, "Cigna Quarterly Share Holder Equity (Millions of US $)": {"2020-09-30": "$48,039", "2020-06-30": "$47,371", "2020-03-31": "$45,086", "2019-12-31": "$45,344", "2019-09-30": "$44,699", "2019-06-30": "$43,818", "2019-03-31": "$42,413", "2018-12-31": "$41,035", "2018-09-30": "$15,555", "2018-06-30": "$14,743", "2018-03-31": "$14,195", "2017-12-31": "$13,711", "2017-09-30": "$14,145", "2017-06-30": "$14,547", "2017-03-31": "$14,229", "2016-12-31": "$13,727", "2016-09-30": "$13,982", "2016-06-30": "$13,364", "2016-03-31": "$12,684", "2015-12-31": "$12,044", "2015-09-30": "$11,787", "2015-06-30": "$11,303", "2015-03-31": "$10,958", "2014-12-31": "$10,789", "2014-09-30": "$11,175", "2014-06-30": "$10,952", "2014-03-31": "$10,569", "2013-12-31": "$10,581", "2013-09-30": "$9,874", "2013-06-30": "$9,775", "2013-03-31": "$9,660", "2012-12-31": "$9,769", "2012-09-30": "$9,530", "2012-06-30": "$9,022", "2012-03-31": "$8,561", "2011-12-31": "$7,994", "2011-09-30": "$7,761", "2011-06-30": "$7,548", "2011-03-31": "$7,024", "2010-12-31": "$6,663", "2010-09-30": "$6,486", "2010-06-30": "$5,991", "2010-03-31": "$5,815", "2009-12-31": "$5,429", "2009-09-30": "$5,168", "2009-06-30": "$4,498", "2009-03-31": "$3,838", "2008-12-31": "$3,598", "2008-09-30": "$4,642", "2008-06-30": "$4,754", "2008-03-31": "$4,814", "2007-12-31": "$4,748", "2007-09-30": "$4,236", "2007-06-30": "$4,009", "2007-03-31": "$4,152", "2006-12-31": "$4,330", "2006-09-30": "$4,257", "2006-06-30": "$4,694", "2006-03-31": "$5,352", "2005-12-31": "$5,360", "2005-09-30": "$5,658", "2005-06-30": "$5,879", "2005-03-31": "$5,309"}}, "profit-margins": {"current": "5.27%"}, "gross margin": {"2020-12-31": "79.61%", "2020-09-30": "79.77%", "2020-06-30": "79.90%", "2020-03-31": "79.54%", "2019-12-31": "79.93%", "2019-09-30": "76.83%", "2019-06-30": "71.61%", "2019-03-31": "62.26%", "2018-12-31": "43.42%", "2018-09-30": "39.79%", "2018-06-30": "39.87%", "2018-03-31": "39.83%", "2017-12-31": "39.57%", "2017-09-30": "40.45%", "2017-06-30": "39.94%", "2017-03-31": "39.33%", "2016-12-31": "38.90%", "2016-09-30": "38.28%", "2016-06-30": "38.18%", "2016-03-31": "38.51%", "2015-12-31": "38.51%", "2015-09-30": "38.63%", "2015-06-30": "38.69%", "2015-03-31": "38.67%", "2014-12-31": "38.90%", "2014-09-30": "38.52%", "2014-06-30": "38.49%", "2014-03-31": "38.36%", "2013-12-31": "35.56%", "2013-09-30": "35.78%", "2013-06-30": "35.93%", "2013-03-31": "35.40%", "2012-12-31": "38.53%", "2012-09-30": "39.53%", "2012-06-30": "39.02%", "2012-03-31": "40.78%", "2011-12-31": "41.81%", "2011-09-30": "42.21%", "2011-06-30": "43.37%", "2011-03-31": "42.54%", "2010-12-31": "41.84%", "2010-09-30": "42.17%", "2010-06-30": "43.16%", "2010-03-31": "45.57%", "2009-12-31": "45.53%", "2009-09-30": "40.42%", "2009-06-30": "38.66%", "2009-03-31": "37.29%", "2008-12-31": "35.99%", "2008-09-30": "39.58%", "2008-06-30": "40.70%", "2008-03-31": "39.71%", "2007-12-31": "41.30%", "2007-09-30": "41.79%", "2007-06-30": "41.77%", "2007-03-31": "42.82%", "2006-12-31": "43.97%", "2006-09-30": "43.06%", "2006-06-30": "42.50%", "2006-03-31": "41.88%", "2005-12-31": "42.18%"}, "operating margin": {"2020-12-31": "5.08%", "2020-09-30": "5.33%", "2020-06-30": "5.43%", "2020-03-31": "5.13%", "2019-12-31": "5.26%", "2019-09-30": "5.46%", "2019-06-30": "5.93%", "2019-03-31": "6.76%", "2018-12-31": "8.55%", "2018-09-30": "10.49%", "2018-06-30": "10.02%", "2018-03-31": "10.20%", "2017-12-31": "9.43%", "2017-09-30": "8.58%", "2017-06-30": "8.51%", "2017-03-31": "7.81%", "2016-12-31": "7.75%", "2016-09-30": "7.73%", "2016-06-30": "8.18%", "2016-03-31": "8.60%", "2015-12-31": "8.78%", "2015-09-30": "9.12%", "2015-06-30": "9.11%", "2015-03-31": "9.21%", "2014-12-31": "9.46%", "2014-09-30": "9.10%", "2014-06-30": "9.24%", "2014-03-31": "9.04%", "2013-12-31": "6.72%", "2013-09-30": "7.09%", "2013-06-30": "7.00%", "2013-03-31": "6.54%", "2012-12-31": "8.51%", "2012-09-30": "8.53%", "2012-06-30": "7.34%", "2012-03-31": "7.97%", "2011-12-31": "8.58%", "2011-09-30": "8.80%", "2011-06-30": "9.83%", "2011-03-31": "9.18%", "2010-12-31": "8.53%", "2010-09-30": "8.96%", "2010-06-30": "9.42%", "2010-03-31": "10.86%", "2009-12-31": "10.31%", "2009-09-30": "5.66%", "2009-06-30": "4.22%", "2009-03-31": "3.01%", "2008-12-31": "2.00%", "2008-09-30": "5.93%", "2008-06-30": "7.54%", "2008-03-31": "7.27%", "2007-12-31": "9.27%", "2007-09-30": "9.16%", "2007-06-30": "8.98%", "2007-03-31": "9.61%", "2006-12-31": "10.46%", "2006-09-30": "10.21%", "2006-06-30": "9.90%", "2006-03-31": "10.07%", "2005-12-31": "10.75%"}, "ebitda margin": {"2020-09-30": "7.25%", "2020-06-30": "7.51%", "2020-03-31": "7.37%", "2019-12-31": "7.64%", "2019-09-30": "7.76%", "2019-06-30": "8.11%", "2019-03-31": "8.69%", "2018-12-31": "9.98%", "2018-09-30": "11.78%", "2018-06-30": "11.29%", "2018-03-31": "11.51%", "2017-12-31": "10.78%", "2017-09-30": "9.97%", "2017-06-30": "9.94%", "2017-03-31": "9.29%", "2016-12-31": "9.28%", "2016-09-30": "9.24%", "2016-06-30": "9.71%", "2016-03-31": "10.14%", "2015-12-31": "10.33%", "2015-09-30": "10.74%", "2015-06-30": "10.75%", "2015-03-31": "10.85%", "2014-12-31": "11.15%", "2014-09-30": "10.82%", "2014-06-30": "10.99%", "2014-03-31": "10.86%", "2013-12-31": "8.56%", "2013-09-30": "8.97%", "2013-06-30": "8.90%", "2013-03-31": "8.46%", "2012-12-31": "10.43%", "2012-09-30": "10.39%", "2012-06-30": "9.13%", "2012-03-31": "9.64%", "2011-12-31": "10.16%", "2011-09-30": "10.36%", "2011-06-30": "11.36%", "2011-03-31": "10.65%", "2010-12-31": "9.91%", "2010-09-30": "10.25%", "2010-06-30": "10.69%", "2010-03-31": "12.24%", "2009-12-31": "11.76%", "2009-09-30": "7.11%", "2009-06-30": "5.65%", "2009-03-31": "4.36%", "2008-12-31": "3.28%", "2008-09-30": "7.15%", "2008-06-30": "8.70%", "2008-03-31": "8.35%", "2007-12-31": "10.37%", "2007-09-30": "10.31%", "2007-06-30": "10.15%", "2007-03-31": "10.85%", "2006-12-31": "11.72%", "2006-09-30": "11.45%", "2006-06-30": "11.21%", "2006-03-31": "11.36%", "2005-12-31": "12.07%"}, "pre tax profit margin": {"2020-12-31": "6.78%", "2020-09-30": "4.30%", "2020-06-30": "4.34%", "2020-03-31": "4.01%", "2019-12-31": "4.28%", "2019-09-30": "4.27%", "2019-06-30": "4.69%", "2019-03-31": "5.52%", "2018-12-31": "7.36%", "2018-09-30": "9.18%", "2018-06-30": "8.91%", "2018-03-31": "9.20%", "2017-12-31": "8.63%", "2017-09-30": "8.32%", "2017-06-30": "8.24%", "2017-03-31": "7.54%", "2016-12-31": "7.48%", "2016-09-30": "7.73%", "2016-06-30": "8.18%", "2016-03-31": "8.60%", "2015-12-31": "8.78%", "2015-09-30": "9.12%", "2015-06-30": "9.11%", "2015-03-31": "9.21%", "2014-12-31": "9.46%", "2014-09-30": "9.10%", "2014-06-30": "9.24%", "2014-03-31": "9.04%", "2013-12-31": "6.72%", "2013-09-30": "7.09%", "2013-06-30": "7.00%", "2013-03-31": "6.54%", "2012-12-31": "8.51%", "2012-09-30": "8.53%", "2012-06-30": "7.34%", "2012-03-31": "7.97%", "2011-12-31": "8.58%", "2011-09-30": "8.80%", "2011-06-30": "9.83%", "2011-03-31": "9.18%", "2010-12-31": "8.53%", "2010-09-30": "8.96%", "2010-06-30": "9.42%", "2010-03-31": "10.86%", "2009-12-31": "10.31%", "2009-09-30": "5.66%", "2009-06-30": "4.22%", "2009-03-31": "3.01%", "2008-12-31": "2.00%", "2008-09-30": "5.93%", "2008-06-30": "7.54%", "2008-03-31": "7.27%", "2007-12-31": "9.27%", "2007-09-30": "9.16%", "2007-06-30": "8.98%", "2007-03-31": "9.61%", "2006-12-31": "10.46%", "2006-09-30": "10.21%", "2006-06-30": "9.90%", "2006-03-31": "10.07%", "2005-12-31": "10.75%"}, "net profit margin": {"2020-12-31": "5.27%", "2020-09-30": "3.38%", "2020-06-30": "3.41%", "2020-03-31": "3.19%", "2019-12-31": "3.32%", "2019-09-30": "3.29%", "2019-06-30": "3.60%", "2019-03-31": "4.11%", "2018-12-31": "5.42%", "2018-09-30": "6.16%", "2018-06-30": "5.82%", "2018-03-31": "5.97%", "2017-12-31": "5.35%", "2017-09-30": "5.67%", "2017-06-30": "5.50%", "2017-03-31": "4.81%", "2016-12-31": "4.69%", "2016-09-30": "4.87%", "2016-06-30": "5.16%", "2016-03-31": "5.43%", "2015-12-31": "5.53%", "2015-09-30": "5.73%", "2015-06-30": "5.79%", "2015-03-31": "5.87%", "2014-12-31": "6.02%", "2014-09-30": "5.85%", "2014-06-30": "6.02%", "2014-03-31": "5.96%", "2013-12-31": "4.56%", "2013-09-30": "4.79%", "2013-06-30": "4.62%", "2013-03-31": "4.29%", "2012-12-31": "5.57%", "2012-09-30": "5.54%", "2012-06-30": "4.79%", "2012-03-31": "5.25%", "2011-12-31": "5.76%", "2011-09-30": "6.33%", "2011-06-30": "7.01%", "2011-03-31": "6.60%", "2010-12-31": "6.05%", "2010-09-30": "5.93%", "2010-06-30": "6.27%", "2010-03-31": "7.31%", "2009-12-31": "7.07%", "2009-09-30": "4.10%", "2009-06-30": "3.20%", "2009-03-31": "2.29%", "2008-12-31": "1.53%", "2008-09-30": "4.08%", "2008-06-30": "5.23%", "2008-03-31": "4.96%", "2007-12-31": "6.33%", "2007-09-30": "6.24%", "2007-06-30": "5.95%", "2007-03-31": "6.49%", "2006-12-31": "6.98%", "2006-09-30": "6.85%", "2006-06-30": "6.66%", "2006-03-31": "9.37%", "2005-12-31": "9.74%"}, "pe ratio": {"current": "11.04", "2021-02-05": "17.45", "2020-12-31": "17.85", "2020-09-30": "11.88", "2020-06-30": "13.36", "2020-03-31": "13.61", "2019-12-31": "15.22", "2019-09-30": "13.34", "2019-06-30": "14.38", "2019-03-31": "15.25", "2018-12-31": "17.74", "2018-09-30": "18.55", "2018-06-30": "16.51", "2018-03-31": "16.52", "2017-12-31": "23.25", "2017-09-30": "20.46", "2017-06-30": "19.27", "2017-03-31": "19.52", "2016-12-31": "18.51", "2016-09-30": "17.67", "2016-06-30": "16.58", "2016-03-31": "17.14", "2015-12-31": "18.18", "2015-09-30": "16.51", "2015-06-30": "20.02", "2015-03-31": "16.28", "2014-12-31": "13.14", "2014-09-30": "12.34", "2014-06-30": "12.61", "2014-03-31": "12.08", "2013-12-31": "16.79", "2013-09-30": "14.42", "2013-06-30": "14.53", "2013-03-31": "13.74", "2012-12-31": "9.50", "2012-09-30": "8.98", "2012-06-30": "10.04", "2012-03-31": "10.77", "2011-12-31": "8.63", "2011-09-30": "7.60", "2011-06-30": "8.70", "2011-03-31": "8.10", "2010-12-31": "7.45", "2010-09-30": "8.09", "2010-06-30": "6.93", "2010-03-31": "7.31", "2009-12-31": "7.43", "2009-09-30": "10.12", "2009-06-30": "10.94", "2009-03-31": "11.07", "2008-12-31": "16.22", "2008-09-30": "12.34", "2008-06-30": "10.35", "2008-03-31": "12.97", "2007-12-31": "13.76", "2007-09-30": "14.28", "2007-06-30": "15.51", "2007-03-31": "13.72", "2006-12-31": "12.73"}, "price sales": {"2021-02-05": "0.47", "2020-12-31": "0.48", "2020-09-30": "0.40", "2020-06-30": "0.46", "2020-03-31": "0.43", "2019-12-31": "0.51", "2019-09-30": "0.42", "2019-06-30": "0.52", "2019-03-31": "0.64", "2018-12-31": "0.96", "2018-09-30": "1.15", "2018-06-30": "0.97", "2018-03-31": "0.99", "2017-12-31": "1.25", "2017-09-30": "1.16", "2017-06-30": "1.06", "2017-03-31": "0.94", "2016-12-31": "0.87", "2016-09-30": "0.86", "2016-06-30": "0.86", "2016-03-31": "0.93", "2015-12-31": "1.01", "2015-09-30": "0.95", "2015-06-30": "1.16", "2015-03-31": "0.96", "2014-12-31": "0.79", "2014-09-30": "0.73", "2014-06-30": "0.76", "2014-03-31": "0.72", "2013-12-31": "0.77", "2013-09-30": "0.69", "2013-06-30": "0.67", "2013-03-31": "0.59", "2012-12-31": "0.53", "2012-09-30": "0.50", "2012-06-30": "0.49", "2012-03-31": "0.59", "2011-12-31": "0.52", "2011-09-30": "0.52", "2011-06-30": "0.65", "2011-03-31": "0.57", "2010-12-31": "0.48", "2010-09-30": "0.48", "2010-06-30": "0.43", "2010-03-31": "0.53", "2009-12-31": "0.52", "2009-09-30": "0.41", "2009-06-30": "0.35", "2009-03-31": "0.25", "2008-12-31": "0.24", "2008-09-30": "0.50", "2008-06-30": "0.54", "2008-03-31": "0.64", "2007-12-31": "0.88", "2007-09-30": "0.91", "2007-06-30": "0.94", "2007-03-31": "0.91", "2006-12-31": "0.90"}, "price book": {"current": "1.46", "2021-02-05": "1.65", "2020-09-30": "1.37", "2020-06-30": "1.54", "2020-03-31": "1.52", "2019-12-31": "1.74", "2019-09-30": "1.27", "2019-06-30": "1.36", "2019-03-31": "1.44", "2018-12-31": "1.76", "2018-09-30": "3.26", "2018-06-30": "2.80", "2018-03-31": "2.87", "2017-12-31": "4.38", "2017-09-30": "3.27", "2017-06-30": "2.91", "2017-03-31": "2.63", "2016-12-31": "2.49", "2016-09-30": "2.39", "2016-06-30": "2.45", "2016-03-31": "2.77", "2015-12-31": "3.11", "2015-09-30": "2.95", "2015-06-30": "3.68", "2015-03-31": "3.04", "2014-12-31": "2.47", "2014-09-30": "2.13", "2014-06-30": "2.22", "2014-03-31": "2.12", "2013-12-31": "2.27", "2013-09-30": "2.15", "2013-06-30": "2.10", "2013-03-31": "1.84", "2012-12-31": "1.56", "2012-09-30": "1.41", "2012-06-30": "1.40", "2012-03-31": "1.65", "2011-12-31": "1.49", "2011-09-30": "1.46", "2011-06-30": "1.84", "2011-03-31": "1.70", "2010-12-31": "1.49", "2010-09-30": "1.49", "2010-06-30": "1.41", "2010-03-31": "1.73", "2009-12-31": "1.77", "2009-09-30": "1.48", "2009-06-30": "1.45", "2009-03-31": "1.24", "2008-12-31": "1.26", "2008-09-30": "1.98", "2008-06-30": "2.03", "2008-03-31": "2.35", "2007-12-31": "3.13", "2007-09-30": "3.48", "2007-06-30": "3.66", "2007-03-31": "3.26", "2006-12-31": "0.99", "2006-09-30": "2.77", "2006-06-30": "2.30", "2006-03-31": "2.89"}, "price fcf": {"2021-02-05": "", "2020-09-30": "$20.86", "2020-06-30": "$24.95", "2020-03-31": "$18.73", "2019-12-31": "$22.21", "2019-09-30": "$15.29", "2019-06-30": "$11.42", "2019-03-31": "$12.94", "2018-12-31": "$12.96", "2018-09-30": "$15.06", "2018-06-30": "$17.52", "2018-03-31": "$16.26", "2017-12-31": "$14.17", "2017-09-30": "$15.40", "2017-06-30": "$17.89", "2017-03-31": "$16.34", "2016-12-31": "$13.73", "2016-09-30": "$14.62", "2016-06-30": "$9.60", "2016-03-31": "$10.04", "2015-12-31": "$9.30", "2015-09-30": "$7.58", "2015-06-30": "$7.04", "2015-03-31": "$7.22", "2014-12-31": "$6.27", "2014-09-30": "$5.98", "2014-06-30": "$6.76", "2014-03-31": "$5.18", "2013-12-31": "$0.67", "2013-09-30": "$1.39", "2013-06-30": "$-2.28", "2013-03-31": "$0.66", "2012-12-31": "$6.71", "2012-09-30": "$4.64", "2012-06-30": "$8.20", "2012-03-31": "$6.95", "2011-12-31": "$3.90", "2011-09-30": "$4.80", "2011-06-30": "$4.33", "2011-03-31": "$3.93", "2010-12-31": "$5.24", "2010-09-30": "$5.34", "2010-06-30": "$4.03", "2010-03-31": "$2.78", "2009-12-31": "$1.59", "2009-09-30": "$2.06", "2009-06-30": "$3.40", "2009-03-31": "$4.02", "2008-12-31": "$5.02", "2008-09-30": "$4.84", "2008-06-30": "$4.21", "2008-03-31": "$3.83", "2007-12-31": "$4.01", "2007-09-30": "$2.93", "2007-06-30": "$2.78", "2007-03-31": "$3.03", "2006-12-31": "$1.50"}, "net worth": {"value": "$73.49B"}, "current ratio": {"2020-12-31": "0.52", "2020-09-30": "0.65", "2020-06-30": "0.71", "2020-03-31": "0.64", "2019-12-31": "0.61", "2019-09-30": "0.63", "2019-06-30": "0.65", "2019-03-31": "0.65", "2018-12-31": "0.62", "2018-09-30": "0.98", "2018-06-30": "0.37", "2018-03-31": "0.34", "2017-12-31": "0.38", "2017-09-30": "0.39", "2017-06-30": "0.39", "2017-03-31": "0.40", "2016-12-31": "0.39", "2016-09-30": "0.40", "2016-06-30": "0.41", "2016-03-31": "0.39", "2015-12-31": "0.39", "2015-09-30": "0.41", "2015-06-30": "0.39", "2015-03-31": "0.39", "2014-12-31": "0.36", "2014-09-30": "0.37", "2014-06-30": "0.38", "2014-03-31": "0.38", "2013-12-31": "0.40", "2013-09-30": "0.40", "2013-06-30": "0.41", "2013-03-31": "0.40", "2012-12-31": "0.35", "2012-09-30": "0.34", "2012-06-30": "0.35", "2012-03-31": "0.33", "2011-12-31": "0.42", "2011-09-30": "0.33", "2011-06-30": "0.34", "2011-03-31": "0.34", "2010-12-31": "0.33", "2010-09-30": "0.32", "2010-06-30": "0.33", "2010-03-31": "0.33", "2009-12-31": "0.32", "2009-09-30": "0.32", "2009-06-30": "0.33", "2009-03-31": "0.34", "2008-12-31": "0.33", "2008-09-30": "0.35", "2008-06-30": "0.35", "2008-03-31": "0.42", "2007-12-31": "0.40", "2007-09-30": "0.39", "2007-06-30": "0.38", "2007-03-31": "0.39", "2006-12-31": "0.39", "2006-09-30": "0.37", "2006-06-30": "0.38", "2006-03-31": "0.35", "2005-12-31": "0.35", "2005-09-30": "0.34", "2005-06-30": "0.36", "2005-03-31": "0.41"}, "quick ratio": {"2020-12-31": "0.00", "2020-09-30": "0.00", "2020-06-30": "0.00", "2020-03-31": "0.00", "2019-12-31": "0.00", "2019-09-30": "0.00", "2019-06-30": "0.00", "2019-03-31": "0.00", "2018-12-31": "0.00", "2018-09-30": "0.00", "2018-06-30": "0.00", "2018-03-31": "0.00", "2017-12-31": "0.00", "2017-09-30": "0.00", "2017-06-30": "0.00", "2017-03-31": "0.00", "2016-12-31": "0.00", "2016-09-30": "0.00", "2016-06-30": "0.00", "2016-03-31": "0.00", "2015-12-31": "0.00", "2015-09-30": "0.00", "2015-06-30": "0.00", "2015-03-31": "0.00", "2014-12-31": "0.00", "2014-09-30": "0.00", "2014-06-30": "0.00", "2014-03-31": "0.00", "2013-12-31": "0.00", "2013-09-30": "0.00", "2013-06-30": "0.00", "2013-03-31": "0.00", "2012-12-31": "0.00", "2012-09-30": "0.00", "2012-06-30": "0.00", "2012-03-31": "0.00", "2011-12-31": "0.00", "2011-09-30": "0.00", "2011-06-30": "0.00", "2011-03-31": "0.00", "2010-12-31": "0.00", "2010-09-30": "0.00", "2010-06-30": "0.00", "2010-03-31": "0.00", "2009-12-31": "0.00", "2009-09-30": "0.00", "2009-06-30": "0.00", "2009-03-31": "0.00", "2008-12-31": "0.00", "2008-09-30": "0.00", "2008-06-30": "0.00", "2008-03-31": "0.00", "2007-12-31": "0.00", "2007-09-30": "0.00", "2007-06-30": "0.00", "2007-03-31": "0.00", "2006-12-31": "0.00", "2006-09-30": "0.00", "2006-06-30": "0.00", "2006-03-31": "0.00", "2005-12-31": "0.00", "2005-09-30": "0.00", "2005-06-30": "0.00", "2005-03-31": "0.00"}, "debt equity ratio": {"current": "0.59", "2020-12-31": "2.09", "2020-09-30": "2.33", "2020-06-30": "2.37", "2020-03-31": "2.43", "2019-12-31": "2.44", "2019-09-30": "2.46", "2019-06-30": "2.52", "2019-03-31": "2.64", "2018-12-31": "2.73", "2018-09-30": "4.33", "2018-06-30": "3.28", "2018-03-31": "3.45", "2017-12-31": "3.50", "2017-09-30": "3.38", "2017-06-30": "3.24", "2017-03-31": "3.30", "2016-12-31": "3.32", "2016-09-30": "3.35", "2016-06-30": "3.45", "2016-03-31": "3.64", "2015-12-31": "3.74", "2015-09-30": "3.83", "2015-06-30": "4.06", "2015-03-31": "4.30", "2014-12-31": "4.18", "2014-09-30": "3.98", "2014-06-30": "4.11", "2014-03-31": "4.22", "2013-12-31": "4.14", "2013-09-30": "4.47", "2013-06-30": "4.51", "2013-03-31": "4.69", "2012-12-31": "4.50", "2012-09-30": "4.62", "2012-06-30": "4.94", "2012-03-31": "5.17", "2011-12-31": "5.34", "2011-09-30": "5.16", "2011-06-30": "5.23", "2011-03-31": "5.62", "2010-12-31": "5.86", "2010-09-30": "6.09", "2010-06-30": "6.42", "2010-03-31": "6.54", "2009-12-31": "6.92", "2009-09-30": "7.25", "2009-06-30": "8.26", "2009-03-31": "9.74", "2008-12-31": "10.51", "2008-09-30": "7.78", "2008-06-30": "7.71", "2008-03-31": "7.51", "2007-12-31": "7.44", "2007-09-30": "8.40", "2007-06-30": "9.36", "2007-03-31": "9.21", "2006-12-31": "8.79", "2006-09-30": "8.91", "2006-06-30": "8.01", "2006-03-31": "7.23", "2005-12-31": "7.38", "2005-09-30": "7.11", "2005-06-30": "7.14", "2005-03-31": "8.58"}, "return on equity": {"2020-12-31": "17.73%", "2020-09-30": "11.41%", "2020-06-30": "11.54%", "2020-03-31": "10.99%", "2019-12-31": "11.58%", "2019-09-30": "9.93%", "2019-06-30": "10.34%", "2019-03-31": "10.87%", "2018-12-31": "12.33%", "2018-09-30": "18.96%", "2018-06-30": "17.94%", "2018-03-31": "18.05%", "2017-12-31": "15.80%", "2017-09-30": "16.61%", "2017-06-30": "15.93%", "2017-03-31": "14.08%", "2016-12-31": "13.89%", "2016-09-30": "14.68%", "2016-06-30": "16.05%", "2016-03-31": "17.40%", "2015-12-31": "18.17%", "2015-09-30": "19.05%", "2015-06-30": "19.19%", "2015-03-31": "19.21%", "2014-12-31": "19.34%", "2014-09-30": "18.45%", "2014-06-30": "19.20%", "2014-03-31": "19.09%", "2013-12-31": "14.80%", "2013-09-30": "15.60%", "2013-06-30": "14.84%", "2013-03-31": "13.79%", "2012-12-31": "17.60%", "2012-09-30": "16.94%", "2012-06-30": "14.45%", "2012-03-31": "15.29%", "2011-12-31": "16.62%", "2011-09-30": "19.06%", "2011-06-30": "21.73%", "2011-03-31": "21.54%", "2010-12-31": "20.50%", "2010-09-30": "20.47%", "2010-06-30": "22.07%", "2010-03-31": "26.34%", "2009-12-31": "27.51%", "2009-09-30": "17.85%", "2009-06-30": "14.60%", "2009-03-31": "10.50%", "2008-12-31": "6.56%", "2008-09-30": "16.12%", "2008-06-30": "20.66%", "2008-03-31": "19.86%", "2007-12-31": "26.01%", "2007-09-30": "25.92%", "2007-06-30": "24.29%", "2007-03-31": "25.06%", "2006-12-31": "24.79%", "2006-09-30": "23.05%", "2006-06-30": "20.77%", "2006-03-31": "27.70%", "2005-12-31": "29.27%"}, "return on assets": {"2020-12-31": "5.37%", "2020-09-30": "3.36%", "2020-06-30": "3.37%", "2020-03-31": "3.17%", "2019-12-31": "3.30%", "2019-09-30": "2.77%", "2019-06-30": "2.71%", "2019-03-31": "2.72%", "2018-12-31": "2.91%", "2018-09-30": "4.07%", "2018-06-30": "4.08%", "2018-03-31": "4.11%", "2017-12-31": "3.63%", "2017-09-30": "3.85%", "2017-06-30": "3.70%", "2017-03-31": "3.23%", "2016-12-31": "3.13%", "2016-09-30": "3.24%", "2016-06-30": "3.45%", "2016-03-31": "3.62%", "2015-12-31": "3.65%", "2015-09-30": "3.75%", "2015-06-30": "3.74%", "2015-03-31": "3.74%", "2014-12-31": "3.78%", "2014-09-30": "3.61%", "2014-06-30": "3.67%", "2014-03-31": "3.58%", "2013-12-31": "2.72%", "2013-09-30": "2.82%", "2013-06-30": "2.66%", "2013-03-31": "2.43%", "2012-12-31": "3.04%", "2012-09-30": "2.82%", "2012-06-30": "2.35%", "2012-03-31": "2.46%", "2011-12-31": "2.62%", "2011-09-30": "2.96%", "2011-06-30": "3.25%", "2011-03-31": "3.09%", "2010-12-31": "2.84%", "2010-09-30": "2.74%", "2010-06-30": "2.84%", "2010-03-31": "3.22%", "2009-12-31": "3.09%", "2009-09-30": "1.83%", "2009-06-30": "1.47%", "2009-03-31": "1.07%", "2008-12-31": "0.71%", "2008-09-30": "1.87%", "2008-06-30": "2.36%", "2008-03-31": "2.18%", "2007-12-31": "2.72%", "2007-09-30": "2.61%", "2007-06-30": "2.41%", "2007-03-31": "2.58%", "2006-12-31": "2.70%", "2006-09-30": "2.61%", "2006-06-30": "2.47%", "2006-03-31": "3.37%", "2005-12-31": "3.43%"}, "return on investments": {"2020-12-31": "10.39%", "2020-09-30": "10.76%", "2020-06-30": "10.74%", "2020-03-31": "10.08%", "2019-12-31": "10.20%", "2019-09-30": "8.84%", "2019-06-30": "8.63%", "2019-03-31": "9.20%", "2018-12-31": "10.37%", "2018-09-30": "19.00%", "2018-06-30": "22.62%", "2018-03-31": "22.70%", "2017-12-31": "20.67%", "2017-09-30": "18.78%", "2017-06-30": "18.49%", "2017-03-31": "17.02%", "2016-12-31": "16.95%", "2016-09-30": "16.98%", "2016-06-30": "18.23%", "2016-03-31": "19.44%", "2015-12-31": "20.08%", "2015-09-30": "20.93%", "2015-06-30": "20.77%", "2015-03-31": "20.67%", "2014-12-31": "20.80%", "2014-09-30": "19.62%", "2014-06-30": "19.91%", "2014-03-31": "19.41%", "2013-12-31": "14.52%", "2013-09-30": "15.28%", "2013-06-30": "14.83%", "2013-03-31": "13.80%", "2012-12-31": "17.43%", "2012-09-30": "16.64%", "2012-06-30": "14.42%", "2012-03-31": "15.53%", "2011-12-31": "17.07%", "2011-09-30": "19.24%", "2011-06-30": "22.07%", "2011-03-31": "21.55%", "2010-12-31": "20.91%", "2010-09-30": "21.96%", "2010-06-30": "23.20%", "2010-03-31": "26.91%", "2009-12-31": "26.80%", "2009-09-30": "16.09%", "2009-06-30": "12.63%", "2009-03-31": "9.23%", "2008-12-31": "5.84%", "2008-09-30": "16.45%", "2008-06-30": "20.98%", "2008-03-31": "20.50%", "2007-12-31": "26.88%", "2007-09-30": "27.22%", "2007-06-30": "27.12%", "2007-03-31": "28.73%", "2006-12-31": "29.90%", "2006-09-30": "27.90%", "2006-06-30": "25.09%", "2006-03-31": "24.07%", "2005-12-31": "26.03%"}, "return on tangible equity": {"2020-09-30": "-15.52%", "2020-06-30": "-14.89%", "2020-03-31": "-13.41%", "2019-12-31": "-13.48%", "2019-09-30": "-10.80%", "2019-06-30": "-13.20%", "2019-03-31": "-19.04%", "2018-12-31": "-64.22%", "2018-09-30": "33.19%", "2018-06-30": "31.87%", "2018-03-31": "32.01%", "2017-12-31": "27.84%", "2017-09-30": "28.80%", "2017-06-30": "27.67%", "2017-03-31": "24.86%", "2016-12-31": "25.12%", "2016-09-30": "27.30%", "2016-06-30": "31.07%", "2016-03-31": "35.12%", "2015-12-31": "38.14%", "2015-09-30": "41.18%", "2015-06-30": "42.10%", "2015-03-31": "42.52%", "2014-12-31": "43.27%", "2014-09-30": "41.62%", "2014-06-30": "45.16%", "2014-03-31": "46.58%", "2013-12-31": "37.25%", "2013-09-30": "40.46%", "2013-06-30": "38.63%", "2013-03-31": "36.36%", "2012-12-31": "47.85%", "2012-09-30": "40.66%", "2012-06-30": "30.83%", "2012-03-31": "29.14%", "2011-12-31": "28.35%", "2011-09-30": "33.52%", "2011-06-30": "39.60%", "2011-03-31": "40.51%", "2010-12-31": "39.48%", "2010-09-30": "40.57%", "2010-06-30": "45.39%", "2010-03-31": "58.58%", "2009-12-31": "70.10%", "2009-09-30": "54.54%", "2009-06-30": "47.57%", "2009-03-31": "32.85%", "2008-12-31": "15.68%", "2008-09-30": "31.52%", "2008-06-30": "36.94%", "2008-03-31": "32.97%", "2007-12-31": "44.12%", "2007-09-30": "44.53%", "2007-06-30": "41.46%", "2007-03-31": "41.15%", "2006-12-31": "38.72%", "2006-09-30": "34.66%", "2006-06-30": "30.02%", "2006-03-31": "39.10%", "2005-12-31": "41.34%"}, "dividend yield history": {"last payout": "$0.04", "last yield": "0.02%"}}