{"ticker": "XEC", "price": {"title": "Cimarex Energy Co Historical Annual Stock Price Data", "value": 47.95, "historical": {"2020": {"Average Stock Price": "29.7369", "Year Open": "52.2200", "Year High": "55.1300", "Year Low": "13.2500", "Year Close": "37.5100", "Annual % Change": "-28.54%"}, "2019": {"Average Stock Price": "57.2339", "Year Open": "62.7100", "Year High": "76.4200", "Year Low": "37.6300", "Year Close": "52.4900", "Annual % Change": "-14.86%"}, "2018": {"Average Stock Price": "93.7719", "Year Open": "125.5100", "Year High": "128.6600", "Year Low": "57.3200", "Year Close": "61.6500", "Annual % Change": "-49.47%"}, "2017": {"Average Stock Price": "114.0020", "Year Open": "138.7900", "Year High": "142.4700", "Year Low": "91.3300", "Year Close": "122.0100", "Annual % Change": "-10.22%"}, "2016": {"Average Stock Price": "115.0703", "Year Open": "90.0000", "Year High": "143.2500", "Year Low": "75.6000", "Year Close": "135.9000", "Annual % Change": "52.05%"}, "2015": {"Average Stock Price": "111.1237", "Year Open": "106.8800", "Year High": "129.4400", "Year Low": "85.2700", "Year Close": "89.3800", "Annual % Change": "-15.68%"}, "2014": {"Average Stock Price": "121.1219", "Year Open": "100.5200", "Year High": "148.7700", "Year Low": "92.7300", "Year Close": "106.0000", "Annual % Change": "1.04%"}, "2013": {"Average Stock Price": "80.3221", "Year Open": "58.2500", "Year High": "110.4300", "Year Low": "58.2500", "Year Close": "104.9100", "Annual % Change": "81.73%"}, "2012": {"Average Stock Price": "62.1428", "Year Open": "65.8400", "Year High": "86.4100", "Year Low": "46.9600", "Year Close": "57.7300", "Annual % Change": "-6.74%"}, "2011": {"Average Stock Price": "84.5438", "Year Open": "90.0000", "Year High": "117.5600", "Year Low": "53.3700", "Year Close": "61.9000", "Annual % Change": "-30.08%"}, "2010": {"Average Stock Price": "69.3100", "Year Open": "55.1700", "Year High": "89.8500", "Year Low": "49.2100", "Year Close": "88.5300", "Annual % Change": "67.13%"}, "2009": {"Average Stock Price": "33.8035", "Year Open": "28.8300", "Year High": "53.9500", "Year Low": "15.9200", "Year Close": "52.9700", "Annual % Change": "97.80%"}, "2008": {"Average Stock Price": "49.6585", "Year Open": "43.1800", "Year High": "73.7000", "Year Low": "22.6800", "Year Close": "26.7800", "Annual % Change": "-37.03%"}, "2007": {"Average Stock Price": "38.3409", "Year Open": "36.6600", "Year High": "42.8600", "Year Low": "34.1200", "Year Close": "42.5300", "Annual % Change": "16.52%"}, "2006": {"Average Stock Price": "39.9088", "Year Open": "44.8700", "Year High": "47.3100", "Year Low": "33.4300", "Year Close": "36.5000", "Annual % Change": "-15.14%"}, "2005": {"Average Stock Price": "39.4030", "Year Open": "36.1100", "Year High": "45.9300", "Year Low": "34.5800", "Year Close": "43.0100", "Annual % Change": "13.48%"}, "2004": {"Average Stock Price": "31.0737", "Year Open": "27.3000", "Year High": "41.0300", "Year Low": "24.5300", "Year Close": "37.9000", "Annual % Change": "42.00%"}, "2003": {"Average Stock Price": "21.0740", "Year Open": "18.4200", "Year High": "28.1400", "Year Low": "17.1700", "Year Close": "26.6900", "Annual % Change": "49.11%"}, "2002": {"Average Stock Price": "15.7359", "Year Open": "16.1000", "Year High": "17.9000", "Year Low": "13.4900", "Year Close": "17.9000", "Annual % Change": "0.00%"}}}, "market cap": {"value": "$4.89B"}, "income statement": {"Revenue": {"2019-12-31": "2362.96900", "2018-12-31": "2339.01700", "2017-12-31": "1918.24900", "2016-12-31": "1257.34500", "2015-12-31": "1452.61900", "2014-12-31": "2424.17600", "2013-12-31": "1998.05100", "2012-12-31": "1623.93800", "2011-12-31": "1757.88900", "2010-12-31": "1613.68300", "2009-12-31": "1009.79400", "2008-12-31": "1970.34700", "2007-12-31": "1430.51300", "2006-12-31": "1265.40000", "2005-12-31": "1118.62200"}, "Cost Of Goods Sold": {"2019-12-31": "339.94100", "2018-12-31": "296.18900", "2017-12-31": "263.34900", "2016-12-31": "232.00200", "2015-12-31": "299.37400", "2014-12-31": "342.30400", "2013-12-31": "286.74200", "2012-12-31": "258.58400", "2011-12-31": "247.04800", "2010-12-31": "194.01500", "2009-12-31": "178.21500", "2008-12-31": "256.84300", "2007-12-31": "201.51200", "2006-12-31": "176.83300", "2005-12-31": "104.06700"}, "Gross Profit": {"2019-12-31": "2023.02800", "2018-12-31": "2042.82800", "2017-12-31": "1654.90000", "2016-12-31": "1025.34300", "2015-12-31": "1153.24500", "2014-12-31": "2081.87200", "2013-12-31": "1711.30900", "2012-12-31": "1365.35400", "2011-12-31": "1510.84100", "2010-12-31": "1419.66800", "2009-12-31": "831.57900", "2008-12-31": "1713.50400", "2007-12-31": "1229.00100", "2006-12-31": "1088.56700", "2005-12-31": "1014.55500"}, "Research And Development Expenses": {"2019-12-31": "", "2018-12-31": "", "2017-12-31": "", "2016-12-31": "", "2015-12-31": "", "2014-12-31": "", "2013-12-31": "", "2012-12-31": "", "2011-12-31": "", "2010-12-31": "", "2009-12-31": "", "2008-12-31": "", "2007-12-31": "", "2006-12-31": "", "2005-12-31": ""}, "SG&A Expenses": {"2019-12-31": "294.48800", "2018-12-31": "254.23400", "2017-12-31": "214.30300", "2016-12-31": "192.15500", "2015-12-31": "217.14900", "2014-12-31": "260.06700", "2013-12-31": "230.35300", "2012-12-31": "185.30600", "2011-12-31": "214.00000", "2010-12-31": "208.90200", "2009-12-31": "147.17200", "2008-12-31": "228.91800", "2007-12-31": "183.52200", "2006-12-31": "167.26300", "2005-12-31": "143.70600"}, "Other Operating Income Or Expenses": {"2019-12-31": "-961.69300", "2018-12-31": "-151.15300", "2017-12-31": "-243.85200", "2016-12-31": "-1012.72700", "2015-12-31": "-4214.38800", "2014-12-31": "-201.85000", "2013-12-31": "30.55600", "2012-12-31": "-95.08900", "2011-12-31": "-68.10300", "2010-12-31": "4.81700", "2009-12-31": "-874.53000", "2008-12-31": "-2378.15000", "2007-12-31": "-41.93500", "2006-12-31": "-7.26900", "2005-12-31": "-102.85400"}, "Operating Expenses": {"2019-12-31": "2478.29500", "2018-12-31": "1292.04900", "2017-12-31": "1167.53500", "2016-12-31": "1829.23200", "2015-12-31": "5462.37100", "2014-12-31": "1579.79800", "2013-12-31": "1102.41300", "2012-12-31": "1052.89500", "2011-12-31": "919.61210", "2010-12-31": "702.32200", "2009-12-31": "1465.61600", "2008-12-31": "3411.31500", "2007-12-31": "888.75990", "2006-12-31": "747.75900", "2005-12-31": "608.91400"}, "Operating Income": {"2019-12-31": "-115.32590", "2018-12-31": "1046.96800", "2017-12-31": "750.71400", "2016-12-31": "-571.88700", "2015-12-31": "-4009.75200", "2014-12-31": "844.37810", "2013-12-31": "895.63790", "2012-12-31": "571.04300", "2011-12-31": "838.27700", "2010-12-31": "911.36100", "2009-12-31": "-455.82210", "2008-12-31": "-1440.96800", "2007-12-31": "541.75300", "2006-12-31": "517.64110", "2005-12-31": "509.70790"}, "Total Non-Operating Income/Expense": {"2019-12-31": "-35.66300", "2018-12-31": "-24.46100", "2017-12-31": "-68.71800", "2016-12-31": "-51.31700", "2015-12-31": "-41.58100", "2014-12-31": "-8.03300", "2013-12-31": "-1.93800", "2012-12-31": "-10.49300", "2011-12-31": "3.20400", "2010-12-31": "2.37000", "2009-12-31": "-32.65900", "2008-12-31": "-10.68100", "2007-12-31": "0.97100", "2006-12-31": "26.68300", "2005-12-31": "6.74700"}, "Pre-Tax Income": {"2019-12-31": "-150.98900", "2018-12-31": "1022.50700", "2017-12-31": "681.99600", "2016-12-31": "-623.20400", "2015-12-31": "-4051.33300", "2014-12-31": "836.34500", "2013-12-31": "893.70000", "2012-12-31": "560.55000", "2011-12-31": "841.48100", "2010-12-31": "913.73100", "2009-12-31": "-488.48100", "2008-12-31": "-1451.64900", "2007-12-31": "542.72400", "2006-12-31": "544.32400", "2005-12-31": "516.45500"}, "Income Taxes": {"2019-12-31": "-26.37000", "2018-12-31": "230.65600", "2017-12-31": "187.66700", "2016-12-31": "-214.40100", "2015-12-31": "-1471.72900", "2014-12-31": "309.84700", "2013-12-31": "329.01100", "2012-12-31": "206.72700", "2011-12-31": "311.54900", "2010-12-31": "338.94900", "2009-12-31": "-176.53800", "2008-12-31": "-536.40400", "2007-12-31": "197.46200", "2006-12-31": "198.60500", "2005-12-31": "188.13000"}, "Income After Taxes": {"2019-12-31": "-124.61900", "2018-12-31": "791.85100", "2017-12-31": "494.32900", "2016-12-31": "-408.80300", "2015-12-31": "-2579.60400", "2014-12-31": "526.49800", "2013-12-31": "564.68900", "2012-12-31": "353.82300", "2011-12-31": "529.93200", "2010-12-31": "574.78200", "2009-12-31": "-311.94300", "2008-12-31": "-915.24510", "2007-12-31": "345.26200", "2006-12-31": "345.71900", "2005-12-31": "328.32500"}, "Other Income": {"2019-12-31": "", "2018-12-31": "", "2017-12-31": "", "2016-12-31": "", "2015-12-31": "", "2014-12-31": "", "2013-12-31": "", "2012-12-31": "", "2011-12-31": "", "2010-12-31": "", "2009-12-31": "", "2008-12-31": "", "2007-12-31": "", "2006-12-31": "", "2005-12-31": ""}, "Income From Continuous Operations": {"2019-12-31": "-124.61900", "2018-12-31": "791.85100", "2017-12-31": "494.32900", "2016-12-31": "-408.80300", "2015-12-31": "-2579.60400", "2014-12-31": "526.49800", "2013-12-31": "564.68900", "2012-12-31": "353.82300", "2011-12-31": "529.93200", "2010-12-31": "574.78200", "2009-12-31": "-311.94300", "2008-12-31": "-915.24510", "2007-12-31": "345.26200", "2006-12-31": "345.71900", "2005-12-31": "328.32500"}, "Income From Discontinued Operations": {"2019-12-31": "", "2018-12-31": "", "2017-12-31": "", "2016-12-31": "", "2015-12-31": "", "2014-12-31": "", "2013-12-31": "", "2012-12-31": "", "2011-12-31": "", "2010-12-31": "", "2009-12-31": "", "2008-12-31": "", "2007-12-31": "", "2006-12-31": "", "2005-12-31": ""}, "Net Income": {"2019-12-31": "-131.21600", "2018-12-31": "780.76700", "2017-12-31": "485.77800", "2016-12-31": "-408.80300", "2015-12-31": "-2579.60400", "2014-12-31": "516.16900", "2013-12-31": "553.59800", "2012-12-31": "347.07000", "2011-12-31": "517.92700", "2010-12-31": "561.98400", "2009-12-31": "-311.94300", "2008-12-31": "-915.24500", "2007-12-31": "345.26200", "2006-12-31": "345.71900", "2005-12-31": "328.32500"}, "EBITDA": {"2019-12-31": "766.84700", "2018-12-31": "1637.44100", "2017-12-31": "1196.74500", "2016-12-31": "-179.53900", "2015-12-31": "-3278.29200", "2014-12-31": "1619.95500", "2013-12-31": "1511.51200", "2012-12-31": "1084.95900", "2011-12-31": "1228.73800", "2010-12-31": "1215.58300", "2009-12-31": "-190.12310", "2008-12-31": "-893.56390", "2007-12-31": "1003.54400", "2006-12-31": "914.03500", "2005-12-31": "767.99490"}, "EBIT": {"2019-12-31": "-115.32590", "2018-12-31": "1046.96800", "2017-12-31": "750.71400", "2016-12-31": "-571.88700", "2015-12-31": "-4009.75200", "2014-12-31": "844.37810", "2013-12-31": "895.63790", "2012-12-31": "571.04300", "2011-12-31": "838.27700", "2010-12-31": "911.36100", "2009-12-31": "-455.82210", "2008-12-31": "-1440.96800", "2007-12-31": "541.75300", "2006-12-31": "517.64110", "2005-12-31": "509.70790"}, "Basic Shares Outstanding": {"2019-12-31": "98.78900", "2018-12-31": "93.79300", "2017-12-31": "93.46600", "2016-12-31": "93.37900", "2015-12-31": "92.99200", "2014-12-31": "85.67900", "2013-12-31": "85.28800", "2012-12-31": "84.75700", "2011-12-31": "83.75500", "2010-12-31": "83.33500", "2009-12-31": "84.19200", "2008-12-31": "83.91400", "2007-12-31": "81.25200", "2006-12-31": "82.06600", "2005-12-31": "64.76100"}, "Shares Outstanding": {"2019-12-31": "98.78900", "2018-12-31": "93.82000", "2017-12-31": "93.50900", "2016-12-31": "93.37900", "2015-12-31": "92.99200", "2014-12-31": "85.81000", "2013-12-31": "85.40900", "2012-12-31": "85.03400", "2011-12-31": "84.15300", "2010-12-31": "83.78700", "2009-12-31": "84.19200", "2008-12-31": "83.91400", "2007-12-31": "81.25200", "2006-12-31": "84.09000", "2005-12-31": "67.00000"}, "Basic EPS": {"2019-12-31": "-1.33000", "2018-12-31": "8.32000", "2017-12-31": "5.19000", "2016-12-31": "-4.38000", "2015-12-31": "-27.75000", "2014-12-31": "6.01000", "2013-12-31": "6.48000", "2012-12-31": "4.08000", "2011-12-31": "6.17000", "2010-12-31": "6.74000", "2009-12-31": "-3.82000", "2008-12-31": "-11.22000", "2007-12-31": "4.15000", "2006-12-31": "4.21000", "2005-12-31": "5.07000"}, "EPS - Earnings Per Share": {"2019-12-31": "-1.33000", "2018-12-31": "8.32000", "2017-12-31": "5.19000", "2016-12-31": "-4.38000", "2015-12-31": "-27.75000", "2014-12-31": "6.00000", "2013-12-31": "6.47000", "2012-12-31": "4.07000", "2011-12-31": "6.15000", "2010-12-31": "6.70000", "2009-12-31": "-3.82000", "2008-12-31": "-11.22000", "2007-12-31": "4.05000", "2006-12-31": "4.11000", "2005-12-31": "4.90000"}}, "income statement, quarterly": {"Revenue": {"2020-09-30": "401.65900", "2020-06-30": "249.38300", "2020-03-31": "472.83000", "2019-12-31": "657.24410", "2019-09-30": "582.30500", "2019-06-30": "546.46300", "2019-03-31": "576.95700", "2018-12-31": "624.12120", "2018-09-30": "591.48800", "2018-06-30": "556.27400", "2018-03-31": "567.13400", "2017-12-31": "550.93990", "2017-09-30": "463.68100", "2017-06-30": "456.45200", "2017-03-31": "447.17600", "2016-12-31": "382.15490", "2016-09-30": "335.71700", "2016-06-30": "298.87300", "2016-03-31": "240.60000", "2015-12-31": "311.27900", "2015-09-30": "356.05500", "2015-06-30": "424.28300", "2015-03-31": "361.00200", "2014-12-31": "538.55110", "2014-09-30": "649.74000", "2014-06-30": "636.66900", "2014-03-31": "599.21600", "2013-12-31": "516.60220", "2013-09-30": "561.33600", "2013-06-30": "493.75700", "2013-03-31": "426.35600", "2012-12-31": "440.86800", "2012-09-30": "406.91200", "2012-06-30": "353.12200", "2012-03-31": "423.03600", "2011-12-31": "430.27110", "2011-09-30": "433.80900", "2011-06-30": "467.21300", "2011-03-31": "426.59600", "2010-12-31": "408.02900", "2010-09-30": "378.58300", "2010-06-30": "378.50100", "2010-03-31": "448.57000", "2009-12-31": "328.79600", "2009-09-30": "249.13400", "2009-06-30": "222.68500", "2009-03-31": "209.17900", "2008-12-31": "298.83610", "2008-09-30": "577.25800", "2008-06-30": "617.04300", "2008-03-31": "477.21000", "2007-12-31": "437.80100", "2007-09-30": "343.75300", "2007-06-30": "342.08400", "2007-03-31": "306.87500", "2006-12-31": "293.88710", "2006-09-30": "322.88200", "2006-06-30": "313.38100", "2006-03-31": "335.25000", "2005-12-31": "429.52600", "2005-09-30": "363.09400", "2005-06-30": "188.05800", "2005-03-31": "137.94400"}, "Cost Of Goods Sold": {"2020-09-30": "62.02500", "2020-06-30": "64.33700", "2020-03-31": "87.23600", "2019-12-31": "82.72200", "2019-09-30": "89.82000", "2019-06-30": "88.99500", "2019-03-31": "78.40400", "2018-12-31": "69.43100", "2018-09-30": "76.27200", "2018-06-30": "79.21500", "2018-03-31": "71.27100", "2017-12-31": "72.94000", "2017-09-30": "65.41000", "2017-06-30": "62.57800", "2017-03-31": "62.42100", "2016-12-31": "108.32400", "2016-09-30": "52.97600", "2016-06-30": "", "2016-03-31": "70.70200", "2015-12-31": "77.22900", "2015-09-30": "69.33400", "2015-06-30": "70.60000", "2015-03-31": "82.21100", "2014-12-31": "91.99400", "2014-09-30": "89.08400", "2014-06-30": "86.08500", "2014-03-31": "75.14100", "2013-12-31": "71.75700", "2013-09-30": "76.16600", "2013-06-30": "69.43300", "2013-03-31": "69.38600", "2012-12-31": "65.76600", "2012-09-30": "62.69900", "2012-06-30": "62.49400", "2012-03-31": "67.62500", "2011-12-31": "65.49000", "2011-09-30": "62.33300", "2011-06-30": "60.74500", "2011-03-31": "58.48000", "2010-12-31": "54.66600", "2010-09-30": "52.01000", "2010-06-30": "45.35600", "2010-03-31": "41.98300", "2009-12-31": "39.08800", "2009-09-30": "42.68200", "2009-06-30": "46.03100", "2009-03-31": "50.41400", "2008-12-31": "100.33700", "2008-09-30": "55.36200", "2008-06-30": "49.09200", "2008-03-31": "52.05200", "2007-12-31": "49.64600", "2007-09-30": "55.94500", "2007-06-30": "50.91600", "2007-03-31": "45.00500", "2006-12-31": "48.63300", "2006-09-30": "42.62400", "2006-06-30": "43.80400", "2006-03-31": "41.77200", "2005-12-31": "36.01100", "2005-09-30": "40.47300", "2005-06-30": "17.41200", "2005-03-31": "10.17100"}, "Gross Profit": {"2020-09-30": "339.63400", "2020-06-30": "185.04600", "2020-03-31": "385.59400", "2019-12-31": "574.52210", "2019-09-30": "492.48500", "2019-06-30": "457.46800", "2019-03-31": "498.55300", "2018-12-31": "554.69020", "2018-09-30": "515.21590", "2018-06-30": "477.05900", "2018-03-31": "495.86300", "2017-12-31": "477.99990", "2017-09-30": "398.27100", "2017-06-30": "393.87400", "2017-03-31": "384.75500", "2016-12-31": "273.83090", "2016-09-30": "282.74100", "2016-06-30": "298.87300", "2016-03-31": "169.89800", "2015-12-31": "234.05000", "2015-09-30": "286.72100", "2015-06-30": "353.68300", "2015-03-31": "278.79100", "2014-12-31": "446.55710", "2014-09-30": "560.65600", "2014-06-30": "550.58400", "2014-03-31": "524.07500", "2013-12-31": "444.84520", "2013-09-30": "485.17000", "2013-06-30": "424.32400", "2013-03-31": "356.97000", "2012-12-31": "375.10200", "2012-09-30": "344.21300", "2012-06-30": "290.62800", "2012-03-31": "355.41100", "2011-12-31": "364.78110", "2011-09-30": "371.47600", "2011-06-30": "406.46800", "2011-03-31": "368.11600", "2010-12-31": "353.36300", "2010-09-30": "326.57300", "2010-06-30": "333.14500", "2010-03-31": "406.58700", "2009-12-31": "289.70800", "2009-09-30": "206.45200", "2009-06-30": "176.65400", "2009-03-31": "158.76500", "2008-12-31": "198.49910", "2008-09-30": "521.89600", "2008-06-30": "567.95100", "2008-03-31": "425.15800", "2007-12-31": "388.15500", "2007-09-30": "287.80800", "2007-06-30": "291.16800", "2007-03-31": "261.87000", "2006-12-31": "245.25410", "2006-09-30": "280.25800", "2006-06-30": "269.57700", "2006-03-31": "293.47800", "2005-12-31": "393.51500", "2005-09-30": "322.62100", "2005-06-30": "170.64600", "2005-03-31": "127.77300"}, "Research And Development Expenses": {"2020-09-30": "", "2020-06-30": "", "2020-03-31": "", "2019-12-31": "", "2019-09-30": "", "2019-06-30": "", "2019-03-31": "", "2018-12-31": "", "2018-09-30": "", "2018-06-30": "", "2018-03-31": "", "2017-12-31": "", "2017-09-30": "", "2017-06-30": "", "2017-03-31": "", "2016-12-31": "", "2016-09-30": "", "2016-06-30": "", "2016-03-31": "", "2015-12-31": "", "2015-09-30": "", "2015-06-30": "", "2015-03-31": "", "2014-12-31": "", "2014-09-30": "", "2014-06-30": "", "2014-03-31": "", "2013-12-31": "", "2013-09-30": "", "2013-06-30": "", "2013-03-31": "", "2012-12-31": "", "2012-09-30": "", "2012-06-30": "", "2012-03-31": "", "2011-12-31": "", "2011-09-30": "", "2011-06-30": "", "2011-03-31": "", "2010-12-31": "", "2010-09-30": "", "2010-06-30": "", "2010-03-31": "", "2009-12-31": "", "2009-09-30": "", "2009-06-30": "", "2009-03-31": "", "2008-12-31": "", "2008-09-30": "", "2008-06-30": "", "2008-03-31": "", "2007-12-31": "", "2007-09-30": "", "2007-06-30": "", "2007-03-31": "", "2006-12-31": "", "2006-09-30": "", "2006-06-30": "", "2006-03-31": "", "2005-12-31": "", "2005-09-30": "", "2005-06-30": "", "2005-03-31": ""}, "SG&A Expenses": {"2020-09-30": "65.80700", "2020-06-30": "52.98500", "2020-03-31": "71.16200", "2019-12-31": "82.37500", "2019-09-30": "58.44200", "2019-06-30": "78.99800", "2019-03-31": "74.67300", "2018-12-31": "57.35600", "2018-09-30": "66.58500", "2018-06-30": "60.23100", "2018-03-31": "70.06200", "2017-12-31": "46.81500", "2017-09-30": "61.24700", "2017-06-30": "52.17900", "2017-03-31": "54.06200", "2016-12-31": "-6.63500", "2016-09-30": "49.76100", "2016-06-30": "107.68500", "2016-03-31": "41.34400", "2015-12-31": "55.58700", "2015-09-30": "53.29600", "2015-06-30": "56.32800", "2015-03-31": "51.93800", "2014-12-31": "64.80200", "2014-09-30": "65.94100", "2014-06-30": "62.48300", "2014-03-31": "66.84100", "2013-12-31": "60.12900", "2013-09-30": "60.42400", "2013-06-30": "59.33400", "2013-03-31": "50.46600", "2012-12-31": "38.22400", "2012-09-30": "52.63400", "2012-06-30": "45.75600", "2012-03-31": "48.69200", "2011-12-31": "51.23500", "2011-09-30": "50.78100", "2011-06-30": "54.35900", "2011-03-31": "57.62500", "2010-12-31": "57.71000", "2010-09-30": "47.18600", "2010-06-30": "49.32000", "2010-03-31": "54.68600", "2009-12-31": "45.66600", "2009-09-30": "39.55700", "2009-06-30": "31.27900", "2009-03-31": "30.67000", "2008-12-31": "38.40900", "2008-09-30": "66.85600", "2008-06-30": "69.01200", "2008-03-31": "54.64100", "2007-12-31": "51.10200", "2007-09-30": "42.97800", "2007-06-30": "46.18300", "2007-03-31": "43.25900", "2006-12-31": "40.59900", "2006-09-30": "43.30600", "2006-06-30": "40.40600", "2006-03-31": "42.95200", "2005-12-31": "54.55100", "2005-09-30": "44.81100", "2005-06-30": "24.27900", "2005-03-31": "20.06500"}, "Other Operating Income Or Expenses": {"2020-09-30": "-474.09200", "2020-06-30": "-1120.15600", "2020-03-31": "-166.60800", "2019-12-31": "-726.80800", "2019-09-30": "-33.39700", "2019-06-30": "-16.08600", "2019-03-31": "-185.40200", "2018-12-31": "87.68700", "2018-09-30": "-115.63400", "2018-06-30": "-80.93700", "2018-03-31": "-42.26900", "2017-12-31": "-117.02500", "2017-09-30": "-76.08800", "2017-06-30": "-37.34100", "2017-03-31": "-13.39800", "2016-12-31": "-86.04800", "2016-09-30": "-146.75300", "2016-06-30": "-412.73700", "2016-03-31": "-367.18900", "2015-12-31": "-1327.93900", "2015-09-30": "-1227.64600", "2015-06-30": "-1013.30200", "2015-03-31": "-645.50100", "2014-12-31": "-39.26900", "2014-09-30": "-46.58300", "2014-06-30": "-52.69400", "2014-03-31": "-63.30400", "2013-12-31": "110.70100", "2013-09-30": "-40.96600", "2013-06-30": "-13.61100", "2013-03-31": "-25.56800", "2012-12-31": "-38.01100", "2012-09-30": "-25.55800", "2012-06-30": "-8.25100", "2012-03-31": "-23.26900", "2011-12-31": "-19.55100", "2011-09-30": "-12.59100", "2011-06-30": "1.04100", "2011-03-31": "-37.00200", "2010-12-31": "-23.21400", "2010-09-30": "-1.54800", "2010-06-30": "-11.05300", "2010-03-31": "40.63200", "2009-12-31": "-12.78800", "2009-09-30": "-33.05200", "2009-06-30": "-16.30900", "2009-03-31": "-812.38100", "2008-12-31": "-1673.02700", "2008-09-30": "-681.61600", "2008-06-30": "-12.56800", "2008-03-31": "-10.93900", "2007-12-31": "-9.52900", "2007-09-30": "-12.87300", "2007-06-30": "-11.27900", "2007-03-31": "-8.25400", "2006-12-31": "-10.37400", "2006-09-30": "-3.04000", "2006-06-30": "-3.63500", "2006-03-31": "9.78000", "2005-12-31": "-6.29300", "2005-09-30": "-87.51400", "2005-06-30": "-6.18800", "2005-03-31": "-2.85900"}, "Operating Expenses": {"2020-09-30": "757.39100", "2020-06-30": "1432.43200", "2020-03-31": "1254.53900", "2019-12-31": "1142.35600", "2019-09-30": "409.63700", "2019-06-30": "397.40600", "2019-03-31": "528.89600", "2018-12-31": "217.02400", "2018-09-30": "394.79300", "2018-06-30": "363.77100", "2018-03-31": "316.46100", "2017-12-31": "367.71500", "2017-09-30": "314.14100", "2017-06-30": "259.98200", "2017-03-31": "225.69700", "2016-12-31": "277.08590", "2016-09-30": "339.76700", "2016-06-30": "622.50800", "2016-03-31": "589.87100", "2015-12-31": "1572.33200", "2015-09-30": "1535.93000", "2015-06-30": "1357.68100", "2015-03-31": "996.42800", "2014-12-31": "383.36290", "2014-09-30": "420.96700", "2014-06-30": "396.25100", "2014-03-31": "379.21700", "2013-12-31": "194.20810", "2013-09-30": "336.73800", "2013-06-30": "289.60900", "2013-03-31": "281.85800", "2012-12-31": "280.43090", "2012-09-30": "276.87800", "2012-06-30": "237.73800", "2012-03-31": "257.84800", "2011-12-31": "247.18310", "2011-09-30": "230.38600", "2011-06-30": "203.91000", "2011-03-31": "238.13300", "2010-12-31": "218.25110", "2010-09-30": "179.44900", "2010-06-30": "178.87500", "2010-03-31": "125.74700", "2009-12-31": "157.45010", "2009-09-30": "174.53100", "2009-06-30": "150.50400", "2009-03-31": "983.13100", "2008-12-31": "1952.98800", "2008-09-30": "951.26610", "2008-06-30": "263.87300", "2008-03-31": "243.18800", "2007-12-31": "232.75300", "2007-09-30": "229.43000", "2007-06-30": "221.17500", "2007-03-31": "205.40200", "2006-12-31": "205.69500", "2006-09-30": "193.87400", "2006-06-30": "182.61800", "2006-03-31": "165.57200", "2005-12-31": "174.56200", "2005-09-30": "257.02600", "2005-06-30": "106.14600", "2005-03-31": "71.18000"}, "Operating Income": {"2020-09-30": "-355.73200", "2020-06-30": "-1183.04900", "2020-03-31": "-781.70910", "2019-12-31": "-485.11190", "2019-09-30": "172.66800", "2019-06-30": "149.05700", "2019-03-31": "48.06100", "2018-12-31": "407.09720", "2018-09-30": "196.69500", "2018-06-30": "192.50300", "2018-03-31": "250.67300", "2017-12-31": "183.22490", "2017-09-30": "149.54000", "2017-06-30": "196.47000", "2017-03-31": "221.47900", "2016-12-31": "105.06910", "2016-09-30": "-4.05000", "2016-06-30": "-323.63500", "2016-03-31": "-349.27100", "2015-12-31": "-1261.05300", "2015-09-30": "-1179.87500", "2015-06-30": "-933.39810", "2015-03-31": "-635.42600", "2014-12-31": "155.18820", "2014-09-30": "228.77300", "2014-06-30": "240.41800", "2014-03-31": "219.99900", "2013-12-31": "322.39410", "2013-09-30": "224.59800", "2013-06-30": "204.14800", "2013-03-31": "144.49800", "2012-12-31": "160.43710", "2012-09-30": "130.03400", "2012-06-30": "115.38400", "2012-03-31": "165.18800", "2011-12-31": "183.08800", "2011-09-30": "203.42300", "2011-06-30": "263.30300", "2011-03-31": "188.46300", "2010-12-31": "189.77790", "2010-09-30": "199.13400", "2010-06-30": "199.62600", "2010-03-31": "322.82300", "2009-12-31": "171.34590", "2009-09-30": "74.60300", "2009-06-30": "72.18100", "2009-03-31": "-773.95200", "2008-12-31": "-1654.15200", "2008-09-30": "-374.00810", "2008-06-30": "353.17000", "2008-03-31": "234.02200", "2007-12-31": "205.04810", "2007-09-30": "114.32300", "2007-06-30": "120.90900", "2007-03-31": "101.47300", "2006-12-31": "88.19210", "2006-09-30": "129.00800", "2006-06-30": "130.76300", "2006-03-31": "169.67800", "2005-12-31": "254.96400", "2005-09-30": "106.06800", "2005-06-30": "81.91200", "2005-03-31": "66.76400"}, "Total Non-Operating Income/Expense": {"2020-09-30": "-9.50300", "2020-06-30": "-13.60400", "2020-03-31": "-9.12800", "2019-12-31": "-8.10700", "2019-09-30": "-8.18200", "2019-06-30": "-5.70200", "2019-03-31": "-13.67200", "2018-12-31": "-3.45700", "2018-09-30": "-4.15800", "2018-06-30": "-9.44000", "2018-03-31": "-7.40600", "2017-12-31": "-9.02400", "2017-09-30": "-6.90200", "2017-06-30": "-40.59100", "2017-03-31": "-12.20100", "2016-12-31": "-12.20400", "2016-09-30": "-11.68200", "2016-06-30": "-13.18000", "2016-03-31": "-14.25100", "2015-12-31": "-12.51300", "2015-09-30": "-11.94100", "2015-06-30": "-8.87300", "2015-03-31": "-8.25400", "2014-12-31": "-4.46500", "2014-09-30": "0.24900", "2014-06-30": "-4.02000", "2014-03-31": "0.20300", "2013-12-31": "1.82900", "2013-09-30": "-4.40500", "2013-06-30": "2.03300", "2013-03-31": "-1.39500", "2012-12-31": "-3.57700", "2012-09-30": "2.16700", "2012-06-30": "-12.94500", "2012-03-31": "3.86200", "2011-12-31": "1.74700", "2011-09-30": "1.57800", "2011-06-30": "1.03000", "2011-03-31": "-1.15100", "2010-12-31": "1.45800", "2010-09-30": "4.68700", "2010-06-30": "-3.66700", "2010-03-31": "-0.10800", "2009-12-31": "-7.11800", "2009-09-30": "-9.06500", "2009-06-30": "-11.36700", "2009-03-31": "-5.10900", "2008-12-31": "-17.43600", "2008-09-30": "5.69100", "2008-06-30": "2.13800", "2008-03-31": "-1.07400", "2007-12-31": "-4.31100", "2007-09-30": "1.22300", "2007-06-30": "3.73700", "2007-03-31": "0.32200", "2006-12-31": "1.77600", "2006-09-30": "19.69600", "2006-06-30": "1.19500", "2006-03-31": "4.01600", "2005-12-31": "10.94200", "2005-09-30": "-5.98700", "2005-06-30": "0.73900", "2005-03-31": "1.05300"}, "Pre-Tax Income": {"2020-09-30": "-365.23500", "2020-06-30": "-1196.65300", "2020-03-31": "-790.83700", "2019-12-31": "-493.21900", "2019-09-30": "164.48600", "2019-06-30": "143.35500", "2019-03-31": "34.38900", "2018-12-31": "403.64000", "2018-09-30": "192.53700", "2018-06-30": "183.06300", "2018-03-31": "243.26700", "2017-12-31": "174.20100", "2017-09-30": "142.63800", "2017-06-30": "155.87900", "2017-03-31": "209.27800", "2016-12-31": "92.86500", "2016-09-30": "-15.73200", "2016-06-30": "-336.81500", "2016-03-31": "-363.52200", "2015-12-31": "-1273.56600", "2015-09-30": "-1191.81600", "2015-06-30": "-942.27100", "2015-03-31": "-643.68000", "2014-12-31": "150.72300", "2014-09-30": "229.02200", "2014-06-30": "236.39800", "2014-03-31": "220.20200", "2013-12-31": "324.22300", "2013-09-30": "220.19300", "2013-06-30": "206.18100", "2013-03-31": "143.10300", "2012-12-31": "156.86000", "2012-09-30": "132.20100", "2012-06-30": "102.43900", "2012-03-31": "169.05000", "2011-12-31": "184.83500", "2011-09-30": "205.00100", "2011-06-30": "264.33300", "2011-03-31": "187.31200", "2010-12-31": "191.23610", "2010-09-30": "203.82100", "2010-06-30": "195.95900", "2010-03-31": "322.71500", "2009-12-31": "164.22800", "2009-09-30": "65.53800", "2009-06-30": "60.81400", "2009-03-31": "-779.06100", "2008-12-31": "-1671.58800", "2008-09-30": "-368.31700", "2008-06-30": "355.30800", "2008-03-31": "232.94800", "2007-12-31": "200.73700", "2007-09-30": "115.54600", "2007-06-30": "124.64600", "2007-03-31": "101.79500", "2006-12-31": "89.96800", "2006-09-30": "148.70400", "2006-06-30": "131.95800", "2006-03-31": "173.69400", "2005-12-31": "265.90600", "2005-09-30": "100.08100", "2005-06-30": "82.65100", "2005-03-31": "67.81700"}, "Income Taxes": {"2020-09-30": "-72.49500", "2020-06-30": "-271.50600", "2020-03-31": "-16.55500", "2019-12-31": "-109.12800", "2019-09-30": "40.63900", "2019-06-30": "34.04600", "2019-03-31": "8.07300", "2018-12-31": "87.45800", "2018-09-30": "44.18300", "2018-06-30": "42.06600", "2018-03-31": "56.94900", "2017-12-31": "-0.49500", "2017-09-30": "51.23900", "2017-06-30": "58.61700", "2017-03-31": "78.30600", "2016-12-31": "45.08200", "2016-09-30": "-5.05900", "2016-06-30": "-122.36100", "2016-03-31": "-132.06300", "2015-12-31": "-472.40200", "2015-09-30": "-428.53200", "2015-06-30": "-342.05600", "2015-03-31": "-228.73900", "2014-12-31": "55.63700", "2014-09-30": "84.70700", "2014-06-30": "87.75800", "2014-03-31": "81.74500", "2013-12-31": "117.39600", "2013-09-30": "81.82300", "2013-06-30": "76.61600", "2013-03-31": "53.17600", "2012-12-31": "57.70800", "2012-09-30": "47.93900", "2012-06-30": "38.13700", "2012-03-31": "62.94300", "2011-12-31": "67.96600", "2011-09-30": "76.84900", "2011-06-30": "97.58400", "2011-03-31": "69.15000", "2010-12-31": "73.65100", "2010-09-30": "75.60500", "2010-06-30": "71.33900", "2010-03-31": "118.35400", "2009-12-31": "59.58300", "2009-09-30": "26.83300", "2009-06-30": "22.00700", "2009-03-31": "-284.96100", "2008-12-31": "-610.21500", "2008-09-30": "-135.89400", "2008-06-30": "126.29500", "2008-03-31": "83.41000", "2007-12-31": "71.96600", "2007-09-30": "42.39000", "2007-06-30": "45.93900", "2007-03-31": "37.16700", "2006-12-31": "31.22300", "2006-09-30": "54.74700", "2006-06-30": "49.09200", "2006-03-31": "63.54300", "2005-12-31": "97.49800", "2005-09-30": "36.00600", "2005-06-30": "30.17400", "2005-03-31": "24.45200"}, "Income After Taxes": {"2020-09-30": "-292.74000", "2020-06-30": "-925.14700", "2020-03-31": "-774.28200", "2019-12-31": "-384.09100", "2019-09-30": "123.84700", "2019-06-30": "109.30900", "2019-03-31": "26.31600", "2018-12-31": "316.18200", "2018-09-30": "148.35400", "2018-06-30": "140.99700", "2018-03-31": "186.31800", "2017-12-31": "174.69600", "2017-09-30": "91.39900", "2017-06-30": "97.26200", "2017-03-31": "130.97200", "2016-12-31": "47.78300", "2016-09-30": "-10.67300", "2016-06-30": "-214.45400", "2016-03-31": "-231.45900", "2015-12-31": "-801.16400", "2015-09-30": "-763.28410", "2015-06-30": "-600.21500", "2015-03-31": "-414.94100", "2014-12-31": "95.08600", "2014-09-30": "144.31500", "2014-06-30": "148.64000", "2014-03-31": "138.45700", "2013-12-31": "206.82700", "2013-09-30": "138.37000", "2013-06-30": "129.56500", "2013-03-31": "89.92700", "2012-12-31": "99.15200", "2012-09-30": "84.26200", "2012-06-30": "64.30200", "2012-03-31": "106.10700", "2011-12-31": "116.86900", "2011-09-30": "128.15200", "2011-06-30": "166.74900", "2011-03-31": "118.16200", "2010-12-31": "117.58500", "2010-09-30": "128.21600", "2010-06-30": "124.62000", "2010-03-31": "204.36100", "2009-12-31": "104.64500", "2009-09-30": "38.70500", "2009-06-30": "38.80700", "2009-03-31": "-494.10000", "2008-12-31": "-1061.37300", "2008-09-30": "-232.42300", "2008-06-30": "229.01300", "2008-03-31": "149.53800", "2007-12-31": "128.77100", "2007-09-30": "73.15600", "2007-06-30": "78.70700", "2007-03-31": "64.62800", "2006-12-31": "58.74500", "2006-09-30": "93.95700", "2006-06-30": "82.86600", "2006-03-31": "110.15100", "2005-12-31": "168.40800", "2005-09-30": "64.07500", "2005-06-30": "52.47700", "2005-03-31": "43.36500"}, "Other Income": {"2020-09-30": "", "2020-06-30": "", "2020-03-31": "", "2019-12-31": "", "2019-09-30": "", "2019-06-30": "", "2019-03-31": "", "2018-12-31": "", "2018-09-30": "", "2018-06-30": "", "2018-03-31": "", "2017-12-31": "", "2017-09-30": "", "2017-06-30": "", "2017-03-31": "", "2016-12-31": "", "2016-09-30": "", "2016-06-30": "", "2016-03-31": "", "2015-12-31": "", "2015-09-30": "", "2015-06-30": "", "2015-03-31": "", "2014-12-31": "", "2014-09-30": "", "2014-06-30": "", "2014-03-31": "", "2013-12-31": "", "2013-09-30": "", "2013-06-30": "", "2013-03-31": "", "2012-12-31": "", "2012-09-30": "", "2012-06-30": "", "2012-03-31": "", "2011-12-31": "", "2011-09-30": "", "2011-06-30": "", "2011-03-31": "", "2010-12-31": "", "2010-09-30": "", "2010-06-30": "", "2010-03-31": "", "2009-12-31": "", "2009-09-30": "", "2009-06-30": "", "2009-03-31": "", "2008-12-31": "", "2008-09-30": "", "2008-06-30": "", "2008-03-31": "", "2007-12-31": "", "2007-09-30": "", "2007-06-30": "", "2007-03-31": "", "2006-12-31": "", "2006-09-30": "", "2006-06-30": "", "2006-03-31": "", "2005-12-31": "", "2005-09-30": "", "2005-06-30": "", "2005-03-31": ""}, "Income From Continuous Operations": {"2020-09-30": "-292.74000", "2020-06-30": "-925.14700", "2020-03-31": "-774.28200", "2019-12-31": "-384.09100", "2019-09-30": "123.84700", "2019-06-30": "109.30900", "2019-03-31": "26.31600", "2018-12-31": "316.18200", "2018-09-30": "148.35400", "2018-06-30": "140.99700", "2018-03-31": "186.31800", "2017-12-31": "174.69600", "2017-09-30": "91.39900", "2017-06-30": "97.26200", "2017-03-31": "130.97200", "2016-12-31": "47.78300", "2016-09-30": "-10.67300", "2016-06-30": "-214.45400", "2016-03-31": "-231.45900", "2015-12-31": "-801.16400", "2015-09-30": "-763.28410", "2015-06-30": "-600.21500", "2015-03-31": "-414.94100", "2014-12-31": "95.08600", "2014-09-30": "144.31500", "2014-06-30": "148.64000", "2014-03-31": "138.45700", "2013-12-31": "206.82700", "2013-09-30": "138.37000", "2013-06-30": "129.56500", "2013-03-31": "89.92700", "2012-12-31": "99.15200", "2012-09-30": "84.26200", "2012-06-30": "64.30200", "2012-03-31": "106.10700", "2011-12-31": "116.86900", "2011-09-30": "128.15200", "2011-06-30": "166.74900", "2011-03-31": "118.16200", "2010-12-31": "117.58500", "2010-09-30": "128.21600", "2010-06-30": "124.62000", "2010-03-31": "204.36100", "2009-12-31": "104.64500", "2009-09-30": "38.70500", "2009-06-30": "38.80700", "2009-03-31": "-494.10000", "2008-12-31": "-1061.37300", "2008-09-30": "-232.42300", "2008-06-30": "229.01300", "2008-03-31": "149.53800", "2007-12-31": "128.77100", "2007-09-30": "73.15600", "2007-06-30": "78.70700", "2007-03-31": "64.62800", "2006-12-31": "58.74500", "2006-09-30": "93.95700", "2006-06-30": "82.86600", "2006-03-31": "110.15100", "2005-12-31": "168.40800", "2005-09-30": "64.07500", "2005-06-30": "52.47700", "2005-03-31": "43.36500"}, "Income From Discontinued Operations": {"2020-09-30": "", "2020-06-30": "", "2020-03-31": "", "2019-12-31": "", "2019-09-30": "", "2019-06-30": "", "2019-03-31": "", "2018-12-31": "", "2018-09-30": "", "2018-06-30": "", "2018-03-31": "", "2017-12-31": "", "2017-09-30": "", "2017-06-30": "", "2017-03-31": "", "2016-12-31": "", "2016-09-30": "", "2016-06-30": "", "2016-03-31": "", "2015-12-31": "", "2015-09-30": "", "2015-06-30": "", "2015-03-31": "", "2014-12-31": "", "2014-09-30": "", "2014-06-30": "", "2014-03-31": "", "2013-12-31": "", "2013-09-30": "", "2013-06-30": "", "2013-03-31": "", "2012-12-31": "", "2012-09-30": "", "2012-06-30": "", "2012-03-31": "", "2011-12-31": "", "2011-09-30": "", "2011-06-30": "", "2011-03-31": "", "2010-12-31": "", "2010-09-30": "", "2010-06-30": "", "2010-03-31": "", "2009-12-31": "", "2009-09-30": "", "2009-06-30": "", "2009-03-31": "", "2008-12-31": "", "2008-09-30": "", "2008-06-30": "", "2008-03-31": "", "2007-12-31": "", "2007-09-30": "", "2007-06-30": "", "2007-03-31": "", "2006-12-31": "", "2006-09-30": "", "2006-06-30": "", "2006-03-31": "", "2005-12-31": "", "2005-09-30": "", "2005-06-30": "", "2005-03-31": ""}, "Net Income": {"2020-09-30": "-294.30800", "2020-06-30": "-926.98500", "2020-03-31": "-776.10100", "2019-12-31": "-382.94000", "2019-09-30": "120.67900", "2019-06-30": "106.44300", "2019-03-31": "24.60200", "2018-12-31": "307.16710", "2018-09-30": "146.28500", "2018-06-30": "140.99700", "2018-03-31": "186.31800", "2017-12-31": "167.71700", "2017-09-30": "89.82700", "2017-06-30": "97.26200", "2017-03-31": "130.97200", "2016-12-31": "47.78300", "2016-09-30": "-10.67300", "2016-06-30": "-214.45400", "2016-03-31": "-231.45900", "2015-12-31": "-801.16390", "2015-09-30": "-763.28400", "2015-06-30": "-600.21500", "2015-03-31": "-414.94100", "2014-12-31": "91.77500", "2014-09-30": "141.90400", "2014-06-30": "146.32000", "2014-03-31": "136.17000", "2013-12-31": "201.62700", "2013-09-30": "135.99500", "2013-06-30": "127.43400", "2013-03-31": "88.54200", "2012-12-31": "95.32000", "2012-09-30": "82.63400", "2012-06-30": "63.00900", "2012-03-31": "106.10700", "2011-12-31": "104.86400", "2011-09-30": "128.15200", "2011-06-30": "166.74900", "2011-03-31": "118.16200", "2010-12-31": "104.78700", "2010-09-30": "128.21600", "2010-06-30": "124.62000", "2010-03-31": "204.36100", "2009-12-31": "104.64500", "2009-09-30": "38.70500", "2009-06-30": "38.80700", "2009-03-31": "-494.10000", "2008-12-31": "-1061.37300", "2008-09-30": "-232.42300", "2008-06-30": "229.01300", "2008-03-31": "149.53800", "2007-12-31": "128.77100", "2007-09-30": "73.15600", "2007-06-30": "78.70700", "2007-03-31": "64.62800", "2006-12-31": "58.74500", "2006-09-30": "93.95700", "2006-06-30": "82.86600", "2006-03-31": "110.15100", "2005-12-31": "168.40800", "2005-09-30": "64.07500", "2005-06-30": "52.47700", "2005-03-31": "43.36500"}, "EBITDA": {"2020-09-30": "-199.37900", "2020-06-30": "-272.83010", "2020-03-31": "-565.83910", "2019-12-31": "-236.94590", "2019-09-30": "401.42900", "2019-06-30": "363.16710", "2019-03-31": "239.19700", "2018-12-31": "582.83810", "2018-09-30": "333.72400", "2018-06-30": "336.61800", "2018-03-31": "384.26100", "2017-12-31": "314.15990", "2017-09-30": "260.93600", "2017-06-30": "304.35400", "2017-03-31": "317.29500", "2016-12-31": "194.41810", "2016-09-30": "86.22700", "2016-06-30": "-221.54900", "2016-03-31": "-238.63500", "2015-12-31": "-1149.47600", "2015-09-30": "-994.22100", "2015-06-30": "-715.94710", "2015-03-31": "-418.64790", "2014-12-31": "342.48620", "2014-09-30": "448.13200", "2014-06-30": "435.40700", "2014-03-31": "393.93000", "2013-12-31": "495.41710", "2013-09-30": "383.78000", "2013-06-30": "351.37900", "2013-03-31": "280.93600", "2012-12-31": "298.86710", "2012-09-30": "266.02100", "2012-06-30": "236.62100", "2012-03-31": "283.45000", "2011-12-31": "293.99500", "2011-09-30": "308.10390", "2011-06-30": "353.15000", "2011-03-31": "273.48900", "2010-12-31": "272.43890", "2010-09-30": "277.83900", "2010-06-30": "272.77200", "2010-03-31": "392.53300", "2009-12-31": "231.25400", "2009-09-30": "133.84300", "2009-06-30": "129.06600", "2009-03-31": "-684.28590", "2008-12-31": "-1512.93700", "2008-09-30": "-226.57600", "2008-06-30": "486.37100", "2008-03-31": "359.57800", "2007-12-31": "327.52400", "2007-09-30": "231.95700", "2007-06-30": "233.70600", "2007-03-31": "210.35700", "2006-12-31": "194.28110", "2006-09-30": "233.91200", "2006-06-30": "225.53600", "2006-03-31": "260.30600", "2005-12-31": "340.75790", "2005-09-30": "188.89400", "2005-06-30": "133.49400", "2005-03-31": "104.84900"}, "EBIT": {"2020-09-30": "-355.73200", "2020-06-30": "-1183.04900", "2020-03-31": "-781.70910", "2019-12-31": "-485.11200", "2019-09-30": "172.66800", "2019-06-30": "149.05700", "2019-03-31": "48.06100", "2018-12-31": "407.09720", "2018-09-30": "196.69500", "2018-06-30": "192.50300", "2018-03-31": "250.67300", "2017-12-31": "183.22500", "2017-09-30": "149.54000", "2017-06-30": "196.47000", "2017-03-31": "221.47900", "2016-12-31": "105.06910", "2016-09-30": "-4.05000", "2016-06-30": "-323.63500", "2016-03-31": "-349.27100", "2015-12-31": "-1261.05300", "2015-09-30": "-1179.87500", "2015-06-30": "-933.39810", "2015-03-31": "-635.42600", "2014-12-31": "155.18810", "2014-09-30": "228.77300", "2014-06-30": "240.41800", "2014-03-31": "219.99900", "2013-12-31": "322.39390", "2013-09-30": "224.59800", "2013-06-30": "204.14800", "2013-03-31": "144.49800", "2012-12-31": "160.43700", "2012-09-30": "130.03400", "2012-06-30": "115.38400", "2012-03-31": "165.18800", "2011-12-31": "183.08800", "2011-09-30": "203.42300", "2011-06-30": "263.30300", "2011-03-31": "188.46300", "2010-12-31": "189.77800", "2010-09-30": "199.13400", "2010-06-30": "199.62600", "2010-03-31": "322.82300", "2009-12-31": "171.34590", "2009-09-30": "74.60300", "2009-06-30": "72.18100", "2009-03-31": "-773.95200", "2008-12-31": "-1654.15200", "2008-09-30": "-374.00810", "2008-06-30": "353.17000", "2008-03-31": "234.02200", "2007-12-31": "205.04800", "2007-09-30": "114.32300", "2007-06-30": "120.90900", "2007-03-31": "101.47300", "2006-12-31": "88.19210", "2006-09-30": "129.00800", "2006-06-30": "130.76300", "2006-03-31": "169.67800", "2005-12-31": "254.96400", "2005-09-30": "106.06800", "2005-06-30": "81.91200", "2005-03-31": "66.76400"}, "Basic Shares Outstanding": {"2020-09-30": "100.01300", "2020-06-30": "99.88000", "2020-03-31": "99.84200", "2019-12-31": "98.78900", "2019-09-30": "99.73500", "2019-06-30": "99.65800", "2019-03-31": "95.92200", "2018-12-31": "93.79300", "2018-09-30": "93.84500", "2018-06-30": "93.72800", "2018-03-31": "93.69900", "2017-12-31": "93.46600", "2017-09-30": "93.50100", "2017-06-30": "93.40200", "2017-03-31": "93.38900", "2016-12-31": "93.37900", "2016-09-30": "93.22100", "2016-06-30": "93.07500", "2016-03-31": "93.00000", "2015-12-31": "92.99200", "2015-09-30": "92.96900", "2015-06-30": "92.83100", "2015-03-31": "85.77000", "2014-12-31": "85.67900", "2014-09-30": "85.64300", "2014-06-30": "85.53200", "2014-03-31": "85.44300", "2013-12-31": "85.28800", "2013-09-30": "85.21300", "2013-06-30": "84.94200", "2013-03-31": "84.92000", "2012-12-31": "84.75700", "2012-09-30": "84.68100", "2012-06-30": "83.98400", "2012-03-31": "83.93700", "2011-12-31": "83.75500", "2011-09-30": "85.80600", "2011-06-30": "85.65500", "2011-03-31": "85.62600", "2010-12-31": "83.33500", "2010-09-30": "85.34800", "2010-06-30": "84.74200", "2010-03-31": "84.53100", "2009-12-31": "84.19200", "2009-09-30": "84.16200", "2009-06-30": "84.05300", "2009-03-31": "83.94800", "2008-12-31": "83.91400", "2008-09-30": "83.92700", "2008-06-30": "83.73800", "2008-03-31": "83.55300", "2007-12-31": "81.25200", "2007-09-30": "81.56800", "2007-06-30": "82.28200", "2007-03-31": "82.22200", "2006-12-31": "82.06600", "2006-09-30": "82.05200", "2006-06-30": "82.04600", "2006-03-31": "82.63300", "2005-12-31": "64.76100", "2005-09-30": "82.28400", "2005-06-30": "51.96700", "2005-03-31": "41.74900"}, "Shares Outstanding": {"2020-09-30": "100.01300", "2020-06-30": "99.88000", "2020-03-31": "99.84200", "2019-12-31": "98.78900", "2019-09-30": "99.73500", "2019-06-30": "99.66500", "2019-03-31": "95.93200", "2018-12-31": "93.82000", "2018-09-30": "93.86700", "2018-06-30": "93.75900", "2018-03-31": "93.73700", "2017-12-31": "93.50900", "2017-09-30": "93.53100", "2017-06-30": "93.43500", "2017-03-31": "93.42800", "2016-12-31": "93.37900", "2016-09-30": "93.22100", "2016-06-30": "93.07500", "2016-03-31": "93.00000", "2015-12-31": "92.99200", "2015-09-30": "92.96900", "2015-06-30": "92.83100", "2015-03-31": "85.77000", "2014-12-31": "85.81000", "2014-09-30": "85.77900", "2014-06-30": "85.68900", "2014-03-31": "85.57900", "2013-12-31": "85.40900", "2013-09-30": "85.34700", "2013-06-30": "85.05400", "2013-03-31": "85.01600", "2012-12-31": "85.03400", "2012-09-30": "84.99700", "2012-06-30": "84.31900", "2012-03-31": "84.30700", "2011-12-31": "84.15300", "2011-09-30": "86.18500", "2011-06-30": "86.08300", "2011-03-31": "86.06400", "2010-12-31": "83.78700", "2010-09-30": "85.75900", "2010-06-30": "85.64100", "2010-03-31": "85.37800", "2009-12-31": "84.19200", "2009-09-30": "84.54700", "2009-06-30": "84.39900", "2009-03-31": "83.94800", "2008-12-31": "83.91400", "2008-09-30": "83.92700", "2008-06-30": "86.56800", "2008-03-31": "86.30700", "2007-12-31": "81.25200", "2007-09-30": "84.02500", "2007-06-30": "84.83600", "2007-03-31": "84.39300", "2006-12-31": "84.09000", "2006-09-30": "84.31100", "2006-06-30": "84.86100", "2006-03-31": "85.24200", "2005-12-31": "67.00000", "2005-09-30": "84.84000", "2005-06-30": "53.65500", "2005-03-31": "43.21800"}, "Basic EPS": {"2020-09-30": "-2.94000", "2020-06-30": "-9.28000", "2020-03-31": "-7.77000", "2019-12-31": "-3.87000", "2019-09-30": "1.21000", "2019-06-30": "1.07000", "2019-03-31": "0.26000", "2018-12-31": "3.32000", "2018-09-30": "1.56000", "2018-06-30": "1.48000", "2018-03-31": "1.96000", "2017-12-31": "1.83000", "2017-09-30": "0.96000", "2017-06-30": "1.02000", "2017-03-31": "1.38000", "2016-12-31": "0.54000", "2016-09-30": "-0.12000", "2016-06-30": "-2.31000", "2016-03-31": "-2.49000", "2015-12-31": "-8.23000", "2015-09-30": "-8.21000", "2015-06-30": "-6.47000", "2015-03-31": "-4.84000", "2014-12-31": "1.06000", "2014-09-30": "1.65000", "2014-06-30": "1.71000", "2014-03-31": "1.59000", "2013-12-31": "2.35000", "2013-09-30": "1.59000", "2013-06-30": "1.50000", "2013-03-31": "1.04000", "2012-12-31": "1.12000", "2012-09-30": "0.97000", "2012-06-30": "0.75000", "2012-03-31": "1.24000", "2011-12-31": "1.35000", "2011-09-30": "1.49000", "2011-06-30": "1.95000", "2011-03-31": "1.38000", "2010-12-31": "1.35000", "2010-09-30": "1.50000", "2010-06-30": "1.47000", "2010-03-31": "2.42000", "2009-12-31": "1.31000", "2009-09-30": "0.46000", "2009-06-30": "0.46000", "2009-03-31": "-6.05000", "2008-12-31": "-12.89000", "2008-09-30": "-2.85000", "2008-06-30": "2.73000", "2008-03-31": "1.79000", "2007-12-31": "1.50000", "2007-09-30": "0.90000", "2007-06-30": "0.96000", "2007-03-31": "0.79000", "2006-12-31": "0.76000", "2006-09-30": "1.11000", "2006-06-30": "1.01000", "2006-03-31": "1.33000", "2005-12-31": "2.24000", "2005-09-30": "0.78000", "2005-06-30": "1.01000", "2005-03-31": "1.04000"}, "EPS - Earnings Per Share": {"2020-09-30": "-2.94000", "2020-06-30": "-9.28000", "2020-03-31": "-7.77000", "2019-12-31": "-3.87000", "2019-09-30": "1.21000", "2019-06-30": "1.07000", "2019-03-31": "0.26000", "2018-12-31": "3.32000", "2018-09-30": "1.56000", "2018-06-30": "1.48000", "2018-03-31": "1.96000", "2017-12-31": "1.83000", "2017-09-30": "0.96000", "2017-06-30": "1.02000", "2017-03-31": "1.38000", "2016-12-31": "0.54000", "2016-09-30": "-0.12000", "2016-06-30": "-2.31000", "2016-03-31": "-2.49000", "2015-12-31": "-8.23000", "2015-09-30": "-8.21000", "2015-06-30": "-6.47000", "2015-03-31": "-4.84000", "2014-12-31": "1.06000", "2014-09-30": "1.65000", "2014-06-30": "1.70000", "2014-03-31": "1.59000", "2013-12-31": "2.35000", "2013-09-30": "1.59000", "2013-06-30": "1.49000", "2013-03-31": "1.04000", "2012-12-31": "1.13000", "2012-09-30": "0.97000", "2012-06-30": "0.74000", "2012-03-31": "1.23000", "2011-12-31": "1.35000", "2011-09-30": "1.49000", "2011-06-30": "1.94000", "2011-03-31": "1.37000", "2010-12-31": "1.35000", "2010-09-30": "1.50000", "2010-06-30": "1.46000", "2010-03-31": "2.39000", "2009-12-31": "1.31000", "2009-09-30": "0.46000", "2009-06-30": "0.46000", "2009-03-31": "-6.05000", "2008-12-31": "-12.75000", "2008-09-30": "-2.85000", "2008-06-30": "2.65000", "2008-03-31": "1.73000", "2007-12-31": "1.48000", "2007-09-30": "0.87000", "2007-06-30": "0.93000", "2007-03-31": "0.77000", "2006-12-31": "0.73000", "2006-09-30": "1.11000", "2006-06-30": "0.98000", "2006-03-31": "1.29000", "2005-12-31": "2.16000", "2005-09-30": "0.76000", "2005-06-30": "0.98000", "2005-03-31": "1.00000"}}, "balance sheet": {"Cash On Hand": {"2019-12-31": "94.72200", "2018-12-31": "800.66600", "2017-12-31": "400.53400", "2016-12-31": "652.87600", "2015-12-31": "779.38200", "2014-12-31": "405.86200", "2013-12-31": "4.53100", "2012-12-31": "69.53800", "2011-12-31": "2.40600", "2010-12-31": "114.12600", "2009-12-31": "3.13700", "2008-12-31": "4.21700", "2007-12-31": "137.44100", "2006-12-31": "5.04800", "2005-12-31": "61.64700"}, "Receivables": {"2019-12-31": "448.58400", "2018-12-31": "454.20000", "2017-12-31": "460.17400", "2016-12-31": "274.57000", "2015-12-31": "225.39800", "2014-12-31": "412.10800", "2013-12-31": "367.75400", "2012-12-31": "302.97400", "2011-12-31": "359.40900", "2010-12-31": "310.96800", "2009-12-31": "227.89600", "2008-12-31": "259.08200", "2007-12-31": "315.32700", "2006-12-31": "306.45800", "2005-12-31": "289.18400"}, "Inventory": {"2019-12-31": "47.89300", "2018-12-31": "55.55300", "2017-12-31": "49.72200", "2016-12-31": "33.34200", "2015-12-31": "54.57900", "2014-12-31": "89.78000", "2013-12-31": "66.77200", "2012-12-31": "81.02900", "2011-12-31": "85.14100", "2010-12-31": "81.87100", "2009-12-31": "145.15300", "2008-12-31": "186.06200", "2007-12-31": "29.64200", "2006-12-31": "39.39700", "2005-12-31": "34.78400"}, "Pre-Paid Expenses": {"2019-12-31": "10.75900", "2018-12-31": "7.55400", "2017-12-31": "8.51800", "2016-12-31": "7.33500", "2015-12-31": "7.03600", "2014-12-31": "9.35600", "2013-12-31": "7.86700", "2012-12-31": "7.42000", "2011-12-31": "7.39300", "2010-12-31": "33.88600", "2009-12-31": "3.90700", "2008-12-31": "", "2007-12-31": "", "2006-12-31": "", "2005-12-31": ""}, "Other Current Assets": {"2019-12-31": "19.52800", "2018-12-31": "106.16600", "2017-12-31": "16.68700", "2016-12-31": "1.18100", "2015-12-31": "11.53500", "2014-12-31": "1.22300", "2013-12-31": "5.36100", "2012-12-31": "0.69900", "2011-12-31": "0.82300", "2010-12-31": "15.92400", "2009-12-31": "11.32800", "2008-12-31": "63.14800", "2007-12-31": "76.47000", "2006-12-31": "64.35600", "2005-12-31": "25.45400"}, "Total Current Assets": {"2019-12-31": "621.48600", "2018-12-31": "1424.13900", "2017-12-31": "935.63500", "2016-12-31": "969.30400", "2015-12-31": "1077.93000", "2014-12-31": "931.80400", "2013-12-31": "469.13900", "2012-12-31": "470.13700", "2011-12-31": "457.89500", "2010-12-31": "561.06800", "2009-12-31": "407.25800", "2008-12-31": "514.94400", "2007-12-31": "564.57700", "2006-12-31": "416.75700", "2005-12-31": "429.02800"}, "Property, Plant, And Equipment": {"2019-12-31": "5729.98900", "2018-12-31": "3973.01600", "2017-12-31": "3452.45200", "2016-12-31": "2559.73200", "2015-12-31": "2971.29100", "2014-12-31": "7114.74200", "2013-12-31": "6112.55500", "2012-12-31": "5157.37400", "2011-12-31": "4244.42300", "2010-12-31": "3078.93700", "2009-12-31": "2312.15300", "2008-12-31": "2928.12100", "2007-12-31": "4062.31600", "2006-12-31": "3676.63400", "2005-12-31": "2963.87500"}, "Long-Term Investments": {"2019-12-31": "", "2018-12-31": "", "2017-12-31": "", "2016-12-31": "", "2015-12-31": "", "2014-12-31": "", "2013-12-31": "", "2012-12-31": "", "2011-12-31": "", "2010-12-31": "", "2009-12-31": "", "2008-12-31": "", "2007-12-31": "", "2006-12-31": "", "2005-12-31": ""}, "Goodwill And Intangible Assets": {"2019-12-31": "716.86500", "2018-12-31": "620.23200", "2017-12-31": "620.23200", "2016-12-31": "620.23200", "2015-12-31": "620.23200", "2014-12-31": "620.23200", "2013-12-31": "620.23200", "2012-12-31": "620.23200", "2011-12-31": "620.23200", "2010-12-31": "691.43200", "2009-12-31": "691.43200", "2008-12-31": "691.43200", "2007-12-31": "691.43200", "2006-12-31": "691.43200", "2005-12-31": "717.39100"}, "Other Long-Term Assets": {"2019-12-31": "71.68900", "2018-12-31": "44.69700", "2017-12-31": "34.32000", "2016-12-31": "32.62100", "2015-12-31": "38.96900", "2014-12-31": "41.69100", "2013-12-31": "51.20900", "2012-12-31": "57.40900", "2011-12-31": "34.82700", "2010-12-31": "26.81000", "2009-12-31": "33.69400", "2008-12-31": "30.43600", "2007-12-31": "44.46900", "2006-12-31": "44.92700", "2005-12-31": "70.04100"}, "Total Long-Term Assets": {"2019-12-31": "6518.54300", "2018-12-31": "4637.94500", "2017-12-31": "4107.00400", "2016-12-31": "3268.42000", "2015-12-31": "3630.49200", "2014-12-31": "7776.66500", "2013-12-31": "6783.99600", "2012-12-31": "5835.01500", "2011-12-31": "4899.48200", "2010-12-31": "3797.17900", "2009-12-31": "3037.27900", "2008-12-31": "3649.98900", "2007-12-31": "4798.21700", "2006-12-31": "4412.99300", "2005-12-31": "3751.30700"}, "Total Assets": {"2019-12-31": "7140.02900", "2018-12-31": "6062.08400", "2017-12-31": "5042.63900", "2016-12-31": "4237.72400", "2015-12-31": "4708.42200", "2014-12-31": "8708.46900", "2013-12-31": "7253.13500", "2012-12-31": "6305.15200", "2011-12-31": "5357.37700", "2010-12-31": "4358.24700", "2009-12-31": "3444.53700", "2008-12-31": "4164.93300", "2007-12-31": "5362.79400", "2006-12-31": "4829.75000", "2005-12-31": "4180.33500"}, "Total Current Liabilities": {"2019-12-31": "758.62100", "2018-12-31": "708.70700", "2017-12-31": "679.57400", "2016-12-31": "522.35200", "2015-12-31": "410.06700", "2014-12-31": "776.32700", "2013-12-31": "683.16700", "2012-12-31": "645.86200", "2011-12-31": "616.33900", "2010-12-31": "512.31300", "2009-12-31": "388.76300", "2008-12-31": "469.58900", "2007-12-31": "424.57100", "2006-12-31": "354.58800", "2005-12-31": "397.41800"}, "Long Term Debt": {"2019-12-31": "1985.24600", "2018-12-31": "1488.55400", "2017-12-31": "1486.92000", "2016-12-31": "1487.93900", "2015-12-31": "1485.62000", "2014-12-31": "1483.17600", "2013-12-31": "924.00000", "2012-12-31": "750.00000", "2011-12-31": "405.00000", "2010-12-31": "350.00000", "2009-12-31": "392.79300", "2008-12-31": "587.63000", "2007-12-31": "487.15900", "2006-12-31": "443.66700", "2005-12-31": "352.45100"}, "Other Non-Current Liabilities": {"2019-12-31": "215.80500", "2018-12-31": "200.56400", "2017-12-31": "206.24900", "2016-12-31": "184.44400", "2015-12-31": "197.21600", "2014-12-31": "193.62800", "2013-12-31": "163.91900", "2012-12-31": "313.20100", "2011-12-31": "301.69300", "2010-12-31": "267.06200", "2009-12-31": "275.97800", "2008-12-31": "255.12200", "2007-12-31": "115.55400", "2006-12-31": "133.68700", "2005-12-31": "103.34200"}, "Total Long Term Liabilities": {"2019-12-31": "2805.26700", "2018-12-31": "2023.59100", "2017-12-31": "1794.78700", "2016-12-31": "1672.38300", "2015-12-31": "1839.99800", "2014-12-31": "3431.51000", "2013-12-31": "2547.76000", "2012-12-31": "2184.55400", "2011-12-31": "1610.42500", "2010-12-31": "1236.10200", "2009-12-31": "1017.66800", "2008-12-31": "1343.69700", "2007-12-31": "1678.93600", "2006-12-31": "1499.01900", "2005-12-31": "1187.46400"}, "Total Liabilities": {"2019-12-31": "3563.88800", "2018-12-31": "2732.29800", "2017-12-31": "2474.36100", "2016-12-31": "2194.73500", "2015-12-31": "2250.06500", "2014-12-31": "4207.83700", "2013-12-31": "3230.92700", "2012-12-31": "2830.41600", "2011-12-31": "2226.76400", "2010-12-31": "1748.41500", "2009-12-31": "1406.43100", "2008-12-31": "1813.28600", "2007-12-31": "2103.50700", "2006-12-31": "1853.60700", "2005-12-31": "1584.88200"}, "Common Stock Net": {"2019-12-31": "1.02100", "2018-12-31": "0.95800", "2017-12-31": "0.95400", "2016-12-31": "0.95100", "2015-12-31": "0.94800", "2014-12-31": "0.87600", "2013-12-31": "0.87200", "2012-12-31": "0.86600", "2011-12-31": "0.85800", "2010-12-31": "0.85200", "2009-12-31": "0.83500", "2008-12-31": "0.84100", "2007-12-31": "0.83600", "2006-12-31": "0.84000", "2005-12-31": "0.83500"}, "Retained Earnings (Accumulated Deficit)": {"2019-12-31": "331.79500", "2018-12-31": "542.88500", "2017-12-31": "-199.25900", "2016-12-31": "-722.35900", "2015-12-31": "-306.00800", "2014-12-31": "2501.57400", "2013-12-31": "2050.03400", "2012-12-31": "1533.76800", "2011-12-31": "1221.26300", "2010-12-31": "725.65100", "2009-12-31": "178.03500", "2008-12-31": "510.27100", "2007-12-31": "1448.76300", "2006-12-31": "1117.40200", "2005-12-31": "788.35600"}, "Comprehensive Income": {"2019-12-31": "", "2018-12-31": "0.75500", "2017-12-31": "2.19900", "2016-12-31": "0.94500", "2015-12-31": "0.44100", "2014-12-31": "1.10200", "2013-12-31": "1.18900", "2012-12-31": "0.47400", "2011-12-31": "-0.01400", "2010-12-31": "0.26400", "2009-12-31": "-0.01900", "2008-12-31": "-0.95500", "2007-12-31": "7.62600", "2006-12-31": "31.08100", "2005-12-31": "0.08100"}, "Other Share Holders Equity": {"2019-12-31": "", "2018-12-31": "", "2017-12-31": "", "2016-12-31": "", "2015-12-31": "", "2014-12-31": "", "2013-12-31": "", "2012-12-31": "", "2011-12-31": "", "2010-12-31": "", "2009-12-31": "", "2008-12-31": "", "2007-12-31": "", "2006-12-31": "", "2005-12-31": ""}, "Share Holder Equity": {"2019-12-31": "3576.14100", "2018-12-31": "3329.78600", "2017-12-31": "2568.27800", "2016-12-31": "2042.98900", "2015-12-31": "2458.35700", "2014-12-31": "4500.63200", "2013-12-31": "4022.20800", "2012-12-31": "3474.73600", "2011-12-31": "3130.61300", "2010-12-31": "2609.83200", "2009-12-31": "2038.10600", "2008-12-31": "2351.64700", "2007-12-31": "3259.28700", "2006-12-31": "2976.14300", "2005-12-31": "2595.45300"}, "Total Liabilities And Share Holders Equity": {"2019-12-31": "7140.02900", "2018-12-31": "6062.08400", "2017-12-31": "5042.63900", "2016-12-31": "4237.72400", "2015-12-31": "4708.42200", "2014-12-31": "8708.46900", "2013-12-31": "7253.13500", "2012-12-31": "6305.15200", "2011-12-31": "5357.37700", "2010-12-31": "4358.24700", "2009-12-31": "3444.53700", "2008-12-31": "4164.93300", "2007-12-31": "5362.79400", "2006-12-31": "4829.75000", "2005-12-31": "4180.33500"}}, "balance sheet, quarterly": {"Cash On Hand": {"2020-09-30": "272.95700", "2020-06-30": "43.84200", "2020-03-31": "88.70600", "2019-12-31": "94.72200", "2019-09-30": "23.88500", "2019-06-30": "19.41400", "2019-03-31": "20.93000", "2018-12-31": "800.66600", "2018-09-30": "863.94600", "2018-06-30": "410.82300", "2018-03-31": "463.81000", "2017-12-31": "400.53400", "2017-09-30": "422.80800", "2017-06-30": "519.59500", "2017-03-31": "578.90800", "2016-12-31": "652.87600", "2016-09-30": "698.69600", "2016-06-30": "641.73900", "2016-03-31": "676.63900", "2015-12-31": "779.38200", "2015-09-30": "899.31200", "2015-06-30": "856.88000", "2015-03-31": "120.93200", "2014-12-31": "405.86200", "2014-09-30": "563.65700", "2014-06-30": "128.55500", "2014-03-31": "5.34800", "2013-12-31": "4.53100", "2013-09-30": "5.34900", "2013-06-30": "4.53200", "2013-03-31": "18.53200", "2012-12-31": "69.53800", "2012-09-30": "5.41100", "2012-06-30": "96.93200", "2012-03-31": "4.40600", "2011-12-31": "2.40600", "2011-09-30": "57.16000", "2011-06-30": "13.15000", "2011-03-31": "54.14600", "2010-12-31": "114.12600", "2010-09-30": "148.75500", "2010-06-30": "142.71600", "2010-03-31": "63.13500", "2009-12-31": "3.13700", "2009-09-30": "3.55500", "2009-06-30": "4.89200", "2009-03-31": "5.07000", "2008-12-31": "4.21700", "2008-09-30": "207.01600", "2008-06-30": "176.87900", "2008-03-31": "157.37500", "2007-12-31": "137.44100", "2007-09-30": "7.39600", "2007-06-30": "19.41100", "2007-03-31": "7.35100", "2006-12-31": "5.04800", "2006-09-30": "8.08400", "2006-06-30": "5.38900", "2006-03-31": "50.67500", "2005-12-31": "61.64700", "2005-09-30": "27.47300", "2005-06-30": "57.30500", "2005-03-31": "113.02500"}, "Receivables": {"2020-09-30": "269.44000", "2020-06-30": "244.82600", "2020-03-31": "329.97700", "2019-12-31": "448.58400", "2019-09-30": "425.32900", "2019-06-30": "387.36200", "2019-03-31": "465.90200", "2018-12-31": "454.20000", "2018-09-30": "471.42300", "2018-06-30": "444.65500", "2018-03-31": "415.24800", "2017-12-31": "460.17400", "2017-09-30": "403.18500", "2017-06-30": "335.53100", "2017-03-31": "319.14200", "2016-12-31": "274.57000", "2016-09-30": "226.98300", "2016-06-30": "229.63400", "2016-03-31": "192.16000", "2015-12-31": "225.39800", "2015-09-30": "260.06000", "2015-06-30": "319.37000", "2015-03-31": "339.71100", "2014-12-31": "412.10800", "2014-09-30": "430.70200", "2014-06-30": "449.45600", "2014-03-31": "403.28300", "2013-12-31": "367.75400", "2013-09-30": "391.10500", "2013-06-30": "381.63400", "2013-03-31": "333.55000", "2012-12-31": "302.97400", "2012-09-30": "335.01100", "2012-06-30": "251.57500", "2012-03-31": "361.55300", "2011-12-31": "359.40900", "2011-09-30": "343.19700", "2011-06-30": "293.41900", "2011-03-31": "308.94600", "2010-12-31": "310.96800", "2010-09-30": "232.23500", "2010-06-30": "328.96500", "2010-03-31": "395.57300", "2009-12-31": "227.89600", "2009-09-30": "173.91400", "2009-06-30": "181.65200", "2009-03-31": "171.85100", "2008-12-31": "259.08200", "2008-09-30": "336.08900", "2008-06-30": "418.46400", "2008-03-31": "355.97600", "2007-12-31": "315.32700", "2007-09-30": "292.21800", "2007-06-30": "294.71700", "2007-03-31": "300.14700", "2006-12-31": "306.45800", "2006-09-30": "256.20600", "2006-06-30": "251.00500", "2006-03-31": "261.00300", "2005-12-31": "289.18400", "2005-09-30": "250.19300", "2005-06-30": "208.04200", "2005-03-31": "96.11800"}, "Inventory": {"2020-09-30": "45.95900", "2020-06-30": "51.18400", "2020-03-31": "45.10800", "2019-12-31": "47.89300", "2019-09-30": "49.11300", "2019-06-30": "58.30600", "2019-03-31": "62.60000", "2018-12-31": "55.55300", "2018-09-30": "55.54600", "2018-06-30": "53.37500", "2018-03-31": "54.22300", "2017-12-31": "49.72200", "2017-09-30": "54.54500", "2017-06-30": "45.48600", "2017-03-31": "37.48700", "2016-12-31": "33.34200", "2016-09-30": "34.90900", "2016-06-30": "37.85200", "2016-03-31": "44.64800", "2015-12-31": "54.57900", "2015-09-30": "65.09600", "2015-06-30": "75.16500", "2015-03-31": "81.46200", "2014-12-31": "89.78000", "2014-09-30": "93.01200", "2014-06-30": "85.27800", "2014-03-31": "84.33900", "2013-12-31": "66.77200", "2013-09-30": "69.51700", "2013-06-30": "66.90200", "2013-03-31": "73.03500", "2012-12-31": "81.02900", "2012-09-30": "77.87900", "2012-06-30": "91.06200", "2012-03-31": "84.80800", "2011-12-31": "85.14100", "2011-09-30": "82.94700", "2011-06-30": "78.58400", "2011-03-31": "79.59900", "2010-12-31": "81.87100", "2010-09-30": "99.99800", "2010-06-30": "", "2010-03-31": "", "2009-12-31": "145.15300", "2009-09-30": "166.02100", "2009-06-30": "191.91100", "2009-03-31": "208.02700", "2008-12-31": "186.06200", "2008-09-30": "112.97200", "2008-06-30": "74.87400", "2008-03-31": "40.78500", "2007-12-31": "29.64200", "2007-09-30": "36.75000", "2007-06-30": "40.35800", "2007-03-31": "42.00100", "2006-12-31": "39.39700", "2006-09-30": "46.23300", "2006-06-30": "43.75400", "2006-03-31": "41.10000", "2005-12-31": "34.78400", "2005-09-30": "32.52000", "2005-06-30": "24.29000", "2005-03-31": "14.03400"}, "Pre-Paid Expenses": {"2020-09-30": "6.05300", "2020-06-30": "10.25000", "2020-03-31": "9.98500", "2019-12-31": "10.75900", "2019-09-30": "6.22000", "2019-06-30": "8.98500", "2019-03-31": "8.13500", "2018-12-31": "7.55400", "2018-09-30": "4.13300", "2018-06-30": "7.41900", "2018-03-31": "7.19800", "2017-12-31": "8.51800", "2017-09-30": "3.91300", "2017-06-30": "5.89400", "2017-03-31": "5.71500", "2016-12-31": "7.33500", "2016-09-30": "3.45300", "2016-06-30": "5.09000", "2016-03-31": "5.42500", "2015-12-31": "7.03600", "2015-09-30": "4.22900", "2015-06-30": "8.20800", "2015-03-31": "8.00300", "2014-12-31": "9.35600", "2014-09-30": "6.60300", "2014-06-30": "7.90600", "2014-03-31": "6.93900", "2013-12-31": "7.86700", "2013-09-30": "5.75000", "2013-06-30": "7.12000", "2013-03-31": "6.43100", "2012-12-31": "7.42000", "2012-09-30": "", "2012-06-30": "", "2012-03-31": "", "2011-12-31": "7.39300", "2011-09-30": "", "2011-06-30": "", "2011-03-31": "", "2010-12-31": "33.88600", "2010-09-30": "", "2010-06-30": "", "2010-03-31": "", "2009-12-31": "3.90700", "2009-09-30": "", "2009-06-30": "", "2009-03-31": "", "2008-12-31": "", "2008-09-30": "", "2008-06-30": "18.99200", "2008-03-31": "", "2007-12-31": "", "2007-09-30": "", "2007-06-30": "", "2007-03-31": "", "2006-12-31": "", "2006-09-30": "", "2006-06-30": "", "2006-03-31": "", "2005-12-31": "", "2005-09-30": "", "2005-06-30": "", "2005-03-31": ""}, "Other Current Assets": {"2020-09-30": "39.62000", "2020-06-30": "74.00000", "2020-03-31": "202.81500", "2019-12-31": "19.52800", "2019-09-30": "52.03200", "2019-06-30": "45.98900", "2019-03-31": "38.64100", "2018-12-31": "106.16600", "2018-09-30": "32.66700", "2018-06-30": "73.87000", "2018-03-31": "37.51100", "2017-12-31": "16.68700", "2017-09-30": "9.68100", "2017-06-30": "21.37000", "2017-03-31": "7.97500", "2016-12-31": "1.18100", "2016-09-30": "2.46200", "2016-06-30": "3.29200", "2016-03-31": "12.21800", "2015-12-31": "11.53500", "2015-09-30": "2.90100", "2015-06-30": "0.86500", "2015-03-31": "1.00000", "2014-12-31": "1.22300", "2014-09-30": "3.01900", "2014-06-30": "1.43200", "2014-03-31": "0.41100", "2013-12-31": "5.36100", "2013-09-30": "11.25000", "2013-06-30": "8.24200", "2013-03-31": "0.82700", "2012-12-31": "0.69900", "2012-09-30": "7.13100", "2012-06-30": "12.95000", "2012-03-31": "8.48000", "2011-12-31": "0.82300", "2011-09-30": "15.94700", "2011-06-30": "164.27600", "2011-03-31": "53.33100", "2010-12-31": "15.92400", "2010-09-30": "86.19400", "2010-06-30": "55.87800", "2010-03-31": "60.38700", "2009-12-31": "11.32800", "2009-09-30": "29.45300", "2009-06-30": "59.39900", "2009-03-31": "60.60400", "2008-12-31": "63.14800", "2008-09-30": "13.71100", "2008-06-30": "5.67900", "2008-03-31": "10.48900", "2007-12-31": "76.47000", "2007-09-30": "49.13500", "2007-06-30": "35.46900", "2007-03-31": "28.78500", "2006-12-31": "64.35600", "2006-09-30": "32.64200", "2006-06-30": "16.99600", "2006-03-31": "23.64100", "2005-12-31": "25.45400", "2005-09-30": "25.46200", "2005-06-30": "29.65700", "2005-03-31": "7.94300"}, "Total Current Assets": {"2020-09-30": "634.02900", "2020-06-30": "424.10200", "2020-03-31": "676.59100", "2019-12-31": "621.48600", "2019-09-30": "556.57900", "2019-06-30": "520.05600", "2019-03-31": "596.20800", "2018-12-31": "1424.13900", "2018-09-30": "1427.71500", "2018-06-30": "990.14200", "2018-03-31": "977.99000", "2017-12-31": "935.63500", "2017-09-30": "894.13200", "2017-06-30": "927.87600", "2017-03-31": "949.22700", "2016-12-31": "969.30400", "2016-09-30": "966.50300", "2016-06-30": "917.60700", "2016-03-31": "931.09000", "2015-12-31": "1077.93000", "2015-09-30": "1238.46100", "2015-06-30": "1267.44900", "2015-03-31": "561.18500", "2014-12-31": "931.80400", "2014-09-30": "1110.53700", "2014-06-30": "686.35200", "2014-03-31": "514.67800", "2013-12-31": "469.13900", "2013-09-30": "496.87300", "2013-06-30": "486.54100", "2013-03-31": "444.49700", "2012-12-31": "470.13700", "2012-09-30": "427.55800", "2012-06-30": "453.71200", "2012-03-31": "465.12300", "2011-12-31": "457.89500", "2011-09-30": "501.87600", "2011-06-30": "553.72200", "2011-03-31": "505.87000", "2010-12-31": "561.06800", "2010-09-30": "567.18200", "2010-06-30": "527.55900", "2010-03-31": "519.09500", "2009-12-31": "407.25800", "2009-09-30": "381.50900", "2009-06-30": "447.03600", "2009-03-31": "451.83400", "2008-12-31": "514.94400", "2008-09-30": "674.33100", "2008-06-30": "695.25300", "2008-03-31": "564.70400", "2007-12-31": "564.57700", "2007-09-30": "393.43600", "2007-06-30": "397.91400", "2007-03-31": "382.76100", "2006-12-31": "416.75700", "2006-09-30": "354.22100", "2006-06-30": "328.24900", "2006-03-31": "391.66700", "2005-12-31": "429.02800", "2005-09-30": "351.74600", "2005-06-30": "342.47700", "2005-03-31": "232.58700"}, "Property, Plant, And Equipment": {"2020-09-30": "3880.20000", "2020-06-30": "4376.99800", "2020-03-31": "5464.78600", "2019-12-31": "5729.98900", "2019-09-30": "6231.90600", "2019-06-30": "6277.56600", "2019-03-31": "6164.44800", "2018-12-31": "3973.01600", "2018-09-30": "3732.64100", "2018-06-30": "3883.78400", "2018-03-31": "3619.14700", "2017-12-31": "3452.45200", "2017-09-30": "3222.62100", "2017-06-30": "2981.55700", "2017-03-31": "2778.87000", "2016-12-31": "2559.73200", "2016-09-30": "2918.52400", "2016-06-30": "2958.81400", "2016-03-31": "3313.96900", "2015-12-31": "2971.29100", "2015-09-30": "4422.83800", "2015-06-30": "5624.50800", "2015-03-31": "6620.57000", "2014-12-31": "7114.74200", "2014-09-30": "6854.11000", "2014-06-30": "7032.12400", "2014-03-31": "6434.43800", "2013-12-31": "6112.55500", "2013-09-30": "5882.91700", "2013-06-30": "5633.60900", "2013-03-31": "5450.48300", "2012-12-31": "5157.37400", "2012-09-30": "5145.24200", "2012-06-30": "4839.85900", "2012-03-31": "4543.49000", "2011-12-31": "4244.42300", "2011-09-30": "3885.23400", "2011-06-30": "3606.21000", "2011-03-31": "3338.06300", "2010-12-31": "3078.93700", "2010-09-30": "2862.60800", "2010-06-30": "2619.38400", "2010-03-31": "2466.32100", "2009-12-31": "2312.15300", "2009-09-30": "2287.80100", "2009-06-30": "2217.91100", "2009-03-31": "2188.06500", "2008-12-31": "2928.12100", "2008-09-30": "4132.40800", "2008-06-30": "4496.74100", "2008-03-31": "4247.85100", "2007-12-31": "4062.31600", "2007-09-30": "4082.10500", "2007-06-30": "3934.62000", "2007-03-31": "3816.25500", "2006-12-31": "3676.63400", "2006-09-30": "3509.44600", "2006-06-30": "3358.76200", "2006-03-31": "3154.50800", "2005-12-31": "2963.87500", "2005-09-30": "2910.80100", "2005-06-30": "2871.95400", "2005-03-31": "876.33700"}, "Long-Term Investments": {"2020-09-30": "", "2020-06-30": "", "2020-03-31": "", "2019-12-31": "", "2019-09-30": "", "2019-06-30": "", "2019-03-31": "", "2018-12-31": "", "2018-09-30": "", "2018-06-30": "", "2018-03-31": "", "2017-12-31": "", "2017-09-30": "", "2017-06-30": "", "2017-03-31": "", "2016-12-31": "", "2016-09-30": "", "2016-06-30": "", "2016-03-31": "", "2015-12-31": "", "2015-09-30": "", "2015-06-30": "", "2015-03-31": "", "2014-12-31": "", "2014-09-30": "", "2014-06-30": "", "2014-03-31": "", "2013-12-31": "", "2013-09-30": "", "2013-06-30": "", "2013-03-31": "", "2012-12-31": "", "2012-09-30": "", "2012-06-30": "", "2012-03-31": "", "2011-12-31": "", "2011-09-30": "", "2011-06-30": "", "2011-03-31": "", "2010-12-31": "", "2010-09-30": "", "2010-06-30": "", "2010-03-31": "", "2009-12-31": "", "2009-09-30": "", "2009-06-30": "", "2009-03-31": "", "2008-12-31": "", "2008-09-30": "", "2008-06-30": "", "2008-03-31": "", "2007-12-31": "", "2007-09-30": "", "2007-06-30": "", "2007-03-31": "", "2006-12-31": "", "2006-09-30": "", "2006-06-30": "", "2006-03-31": "", "2005-12-31": "", "2005-09-30": "", "2005-06-30": "", "2005-03-31": ""}, "Goodwill And Intangible Assets": {"2020-09-30": "", "2020-06-30": "", "2020-03-31": "", "2019-12-31": "716.86500", "2019-09-30": "751.83600", "2019-06-30": "727.57300", "2019-03-31": "727.57300", "2018-12-31": "620.23200", "2018-09-30": "620.23200", "2018-06-30": "620.23200", "2018-03-31": "620.23200", "2017-12-31": "620.23200", "2017-09-30": "620.23200", "2017-06-30": "620.23200", "2017-03-31": "620.23200", "2016-12-31": "620.23200", "2016-09-30": "620.23200", "2016-06-30": "620.23200", "2016-03-31": "620.23200", "2015-12-31": "620.23200", "2015-09-30": "620.23200", "2015-06-30": "620.23200", "2015-03-31": "620.23200", "2014-12-31": "620.23200", "2014-09-30": "620.23200", "2014-06-30": "620.23200", "2014-03-31": "620.23200", "2013-12-31": "620.23200", "2013-09-30": "620.23200", "2013-06-30": "620.23200", "2013-03-31": "620.23200", "2012-12-31": "620.23200", "2012-09-30": "691.43200", "2012-06-30": "691.43200", "2012-03-31": "691.43200", "2011-12-31": "620.23200", "2011-09-30": "691.43200", "2011-06-30": "691.43200", "2011-03-31": "691.43200", "2010-12-31": "691.43200", "2010-09-30": "691.43200", "2010-06-30": "691.43200", "2010-03-31": "691.43200", "2009-12-31": "691.43200", "2009-09-30": "691.43200", "2009-06-30": "691.43200", "2009-03-31": "691.43200", "2008-12-31": "691.43200", "2008-09-30": "691.43200", "2008-06-30": "691.43200", "2008-03-31": "691.43200", "2007-12-31": "691.43200", "2007-09-30": "691.43200", "2007-06-30": "691.43200", "2007-03-31": "691.43200", "2006-12-31": "691.43200", "2006-09-30": "691.43200", "2006-06-30": "691.43200", "2006-03-31": "716.98800", "2005-12-31": "717.39100", "2005-09-30": "716.81800", "2005-06-30": "730.39900", "2005-03-31": "44.96700"}, "Other Long-Term Assets": {"2020-09-30": "69.77000", "2020-06-30": "68.68800", "2020-03-31": "76.96900", "2019-12-31": "71.68900", "2019-09-30": "78.88400", "2019-06-30": "70.73900", "2019-03-31": "68.96300", "2018-12-31": "44.69700", "2018-09-30": "37.84700", "2018-06-30": "37.23500", "2018-03-31": "42.99500", "2017-12-31": "34.32000", "2017-09-30": "32.07100", "2017-06-30": "33.31500", "2017-03-31": "35.24600", "2016-12-31": "32.62100", "2016-09-30": "33.48800", "2016-06-30": "35.17000", "2016-03-31": "35.97000", "2015-12-31": "38.96900", "2015-09-30": "54.83100", "2015-06-30": "56.31500", "2015-03-31": "58.06400", "2014-12-31": "41.69100", "2014-09-30": "59.21500", "2014-06-30": "60.29900", "2014-03-31": "49.28700", "2013-12-31": "51.20900", "2013-09-30": "54.34200", "2013-06-30": "55.98800", "2013-03-31": "54.74000", "2012-12-31": "57.40900", "2012-09-30": "49.02300", "2012-06-30": "46.30600", "2012-03-31": "36.40400", "2011-12-31": "34.82700", "2011-09-30": "33.01000", "2011-06-30": "32.76400", "2011-03-31": "34.40600", "2010-12-31": "26.81000", "2010-09-30": "28.47200", "2010-06-30": "32.25800", "2010-03-31": "31.27200", "2009-12-31": "33.69400", "2009-09-30": "35.42000", "2009-06-30": "46.42500", "2009-03-31": "29.22900", "2008-12-31": "30.43600", "2008-09-30": "80.86900", "2008-06-30": "85.84600", "2008-03-31": "94.46100", "2007-12-31": "44.46900", "2007-09-30": "46.98800", "2007-06-30": "46.48800", "2007-03-31": "41.22700", "2006-12-31": "44.92700", "2006-09-30": "48.75600", "2006-06-30": "76.83900", "2006-03-31": "75.32000", "2005-12-31": "70.04100", "2005-09-30": "69.14000", "2005-06-30": "52.83000", "2005-03-31": "6.46200"}, "Total Long-Term Assets": {"2020-09-30": "3971.94100", "2020-06-30": "4445.68600", "2020-03-31": "5541.75500", "2019-12-31": "6518.54300", "2019-09-30": "7062.62600", "2019-06-30": "7075.87800", "2019-03-31": "6960.98400", "2018-12-31": "4637.94500", "2018-09-30": "4390.72000", "2018-06-30": "4541.25100", "2018-03-31": "4282.37400", "2017-12-31": "4107.00400", "2017-09-30": "3874.92400", "2017-06-30": "3635.10400", "2017-03-31": "3444.77200", "2016-12-31": "3268.42000", "2016-09-30": "3572.24400", "2016-06-30": "3614.21600", "2016-03-31": "3970.17100", "2015-12-31": "3630.49200", "2015-09-30": "5097.90100", "2015-06-30": "6301.05500", "2015-03-31": "7298.86600", "2014-12-31": "7776.66500", "2014-09-30": "7533.55700", "2014-06-30": "7712.65500", "2014-03-31": "7103.95700", "2013-12-31": "6783.99600", "2013-09-30": "6557.49100", "2013-06-30": "6309.82900", "2013-03-31": "6125.45500", "2012-12-31": "5835.01500", "2012-09-30": "5885.69700", "2012-06-30": "5577.59700", "2012-03-31": "5271.32600", "2011-12-31": "4899.48200", "2011-09-30": "4609.67600", "2011-06-30": "4330.40600", "2011-03-31": "4063.90100", "2010-12-31": "3797.17900", "2010-09-30": "3582.51200", "2010-06-30": "3343.07400", "2010-03-31": "3189.02500", "2009-12-31": "3037.27900", "2009-09-30": "3014.65300", "2009-06-30": "2955.76800", "2009-03-31": "2908.72600", "2008-12-31": "3649.98900", "2008-09-30": "4904.70900", "2008-06-30": "5274.02000", "2008-03-31": "5033.74400", "2007-12-31": "4798.21700", "2007-09-30": "4820.52500", "2007-06-30": "4672.54000", "2007-03-31": "4548.91400", "2006-12-31": "4412.99300", "2006-09-30": "4249.63400", "2006-06-30": "4127.03300", "2006-03-31": "3946.81600", "2005-12-31": "3751.30700", "2005-09-30": "3696.75900", "2005-06-30": "3655.18300", "2005-03-31": "927.76590"}, "Total Assets": {"2020-09-30": "4605.97000", "2020-06-30": "4869.78800", "2020-03-31": "6218.34600", "2019-12-31": "7140.02900", "2019-09-30": "7619.20500", "2019-06-30": "7595.93400", "2019-03-31": "7557.19200", "2018-12-31": "6062.08400", "2018-09-30": "5818.43500", "2018-06-30": "5531.39300", "2018-03-31": "5260.36400", "2017-12-31": "5042.63900", "2017-09-30": "4769.05400", "2017-06-30": "4562.98000", "2017-03-31": "4393.99900", "2016-12-31": "4237.72400", "2016-09-30": "4538.74700", "2016-06-30": "4531.82300", "2016-03-31": "4901.26100", "2015-12-31": "4708.42200", "2015-09-30": "6336.36200", "2015-06-30": "7568.50400", "2015-03-31": "7860.05100", "2014-12-31": "8708.46900", "2014-09-30": "8644.09400", "2014-06-30": "8399.00700", "2014-03-31": "7618.63500", "2013-12-31": "7253.13500", "2013-09-30": "7054.36400", "2013-06-30": "6796.37000", "2013-03-31": "6569.94900", "2012-12-31": "6305.15200", "2012-09-30": "6313.25500", "2012-06-30": "6031.30400", "2012-03-31": "5736.44900", "2011-12-31": "5357.37700", "2011-09-30": "5111.55200", "2011-06-30": "4884.12800", "2011-03-31": "4569.77100", "2010-12-31": "4358.24700", "2010-09-30": "4149.69400", "2010-06-30": "3870.63300", "2010-03-31": "3708.12000", "2009-12-31": "3444.53700", "2009-09-30": "3396.16200", "2009-06-30": "3402.80400", "2009-03-31": "3360.56000", "2008-12-31": "4164.93300", "2008-09-30": "5579.04000", "2008-06-30": "5969.27200", "2008-03-31": "5598.44800", "2007-12-31": "5362.79400", "2007-09-30": "5213.96100", "2007-06-30": "5070.45400", "2007-03-31": "4931.67500", "2006-12-31": "4829.75000", "2006-09-30": "4603.85500", "2006-06-30": "4455.28200", "2006-03-31": "4338.48300", "2005-12-31": "4180.33500", "2005-09-30": "4048.50500", "2005-06-30": "3997.66000", "2005-03-31": "1160.35300"}, "Total Current Liabilities": {"2020-09-30": "595.95300", "2020-06-30": "504.77500", "2020-03-31": "625.09900", "2019-12-31": "758.62100", "2019-09-30": "796.69900", "2019-06-30": "814.66700", "2019-03-31": "909.91400", "2018-12-31": "708.70700", "2018-09-30": "845.34500", "2018-06-30": "736.95900", "2018-03-31": "658.29800", "2017-12-31": "679.57400", "2017-09-30": "592.62500", "2017-06-30": "526.22100", "2017-03-31": "507.32200", "2016-12-31": "522.35200", "2016-09-30": "441.31800", "2016-06-30": "403.32600", "2016-03-31": "357.09200", "2015-12-31": "410.06700", "2015-09-30": "481.10800", "2015-06-30": "498.88400", "2015-03-31": "553.19500", "2014-12-31": "776.32700", "2014-09-30": "815.64300", "2014-06-30": "801.19000", "2014-03-31": "728.98600", "2013-12-31": "683.16700", "2013-09-30": "705.88000", "2013-06-30": "671.81600", "2013-03-31": "645.62500", "2012-12-31": "645.86200", "2012-09-30": "651.75200", "2012-06-30": "610.34900", "2012-03-31": "587.75800", "2011-12-31": "616.33900", "2011-09-30": "576.32300", "2011-06-30": "598.33900", "2011-03-31": "539.70200", "2010-12-31": "512.31300", "2010-09-30": "493.62100", "2010-06-30": "421.47700", "2010-03-31": "417.17400", "2009-12-31": "388.76300", "2009-09-30": "324.86200", "2009-06-30": "272.71800", "2009-03-31": "298.16800", "2008-12-31": "469.58900", "2008-09-30": "527.12200", "2008-06-30": "545.90100", "2008-03-31": "459.20500", "2007-12-31": "424.57100", "2007-09-30": "372.34900", "2007-06-30": "355.07900", "2007-03-31": "321.44900", "2006-12-31": "354.58800", "2006-09-30": "307.39700", "2006-06-30": "341.12800", "2006-03-31": "408.22900", "2005-12-31": "397.41800", "2005-09-30": "427.85400", "2005-06-30": "316.25200", "2005-03-31": "134.54100"}, "Long Term Debt": {"2020-09-30": "1986.78500", "2020-06-30": "1986.27100", "2020-03-31": "1985.75800", "2019-12-31": "1985.24600", "2019-09-30": "1984.73400", "2019-06-30": "1984.23000", "2019-03-31": "1983.72700", "2018-12-31": "1488.55400", "2018-09-30": "1488.14700", "2018-06-30": "1487.73900", "2018-03-31": "1487.33000", "2017-12-31": "1486.92000", "2017-09-30": "1486.50900", "2017-06-30": "1486.09700", "2017-03-31": "1488.50000", "2016-12-31": "1487.93900", "2016-09-30": "1487.37100", "2016-06-30": "1486.79500", "2016-03-31": "1486.21100", "2015-12-31": "1485.62000", "2015-09-30": "1500.00000", "2015-06-30": "1500.00000", "2015-03-31": "1500.00000", "2014-12-31": "1483.17600", "2014-09-30": "1500.00000", "2014-06-30": "1500.00000", "2014-03-31": "1025.00000", "2013-12-31": "924.00000", "2013-09-30": "900.00000", "2013-06-30": "892.00000", "2013-03-31": "870.00000", "2012-12-31": "750.00000", "2012-09-30": "830.00000", "2012-06-30": "750.00000", "2012-03-31": "572.00000", "2011-12-31": "405.00000", "2011-09-30": "350.00000", "2011-06-30": "350.00000", "2011-03-31": "350.00000", "2010-12-31": "350.00000", "2010-09-30": "350.00000", "2010-06-30": "350.00000", "2010-03-31": "367.83200", "2009-12-31": "392.79300", "2009-09-30": "523.75300", "2009-06-30": "706.71200", "2009-03-31": "712.67200", "2008-12-31": "587.63000", "2008-09-30": "486.58700", "2008-06-30": "486.77800", "2008-03-31": "486.96800", "2007-12-31": "487.15900", "2007-09-30": "526.34900", "2007-06-30": "487.54000", "2007-03-31": "508.72000", "2006-12-31": "443.66700", "2006-09-30": "399.61300", "2006-06-30": "403.56000", "2006-03-31": "351.50600", "2005-12-31": "352.45100", "2005-09-30": "438.39600", "2005-06-30": "572.48900", "2005-03-31": ""}, "Other Non-Current Liabilities": {"2020-09-30": "253.05500", "2020-06-30": "240.72800", "2020-03-31": "231.71200", "2019-12-31": "215.80500", "2019-09-30": "219.98800", "2019-06-30": "222.68200", "2019-03-31": "228.91900", "2018-12-31": "200.56400", "2018-09-30": "214.52900", "2018-06-30": "218.84700", "2018-03-31": "204.63200", "2017-12-31": "206.24900", "2017-09-30": "188.16200", "2017-06-30": "190.58500", "2017-03-31": "187.22800", "2016-12-31": "184.44400", "2016-09-30": "189.25300", "2016-06-30": "202.45400", "2016-03-31": "197.07400", "2015-12-31": "197.21600", "2015-09-30": "187.91600", "2015-06-30": "196.16800", "2015-03-31": "198.08900", "2014-12-31": "193.62800", "2014-09-30": "187.81500", "2014-06-30": "184.98000", "2014-03-31": "177.79800", "2013-12-31": "163.91900", "2013-09-30": "293.57600", "2013-06-30": "292.72100", "2013-03-31": "321.51000", "2012-12-31": "313.20100", "2012-09-30": "324.91400", "2012-06-30": "304.34800", "2012-03-31": "304.97200", "2011-12-31": "301.69300", "2011-09-30": "265.70400", "2011-06-30": "260.99600", "2011-03-31": "264.13800", "2010-12-31": "267.06200", "2010-09-30": "272.22700", "2010-06-30": "275.51700", "2010-03-31": "277.88600", "2009-12-31": "275.97800", "2009-09-30": "286.71100", "2009-06-30": "257.07000", "2009-03-31": "260.54000", "2008-12-31": "255.12200", "2008-09-30": "133.95800", "2008-06-30": "136.95900", "2008-03-31": "132.31000", "2007-12-31": "115.55400", "2007-09-30": "134.22800", "2007-06-30": "133.66300", "2007-03-31": "136.62200", "2006-12-31": "133.68700", "2006-09-30": "122.43600", "2006-06-30": "118.02700", "2006-03-31": "106.96800", "2005-12-31": "103.34200", "2005-09-30": "122.25700", "2005-06-30": "161.64000", "2005-03-31": "38.56100"}, "Total Long Term Liabilities": {"2020-09-30": "2466.21500", "2020-06-30": "2514.16600", "2020-03-31": "2803.74700", "2019-12-31": "2805.26700", "2019-09-30": "2932.94800", "2019-06-30": "2919.37400", "2019-03-31": "2885.91600", "2018-12-31": "2023.59100", "2018-09-30": "1947.26800", "2018-06-30": "1907.93600", "2018-03-31": "1850.47300", "2017-12-31": "1794.78700", "2017-09-30": "1774.36600", "2017-06-30": "1725.00400", "2017-03-31": "1675.72800", "2016-12-31": "1672.38300", "2016-09-30": "1764.14700", "2016-06-30": "1781.69500", "2016-03-31": "1929.83800", "2015-12-31": "1839.99800", "2015-09-30": "2421.28700", "2015-06-30": "2873.45700", "2015-03-31": "3220.71800", "2014-12-31": "3431.51000", "2014-09-30": "3398.47700", "2014-06-30": "3311.18600", "2014-03-31": "2741.91200", "2013-12-31": "2547.76000", "2013-09-30": "2532.19900", "2013-06-30": "2445.55700", "2013-03-31": "2369.73100", "2012-12-31": "2184.55400", "2012-09-30": "2283.55600", "2012-06-30": "2128.98100", "2012-03-31": "1918.22900", "2011-12-31": "1610.42500", "2011-09-30": "1521.82200", "2011-06-30": "1398.18800", "2011-03-31": "1308.52200", "2010-12-31": "1236.10200", "2010-09-30": "1153.81400", "2010-06-30": "1081.50400", "2010-03-31": "1052.88400", "2009-12-31": "1017.66800", "2009-09-30": "1138.11700", "2009-06-30": "1237.58500", "2009-03-31": "1208.35900", "2008-12-31": "1343.69700", "2008-09-30": "1648.49400", "2008-06-30": "1802.10600", "2008-03-31": "1741.20100", "2007-12-31": "1678.93600", "2007-09-30": "1705.92800", "2007-06-30": "1619.03600", "2007-03-31": "1590.75300", "2006-12-31": "1499.01900", "2006-09-30": "1389.77300", "2006-06-30": "1321.63400", "2006-03-31": "1220.23400", "2005-12-31": "1187.46400", "2005-09-30": "1193.71000", "2005-06-30": "1377.80200", "2005-03-31": "280.20100"}, "Total Liabilities": {"2020-09-30": "3062.16800", "2020-06-30": "3018.94100", "2020-03-31": "3428.84600", "2019-12-31": "3563.88800", "2019-09-30": "3729.64700", "2019-06-30": "3734.04100", "2019-03-31": "3795.83000", "2018-12-31": "2732.29800", "2018-09-30": "2792.61300", "2018-06-30": "2644.89500", "2018-03-31": "2508.77100", "2017-12-31": "2474.36100", "2017-09-30": "2366.99100", "2017-06-30": "2251.22500", "2017-03-31": "2183.05000", "2016-12-31": "2194.73500", "2016-09-30": "2205.46500", "2016-06-30": "2185.02100", "2016-03-31": "2286.93000", "2015-12-31": "2250.06500", "2015-09-30": "2902.39500", "2015-06-30": "3372.34100", "2015-03-31": "3773.91300", "2014-12-31": "4207.83700", "2014-09-30": "4214.12000", "2014-06-30": "4112.37600", "2014-03-31": "3470.89800", "2013-12-31": "3230.92700", "2013-09-30": "3238.07900", "2013-06-30": "3117.37300", "2013-03-31": "3015.35600", "2012-12-31": "2830.41600", "2012-09-30": "2935.30800", "2012-06-30": "2739.33000", "2012-03-31": "2505.98700", "2011-12-31": "2226.76400", "2011-09-30": "2098.14500", "2011-06-30": "1996.52700", "2011-03-31": "1848.22400", "2010-12-31": "1748.41500", "2010-09-30": "1647.43500", "2010-06-30": "1502.98100", "2010-03-31": "1470.05800", "2009-12-31": "1406.43100", "2009-09-30": "1462.97900", "2009-06-30": "1510.30300", "2009-03-31": "1506.52700", "2008-12-31": "1813.28600", "2008-09-30": "2175.61600", "2008-06-30": "2348.00700", "2008-03-31": "2200.40600", "2007-12-31": "2103.50700", "2007-09-30": "2078.27700", "2007-06-30": "1974.11500", "2007-03-31": "1912.20200", "2006-12-31": "1853.60700", "2006-09-30": "1697.17000", "2006-06-30": "1662.76200", "2006-03-31": "1628.46300", "2005-12-31": "1584.88200", "2005-09-30": "1621.56400", "2005-06-30": "1694.05400", "2005-03-31": "414.74200"}, "Common Stock Net": {"2020-09-30": "1.02000", "2020-06-30": "1.02200", "2020-03-31": "1.02100", "2019-12-31": "1.02100", "2019-09-30": "1.01800", "2019-06-30": "1.01500", "2019-03-31": "1.01400", "2018-12-31": "0.95800", "2018-09-30": "0.95600", "2018-06-30": "0.95400", "2018-03-31": "0.95400", "2017-12-31": "0.95400", "2017-09-30": "0.95300", "2017-06-30": "0.95300", "2017-03-31": "0.95100", "2016-12-31": "0.95100", "2016-09-30": "0.95000", "2016-06-30": "0.95000", "2016-03-31": "0.94800", "2015-12-31": "0.94800", "2015-09-30": "0.94600", "2015-06-30": "0.94500", "2015-03-31": "0.87700", "2014-12-31": "0.87600", "2014-09-30": "0.87200", "2014-06-30": "0.87000", "2014-03-31": "0.87000", "2013-12-31": "0.87200", "2013-09-30": "0.86800", "2013-06-30": "0.86500", "2013-03-31": "0.86400", "2012-12-31": "0.86600", "2012-09-30": "0.86500", "2012-06-30": "0.86000", "2012-03-31": "0.85700", "2011-12-31": "0.85800", "2011-09-30": "0.85700", "2011-06-30": "0.85600", "2011-03-31": "0.85500", "2010-12-31": "0.85200", "2010-09-30": "0.84700", "2010-06-30": "0.84100", "2010-03-31": "0.83900", "2009-12-31": "0.83500", "2009-09-30": "0.83500", "2009-06-30": "0.83400", "2009-03-31": "0.84200", "2008-12-31": "0.84100", "2008-09-30": "0.84200", "2008-06-30": "0.84000", "2008-03-31": "0.83900", "2007-12-31": "0.83600", "2007-09-30": "0.83600", "2007-06-30": "0.84400", "2007-03-31": "0.84400", "2006-12-31": "0.84000", "2006-09-30": "0.83900", "2006-06-30": "0.83800", "2006-03-31": "0.83700", "2005-12-31": "0.83500", "2005-09-30": "0.84900", "2005-06-30": "0.84600", "2005-03-31": "0.41800"}, "Retained Earnings (Accumulated Deficit)": {"2020-09-30": "-1684.04600", "2020-06-30": "-1391.41900", "2020-03-31": "-466.28100", "2019-12-31": "331.79500", "2019-09-30": "654.21200", "2019-06-30": "635.33900", "2019-03-31": "547.62600", "2018-12-31": "542.88500", "2018-09-30": "243.92300", "2018-06-30": "112.81100", "2018-03-31": "-12.93700", "2017-12-31": "-199.25900", "2017-09-30": "-373.95500", "2017-06-30": "-465.36600", "2017-03-31": "-562.64500", "2016-12-31": "-722.35900", "2016-09-30": "-443.48000", "2016-06-30": "-430.67400", "2016-03-31": "-160.39700", "2015-12-31": "-306.00800", "2015-09-30": "678.95000", "2015-06-30": "1457.29800", "2015-03-31": "2072.60300", "2014-12-31": "2501.57400", "2014-09-30": "2439.79400", "2014-06-30": "2309.42900", "2014-03-31": "2174.69200", "2013-12-31": "2050.03400", "2013-09-30": "1855.38200", "2013-06-30": "1729.17800", "2013-03-31": "1611.73200", "2012-12-31": "1533.76800", "2012-09-30": "1445.01100", "2012-06-30": "1371.08700", "2012-03-31": "1317.09500", "2011-12-31": "1221.26300", "2011-09-30": "1112.97800", "2011-06-30": "993.41500", "2011-03-31": "835.23300", "2010-12-31": "725.65100", "2010-09-30": "614.90100", "2010-06-30": "493.56500", "2010-03-31": "375.72600", "2009-12-31": "178.03500", "2009-09-30": "78.54600", "2009-06-30": "44.89800", "2009-03-31": "11.12800", "2008-12-31": "510.27100", "2008-09-30": "1580.72800", "2008-06-30": "1817.90200", "2008-03-31": "1593.62700", "2007-12-31": "1448.76300", "2007-09-30": "1323.81500", "2007-06-30": "1253.97300", "2007-03-31": "1178.63500", "2006-12-31": "1117.40200", "2006-09-30": "1062.01100", "2006-06-30": "971.37600", "2006-03-31": "891.84800", "2005-12-31": "788.35600", "2005-09-30": "619.94800", "2005-06-30": "555.87300", "2005-03-31": "503.39600"}, "Comprehensive Income": {"2020-09-30": "", "2020-06-30": "", "2020-03-31": "", "2019-12-31": "", "2019-09-30": "0.01000", "2019-06-30": "2.20800", "2019-03-31": "1.90400", "2018-12-31": "0.75500", "2018-09-30": "2.74000", "2018-06-30": "2.20100", "2018-03-31": "2.00900", "2017-12-31": "2.19900", "2017-09-30": "1.80500", "2017-06-30": "1.57100", "2017-03-31": "1.34700", "2016-12-31": "0.94500", "2016-09-30": "1.00800", "2016-06-30": "0.72100", "2016-03-31": "0.52600", "2015-12-31": "0.44100", "2015-09-30": "0.30300", "2015-06-30": "0.91200", "2015-03-31": "1.20400", "2014-12-31": "1.10200", "2014-09-30": "1.05100", "2014-06-30": "1.17300", "2014-03-31": "1.22900", "2013-12-31": "1.18900", "2013-09-30": "0.87500", "2013-06-30": "0.57300", "2013-03-31": "0.55400", "2012-12-31": "0.47400", "2012-09-30": "0.48800", "2012-06-30": "0.25000", "2012-03-31": "0.38500", "2011-12-31": "-0.01400", "2011-09-30": "-0.15300", "2011-06-30": "0.43200", "2011-03-31": "0.42300", "2010-12-31": "0.26400", "2010-09-30": "0.09700", "2010-06-30": "-0.16800", "2010-03-31": "0.08000", "2009-12-31": "-0.01900", "2009-09-30": "-0.07400", "2009-06-30": "-0.44000", "2009-03-31": "-0.72000", "2008-12-31": "-0.95500", "2008-09-30": "4.16700", "2008-06-30": "-10.49800", "2008-03-31": "-4.32800", "2007-12-31": "7.62600", "2007-09-30": "13.84900", "2007-06-30": "13.91500", "2007-03-31": "8.33600", "2006-12-31": "31.08100", "2006-09-30": "20.40900", "2006-06-30": "0.11400", "2006-03-31": "0.08100", "2005-12-31": "0.08100", "2005-09-30": "0.08000", "2005-06-30": "0.05400", "2005-03-31": "0.03400"}, "Other Share Holders Equity": {"2020-09-30": "", "2020-06-30": "", "2020-03-31": "", "2019-12-31": "", "2019-09-30": "", "2019-06-30": "", "2019-03-31": "", "2018-12-31": "", "2018-09-30": "", "2018-06-30": "", "2018-03-31": "", "2017-12-31": "", "2017-09-30": "", "2017-06-30": "", "2017-03-31": "", "2016-12-31": "", "2016-09-30": "", "2016-06-30": "", "2016-03-31": "", "2015-12-31": "", "2015-09-30": "", "2015-06-30": "", "2015-03-31": "", "2014-12-31": "", "2014-09-30": "", "2014-06-30": "", "2014-03-31": "", "2013-12-31": "", "2013-09-30": "", "2013-06-30": "", "2013-03-31": "", "2012-12-31": "", "2012-09-30": "", "2012-06-30": "", "2012-03-31": "", "2011-12-31": "", "2011-09-30": "", "2011-06-30": "", "2011-03-31": "", "2010-12-31": "", "2010-09-30": "", "2010-06-30": "", "2010-03-31": "", "2009-12-31": "", "2009-09-30": "", "2009-06-30": "", "2009-03-31": "", "2008-12-31": "", "2008-09-30": "", "2008-06-30": "", "2008-03-31": "", "2007-12-31": "", "2007-09-30": "", "2007-06-30": "", "2007-03-31": "", "2006-12-31": "", "2006-09-30": "", "2006-06-30": "", "2006-03-31": "", "2005-12-31": "", "2005-09-30": "", "2005-06-30": "", "2005-03-31": ""}, "Share Holder Equity": {"2020-09-30": "1543.80200", "2020-06-30": "1850.84700", "2020-03-31": "2789.50000", "2019-12-31": "3576.14100", "2019-09-30": "3889.55800", "2019-06-30": "3861.89300", "2019-03-31": "3761.36200", "2018-12-31": "3329.78600", "2018-09-30": "3025.82200", "2018-06-30": "2886.49800", "2018-03-31": "2751.59300", "2017-12-31": "2568.27800", "2017-09-30": "2402.06300", "2017-06-30": "2311.75500", "2017-03-31": "2210.94900", "2016-12-31": "2042.98900", "2016-09-30": "2333.28200", "2016-06-30": "2346.80200", "2016-03-31": "2614.33100", "2015-12-31": "2458.35700", "2015-09-30": "3433.96700", "2015-06-30": "4196.16300", "2015-03-31": "4086.13800", "2014-12-31": "4500.63200", "2014-09-30": "4429.97400", "2014-06-30": "4286.63100", "2014-03-31": "4147.73700", "2013-12-31": "4022.20800", "2013-09-30": "3816.28500", "2013-06-30": "3678.99700", "2013-03-31": "3554.59300", "2012-12-31": "3474.73600", "2012-09-30": "3377.94700", "2012-06-30": "3291.97400", "2012-03-31": "3230.46200", "2011-12-31": "3130.61300", "2011-09-30": "3013.40700", "2011-06-30": "2887.60100", "2011-03-31": "2721.54700", "2010-12-31": "2609.83200", "2010-09-30": "2502.25900", "2010-06-30": "2367.65200", "2010-03-31": "2238.06200", "2009-12-31": "2038.10600", "2009-09-30": "1933.18300", "2009-06-30": "1892.50100", "2009-03-31": "1854.03300", "2008-12-31": "2351.64700", "2008-09-30": "3403.42400", "2008-06-30": "3621.26500", "2008-03-31": "3398.04200", "2007-12-31": "3259.28700", "2007-09-30": "3135.68400", "2007-06-30": "3096.33900", "2007-03-31": "3019.47300", "2006-12-31": "2976.14300", "2006-09-30": "2906.68500", "2006-06-30": "2792.52000", "2006-03-31": "2710.02000", "2005-12-31": "2595.45300", "2005-09-30": "2426.94100", "2005-06-30": "2303.60600", "2005-03-31": "745.61100"}, "Total Liabilities And Share Holders Equity": {"2020-09-30": "4605.97000", "2020-06-30": "4869.78800", "2020-03-31": "6218.34600", "2019-12-31": "7140.02900", "2019-09-30": "7619.20500", "2019-06-30": "7595.93400", "2019-03-31": "7557.19200", "2018-12-31": "6062.08400", "2018-09-30": "5818.43500", "2018-06-30": "5531.39300", "2018-03-31": "5260.36400", "2017-12-31": "5042.63900", "2017-09-30": "4769.05400", "2017-06-30": "4562.98000", "2017-03-31": "4393.99900", "2016-12-31": "4237.72400", "2016-09-30": "4538.74700", "2016-06-30": "4531.82300", "2016-03-31": "4901.26100", "2015-12-31": "4708.42200", "2015-09-30": "6336.36200", "2015-06-30": "7568.50400", "2015-03-31": "7860.05100", "2014-12-31": "8708.46900", "2014-09-30": "8644.09400", "2014-06-30": "8399.00700", "2014-03-31": "7618.63500", "2013-12-31": "7253.13500", "2013-09-30": "7054.36400", "2013-06-30": "6796.37000", "2013-03-31": "6569.94900", "2012-12-31": "6305.15200", "2012-09-30": "6313.25500", "2012-06-30": "6031.30400", "2012-03-31": "5736.44900", "2011-12-31": "5357.37700", "2011-09-30": "5111.55200", "2011-06-30": "4884.12800", "2011-03-31": "4569.77100", "2010-12-31": "4358.24700", "2010-09-30": "4149.69400", "2010-06-30": "3870.63300", "2010-03-31": "3708.12000", "2009-12-31": "3444.53700", "2009-09-30": "3396.16200", "2009-06-30": "3402.80400", "2009-03-31": "3360.56000", "2008-12-31": "4164.93300", "2008-09-30": "5579.04000", "2008-06-30": "5969.27200", "2008-03-31": "5598.44800", "2007-12-31": "5362.79400", "2007-09-30": "5213.96100", "2007-06-30": "5070.45400", "2007-03-31": "4931.67500", "2006-12-31": "4829.75000", "2006-09-30": "4603.85500", "2006-06-30": "4455.28200", "2006-03-31": "4338.48300", "2005-12-31": "4180.33500", "2005-09-30": "4048.50500", "2005-06-30": "3997.66000", "2005-03-31": "1160.35300"}}, "cash flow statement": {"Net Income/Loss": {"2019-12-31": "-124.61900", "2018-12-31": "791.85100", "2017-12-31": "494.32900", "2016-12-31": "-408.80300", "2015-12-31": "-2579.60400", "2014-12-31": "526.49800", "2013-12-31": "564.68900", "2012-12-31": "353.82300", "2011-12-31": "529.93200", "2010-12-31": "574.78200", "2009-12-31": "-311.94300", "2008-12-31": "-915.24500", "2007-12-31": "345.26200", "2006-12-31": "345.71900", "2005-12-31": "328.32500"}, "Total Depreciation And Amortization - Cash Flow": {"2019-12-31": "882.17300", "2018-12-31": "590.47300", "2017-12-31": "446.03100", "2016-12-31": "392.34800", "2015-12-31": "731.46000", "2014-12-31": "775.57700", "2013-12-31": "615.87400", "2012-12-31": "513.91600", "2011-12-31": "390.46100", "2010-12-31": "304.22200", "2009-12-31": "265.69900", "2008-12-31": "547.40400", "2007-12-31": "461.79100", "2006-12-31": "396.39400", "2005-12-31": "258.28700"}, "Other Non-Cash Items": {"2019-12-31": "709.38290", "2018-12-31": "153.03400", "2017-12-31": "243.38000", "2016-12-31": "641.72600", "2015-12-31": "2568.49600", "2014-12-31": "332.13700", "2013-12-31": "348.84000", "2012-12-31": "266.97600", "2011-12-31": "390.15000", "2010-12-31": "296.35500", "2009-12-31": "695.77700", "2008-12-31": "1691.49800", "2007-12-31": "186.15400", "2006-12-31": "175.62900", "2005-12-31": "137.99500"}, "Total Non-Cash Items": {"2019-12-31": "1591.55600", "2018-12-31": "743.50710", "2017-12-31": "689.41100", "2016-12-31": "1034.07400", "2015-12-31": "3299.95600", "2014-12-31": "1107.71400", "2013-12-31": "964.71410", "2012-12-31": "780.89200", "2011-12-31": "780.61100", "2010-12-31": "600.57700", "2009-12-31": "961.47600", "2008-12-31": "2238.90200", "2007-12-31": "647.94500", "2006-12-31": "572.02300", "2005-12-31": "396.28200"}, "Change In Accounts Receivable": {"2019-12-31": "65.12800", "2018-12-31": "5.42100", "2017-12-31": "-186.15700", "2016-12-31": "-49.34000", "2015-12-31": "186.69900", "2014-12-31": "-35.13300", "2013-12-31": "-64.78000", "2012-12-31": "56.43500", "2011-12-31": "-48.63200", "2010-12-31": "-83.38600", "2009-12-31": "29.88100", "2008-12-31": "56.24500", "2007-12-31": "-7.77700", "2006-12-31": "-9.81100", "2005-12-31": "-45.78700"}, "Change In Inventories": {"2019-12-31": "", "2018-12-31": "", "2017-12-31": "", "2016-12-31": "", "2015-12-31": "", "2014-12-31": "-25.42800", "2013-12-31": "", "2012-12-31": "", "2011-12-31": "", "2010-12-31": "34.25000", "2009-12-31": "49.89400", "2008-12-31": "-155.22200", "2007-12-31": "-33.91700", "2006-12-31": "-11.81200", "2005-12-31": "-27.29300"}, "Change In Accounts Payable": {"2019-12-31": "-184.56300", "2018-12-31": "13.95100", "2017-12-31": "115.02100", "2016-12-31": "25.17100", "2015-12-31": "-242.50700", "2014-12-31": "45.71400", "2013-12-31": "-13.29400", "2012-12-31": "-2.59500", "2011-12-31": "-6.64700", "2010-12-31": "", "2009-12-31": "", "2008-12-31": "23.24600", "2007-12-31": "43.21400", "2006-12-31": "-18.29300", "2005-12-31": "52.48800"}, "Change In Assets/Liabilities": {"2019-12-31": "-3.53600", "2018-12-31": "-3.73600", "2017-12-31": "-16.04000", "2016-12-31": "24.74700", "2015-12-31": "61.18400", "2014-12-31": "", "2013-12-31": "-126.98100", "2012-12-31": "4.20900", "2011-12-31": "37.01100", "2010-12-31": "12.77200", "2009-12-31": "8.94800", "2008-12-31": "119.56200", "2007-12-31": "-0.04700", "2006-12-31": "0.59300", "2005-12-31": "0.71900"}, "Total Change In Assets/Liabilities": {"2019-12-31": "-122.97100", "2018-12-31": "15.63600", "2017-12-31": "-87.17600", "2016-12-31": "0.57800", "2015-12-31": "5.37600", "2014-12-31": "-14.84700", "2013-12-31": "-205.05500", "2012-12-31": "58.04900", "2011-12-31": "-18.26800", "2010-12-31": "-44.92700", "2009-12-31": "25.64400", "2008-12-31": "43.83100", "2007-12-31": "1.47300", "2006-12-31": "-39.32300", "2005-12-31": "-19.87300"}, "Cash Flow From Operating Activities": {"2019-12-31": "1343.96600", "2018-12-31": "1550.99400", "2017-12-31": "1096.56400", "2016-12-31": "625.84900", "2015-12-31": "725.72800", "2014-12-31": "1619.36500", "2013-12-31": "1324.34800", "2012-12-31": "1192.76400", "2011-12-31": "1292.27500", "2010-12-31": "1130.43200", "2009-12-31": "675.17700", "2008-12-31": "1367.48800", "2007-12-31": "994.68000", "2006-12-31": "878.41900", "2005-12-31": "704.73400"}, "Net Change In Property, Plant, And Equipment": {"2019-12-31": "-1294.54500", "2018-12-31": "-1089.39000", "2017-12-31": "-1266.79800", "2016-12-31": "-700.29900", "2015-12-31": "-1009.78300", "2014-12-31": "-1748.88000", "2013-12-31": "-1562.69800", "2012-12-31": "-1416.13200", "2011-12-31": "-1541.45700", "2010-12-31": "-983.39800", "2009-12-31": "-457.74900", "2008-12-31": "-1607.43600", "2007-12-31": "-844.26100", "2006-12-31": "-1043.87600", "2005-12-31": "-491.68000"}, "Net Change In Intangible Assets": {"2019-12-31": "", "2018-12-31": "", "2017-12-31": "", "2016-12-31": "", "2015-12-31": "", "2014-12-31": "", "2013-12-31": "", "2012-12-31": "", "2011-12-31": "", "2010-12-31": "", "2009-12-31": "", "2008-12-31": "", "2007-12-31": "", "2006-12-31": "", "2005-12-31": ""}, "Net Acquisitions/Divestitures": {"2019-12-31": "-284.44100", "2018-12-31": "", "2017-12-31": "", "2016-12-31": "", "2015-12-31": "", "2014-12-31": "", "2013-12-31": "", "2012-12-31": "", "2011-12-31": "", "2010-12-31": "", "2009-12-31": "", "2008-12-31": "", "2007-12-31": "", "2006-12-31": "", "2005-12-31": "33.40700"}, "Net Change In Short-term Investments": {"2019-12-31": "", "2018-12-31": "", "2017-12-31": "", "2016-12-31": "", "2015-12-31": "", "2014-12-31": "", "2013-12-31": "", "2012-12-31": "", "2011-12-31": "", "2010-12-31": "", "2009-12-31": "3.32800", "2008-12-31": "10.67900", "2007-12-31": "-14.57600", "2006-12-31": "", "2005-12-31": ""}, "Net Change In Long-Term Investments": {"2019-12-31": "", "2018-12-31": "", "2017-12-31": "", "2016-12-31": "", "2015-12-31": "", "2014-12-31": "", "2013-12-31": "", "2012-12-31": "", "2011-12-31": "", "2010-12-31": "", "2009-12-31": "", "2008-12-31": "0.03900", "2007-12-31": "3.01500", "2006-12-31": "59.82300", "2005-12-31": "0.30200"}, "Net Change In Investments - Total": {"2019-12-31": "", "2018-12-31": "", "2017-12-31": "", "2016-12-31": "", "2015-12-31": "", "2014-12-31": "", "2013-12-31": "", "2012-12-31": "", "2011-12-31": "", "2010-12-31": "", "2009-12-31": "3.32800", "2008-12-31": "10.71800", "2007-12-31": "-11.56100", "2006-12-31": "59.82300", "2005-12-31": "0.30200"}, "Investing Activities - Other": {"2019-12-31": "1.10400", "2018-12-31": "3.77200", "2017-12-31": "0.90100", "2016-12-31": "7.88900", "2015-12-31": "1.17800", "2014-12-31": "8.41300", "2013-12-31": "31.66100", "2012-12-31": "1.06000", "2011-12-31": "112.01100", "2010-12-31": "5.84000", "2009-12-31": "10.32700", "2008-12-31": "", "2007-12-31": "-19.57400", "2006-12-31": "-25.74900", "2005-12-31": "-39.48200"}, "Cash Flow From Investing Activities": {"2019-12-31": "-1577.88200", "2018-12-31": "-1085.61800", "2017-12-31": "-1265.89700", "2016-12-31": "-692.41000", "2015-12-31": "-1008.60500", "2014-12-31": "-1740.46700", "2013-12-31": "-1531.03700", "2012-12-31": "-1415.07200", "2011-12-31": "-1429.44600", "2010-12-31": "-977.55800", "2009-12-31": "-444.09400", "2008-12-31": "-1596.71800", "2007-12-31": "-875.39600", "2006-12-31": "-1009.80200", "2005-12-31": "-497.45300"}, "Net Long-Term Debt": {"2019-12-31": "-374.55880", "2018-12-31": "", "2017-12-31": "-1.89000", "2016-12-31": "", "2015-12-31": "", "2014-12-31": "576.00000", "2013-12-31": "174.00000", "2012-12-31": "386.40500", "2011-12-31": "", "2010-12-31": "-19.45000", "2009-12-31": "", "2008-12-31": "-105.55000", "2007-12-31": "145.64000", "2006-12-31": "", "2005-12-31": "-273.50100"}, "Net Current Debt": {"2019-12-31": "", "2018-12-31": "", "2017-12-31": "", "2016-12-31": "", "2015-12-31": "", "2014-12-31": "", "2013-12-31": "", "2012-12-31": "-55.00000", "2011-12-31": "55.00000", "2010-12-31": "-25.00000", "2009-12-31": "-195.00000", "2008-12-31": "220.00000", "2007-12-31": "-95.00000", "2006-12-31": "95.00000", "2005-12-31": ""}, "Debt Issuance/Retirement Net - Total": {"2019-12-31": "-374.55880", "2018-12-31": "", "2017-12-31": "-1.89000", "2016-12-31": "", "2015-12-31": "", "2014-12-31": "576.00000", "2013-12-31": "174.00000", "2012-12-31": "331.40500", "2011-12-31": "55.00000", "2010-12-31": "-44.45000", "2009-12-31": "-195.00000", "2008-12-31": "114.45000", "2007-12-31": "50.64000", "2006-12-31": "95.00000", "2005-12-31": "-273.50100"}, "Net Common Equity Issued/Repurchased": {"2019-12-31": "1.26700", "2018-12-31": "2.24100", "2017-12-31": "0.39400", "2016-12-31": "4.80400", "2015-12-31": "760.55100", "2014-12-31": "11.89800", "2013-12-31": "14.49400", "2012-12-31": "11.43300", "2011-12-31": "10.41100", "2010-12-31": "28.75800", "2009-12-31": "3.42100", "2008-12-31": "13.14100", "2007-12-31": "-32.38000", "2006-12-31": "-6.70500", "2005-12-31": "13.63700"}, "Net Total Equity Issued/Repurchased": {"2019-12-31": "1.26700", "2018-12-31": "2.24100", "2017-12-31": "0.39400", "2016-12-31": "4.80400", "2015-12-31": "760.55100", "2014-12-31": "11.89800", "2013-12-31": "14.49400", "2012-12-31": "11.43300", "2011-12-31": "10.41100", "2010-12-31": "28.75800", "2009-12-31": "3.42100", "2008-12-31": "13.14100", "2007-12-31": "-32.38000", "2006-12-31": "-6.70500", "2005-12-31": "13.63700"}, "Total Common And Preferred Stock Dividends Paid": {"2019-12-31": "-81.70900", "2018-12-31": "-55.24300", "2017-12-31": "-30.53200", "2016-12-31": "-38.02400", "2015-12-31": "-58.28100", "2014-12-31": "-53.84900", "2013-12-31": "-46.71200", "2012-12-31": "-39.57700", "2011-12-31": "-32.58100", "2010-12-31": "-25.49900", "2009-12-31": "-20.17200", "2008-12-31": "-20.04000", "2007-12-31": "-13.42900", "2006-12-31": "-13.35800", "2005-12-31": ""}, "Financial Activities - Other": {"2019-12-31": "-17.02700", "2018-12-31": "-12.24200", "2017-12-31": "-50.98100", "2016-12-31": "-26.72500", "2015-12-31": "-45.87300", "2014-12-31": "-11.61600", "2013-12-31": "-0.10000", "2012-12-31": "-13.82100", "2011-12-31": "-7.37900", "2010-12-31": "-0.10100", "2009-12-31": "-18.00100", "2008-12-31": "-0.15800", "2007-12-31": "-6.11300", "2006-12-31": "-0.15300", "2005-12-31": "-1.51600"}, "Cash Flow From Financial Activities": {"2019-12-31": "-472.02800", "2018-12-31": "-65.24400", "2017-12-31": "-83.00900", "2016-12-31": "-59.94500", "2015-12-31": "656.39700", "2014-12-31": "522.43300", "2013-12-31": "141.68200", "2012-12-31": "289.44000", "2011-12-31": "25.45100", "2010-12-31": "-41.29200", "2009-12-31": "-229.75200", "2008-12-31": "107.39300", "2007-12-31": "-1.28200", "2006-12-31": "74.78400", "2005-12-31": "-261.38000"}, "Net Cash Flow": {"2019-12-31": "-705.94400", "2018-12-31": "400.13200", "2017-12-31": "-252.34200", "2016-12-31": "-126.50600", "2015-12-31": "373.52000", "2014-12-31": "401.33100", "2013-12-31": "-65.00700", "2012-12-31": "67.13200", "2011-12-31": "-111.72000", "2010-12-31": "111.58200", "2009-12-31": "1.33100", "2008-12-31": "-121.83700", "2007-12-31": "118.00200", "2006-12-31": "-56.59900", "2005-12-31": "-54.09900"}, "Stock-Based Compensation": {"2019-12-31": "26.39800", "2018-12-31": "22.89500", "2017-12-31": "26.25600", "2016-12-31": "24.52300", "2015-12-31": "19.55900", "2014-12-31": "15.00100", "2013-12-31": "14.27900", "2012-12-31": "21.91900", "2011-12-31": "18.94900", "2010-12-31": "12.35300", "2009-12-31": "9.25400", "2008-12-31": "10.09000", "2007-12-31": "10.77200", "2006-12-31": "8.24300", "2005-12-31": "4.95900"}, "Common Stock Dividends Paid": {"2019-12-31": "-81.70900", "2018-12-31": "-55.24300", "2017-12-31": "-30.53200", "2016-12-31": "-38.02400", "2015-12-31": "-58.28100", "2014-12-31": "-53.84900", "2013-12-31": "-46.71200", "2012-12-31": "-39.57700", "2011-12-31": "-32.58100", "2010-12-31": "-25.49900", "2009-12-31": "-20.17200", "2008-12-31": "-20.04000", "2007-12-31": "-13.42900", "2006-12-31": "-13.35800", "2005-12-31": ""}}, "cash flow statement, quarterly": {"Net Income/Loss": {"2020-09-30": -292.74, "2020-06-30": -925.147, "2020-03-31": "-774.28200", "2019-12-31": -384.091, "2019-09-30": 123.847, "2019-06-30": 109.309, "2019-03-31": "26.31600", "2018-12-31": 316.182, "2018-09-30": 148.354, "2018-06-30": 140.997, "2018-03-31": "186.31800", "2017-12-31": 174.696, "2017-09-30": 91.399, "2017-06-30": 97.262, "2017-03-31": "130.97200", "2016-12-31": 47.783, "2016-09-30": -10.673, "2016-06-30": -214.454, "2016-03-31": "-231.45900", "2015-12-31": -801.164, "2015-09-30": -763.284, "2015-06-30": -600.215, "2015-03-31": "-414.94100", "2014-12-31": 95.086, "2014-09-30": 144.315, "2014-06-30": 148.64, "2014-03-31": "138.45700", "2013-12-31": 206.827, "2013-09-30": 138.37, "2013-06-30": 129.565, "2013-03-31": "89.92700", "2012-12-31": 99.152, "2012-09-30": 84.262, "2012-06-30": 64.302, "2012-03-31": "106.10700", "2011-12-31": 116.869, "2011-09-30": 128.152, "2011-06-30": 166.749, "2011-03-31": "118.16200", "2010-12-31": 117.585, "2010-09-30": 128.216, "2010-06-30": 124.62, "2010-03-31": "204.36100", "2009-12-31": 104.645, "2009-09-30": 38.705, "2009-06-30": 38.807, "2009-03-31": "-494.10000", "2008-12-31": -1061.373, "2008-09-30": -232.423, "2008-06-30": 229.013, "2008-03-31": "149.53800", "2007-12-31": 128.771, "2007-09-30": 73.156, "2007-06-30": 78.707, "2007-03-31": "64.62800", "2006-12-31": 58.745, "2006-09-30": 93.957, "2006-06-30": 82.866, "2006-03-31": "110.15100", "2005-12-31": 168.408, "2005-09-30": 64.075, "2005-06-30": 52.477, "2005-03-31": "43.36500"}, "Total Depreciation And Amortization - Cash Flow": {"2020-09-30": 156.353, "2020-06-30": 910.219, "2020-03-31": "215.87000", "2019-12-31": 248.166, "2019-09-30": 228.761, "2019-06-30": 214.11, "2019-03-31": "191.13600", "2018-12-31": 175.741, "2018-09-30": 137.029, "2018-06-30": 144.115, "2018-03-31": "133.58800", "2017-12-31": 130.935, "2017-09-30": 111.396, "2017-06-30": 107.884, "2017-03-31": "95.81600", "2016-12-31": 89.349, "2016-09-30": 90.277, "2016-06-30": 102.086, "2016-03-31": "110.63600", "2015-12-31": 111.577, "2015-09-30": 185.654, "2015-06-30": 217.451, "2015-03-31": "216.77800", "2014-12-31": 187.298, "2014-09-30": 219.359, "2014-06-30": 194.989, "2014-03-31": "173.93100", "2013-12-31": 173.023, "2013-09-30": 159.182, "2013-06-30": 147.231, "2013-03-31": "136.43800", "2012-12-31": 138.43, "2012-09-30": 135.987, "2012-06-30": 121.237, "2012-03-31": "118.26200", "2011-12-31": 110.907, "2011-09-30": 104.681, "2011-06-30": 89.847, "2011-03-31": "85.02600", "2010-12-31": 82.661, "2010-09-30": 78.705, "2010-06-30": 73.146, "2010-03-31": "69.71000", "2009-12-31": 59.908, "2009-09-30": 59.24, "2009-06-30": 56.885, "2009-03-31": "89.66600", "2008-12-31": 141.215, "2008-09-30": 147.432, "2008-06-30": 133.201, "2008-03-31": "125.55600", "2007-12-31": 122.476, "2007-09-30": 117.634, "2007-06-30": 112.797, "2007-03-31": "108.88400", "2006-12-31": 106.089, "2006-09-30": 104.904, "2006-06-30": 94.773, "2006-03-31": "90.62800", "2005-12-31": 85.794, "2005-09-30": 82.826, "2005-06-30": 51.582, "2005-03-31": "38.08500"}, "Other Non-Cash Items": {"2020-09-30": 373.051, "2020-06-30": 161.866, "2020-03-31": "862.42300", "2019-12-31": 554.7089, "2019-09-30": 8.121, "2019-06-30": 15.091, "2019-03-31": "131.46200", "2018-12-31": -61.992, "2018-09-30": 104.012, "2018-06-30": 63.686, "2018-03-31": "47.32800", "2017-12-31": 49.576, "2017-09-30": 81.111, "2017-06-30": 73.647, "2017-03-31": "39.04600", "2016-12-31": 77.741, "2016-09-30": 102.339, "2016-06-30": 261.095, "2016-03-31": "200.55100", "2015-12-31": 792.083, "2015-09-30": 756.183, "2015-06-30": 636.168, "2015-03-31": "384.06200", "2014-12-31": 58.203, "2014-09-30": 77.947, "2014-06-30": 95.276, "2014-03-31": "100.71100", "2013-12-31": 116.834, "2013-09-30": 102.227, "2013-06-30": 67.097, "2013-03-31": "62.68200", "2012-12-31": 62.494, "2012-09-30": 80.949, "2012-06-30": 47.185, "2012-03-31": "76.34800", "2011-12-31": 77.98, "2011-09-30": 128.53, "2011-06-30": 84.946, "2011-03-31": "98.69400", "2010-12-31": 105.232, "2010-09-30": 89.859, "2010-06-30": 62.128, "2010-03-31": "39.13600", "2009-12-31": 12.546, "2009-09-30": 83.735, "2009-06-30": 57.416, "2009-03-31": "542.08000", "2008-12-31": 1059.401, "2008-09-30": 498.833, "2008-06-30": 73.596, "2008-03-31": "59.66800", "2007-12-31": 55.003, "2007-09-30": 44.463, "2007-06-30": 44.802, "2007-03-31": "41.88600", "2006-12-31": 48.249, "2006-09-30": 42.82, "2006-06-30": 58.222, "2006-03-31": "26.33800", "2005-12-31": 20.014, "2005-09-30": 70.132, "2005-06-30": 28.23, "2005-03-31": "19.61900"}, "Total Non-Cash Items": {"2020-09-30": 529.404, "2020-06-30": 1072.085, "2020-03-31": "1078.29300", "2019-12-31": 802.875, "2019-09-30": 236.882, "2019-06-30": 229.201, "2019-03-31": "322.59800", "2018-12-31": 113.7491, "2018-09-30": 241.041, "2018-06-30": 207.801, "2018-03-31": "180.91600", "2017-12-31": 180.511, "2017-09-30": 192.507, "2017-06-30": 181.531, "2017-03-31": "134.86200", "2016-12-31": 167.09, "2016-09-30": 192.616, "2016-06-30": 363.181, "2016-03-31": "311.18700", "2015-12-31": 903.66, "2015-09-30": 941.837, "2015-06-30": 853.619, "2015-03-31": "600.84000", "2014-12-31": 245.501, "2014-09-30": 297.306, "2014-06-30": 290.265, "2014-03-31": "274.64200", "2013-12-31": 289.8571, "2013-09-30": 261.409, "2013-06-30": 214.328, "2013-03-31": "199.12000", "2012-12-31": 200.924, "2012-09-30": 216.936, "2012-06-30": 168.422, "2012-03-31": "194.61000", "2011-12-31": 188.8871, "2011-09-30": 233.2109, "2011-06-30": 174.793, "2011-03-31": "183.72000", "2010-12-31": 187.893, "2010-09-30": 168.564, "2010-06-30": 135.274, "2010-03-31": "108.84600", "2009-12-31": 72.454, "2009-09-30": 142.9749, "2009-06-30": 114.3011, "2009-03-31": "631.74600", "2008-12-31": 1200.616, "2008-09-30": 646.265, "2008-06-30": 206.797, "2008-03-31": "185.22400", "2007-12-31": 177.479, "2007-09-30": 162.097, "2007-06-30": 157.599, "2007-03-31": "150.77000", "2006-12-31": 154.338, "2006-09-30": 147.724, "2006-06-30": 152.995, "2006-03-31": "116.96600", "2005-12-31": 105.808, "2005-09-30": 152.958, "2005-06-30": 79.812, "2005-03-31": "57.70400"}, "Change In Accounts Receivable": {"2020-09-30": -24.662, "2020-06-30": 85.01, "2020-03-31": "119.60500", "2019-12-31": -15.055, "2019-09-30": -37.509, "2019-06-30": 83.716, "2019-03-31": "33.97600", "2018-12-31": 17.193, "2018-09-30": -26.784, "2018-06-30": -29.71, "2018-03-31": "44.72200", "2017-12-31": -57.236, "2017-09-30": -67.776, "2017-06-30": -16.483, "2017-03-31": "-44.66200", "2016-12-31": -47.617, "2016-09-30": 2.604, "2016-06-30": -37.474, "2016-03-31": "33.14700", "2015-12-31": 34.916, "2015-09-30": 59.31, "2015-06-30": 20.076, "2015-03-31": "72.39700", "2014-12-31": 27.958, "2014-09-30": 18.611, "2014-06-30": -46.173, "2014-03-31": "-35.52900", "2013-12-31": 23.351, "2013-09-30": -33.071, "2013-06-30": -24.484, "2013-03-31": "-30.57600", "2012-12-31": 32.037, "2012-09-30": -83.436, "2012-06-30": 109.978, "2012-03-31": "-2.14400", "2011-12-31": -16.403, "2011-09-30": -49.778, "2011-06-30": 15.527, "2011-03-31": "2.02200", "2010-12-31": -79.022, "2010-09-30": -14.413, "2010-06-30": 49.544, "2010-03-31": "-39.49500", "2009-12-31": -54.163, "2009-09-30": 7.738, "2009-06-30": -10.925, "2009-03-31": "87.23100", "2008-12-31": 77.007, "2008-09-30": 82.375, "2008-06-30": -62.488, "2008-03-31": "-40.64900", "2007-12-31": -27.42, "2007-09-30": 7.902, "2007-06-30": 5.43, "2007-03-31": "6.31100", "2006-12-31": -60.878, "2006-09-30": -3.978, "2006-06-30": 26.52, "2006-03-31": "28.52500", "2005-12-31": -22.022, "2005-09-30": -41.106, "2005-06-30": 9.47, "2005-03-31": "7.87100"}, "Change In Inventories": {"2020-09-30": 0, "2020-06-30": 0, "2020-03-31": "", "2019-12-31": 0, "2019-09-30": 0, "2019-06-30": 0, "2019-03-31": "", "2018-12-31": 0, "2018-09-30": -1.886, "2018-06-30": 1.886, "2018-03-31": "", "2017-12-31": 0, "2017-09-30": 0, "2017-06-30": 0, "2017-03-31": "", "2016-12-31": 0, "2016-09-30": -17.328, "2016-06-30": 17.328, "2016-03-31": "", "2015-12-31": 0, "2015-09-30": 0, "2015-06-30": 0, "2015-03-31": "", "2014-12-31": -25.428, "2014-09-30": 0, "2014-06-30": 0, "2014-03-31": "", "2013-12-31": -9.799, "2013-09-30": 9.799, "2013-06-30": 0, "2013-03-31": "", "2012-12-31": 0, "2012-09-30": 0, "2012-06-30": 0, "2012-03-31": "", "2011-12-31": -30.736, "2011-09-30": 30.736, "2011-06-30": 3.005, "2011-03-31": "-3.00500", "2010-12-31": 34.219, "2010-09-30": -16.556, "2010-06-30": -1.908, "2010-03-31": "18.49500", "2009-12-31": 49.894, "2009-09-30": 0, "2009-06-30": 0, "2009-03-31": "", "2008-12-31": -95.553, "2008-09-30": -59.669, "2008-06-30": 0, "2008-03-31": "", "2007-12-31": -29.466, "2007-09-30": -4.451, "2007-06-30": 0, "2007-03-31": "", "2006-12-31": -11.812, "2006-09-30": 0, "2006-06-30": 0, "2006-03-31": "", "2005-12-31": -27.293, "2005-09-30": 0, "2005-06-30": 0, "2005-03-31": ""}, "Change In Accounts Payable": {"2020-09-30": 41.998, "2020-06-30": -86.351, "2020-03-31": "-117.21100", "2019-12-31": -38.244, "2019-09-30": -6.047, "2019-06-30": -4.975, "2019-03-31": "-135.29700", "2018-12-31": -45.786, "2018-09-30": 89.041, "2018-06-30": 1.162, "2018-03-31": "-30.46600", "2017-12-31": 39.456, "2017-09-30": 43.143, "2017-06-30": 1.115, "2017-03-31": "31.30700", "2016-12-31": 16.092, "2016-09-30": 32.749, "2016-06-30": 17.645, "2016-03-31": "-41.31500", "2015-12-31": -19.78, "2015-09-30": -45.375, "2015-06-30": -21.289, "2015-03-31": "-156.06300", "2014-12-31": -23.705, "2014-09-30": 50.77, "2014-06-30": 27.216, "2014-03-31": "-8.56700", "2013-12-31": 0.345, "2013-09-30": 15.085, "2013-06-30": -4.814, "2013-03-31": "-23.91000", "2012-12-31": 29.057, "2012-09-30": 39.806, "2012-06-30": -22.469, "2012-03-31": "-48.98900", "2011-12-31": 25.124, "2011-09-30": -15.024, "2011-06-30": 21.613, "2011-03-31": "-38.36000", "2010-12-31": -21.12, "2010-09-30": 48.597, "2010-06-30": -34.377, "2010-03-31": "6.90000", "2009-12-31": 108.236, "2009-09-30": 38.478, "2009-06-30": -28.137, "2009-03-31": "-118.57700", "2008-12-31": -13.48, "2008-09-30": -39.438, "2008-06-30": 48.595, "2008-03-31": "27.56900", "2007-12-31": 44.469, "2007-09-30": 17.607, "2007-06-30": 16.383, "2007-03-31": "-35.24500", "2006-12-31": 51.043, "2006-09-30": -23.391, "2006-06-30": -32.404, "2006-03-31": "-13.54100", "2005-12-31": 37.407, "2005-09-30": 54.213, "2005-06-30": -34.117, "2005-03-31": "-5.01500"}, "Change In Assets/Liabilities": {"2020-09-30": 5.193, "2020-06-30": -0.891, "2020-03-31": "2.38600", "2019-12-31": -5.676, "2019-09-30": 2.901, "2019-06-30": -3.259, "2019-03-31": "2.49800", "2018-12-31": -8.157, "2018-09-30": 3.708, "2018-06-30": -0.89, "2018-03-31": "1.60300", "2017-12-31": 3.332, "2017-09-30": -8.268, "2017-06-30": -8.139, "2017-03-31": "-2.96500", "2016-12-31": 1.713, "2016-09-30": 23.034, "2016-06-30": -13.845, "2016-03-31": "13.84500", "2015-12-31": 31.55, "2015-09-30": 13.513, "2015-06-30": 5.181, "2015-03-31": "10.94000", "2014-12-31": 27.983, "2014-09-30": -8.801, "2014-06-30": 1.797, "2014-03-31": "-20.97900", "2013-12-31": -126.981, "2013-09-30": -20.63, "2013-06-30": 8.113, "2013-03-31": "12.51700", "2012-12-31": -4.554, "2012-09-30": 3.648, "2012-06-30": 2.807, "2012-03-31": "2.30800", "2011-12-31": 37.011, "2011-09-30": 5.135, "2011-06-30": -7.873, "2011-03-31": "2.73800", "2010-12-31": 12.772, "2010-09-30": 0, "2010-06-30": 0, "2010-03-31": "", "2009-12-31": -8.456, "2009-09-30": 43.404, "2009-06-30": -2.256, "2009-03-31": "-23.74400", "2008-12-31": 119.562, "2008-09-30": 46.047, "2008-06-30": -39.61, "2008-03-31": "-6.43700", "2007-12-31": 7.678, "2007-09-30": 3.595, "2007-06-30": -11.325, "2007-03-31": "0.00500", "2006-12-31": 9.847, "2006-09-30": 1.04, "2006-06-30": 3.792, "2006-03-31": "-14.08600", "2005-12-31": 24.951, "2005-09-30": -11.871, "2005-06-30": -4.864, "2005-03-31": "-7.49700"}, "Total Change In Assets/Liabilities": {"2020-09-30": 22.529, "2020-06-30": -2.232, "2020-03-31": "4.78000", "2019-12-31": -58.975, "2019-09-30": -40.655, "2019-06-30": 75.482, "2019-03-31": "-98.82300", "2018-12-31": -36.75, "2018-09-30": 64.079, "2018-06-30": -27.552, "2018-03-31": "15.85900", "2017-12-31": -14.448, "2017-09-30": -32.901, "2017-06-30": -23.507, "2017-03-31": "-16.32000", "2016-12-31": -29.812, "2016-09-30": 41.059, "2016-06-30": -16.346, "2016-03-31": "5.67700", "2015-12-31": 46.686, "2015-09-30": 27.448, "2015-06-30": 3.968, "2015-03-31": "-72.72600", "2014-12-31": 6.808, "2014-09-30": 60.58, "2014-06-30": -17.16, "2014-03-31": "-65.07500", "2013-12-31": -113.084, "2013-09-30": -28.817, "2013-06-30": -21.185, "2013-03-31": "-41.96900", "2012-12-31": 56.54, "2012-09-30": -39.982, "2012-06-30": 90.316, "2012-03-31": "-48.82500", "2011-12-31": 14.996, "2011-09-30": -28.931, "2011-06-30": 32.272, "2011-03-31": "-36.60500", "2010-12-31": -61.714, "2010-09-30": 17.628, "2010-06-30": 13.259, "2010-03-31": "-14.10000", "2009-12-31": 32.432, "2009-09-30": 89.62, "2009-06-30": -41.318, "2009-03-31": "-55.09000", "2008-12-31": 87.536, "2008-09-30": 29.315, "2008-06-30": -53.503, "2008-03-31": "-19.51700", "2007-12-31": -4.739, "2007-09-30": 24.653, "2007-06-30": 10.488, "2007-03-31": "-28.92900", "2006-12-31": -11.8, "2006-09-30": -26.329, "2006-06-30": -2.092, "2006-03-31": "0.89800", "2005-12-31": 13.043, "2005-09-30": 1.236, "2005-06-30": -29.511, "2005-03-31": "-4.64100"}, "Cash Flow From Operating Activities": {"2020-09-30": 259.193, "2020-06-30": 144.706, "2020-03-31": "308.79100", "2019-12-31": 359.809, "2019-09-30": 320.074, "2019-06-30": 413.992, "2019-03-31": "250.09100", "2018-12-31": 393.181, "2018-09-30": 453.474, "2018-06-30": 321.246, "2018-03-31": "383.09300", "2017-12-31": 340.759, "2017-09-30": 251.005, "2017-06-30": 255.286, "2017-03-31": "249.51400", "2016-12-31": 185.061, "2016-09-30": 223.002, "2016-06-30": 132.381, "2016-03-31": "85.40500", "2015-12-31": 149.182, "2015-09-30": 206.001, "2015-06-30": 257.372, "2015-03-31": "113.17300", "2014-12-31": 347.395, "2014-09-30": 502.201, "2014-06-30": 421.745, "2014-03-31": "348.02400", "2013-12-31": 383.6, "2013-09-30": 370.962, "2013-06-30": 322.708, "2013-03-31": "247.07800", "2012-12-31": 356.616, "2012-09-30": 261.216, "2012-06-30": 323.04, "2012-03-31": "251.89200", "2011-12-31": 320.752, "2011-09-30": 332.432, "2011-06-30": 373.814, "2011-03-31": "265.27700", "2010-12-31": 243.764, "2010-09-30": 314.408, "2010-06-30": 273.153, "2010-03-31": "299.10700", "2009-12-31": 209.531, "2009-09-30": 271.3, "2009-06-30": 111.79, "2009-03-31": "82.55600", "2008-12-31": 226.779, "2008-09-30": 443.157, "2008-06-30": 382.307, "2008-03-31": "315.24500", "2007-12-31": 301.511, "2007-09-30": 259.906, "2007-06-30": 246.794, "2007-03-31": "186.46900", "2006-12-31": 201.283, "2006-09-30": 215.352, "2006-06-30": 233.769, "2006-03-31": "228.01500", "2005-12-31": 287.259, "2005-09-30": 218.269, "2005-06-30": 102.778, "2005-03-31": "96.42800"}, "Net Change In Property, Plant, And Equipment": {"2020-09-30": -3.718, "2020-06-30": -164.137, "2020-03-31": "-291.66500", "2019-12-31": 20.764, "2019-09-30": -576.644, "2019-06-30": -393.095, "2019-03-31": "-345.57000", "2018-12-31": -436.236, "2018-09-30": 18.923, "2018-06-30": -359.39, "2018-03-31": "-312.68700", "2017-12-31": -341.653, "2017-09-30": -333.927, "2017-06-30": -276.241, "2017-03-31": "-314.97700", "2016-12-31": -210.185, "2016-09-30": -160.136, "2016-06-30": -157.077, "2016-03-31": "-172.90100", "2015-12-31": -220.069, "2015-09-30": -163.843, "2015-06-30": -237.097, "2015-03-31": "-388.77400", "2014-12-31": -492.877, "2014-09-30": -67.437, "2014-06-30": -748.776, "2014-03-31": "-439.79000", "2013-12-31": -434.85, "2013-09-30": -366.117, "2013-06-30": -372.037, "2013-03-31": "-389.69400", "2012-12-31": -246.557, "2012-09-30": -412.24, "2012-06-30": -357.694, "2012-03-31": "-399.64100", "2011-12-31": -422.894, "2011-09-30": -439.908, "2011-06-30": -380.51, "2011-03-31": "-298.14500", "2010-12-31": -286.567, "2010-09-30": -283.987, "2010-06-30": -201.395, "2010-03-31": "-211.44900", "2009-12-31": -106.197, "2009-09-30": -77.373, "2009-06-30": -80.454, "2009-03-31": "-193.72500", "2008-12-31": -581.151, "2008-09-30": -364.486, "2008-06-30": -368.628, "2008-03-31": "-293.17100", "2007-12-31": -113.966, "2007-09-30": -278.596, "2007-06-30": -199.677, "2007-03-31": "-252.02200", "2006-12-31": -246.8499, "2006-09-30": -256.0981, "2006-06-30": -319.163, "2006-03-31": "-221.76500", "2005-12-31": -162.092, "2005-09-30": -123.617, "2005-06-30": -109.292, "2005-03-31": "-96.67900"}, "Net Change In Intangible Assets": {"2020-09-30": 0, "2020-06-30": 0, "2020-03-31": "", "2019-12-31": 0, "2019-09-30": 0, "2019-06-30": 0, "2019-03-31": "", "2018-12-31": 0, "2018-09-30": 0, "2018-06-30": 0, "2018-03-31": "", "2017-12-31": 0, "2017-09-30": 0, "2017-06-30": 0, "2017-03-31": "", "2016-12-31": 0, "2016-09-30": 0, "2016-06-30": 0, "2016-03-31": "", "2015-12-31": 0, "2015-09-30": 0, "2015-06-30": 0, "2015-03-31": "", "2014-12-31": 0, "2014-09-30": 0, "2014-06-30": 0, "2014-03-31": "", "2013-12-31": 0, "2013-09-30": 0, "2013-06-30": 0, "2013-03-31": "", "2012-12-31": 0, "2012-09-30": 0, "2012-06-30": 0, "2012-03-31": "", "2011-12-31": 0, "2011-09-30": 0, "2011-06-30": 0, "2011-03-31": "", "2010-12-31": 0, "2010-09-30": 0, "2010-06-30": 0, "2010-03-31": "", "2009-12-31": 0, "2009-09-30": 0, "2009-06-30": 0, "2009-03-31": "", "2008-12-31": 0, "2008-09-30": 0, "2008-06-30": 0, "2008-03-31": "", "2007-12-31": 0, "2007-09-30": 0, "2007-06-30": 0, "2007-03-31": "", "2006-12-31": 0, "2006-09-30": 0, "2006-06-30": 0, "2006-03-31": "", "2005-12-31": 0, "2005-09-30": 0, "2005-06-30": 0, "2005-03-31": ""}, "Net Acquisitions/Divestitures": {"2020-09-30": 0, "2020-06-30": 0, "2020-03-31": "", "2019-12-31": -284.441, "2019-09-30": 284.441, "2019-06-30": 0, "2019-03-31": "-284.44100", "2018-12-31": 0, "2018-09-30": 0, "2018-06-30": 0, "2018-03-31": "", "2017-12-31": 0, "2017-09-30": 0, "2017-06-30": 0, "2017-03-31": "", "2016-12-31": 0, "2016-09-30": 0, "2016-06-30": 0, "2016-03-31": "", "2015-12-31": 0, "2015-09-30": 0, "2015-06-30": 0, "2015-03-31": "", "2014-12-31": 0, "2014-09-30": 0, "2014-06-30": 0, "2014-03-31": "", "2013-12-31": 0, "2013-09-30": 0, "2013-06-30": 0, "2013-03-31": "", "2012-12-31": 0, "2012-09-30": 0, "2012-06-30": 0, "2012-03-31": "", "2011-12-31": 0, "2011-09-30": 0, "2011-06-30": 0, "2011-03-31": "", "2010-12-31": 0, "2010-09-30": 0, "2010-06-30": 0, "2010-03-31": "", "2009-12-31": 0, "2009-09-30": 0, "2009-06-30": 0, "2009-03-31": "", "2008-12-31": 0, "2008-09-30": 0, "2008-06-30": 0, "2008-03-31": "", "2007-12-31": 0, "2007-09-30": 0, "2007-06-30": 0, "2007-03-31": "", "2006-12-31": 0, "2006-09-30": 0, "2006-06-30": 0, "2006-03-31": "", "2005-12-31": 0, "2005-09-30": 0, "2005-06-30": 33.407, "2005-03-31": ""}, "Net Change In Short-term Investments": {"2020-09-30": 0, "2020-06-30": 0, "2020-03-31": "", "2019-12-31": 0, "2019-09-30": 0, "2019-06-30": 0, "2019-03-31": "", "2018-12-31": 0, "2018-09-30": 0, "2018-06-30": 0, "2018-03-31": "", "2017-12-31": 0, "2017-09-30": 0, "2017-06-30": 0, "2017-03-31": "", "2016-12-31": 0, "2016-09-30": 0, "2016-06-30": 0, "2016-03-31": "", "2015-12-31": 0, "2015-09-30": 0, "2015-06-30": 0, "2015-03-31": "", "2014-12-31": 0, "2014-09-30": 0, "2014-06-30": 0, "2014-03-31": "", "2013-12-31": 0, "2013-09-30": 0, "2013-06-30": 0, "2013-03-31": "", "2012-12-31": 0, "2012-09-30": 0, "2012-06-30": 0, "2012-03-31": "", "2011-12-31": 0, "2011-09-30": 0, "2011-06-30": 0, "2011-03-31": "", "2010-12-31": 0, "2010-09-30": 0, "2010-06-30": 0, "2010-03-31": "", "2009-12-31": 0, "2009-09-30": 2.098, "2009-06-30": 0.307, "2009-03-31": "0.92300", "2008-12-31": 1.391, "2008-09-30": 2.227, "2008-06-30": 2.061, "2008-03-31": "5.00000", "2007-12-31": -14.576, "2007-09-30": 0, "2007-06-30": 0, "2007-03-31": "", "2006-12-31": 0, "2006-09-30": 0, "2006-06-30": 0, "2006-03-31": "", "2005-12-31": 0, "2005-09-30": 0, "2005-06-30": 0, "2005-03-31": ""}, "Net Change In Long-Term Investments": {"2020-09-30": 0, "2020-06-30": 0, "2020-03-31": "", "2019-12-31": 0, "2019-09-30": 0, "2019-06-30": 0, "2019-03-31": "", "2018-12-31": 0, "2018-09-30": 0, "2018-06-30": 0, "2018-03-31": "", "2017-12-31": 0, "2017-09-30": 0, "2017-06-30": 0, "2017-03-31": "", "2016-12-31": 0, "2016-09-30": 0, "2016-06-30": 0, "2016-03-31": "", "2015-12-31": 0, "2015-09-30": 0, "2015-06-30": 0, "2015-03-31": "", "2014-12-31": 0, "2014-09-30": 0, "2014-06-30": 0, "2014-03-31": "", "2013-12-31": 0, "2013-09-30": 0, "2013-06-30": 0, "2013-03-31": "", "2012-12-31": 0, "2012-09-30": 0, "2012-06-30": 0, "2012-03-31": "", "2011-12-31": 0, "2011-09-30": 0, "2011-06-30": 0, "2011-03-31": "", "2010-12-31": 0, "2010-09-30": 0, "2010-06-30": 0, "2010-03-31": "", "2009-12-31": 0, "2009-09-30": 0, "2009-06-30": 0, "2009-03-31": "", "2008-12-31": 0.039, "2008-09-30": 0, "2008-06-30": 0, "2008-03-31": "", "2007-12-31": 0, "2007-09-30": 3.015, "2007-06-30": 0, "2007-03-31": "", "2006-12-31": 1.538, "2006-09-30": 58.285, "2006-06-30": 0, "2006-03-31": "", "2005-12-31": 0.067, "2005-09-30": 0.235, "2005-06-30": 0, "2005-03-31": ""}, "Net Change In Investments - Total": {"2020-09-30": 0, "2020-06-30": 0, "2020-03-31": "", "2019-12-31": 0, "2019-09-30": 0, "2019-06-30": 0, "2019-03-31": "", "2018-12-31": 0, "2018-09-30": 0, "2018-06-30": 0, "2018-03-31": "", "2017-12-31": 0, "2017-09-30": 0, "2017-06-30": 0, "2017-03-31": "", "2016-12-31": 0, "2016-09-30": 0, "2016-06-30": 0, "2016-03-31": "", "2015-12-31": 0, "2015-09-30": 0, "2015-06-30": 0, "2015-03-31": "", "2014-12-31": 0, "2014-09-30": 0, "2014-06-30": 0, "2014-03-31": "", "2013-12-31": 0, "2013-09-30": 0, "2013-06-30": 0, "2013-03-31": "", "2012-12-31": 0, "2012-09-30": 0, "2012-06-30": 0, "2012-03-31": "", "2011-12-31": 0, "2011-09-30": 0, "2011-06-30": 0, "2011-03-31": "", "2010-12-31": 0, "2010-09-30": 0, "2010-06-30": 0, "2010-03-31": "", "2009-12-31": 0, "2009-09-30": 2.098, "2009-06-30": 0.307, "2009-03-31": "0.92300", "2008-12-31": 1.43, "2008-09-30": 2.227, "2008-06-30": 2.061, "2008-03-31": "5.00000", "2007-12-31": -14.576, "2007-09-30": 3.015, "2007-06-30": 0, "2007-03-31": "", "2006-12-31": 1.538, "2006-09-30": 58.285, "2006-06-30": 0, "2006-03-31": "", "2005-12-31": 0.067, "2005-09-30": 0.235, "2005-06-30": 0, "2005-03-31": ""}, "Investing Activities - Other": {"2020-09-30": 0.704, "2020-06-30": 1.007, "2020-03-31": "0.18100", "2019-12-31": 0.245, "2019-09-30": 0.425, "2019-06-30": 0.234, "2019-03-31": "0.20000", "2018-12-31": 2.782, "2018-09-30": 0.465, "2018-06-30": 0.093, "2018-03-31": "0.43200", "2017-12-31": 0.391, "2017-09-30": 0.116, "2017-06-30": 0.394, "2017-03-31": "", "2016-12-31": 2.171, "2016-09-30": 5.718, "2016-06-30": -0.088, "2016-03-31": "0.08800", "2015-12-31": 1.178, "2015-09-30": 0, "2015-06-30": 0, "2015-03-31": "", "2014-12-31": 0.235, "2014-09-30": 8.178, "2014-06-30": 0, "2014-03-31": "", "2013-12-31": 35.066, "2013-09-30": -9.087, "2013-06-30": 25.205, "2013-03-31": "-19.52300", "2012-12-31": 43.423, "2012-09-30": -16.684, "2012-06-30": -15.379, "2012-03-31": "-10.30000", "2011-12-31": 0.174, "2011-09-30": 164.726, "2011-06-30": -28.383, "2011-03-31": "-24.50600", "2010-12-31": 5.84, "2010-09-30": 0, "2010-06-30": 0, "2010-03-31": "", "2009-12-31": 31.458, "2009-09-30": -10.404, "2009-06-30": -2.76, "2009-03-31": "-7.96700", "2008-12-31": 43.253, "2008-09-30": -43.253, "2008-06-30": 0, "2008-03-31": "", "2007-12-31": -8.583, "2007-09-30": -3.601, "2007-06-30": -5.087, "2007-03-31": "-2.30300", "2006-12-31": -2.098, "2006-09-30": -8.568, "2006-06-30": -8.885, "2006-03-31": "-6.19800", "2005-12-31": -7.044, "2005-09-30": -3.942, "2005-06-30": -25.403, "2005-03-31": "-3.09300"}, "Cash Flow From Investing Activities": {"2020-09-30": -3.014, "2020-06-30": -163.13, "2020-03-31": "-291.48400", "2019-12-31": -263.432, "2019-09-30": -291.778, "2019-06-30": -392.861, "2019-03-31": "-629.81100", "2018-12-31": -433.454, "2018-09-30": 19.388, "2018-06-30": -359.297, "2018-03-31": "-312.25500", "2017-12-31": -341.262, "2017-09-30": -333.811, "2017-06-30": -275.847, "2017-03-31": "-314.97700", "2016-12-31": -208.014, "2016-09-30": -154.418, "2016-06-30": -157.165, "2016-03-31": "-172.81300", "2015-12-31": -218.891, "2015-09-30": -163.843, "2015-06-30": -237.097, "2015-03-31": "-388.77400", "2014-12-31": -492.642, "2014-09-30": -59.259, "2014-06-30": -748.776, "2014-03-31": "-439.79000", "2013-12-31": -399.784, "2013-09-30": -375.204, "2013-06-30": -346.832, "2013-03-31": "-409.21700", "2012-12-31": -203.134, "2012-09-30": -428.924, "2012-06-30": -373.073, "2012-03-31": "-409.94100", "2011-12-31": -422.72, "2011-09-30": -275.182, "2011-06-30": -408.893, "2011-03-31": "-322.65100", "2010-12-31": -280.727, "2010-09-30": -283.987, "2010-06-30": -201.395, "2010-03-31": "-211.44900", "2009-12-31": -74.739, "2009-09-30": -85.679, "2009-06-30": -82.907, "2009-03-31": "-200.76900", "2008-12-31": -536.468, "2008-09-30": -405.512, "2008-06-30": -366.567, "2008-03-31": "-288.17100", "2007-12-31": -137.125, "2007-09-30": -279.182, "2007-06-30": -204.764, "2007-03-31": "-254.32500", "2006-12-31": -247.41, "2006-09-30": -206.381, "2006-06-30": -328.048, "2006-03-31": "-227.96300", "2005-12-31": -169.069, "2005-09-30": -127.324, "2005-06-30": -101.288, "2005-03-31": "-99.77200"}, "Net Long-Term Debt": {"2020-09-30": -1.055, "2020-06-30": -1.343, "2020-03-31": "-1.46500", "2019-12-31": -1.1379, "2019-09-30": -1.176, "2019-06-30": -0.9199, "2019-03-31": "-371.32500", "2018-12-31": 0, "2018-09-30": 0, "2018-06-30": 0, "2018-03-31": "", "2017-12-31": 0, "2017-09-30": 0, "2017-06-30": -1.89, "2017-03-31": "", "2016-12-31": 0, "2016-09-30": 0, "2016-06-30": 0, "2016-03-31": "", "2015-12-31": 0, "2015-09-30": 0, "2015-06-30": 0, "2015-03-31": "", "2014-12-31": 0, "2014-09-30": 0, "2014-06-30": 576, "2014-03-31": "", "2013-12-31": 174, "2013-09-30": 0, "2013-06-30": 0, "2013-03-31": "", "2012-12-31": 0, "2012-09-30": 0, "2012-06-30": 386.405, "2012-03-31": "", "2011-12-31": 0, "2011-09-30": 0, "2011-06-30": 0, "2011-03-31": "", "2010-12-31": 0, "2010-09-30": -19.45, "2010-06-30": 0, "2010-03-31": "", "2009-12-31": 0, "2009-09-30": 0, "2009-06-30": 0, "2009-03-31": "", "2008-12-31": -105.55, "2008-09-30": 0, "2008-06-30": 0, "2008-03-31": "", "2007-12-31": 0, "2007-09-30": 0, "2007-06-30": 145.64, "2007-03-31": "", "2006-12-31": 0, "2006-09-30": 0, "2006-06-30": 0, "2006-03-31": "", "2005-12-31": -85.079, "2005-09-30": -128.358, "2005-06-30": -60.064, "2005-03-31": ""}, "Net Current Debt": {"2020-09-30": 0, "2020-06-30": 0, "2020-03-31": "", "2019-12-31": 0, "2019-09-30": 0, "2019-06-30": 0, "2019-03-31": "", "2018-12-31": 0, "2018-09-30": 0, "2018-06-30": 0, "2018-03-31": "", "2017-12-31": 0, "2017-09-30": 0, "2017-06-30": 0, "2017-03-31": "", "2016-12-31": 0, "2016-09-30": 0, "2016-06-30": 0, "2016-03-31": "", "2015-12-31": 0, "2015-09-30": 0, "2015-06-30": 0, "2015-03-31": "", "2014-12-31": 0, "2014-09-30": 0, "2014-06-30": -101, "2014-03-31": "101.00000", "2013-12-31": -150, "2013-09-30": 8, "2013-06-30": 22, "2013-03-31": "120.00000", "2012-12-31": -80, "2012-09-30": 80, "2012-06-30": -222, "2012-03-31": "167.00000", "2011-12-31": 55, "2011-09-30": 0, "2011-06-30": 0, "2011-03-31": "", "2010-12-31": 0, "2010-09-30": 0, "2010-06-30": 0, "2010-03-31": "-25.00000", "2009-12-31": -131, "2009-09-30": -183, "2009-06-30": -6, "2009-03-31": "125.00000", "2008-12-31": 220, "2008-09-30": 0, "2008-06-30": 0, "2008-03-31": "", "2007-12-31": -39, "2007-09-30": 39, "2007-06-30": -161, "2007-03-31": "66.00000", "2006-12-31": 45, "2006-09-30": -3, "2006-06-30": 53, "2006-03-31": "", "2005-12-31": 0, "2005-09-30": 0, "2005-06-30": 0, "2005-03-31": ""}, "Debt Issuance/Retirement Net - Total": {"2020-09-30": -1.055, "2020-06-30": -1.343, "2020-03-31": "-1.46500", "2019-12-31": -1.1379, "2019-09-30": -1.176, "2019-06-30": -0.9199, "2019-03-31": "-371.32500", "2018-12-31": 0, "2018-09-30": 0, "2018-06-30": 0, "2018-03-31": "", "2017-12-31": 0, "2017-09-30": 0, "2017-06-30": -1.89, "2017-03-31": "", "2016-12-31": 0, "2016-09-30": 0, "2016-06-30": 0, "2016-03-31": "", "2015-12-31": 0, "2015-09-30": 0, "2015-06-30": 0, "2015-03-31": "", "2014-12-31": 0, "2014-09-30": 0, "2014-06-30": 475, "2014-03-31": "101.00000", "2013-12-31": 24, "2013-09-30": 8, "2013-06-30": 22, "2013-03-31": "120.00000", "2012-12-31": -80, "2012-09-30": 80, "2012-06-30": 164.405, "2012-03-31": "167.00000", "2011-12-31": 55, "2011-09-30": 0, "2011-06-30": 0, "2011-03-31": "", "2010-12-31": 0, "2010-09-30": -19.45, "2010-06-30": 0, "2010-03-31": "-25.00000", "2009-12-31": -131, "2009-09-30": -183, "2009-06-30": -6, "2009-03-31": "125.00000", "2008-12-31": 114.45, "2008-09-30": 0, "2008-06-30": 0, "2008-03-31": "", "2007-12-31": -39, "2007-09-30": 39, "2007-06-30": -15.36, "2007-03-31": "66.00000", "2006-12-31": 45, "2006-09-30": -3, "2006-06-30": 53, "2006-03-31": "", "2005-12-31": -85.079, "2005-09-30": -128.358, "2005-06-30": -60.064, "2005-03-31": ""}, "Net Common Equity Issued/Repurchased": {"2020-09-30": 0, "2020-06-30": 0, "2020-03-31": "", "2019-12-31": 0, "2019-09-30": 0.593, "2019-06-30": 0.594, "2019-03-31": "0.08000", "2018-12-31": 0.03, "2018-09-30": 0.962, "2018-06-30": 0.904, "2018-03-31": "0.34500", "2017-12-31": 0.168, "2017-09-30": 0.19, "2017-06-30": 0, "2017-03-31": "0.03600", "2016-12-31": 0.181, "2016-09-30": 3.336, "2016-06-30": 1.173, "2016-03-31": "0.11400", "2015-12-31": -11.941, "2015-09-30": 15.4561, "2015-06-30": 752.4179, "2015-03-31": "4.61800", "2014-12-31": 1.369, "2014-09-30": 6.468, "2014-06-30": 1.153, "2014-03-31": "2.90800", "2013-12-31": 4.326, "2013-09-30": 8.463, "2013-06-30": 0.216, "2013-03-31": "1.48900", "2012-12-31": 1.023, "2012-09-30": 7.646, "2012-06-30": 1.139, "2012-03-31": "1.62500", "2011-12-31": 0.828, "2011-09-30": 2.591, "2011-06-30": 2.749, "2011-03-31": "4.24300", "2010-12-31": 9.83, "2010-09-30": 1.896, "2010-06-30": 14.623, "2010-03-31": "2.40900", "2009-12-31": 0.845, "2009-09-30": 2.462, "2009-06-30": 0.114, "2009-03-31": "", "2008-12-31": 0.21, "2008-09-30": -0.03, "2008-06-30": 10.845, "2008-03-31": "2.11600", "2007-12-31": 0.989, "2007-09-30": -35.763, "2007-06-30": -5.13, "2007-03-31": "7.52400", "2006-12-31": 1.522, "2006-09-30": 0.069, "2006-06-30": -0.599, "2006-03-31": "-7.69700", "2005-12-31": 2.579, "2005-09-30": 7.581, "2005-06-30": 2.854, "2005-03-31": "0.62300"}, "Net Total Equity Issued/Repurchased": {"2020-09-30": 0, "2020-06-30": 0, "2020-03-31": "", "2019-12-31": 0, "2019-09-30": 0.593, "2019-06-30": 0.594, "2019-03-31": "0.08000", "2018-12-31": 0.03, "2018-09-30": 0.962, "2018-06-30": 0.904, "2018-03-31": "0.34500", "2017-12-31": 0.168, "2017-09-30": 0.19, "2017-06-30": 0, "2017-03-31": "0.03600", "2016-12-31": 0.181, "2016-09-30": 3.336, "2016-06-30": 1.173, "2016-03-31": "0.11400", "2015-12-31": -11.941, "2015-09-30": 15.4561, "2015-06-30": 752.4179, "2015-03-31": "4.61800", "2014-12-31": 1.369, "2014-09-30": 6.468, "2014-06-30": 1.153, "2014-03-31": "2.90800", "2013-12-31": 4.326, "2013-09-30": 8.463, "2013-06-30": 0.216, "2013-03-31": "1.48900", "2012-12-31": 1.023, "2012-09-30": 7.646, "2012-06-30": 1.139, "2012-03-31": "1.62500", "2011-12-31": 0.828, "2011-09-30": 2.591, "2011-06-30": 2.749, "2011-03-31": "4.24300", "2010-12-31": 9.83, "2010-09-30": 1.896, "2010-06-30": 14.623, "2010-03-31": "2.40900", "2009-12-31": 0.845, "2009-09-30": 2.462, "2009-06-30": 0.114, "2009-03-31": "", "2008-12-31": 0.21, "2008-09-30": -0.03, "2008-06-30": 10.845, "2008-03-31": "2.11600", "2007-12-31": 0.989, "2007-09-30": -35.763, "2007-06-30": -5.13, "2007-03-31": "7.52400", "2006-12-31": 1.522, "2006-09-30": 0.069, "2006-06-30": -0.599, "2006-03-31": "-7.69700", "2005-12-31": 2.579, "2005-09-30": 7.581, "2005-06-30": 2.854, "2005-03-31": "0.62300"}, "Total Common And Preferred Stock Dividends Paid": {"2020-09-30": -23.684, "2020-06-30": -23.616, "2020-03-31": "-21.59300", "2019-12-31": -21.579, "2019-09-30": -21.483, "2019-06-30": -21.468, "2019-03-31": "-17.17900", "2018-12-31": -17.205, "2018-09-30": -15.237, "2018-06-30": -15.199, "2018-03-31": "-7.60200", "2017-12-31": -7.789, "2017-09-30": -7.59, "2017-06-30": -7.576, "2017-03-31": "-7.57700", "2016-12-31": -7.781, "2016-09-30": -7.588, "2016-06-30": -7.551, "2016-03-31": "-15.10400", "2015-12-31": -15.07, "2015-09-30": -15.082, "2015-06-30": -14.182, "2015-03-31": "-13.94700", "2014-12-31": -13.917, "2014-09-30": -13.91, "2014-06-30": -13.879, "2014-03-31": "-12.14300", "2013-12-31": -12.142, "2013-09-30": -12.122, "2013-06-30": -12.092, "2013-03-31": "-10.35600", "2012-12-31": -10.378, "2012-09-30": -10.33, "2012-06-30": -10.293, "2012-03-31": "-8.57600", "2011-12-31": -8.583, "2011-09-30": -8.583, "2011-06-30": -8.566, "2011-03-31": "-6.84900", "2010-12-31": -6.837, "2010-09-30": -6.827, "2010-06-30": -6.766, "2010-03-31": "-5.06900", "2009-12-31": -5.049, "2009-09-30": -5.047, "2009-06-30": -5.036, "2009-03-31": "-5.04000", "2008-12-31": -5.033, "2008-09-30": -5.033, "2008-06-30": -5.021, "2008-03-31": "-4.95300", "2007-12-31": -3.334, "2007-09-30": -3.348, "2007-06-30": -3.382, "2007-03-31": "-3.36500", "2006-12-31": -3.352, "2006-09-30": -3.345, "2006-06-30": -3.334, "2006-03-31": "-3.32700", "2005-12-31": 0, "2005-09-30": 0, "2005-06-30": 0, "2005-03-31": ""}, "Financial Activities - Other": {"2020-09-30": -2.325, "2020-06-30": -1.481, "2020-03-31": "-0.26500", "2019-12-31": -2.823, "2019-09-30": -1.759, "2019-06-30": -0.853, "2019-03-31": "-11.59200", "2018-12-31": -5.832, "2018-09-30": -5.464, "2018-06-30": -0.641, "2018-03-31": "-0.30500", "2017-12-31": -14.15, "2017-09-30": -6.581, "2017-06-30": -29.286, "2017-03-31": "-0.96400", "2016-12-31": -15.267, "2016-09-30": -7.375, "2016-06-30": -3.738, "2016-03-31": "-0.34500", "2015-12-31": -23.21, "2015-09-30": -0.1, "2015-06-30": -22.563, "2015-03-31": "", "2014-12-31": 0, "2014-09-30": -0.398, "2014-06-30": -11.218, "2014-03-31": "", "2013-12-31": 0, "2013-09-30": -0.1, "2013-06-30": 0, "2013-03-31": "", "2012-12-31": 0, "2012-09-30": -1.129, "2012-06-30": -12.692, "2012-03-31": "", "2011-12-31": -0.031, "2011-09-30": -7.248, "2011-06-30": -0.1, "2011-03-31": "", "2010-12-31": 0, "2010-09-30": -0.001, "2010-06-30": -0.1, "2010-03-31": "", "2009-12-31": -0.006, "2009-09-30": -0.034, "2009-06-30": -17.959, "2009-03-31": "-0.00200", "2008-12-31": -0.108, "2008-09-30": 0, "2008-06-30": -0.05, "2008-03-31": "", "2007-12-31": -0.014, "2007-09-30": -0.001, "2007-06-30": -6.098, "2007-03-31": "", "2006-12-31": -0.079, "2006-09-30": 0, "2006-06-30": -0.074, "2006-03-31": "", "2005-12-31": -1.516, "2005-09-30": 0, "2005-06-30": 0, "2005-03-31": ""}, "Cash Flow From Financial Activities": {"2020-09-30": -27.064, "2020-06-30": -26.44, "2020-03-31": "-23.32300", "2019-12-31": -25.54, "2019-09-30": -23.825, "2019-06-30": -22.647, "2019-03-31": "-400.01600", "2018-12-31": -23.007, "2018-09-30": -19.739, "2018-06-30": -14.936, "2018-03-31": "-7.56200", "2017-12-31": -21.771, "2017-09-30": -13.981, "2017-06-30": -38.752, "2017-03-31": "-8.50500", "2016-12-31": -22.867, "2016-09-30": -11.627, "2016-06-30": -10.116, "2016-03-31": "-15.33500", "2015-12-31": -50.221, "2015-09-30": 0.274, "2015-06-30": 715.673, "2015-03-31": "-9.32900", "2014-12-31": -12.548, "2014-09-30": -7.84, "2014-06-30": 451.056, "2014-03-31": "91.76500", "2013-12-31": 16.184, "2013-09-30": 4.241, "2013-06-30": 10.124, "2013-03-31": "111.13300", "2012-12-31": -89.355, "2012-09-30": 76.187, "2012-06-30": 142.559, "2012-03-31": "160.04900", "2011-12-31": 47.214, "2011-09-30": -13.24, "2011-06-30": -5.917, "2011-03-31": "-2.60600", "2010-12-31": 2.993, "2010-09-30": -24.382, "2010-06-30": 7.757, "2010-03-31": "-27.66000", "2009-12-31": -135.21, "2009-09-30": -185.619, "2009-06-30": -28.881, "2009-03-31": "119.95800", "2008-12-31": 109.519, "2008-09-30": -5.063, "2008-06-30": 5.774, "2008-03-31": "-2.83700", "2007-12-31": -41.359, "2007-09-30": -0.112, "2007-06-30": -29.97, "2007-03-31": "70.15900", "2006-12-31": 43.091, "2006-09-30": -6.276, "2006-06-30": 48.993, "2006-03-31": "-11.02400", "2005-12-31": -84.016, "2005-09-30": -120.777, "2005-06-30": -57.21, "2005-03-31": "0.62300"}, "Net Cash Flow": {"2020-09-30": 229.115, "2020-06-30": -44.864, "2020-03-31": "-6.01600", "2019-12-31": 70.837, "2019-09-30": 4.471, "2019-06-30": -1.516, "2019-03-31": "-779.73600", "2018-12-31": -63.28, "2018-09-30": 453.123, "2018-06-30": -52.987, "2018-03-31": "63.27600", "2017-12-31": -22.274, "2017-09-30": -96.787, "2017-06-30": -59.313, "2017-03-31": "-73.96800", "2016-12-31": -45.82, "2016-09-30": 56.957, "2016-06-30": -34.9, "2016-03-31": "-102.74300", "2015-12-31": -119.93, "2015-09-30": 42.432, "2015-06-30": 735.948, "2015-03-31": "-284.93000", "2014-12-31": -157.795, "2014-09-30": 435.102, "2014-06-30": 124.025, "2014-03-31": "-0.00100", "2013-12-31": 0, "2013-09-30": -0.001, "2013-06-30": -14, "2013-03-31": "-51.00600", "2012-12-31": 64.127, "2012-09-30": -91.521, "2012-06-30": 92.526, "2012-03-31": "2.00000", "2011-12-31": -54.754, "2011-09-30": 44.01, "2011-06-30": -40.996, "2011-03-31": "-59.98000", "2010-12-31": -33.97, "2010-09-30": 6.039, "2010-06-30": 79.515, "2010-03-31": "59.99800", "2009-12-31": -0.418, "2009-09-30": 0.002, "2009-06-30": 0.002, "2009-03-31": "1.74500", "2008-12-31": -200.17, "2008-09-30": 32.582, "2008-06-30": 21.514, "2008-03-31": "24.23700", "2007-12-31": 123.027, "2007-09-30": -19.388, "2007-06-30": 12.06, "2007-03-31": "2.30300", "2006-12-31": -3.036, "2006-09-30": 2.695, "2006-06-30": -45.286, "2006-03-31": "-10.97200", "2005-12-31": 34.174, "2005-09-30": -29.832, "2005-06-30": -55.72, "2005-03-31": "-2.72100"}, "Stock-Based Compensation": {"2020-09-30": 9.738, "2020-06-30": 6.747, "2020-03-31": "6.39400", "2019-12-31": 6.394, "2019-09-30": 6.797, "2019-06-30": 6.494, "2019-03-31": "6.71300", "2018-12-31": 6.633, "2018-09-30": 6.437, "2018-06-30": 3.095, "2018-03-31": "6.73000", "2017-12-31": 6.637, "2017-09-30": 7.038, "2017-06-30": 6.293, "2017-03-31": "6.28800", "2016-12-31": 5.741, "2016-09-30": 5.764, "2016-06-30": 7.49, "2016-03-31": "5.52800", "2015-12-31": 4.679, "2015-09-30": 4.737, "2015-06-30": 4.988, "2015-03-31": "5.15500", "2014-12-31": 4.126, "2014-09-30": 3.603, "2014-06-30": 3.548, "2014-03-31": "3.72400", "2013-12-31": 3.82, "2013-09-30": 3.347, "2013-06-30": 3.507, "2013-03-31": "3.60500", "2012-12-31": 4.4, "2012-09-30": 8.301, "2012-06-30": 4.684, "2012-03-31": "4.53400", "2011-12-31": 4.987, "2011-09-30": 4.595, "2011-06-30": 4.617, "2011-03-31": "4.75000", "2010-12-31": 3.341, "2010-09-30": 3.241, "2010-06-30": 2.993, "2010-03-31": "2.77800", "2009-12-31": 2.423, "2009-09-30": 2.477, "2009-06-30": 2.097, "2009-03-31": "2.25700", "2008-12-31": 2.658, "2008-09-30": 2.791, "2008-06-30": 2.366, "2008-03-31": "2.27500", "2007-12-31": 2.704, "2007-09-30": 2.8, "2007-06-30": 2.598, "2007-03-31": "2.67000", "2006-12-31": 1.914, "2006-09-30": 2.265, "2006-06-30": 2.096, "2006-03-31": "1.96800", "2005-12-31": 1.296, "2005-09-30": 1.225, "2005-06-30": 1.213, "2005-03-31": "1.22500"}, "Common Stock Dividends Paid": {"2020-09-30": -23.684, "2020-06-30": -23.616, "2020-03-31": "-21.59300", "2019-12-31": -21.579, "2019-09-30": -21.483, "2019-06-30": -21.468, "2019-03-31": "-17.17900", "2018-12-31": -17.205, "2018-09-30": -15.237, "2018-06-30": -15.199, "2018-03-31": "-7.60200", "2017-12-31": -7.789, "2017-09-30": -7.59, "2017-06-30": -7.576, "2017-03-31": "-7.57700", "2016-12-31": -7.781, "2016-09-30": -7.588, "2016-06-30": -7.551, "2016-03-31": "-15.10400", "2015-12-31": -15.07, "2015-09-30": -15.082, "2015-06-30": -14.182, "2015-03-31": "-13.94700", "2014-12-31": -13.917, "2014-09-30": -13.91, "2014-06-30": -13.879, "2014-03-31": "-12.14300", "2013-12-31": -12.142, "2013-09-30": -12.122, "2013-06-30": -12.092, "2013-03-31": "-10.35600", "2012-12-31": -10.378, "2012-09-30": -10.33, "2012-06-30": -10.293, "2012-03-31": "-8.57600", "2011-12-31": -8.583, "2011-09-30": -8.583, "2011-06-30": -8.566, "2011-03-31": "-6.84900", "2010-12-31": -6.837, "2010-09-30": -6.827, "2010-06-30": -6.766, "2010-03-31": "-5.06900", "2009-12-31": -5.049, "2009-09-30": -5.047, "2009-06-30": -5.036, "2009-03-31": "-5.04000", "2008-12-31": -5.033, "2008-09-30": -5.033, "2008-06-30": -5.021, "2008-03-31": "-4.95300", "2007-12-31": -3.334, "2007-09-30": -3.348, "2007-06-30": -3.382, "2007-03-31": "-3.36500", "2006-12-31": -3.352, "2006-09-30": -3.345, "2006-06-30": -3.334, "2006-03-31": "-3.32700", "2005-12-31": 0, "2005-09-30": 0, "2005-06-30": 0, "2005-03-31": ""}}, "financial ratios": {"Current Ratio": {"2019-12-31": "0.81920", "2018-12-31": "2.00950", "2017-12-31": "1.37680", "2016-12-31": "1.85570", "2015-12-31": "2.62870", "2014-12-31": "1.20030", "2013-12-31": "0.68670", "2012-12-31": "0.72790", "2011-12-31": "0.74290", "2010-12-31": "1.09520", "2009-12-31": "1.04760", "2008-12-31": "1.09660", "2007-12-31": "1.32980", "2006-12-31": "1.17530", "2005-12-31": "1.07950"}, "Long-term Debt / Capital": {"2019-12-31": "0.35700", "2018-12-31": "0.30890", "2017-12-31": "0.36670", "2016-12-31": "0.42140", "2015-12-31": "0.37670", "2014-12-31": "0.24790", "2013-12-31": "0.18680", "2012-12-31": "0.17750", "2011-12-31": "0.11450", "2010-12-31": "0.11830", "2009-12-31": "0.16160", "2008-12-31": "0.19990", "2007-12-31": "0.13000", "2006-12-31": "0.12970", "2005-12-31": "0.11960"}, "Debt/Equity Ratio": {"2019-12-31": "0.55510", "2018-12-31": "0.44700", "2017-12-31": "0.57900", "2016-12-31": "0.72830", "2015-12-31": "0.60430", "2014-12-31": "0.32950", "2013-12-31": "0.22970", "2012-12-31": "0.21580", "2011-12-31": "0.12940", "2010-12-31": "0.13410", "2009-12-31": "0.19270", "2008-12-31": "0.24990", "2007-12-31": "0.14950", "2006-12-31": "0.14910", "2005-12-31": "0.13580"}, "Gross Margin": {"2019-12-31": "85.61380", "2018-12-31": "87.33700", "2017-12-31": "86.27140", "2016-12-31": "81.54830", "2015-12-31": "79.39070", "2014-12-31": "85.87960", "2013-12-31": "85.64890", "2012-12-31": "84.07670", "2011-12-31": "85.94630", "2010-12-31": "87.97690", "2009-12-31": "82.35140", "2008-12-31": "86.96460", "2007-12-31": "85.91330", "2006-12-31": "86.02550", "2005-12-31": "90.69690"}, "Operating Margin": {"2019-12-31": "-4.88060", "2018-12-31": "44.76100", "2017-12-31": "39.13540", "2016-12-31": "-45.48370", "2015-12-31": "-276.03600", "2014-12-31": "34.83160", "2013-12-31": "44.82560", "2012-12-31": "35.16410", "2011-12-31": "47.68660", "2010-12-31": "56.47710", "2009-12-31": "-45.14010", "2008-12-31": "-73.13270", "2007-12-31": "37.87120", "2006-12-31": "40.90730", "2005-12-31": "45.56570"}, "EBIT Margin": {"2019-12-31": "-4.88060", "2018-12-31": "44.76100", "2017-12-31": "39.13540", "2016-12-31": "-45.48370", "2015-12-31": "-276.03600", "2014-12-31": "34.83160", "2013-12-31": "44.82560", "2012-12-31": "35.16410", "2011-12-31": "47.68660", "2010-12-31": "56.47710", "2009-12-31": "-45.14010", "2008-12-31": "-73.13270", "2007-12-31": "37.87120", "2006-12-31": "40.90730", "2005-12-31": "45.56570"}, "EBITDA Margin": {"2019-12-31": "32.45270", "2018-12-31": "70.00550", "2017-12-31": "62.38740", "2016-12-31": "-14.27920", "2015-12-31": "-225.68150", "2014-12-31": "66.82500", "2013-12-31": "75.64930", "2012-12-31": "66.81040", "2011-12-31": "69.89850", "2010-12-31": "75.32970", "2009-12-31": "-18.82790", "2008-12-31": "-45.35060", "2007-12-31": "70.15270", "2006-12-31": "72.23290", "2005-12-31": "68.65550"}, "Pre-Tax Profit Margin": {"2019-12-31": "-6.38980", "2018-12-31": "43.71520", "2017-12-31": "35.55310", "2016-12-31": "-49.56510", "2015-12-31": "-278.89850", "2014-12-31": "34.50020", "2013-12-31": "44.72860", "2012-12-31": "34.51790", "2011-12-31": "47.86880", "2010-12-31": "56.62400", "2009-12-31": "-48.37430", "2008-12-31": "-73.67480", "2007-12-31": "37.93910", "2006-12-31": "43.01600", "2005-12-31": "46.16890"}, "Net Profit Margin": {"2019-12-31": "-5.55300", "2018-12-31": "33.38010", "2017-12-31": "25.32400", "2016-12-31": "-32.51320", "2015-12-31": "-177.58300", "2014-12-31": "21.29260", "2013-12-31": "27.70690", "2012-12-31": "21.37210", "2011-12-31": "29.46300", "2010-12-31": "34.82620", "2009-12-31": "-30.89180", "2008-12-31": "-46.45100", "2007-12-31": "24.13550", "2006-12-31": "27.32090", "2005-12-31": "29.35090"}, "Asset Turnover": {"2019-12-31": "0.33090", "2018-12-31": "0.38580", "2017-12-31": "0.38040", "2016-12-31": "0.29670", "2015-12-31": "0.30850", "2014-12-31": "0.27840", "2013-12-31": "0.27550", "2012-12-31": "0.25760", "2011-12-31": "0.32810", "2010-12-31": "0.37030", "2009-12-31": "0.29320", "2008-12-31": "0.47310", "2007-12-31": "0.26670", "2006-12-31": "0.26200", "2005-12-31": "0.26760"}, "Inventory Turnover Ratio": {"2019-12-31": "7.09790", "2018-12-31": "5.33160", "2017-12-31": "5.29640", "2016-12-31": "6.95830", "2015-12-31": "5.48520", "2014-12-31": "3.81270", "2013-12-31": "4.29430", "2012-12-31": "3.19130", "2011-12-31": "2.90160", "2010-12-31": "2.36980", "2009-12-31": "1.22780", "2008-12-31": "1.38040", "2007-12-31": "6.79820", "2006-12-31": "4.48850", "2005-12-31": "2.99180"}, "Receiveable Turnover": {"2019-12-31": "5.26760", "2018-12-31": "5.14980", "2017-12-31": "4.16850", "2016-12-31": "4.57930", "2015-12-31": "6.44470", "2014-12-31": "5.88240", "2013-12-31": "5.43310", "2012-12-31": "5.36000", "2011-12-31": "4.89110", "2010-12-31": "5.18920", "2009-12-31": "4.43090", "2008-12-31": "7.60510", "2007-12-31": "4.53660", "2006-12-31": "4.12910", "2005-12-31": "3.86820"}, "Days Sales In Receivables": {"2019-12-31": "69.29130", "2018-12-31": "70.87720", "2017-12-31": "87.56080", "2016-12-31": "79.70610", "2015-12-31": "56.63580", "2014-12-31": "62.04970", "2013-12-31": "67.18060", "2012-12-31": "68.09710", "2011-12-31": "74.62600", "2010-12-31": "70.33810", "2009-12-31": "82.37530", "2008-12-31": "47.99410", "2007-12-31": "80.45670", "2006-12-31": "88.39670", "2005-12-31": "94.35910"}, "ROE - Return On Equity": {"2019-12-31": "-3.48470", "2018-12-31": "23.78080", "2017-12-31": "19.24750", "2016-12-31": "-20.01010", "2015-12-31": "-104.93200", "2014-12-31": "11.69830", "2013-12-31": "14.03930", "2012-12-31": "10.18270", "2011-12-31": "16.92740", "2010-12-31": "22.02370", "2009-12-31": "-15.30550", "2008-12-31": "-38.91930", "2007-12-31": "10.59320", "2006-12-31": "11.61630", "2005-12-31": "12.65000"}, "Return On Tangible Equity": {"2019-12-31": "-4.35840", "2018-12-31": "29.22440", "2017-12-31": "25.37560", "2016-12-31": "-28.73320", "2015-12-31": "-140.33890", "2014-12-31": "13.56810", "2013-12-31": "16.59890", "2012-12-31": "12.39530", "2011-12-31": "21.10960", "2010-12-31": "29.96150", "2009-12-31": "-23.16400", "2008-12-31": "-55.12810", "2007-12-31": "13.44550", "2006-12-31": "15.13190", "2005-12-31": "17.48210"}, "ROA - Return On Assets": {"2019-12-31": "-1.74540", "2018-12-31": "13.06240", "2017-12-31": "9.80300", "2016-12-31": "-9.64680", "2015-12-31": "-54.78700", "2014-12-31": "6.04580", "2013-12-31": "7.78540", "2012-12-31": "5.61160", "2011-12-31": "9.89160", "2010-12-31": "13.18840", "2009-12-31": "-9.05620", "2008-12-31": "-21.97500", "2007-12-31": "6.43810", "2006-12-31": "7.15810", "2005-12-31": "7.85400"}, "ROI - Return On Investment": {"2019-12-31": "-2.24080", "2018-12-31": "16.43410", "2017-12-31": "12.19000", "2016-12-31": "-11.57780", "2015-12-31": "-65.40620", "2014-12-31": "8.79870", "2013-12-31": "11.41660", "2012-12-31": "8.37500", "2011-12-31": "14.98840", "2010-12-31": "19.41940", "2009-12-31": "-12.83240", "2008-12-31": "-31.13840", "2007-12-31": "9.21570", "2006-12-31": "10.10930", "2005-12-31": "11.13760"}, "Book Value Per Share": {"2019-12-31": "35.01040", "2018-12-31": "34.77370", "2017-12-31": "26.91070", "2016-12-31": "21.47710", "2015-12-31": "25.92630", "2014-12-31": "51.38120", "2013-12-31": "46.15160", "2012-12-31": "40.12580", "2011-12-31": "36.49840", "2010-12-31": "30.61930", "2009-12-31": "24.39620", "2008-12-31": "28.24500", "2007-12-31": "39.48640", "2006-12-31": "35.90780", "2005-12-31": "31.48100"}, "Operating Cash Flow Per Share": {"2019-12-31": -2.9272, "2018-12-31": 4.8048, "2017-12-31": 5.0246, "2016-12-31": -1.102, "2015-12-31": -11.0673, "2014-12-31": 3.3655, "2013-12-31": 1.4791, "2012-12-31": -1.3294, "2011-12-31": 1.8646, "2010-12-31": 5.4722, "2009-12-31": -8.2768, "2008-12-31": 4.0544, "2007-12-31": 1.7957, "2006-12-31": -0.0722, "2005-12-31": 10.5184}, "Free Cash Flow Per Share": {"2019-12-31": -4.4198, "2018-12-31": 6.7406, "2017-12-31": -1.0232, "2016-12-31": 2.2573, "2015-12-31": -1.5453, "2014-12-31": 1.2814, "2013-12-31": -0.1639, "2012-12-31": 0.3343, "2011-12-31": -4.716, "2010-12-31": -0.8276, "2009-12-31": 5.442, "2008-12-31": -4.7108, "2007-12-31": 3.8189, "2006-12-31": -5.1475, "2005-12-31": 3.1799}}, "financial ratios, quarterly": {"Current Ratio": {"2020-09-30": "1.06390", "2020-06-30": "0.84020", "2020-03-31": "1.08240", "2019-12-31": "0.81920", "2019-09-30": "0.69860", "2019-06-30": "0.63840", "2019-03-31": "0.65520", "2018-12-31": "2.00950", "2018-09-30": "1.68890", "2018-06-30": "1.34360", "2018-03-31": "1.48560", "2017-12-31": "1.37680", "2017-09-30": "1.50880", "2017-06-30": "1.76330", "2017-03-31": "1.87110", "2016-12-31": "1.85570", "2016-09-30": "2.19000", "2016-06-30": "2.27510", "2016-03-31": "2.60740", "2015-12-31": "2.62870", "2015-09-30": "2.57420", "2015-06-30": "2.54060", "2015-03-31": "1.01440", "2014-12-31": "1.20030", "2014-09-30": "1.36150", "2014-06-30": "0.85670", "2014-03-31": "0.70600", "2013-12-31": "0.68670", "2013-09-30": "0.70390", "2013-06-30": "0.72420", "2013-03-31": "0.68850", "2012-12-31": "0.72790", "2012-09-30": "0.65600", "2012-06-30": "0.74340", "2012-03-31": "0.79140", "2011-12-31": "0.74290", "2011-09-30": "0.87080", "2011-06-30": "0.92540", "2011-03-31": "0.93730", "2010-12-31": "1.09520", "2010-09-30": "1.14900", "2010-06-30": "1.25170", "2010-03-31": "1.24430", "2009-12-31": "1.04760", "2009-09-30": "1.17440", "2009-06-30": "1.63920", "2009-03-31": "1.51540", "2008-12-31": "1.09660", "2008-09-30": "1.27930", "2008-06-30": "1.27360", "2008-03-31": "1.22970", "2007-12-31": "1.32980", "2007-09-30": "1.05660", "2007-06-30": "1.12060", "2007-03-31": "1.19070", "2006-12-31": "1.17530", "2006-09-30": "1.15230", "2006-06-30": "0.96220", "2006-03-31": "0.95940", "2005-12-31": "1.07950", "2005-09-30": "0.82210", "2005-06-30": "1.08290", "2005-03-31": "1.72870"}, "Long-term Debt / Capital": {"2020-09-30": "0.56270", "2020-06-30": "0.51760", "2020-03-31": "0.41580", "2019-12-31": "0.35700", "2019-09-30": "0.33790", "2019-06-30": "0.33940", "2019-03-31": "0.34530", "2018-12-31": "0.30890", "2018-09-30": "0.32970", "2018-06-30": "0.34010", "2018-03-31": "0.35090", "2017-12-31": "0.36670", "2017-09-30": "0.38230", "2017-06-30": "0.39130", "2017-03-31": "0.40240", "2016-12-31": "0.42140", "2016-09-30": "0.38930", "2016-06-30": "0.38780", "2016-03-31": "0.36240", "2015-12-31": "0.37670", "2015-09-30": "0.30400", "2015-06-30": "0.26330", "2015-03-31": "0.26850", "2014-12-31": "0.24790", "2014-09-30": "0.25300", "2014-06-30": "0.25920", "2014-03-31": "0.19820", "2013-12-31": "0.18680", "2013-09-30": "0.19080", "2013-06-30": "0.19510", "2013-03-31": "0.19660", "2012-12-31": "0.17750", "2012-09-30": "0.19720", "2012-06-30": "0.18560", "2012-03-31": "0.15040", "2011-12-31": "0.11450", "2011-09-30": "0.10410", "2011-06-30": "0.10810", "2011-03-31": "0.11390", "2010-12-31": "0.11830", "2010-09-30": "0.12270", "2010-06-30": "0.12880", "2010-03-31": "0.14120", "2009-12-31": "0.16160", "2009-09-30": "0.21320", "2009-06-30": "0.27190", "2009-03-31": "0.27770", "2008-12-31": "0.19990", "2008-09-30": "0.12510", "2008-06-30": "0.11850", "2008-03-31": "0.12530", "2007-12-31": "0.13000", "2007-09-30": "0.14370", "2007-06-30": "0.13600", "2007-03-31": "0.14420", "2006-12-31": "0.12970", "2006-09-30": "0.12090", "2006-06-30": "0.12630", "2006-03-31": "0.11480", "2005-12-31": "0.11960", "2005-09-30": "0.15300", "2005-06-30": "0.19910", "2005-03-31": ""}, "Debt/Equity Ratio": {"2020-09-30": "1.28690", "2020-06-30": "1.07320", "2020-03-31": "0.71190", "2019-12-31": "0.55510", "2019-09-30": "0.51030", "2019-06-30": "0.51380", "2019-03-31": "0.52740", "2018-12-31": "0.44700", "2018-09-30": "0.49180", "2018-06-30": "0.51540", "2018-03-31": "0.54050", "2017-12-31": "0.57900", "2017-09-30": "0.61880", "2017-06-30": "0.64280", "2017-03-31": "0.67320", "2016-12-31": "0.72830", "2016-09-30": "0.63750", "2016-06-30": "0.63350", "2016-03-31": "0.56850", "2015-12-31": "0.60430", "2015-09-30": "0.43680", "2015-06-30": "0.35750", "2015-03-31": "0.36710", "2014-12-31": "0.32950", "2014-09-30": "0.33860", "2014-06-30": "0.34990", "2014-03-31": "0.24710", "2013-12-31": "0.22970", "2013-09-30": "0.23580", "2013-06-30": "0.24250", "2013-03-31": "0.24480", "2012-12-31": "0.21580", "2012-09-30": "0.24570", "2012-06-30": "0.22780", "2012-03-31": "0.17710", "2011-12-31": "0.12940", "2011-09-30": "0.11610", "2011-06-30": "0.12120", "2011-03-31": "0.12860", "2010-12-31": "0.13410", "2010-09-30": "0.13990", "2010-06-30": "0.15540", "2010-03-31": "0.16440", "2009-12-31": "0.19270", "2009-09-30": "0.27090", "2009-06-30": "0.37340", "2009-03-31": "0.38440", "2008-12-31": "0.24990", "2008-09-30": "0.14300", "2008-06-30": "0.13440", "2008-03-31": "0.14330", "2007-12-31": "0.14950", "2007-09-30": "0.16790", "2007-06-30": "0.15750", "2007-03-31": "0.16850", "2006-12-31": "0.14910", "2006-09-30": "0.13750", "2006-06-30": "0.14450", "2006-03-31": "0.12970", "2005-12-31": "0.13580", "2005-09-30": "0.18060", "2005-06-30": "0.24880", "2005-03-31": ""}, "Gross Margin": {"2020-09-30": "84.55780", "2020-06-30": "74.20150", "2020-03-31": "81.55020", "2019-12-31": "87.41380", "2019-09-30": "84.57510", "2019-06-30": "83.71440", "2019-03-31": "86.41080", "2018-12-31": "88.87540", "2018-09-30": "87.10510", "2018-06-30": "85.75970", "2018-03-31": "87.43310", "2017-12-31": "86.76080", "2017-09-30": "85.89330", "2017-06-30": "86.29030", "2017-03-31": "86.04110", "2016-12-31": "71.65450", "2016-09-30": "84.22000", "2016-06-30": "100.00000", "2016-03-31": "70.61430", "2015-12-31": "75.18980", "2015-09-30": "80.52720", "2015-06-30": "83.36020", "2015-03-31": "77.22700", "2014-12-31": "82.91820", "2014-09-30": "86.28930", "2014-06-30": "86.47880", "2014-03-31": "87.46010", "2013-12-31": "86.10980", "2013-09-30": "86.43130", "2013-06-30": "85.93780", "2013-03-31": "83.72580", "2012-12-31": "85.08260", "2012-09-30": "84.59150", "2012-06-30": "82.30240", "2012-03-31": "84.01440", "2011-12-31": "84.77940", "2011-09-30": "85.63120", "2011-06-30": "86.99840", "2011-03-31": "86.29150", "2010-12-31": "86.60240", "2010-09-30": "86.26190", "2010-06-30": "88.01690", "2010-03-31": "90.64070", "2009-12-31": "88.11180", "2009-09-30": "82.86790", "2009-06-30": "79.32910", "2009-03-31": "75.89910", "2008-12-31": "66.42400", "2008-09-30": "90.40950", "2008-06-30": "92.04400", "2008-03-31": "89.09240", "2007-12-31": "88.66010", "2007-09-30": "83.72520", "2007-06-30": "85.11590", "2007-03-31": "85.33440", "2006-12-31": "83.45180", "2006-09-30": "86.79890", "2006-06-30": "86.02210", "2006-03-31": "87.54000", "2005-12-31": "91.61610", "2005-09-30": "88.85330", "2005-06-30": "90.74120", "2005-03-31": "92.62670"}, "Operating Margin": {"2020-09-30": "-88.56570", "2020-06-30": "-474.39040", "2020-03-31": "-165.32560", "2019-12-31": "-73.81000", "2019-09-30": "29.65250", "2019-06-30": "27.27670", "2019-03-31": "8.33010", "2018-12-31": "65.22730", "2018-09-30": "33.25430", "2018-06-30": "34.60580", "2018-03-31": "44.20000", "2017-12-31": "33.25680", "2017-09-30": "32.25060", "2017-06-30": "43.04290", "2017-03-31": "49.52840", "2016-12-31": "27.49380", "2016-09-30": "-1.20640", "2016-06-30": "-108.28510", "2016-03-31": "-145.16660", "2015-12-31": "-405.11990", "2015-09-30": "-331.37440", "2015-06-30": "-219.99420", "2015-03-31": "-176.01730", "2014-12-31": "28.81590", "2014-09-30": "35.20990", "2014-06-30": "37.76190", "2014-03-31": "36.71450", "2013-12-31": "62.40670", "2013-09-30": "40.01130", "2013-06-30": "41.34590", "2013-03-31": "33.89140", "2012-12-31": "36.39120", "2012-09-30": "31.95630", "2012-06-30": "32.67540", "2012-03-31": "39.04820", "2011-12-31": "42.55180", "2011-09-30": "46.89230", "2011-06-30": "56.35610", "2011-03-31": "44.17830", "2010-12-31": "46.51090", "2010-09-30": "52.59980", "2010-06-30": "52.74120", "2010-03-31": "71.96710", "2009-12-31": "52.11310", "2009-09-30": "29.94490", "2009-06-30": "32.41400", "2009-03-31": "-369.99510", "2008-12-31": "-553.53140", "2008-09-30": "-64.79050", "2008-06-30": "57.23590", "2008-03-31": "49.03960", "2007-12-31": "46.83590", "2007-09-30": "33.25730", "2007-06-30": "35.34480", "2007-03-31": "33.06660", "2006-12-31": "30.00880", "2006-09-30": "39.95520", "2006-06-30": "41.72650", "2006-03-31": "50.61240", "2005-12-31": "59.35940", "2005-09-30": "29.21230", "2005-06-30": "43.55680", "2005-03-31": "48.39940"}, "EBIT Margin": {"2020-09-30": "-88.56570", "2020-06-30": "-474.39040", "2020-03-31": "-165.32560", "2019-12-31": "-73.81000", "2019-09-30": "29.65250", "2019-06-30": "27.27670", "2019-03-31": "8.33010", "2018-12-31": "65.22730", "2018-09-30": "33.25430", "2018-06-30": "34.60580", "2018-03-31": "44.20000", "2017-12-31": "33.25680", "2017-09-30": "32.25060", "2017-06-30": "43.04290", "2017-03-31": "49.52840", "2016-12-31": "27.49380", "2016-09-30": "-1.20640", "2016-06-30": "-108.28510", "2016-03-31": "-145.16660", "2015-12-31": "-405.11980", "2015-09-30": "-331.37440", "2015-06-30": "-219.99420", "2015-03-31": "-176.01730", "2014-12-31": "28.81590", "2014-09-30": "35.20990", "2014-06-30": "37.76190", "2014-03-31": "36.71450", "2013-12-31": "62.40660", "2013-09-30": "40.01130", "2013-06-30": "41.34590", "2013-03-31": "33.89140", "2012-12-31": "36.39120", "2012-09-30": "31.95630", "2012-06-30": "32.67540", "2012-03-31": "39.04820", "2011-12-31": "42.55180", "2011-09-30": "46.89230", "2011-06-30": "56.35610", "2011-03-31": "44.17830", "2010-12-31": "46.51090", "2010-09-30": "52.59980", "2010-06-30": "52.74120", "2010-03-31": "71.96710", "2009-12-31": "52.11310", "2009-09-30": "29.94490", "2009-06-30": "32.41400", "2009-03-31": "-369.99510", "2008-12-31": "-553.53150", "2008-09-30": "-64.79050", "2008-06-30": "57.23590", "2008-03-31": "49.03960", "2007-12-31": "46.83590", "2007-09-30": "33.25730", "2007-06-30": "35.34480", "2007-03-31": "33.06660", "2006-12-31": "30.00880", "2006-09-30": "39.95520", "2006-06-30": "41.72650", "2006-03-31": "50.61240", "2005-12-31": "59.35940", "2005-09-30": "29.21230", "2005-06-30": "43.55680", "2005-03-31": "48.39940"}, "EBITDA Margin": {"2020-09-30": "", "2020-06-30": "", "2020-03-31": "", "2019-12-31": "", "2019-09-30": "", "2019-06-30": "", "2019-03-31": "", "2018-12-31": "", "2018-09-30": "", "2018-06-30": "", "2018-03-31": "", "2017-12-31": "", "2017-09-30": "", "2017-06-30": "", "2017-03-31": "", "2016-12-31": "", "2016-09-30": "", "2016-06-30": "", "2016-03-31": "", "2015-12-31": "", "2015-09-30": "", "2015-06-30": "", "2015-03-31": "", "2014-12-31": "", "2014-09-30": "", "2014-06-30": "", "2014-03-31": "", "2013-12-31": "", "2013-09-30": "", "2013-06-30": "", "2013-03-31": "", "2012-12-31": "", "2012-09-30": "", "2012-06-30": "", "2012-03-31": "", "2011-12-31": "", "2011-09-30": "", "2011-06-30": "", "2011-03-31": "", "2010-12-31": "", "2010-09-30": "", "2010-06-30": "", "2010-03-31": "", "2009-12-31": "", "2009-09-30": "", "2009-06-30": "", "2009-03-31": "", "2008-12-31": "", "2008-09-30": "", "2008-06-30": "", "2008-03-31": "", "2007-12-31": "", "2007-09-30": "", "2007-06-30": "", "2007-03-31": "", "2006-12-31": "", "2006-09-30": "", "2006-06-30": "", "2006-03-31": "", "2005-12-31": "", "2005-09-30": "", "2005-06-30": "", "2005-03-31": ""}, "Pre-Tax Profit Margin": {"2020-09-30": "-90.93160", "2020-06-30": "-479.84540", "2020-03-31": "-167.25610", "2019-12-31": "-75.04350", "2019-09-30": "28.24740", "2019-06-30": "26.23330", "2019-03-31": "5.96040", "2018-12-31": "64.67340", "2018-09-30": "32.55130", "2018-06-30": "32.90880", "2018-03-31": "42.89410", "2017-12-31": "31.61890", "2017-09-30": "30.76210", "2017-06-30": "34.15010", "2017-03-31": "46.79990", "2016-12-31": "24.30040", "2016-09-30": "-4.68610", "2016-06-30": "-112.69500", "2016-03-31": "-151.08980", "2015-12-31": "-409.13980", "2015-09-30": "-334.72810", "2015-06-30": "-222.08550", "2015-03-31": "-178.30370", "2014-12-31": "27.98680", "2014-09-30": "35.24830", "2014-06-30": "37.13040", "2014-03-31": "36.74840", "2013-12-31": "62.76070", "2013-09-30": "39.22660", "2013-06-30": "41.75760", "2013-03-31": "33.56420", "2012-12-31": "35.57980", "2012-09-30": "32.48880", "2012-06-30": "29.00950", "2012-03-31": "39.96110", "2011-12-31": "42.95780", "2011-09-30": "47.25610", "2011-06-30": "56.57660", "2011-03-31": "43.90850", "2010-12-31": "46.86830", "2010-09-30": "53.83790", "2010-06-30": "51.77240", "2010-03-31": "71.94310", "2009-12-31": "49.94830", "2009-09-30": "26.30630", "2009-06-30": "27.30940", "2009-03-31": "-372.43750", "2008-12-31": "-559.36610", "2008-09-30": "-63.80460", "2008-06-30": "57.58240", "2008-03-31": "48.81460", "2007-12-31": "45.85120", "2007-09-30": "33.61310", "2007-06-30": "36.43730", "2007-03-31": "33.17150", "2006-12-31": "30.61310", "2006-09-30": "46.05520", "2006-06-30": "42.10790", "2006-03-31": "51.81030", "2005-12-31": "61.90690", "2005-09-30": "27.56340", "2005-06-30": "43.94970", "2005-03-31": "49.16270"}, "Net Profit Margin": {"2020-09-30": "-73.27310", "2020-06-30": "-371.71140", "2020-03-31": "-164.13950", "2019-12-31": "-58.26450", "2019-09-30": "20.72440", "2019-06-30": "19.47850", "2019-03-31": "4.26410", "2018-12-31": "49.21590", "2018-09-30": "24.73170", "2018-06-30": "25.34670", "2018-03-31": "32.85260", "2017-12-31": "30.44200", "2017-09-30": "19.37260", "2017-06-30": "21.30830", "2017-03-31": "29.28870", "2016-12-31": "12.50360", "2016-09-30": "-3.17920", "2016-06-30": "-71.75420", "2016-03-31": "-96.20070", "2015-12-31": "-257.37810", "2015-09-30": "-214.37250", "2015-06-30": "-141.46570", "2015-03-31": "-114.94150", "2014-12-31": "17.04110", "2014-09-30": "21.84010", "2014-06-30": "22.98210", "2014-03-31": "22.72470", "2013-12-31": "39.02950", "2013-09-30": "24.22700", "2013-06-30": "25.80910", "2013-03-31": "20.76720", "2012-12-31": "21.62100", "2012-09-30": "20.30760", "2012-06-30": "17.84340", "2012-03-31": "25.08230", "2011-12-31": "24.37160", "2011-09-30": "29.54110", "2011-06-30": "35.69010", "2011-03-31": "27.69880", "2010-12-31": "25.68130", "2010-09-30": "33.86730", "2010-06-30": "32.92460", "2010-03-31": "45.55830", "2009-12-31": "31.82670", "2009-09-30": "15.53580", "2009-06-30": "17.42690", "2009-03-31": "-236.20920", "2008-12-31": "-355.16900", "2008-09-30": "-40.26330", "2008-06-30": "37.11460", "2008-03-31": "31.33590", "2007-12-31": "29.41310", "2007-09-30": "21.28160", "2007-06-30": "23.00810", "2007-03-31": "21.06000", "2006-12-31": "19.98900", "2006-09-30": "29.09950", "2006-06-30": "26.44260", "2006-03-31": "32.85640", "2005-12-31": "39.20790", "2005-09-30": "17.64690", "2005-06-30": "27.90470", "2005-03-31": "31.43670"}, "Asset Turnover": {"2020-09-30": "0.08720", "2020-06-30": "0.05120", "2020-03-31": "0.07600", "2019-12-31": "0.09210", "2019-09-30": "0.07640", "2019-06-30": "0.07190", "2019-03-31": "0.07630", "2018-12-31": "0.10300", "2018-09-30": "0.10170", "2018-06-30": "0.10060", "2018-03-31": "0.10780", "2017-12-31": "0.10930", "2017-09-30": "0.09720", "2017-06-30": "0.10000", "2017-03-31": "0.10180", "2016-12-31": "0.09020", "2016-09-30": "0.07400", "2016-06-30": "0.06590", "2016-03-31": "0.04910", "2015-12-31": "0.06610", "2015-09-30": "0.05620", "2015-06-30": "0.05610", "2015-03-31": "0.04590", "2014-12-31": "0.06180", "2014-09-30": "0.07520", "2014-06-30": "0.07580", "2014-03-31": "0.07870", "2013-12-31": "0.07120", "2013-09-30": "0.07960", "2013-06-30": "0.07270", "2013-03-31": "0.06490", "2012-12-31": "0.06990", "2012-09-30": "0.06450", "2012-06-30": "0.05850", "2012-03-31": "0.07370", "2011-12-31": "0.08030", "2011-09-30": "0.08490", "2011-06-30": "0.09570", "2011-03-31": "0.09340", "2010-12-31": "0.09360", "2010-09-30": "0.09120", "2010-06-30": "0.09780", "2010-03-31": "0.12100", "2009-12-31": "0.09550", "2009-09-30": "0.07340", "2009-06-30": "0.06540", "2009-03-31": "0.06220", "2008-12-31": "0.07180", "2008-09-30": "0.10350", "2008-06-30": "0.10340", "2008-03-31": "0.08520", "2007-12-31": "0.08160", "2007-09-30": "0.06590", "2007-06-30": "0.06750", "2007-03-31": "0.06220", "2006-12-31": "0.06080", "2006-09-30": "0.07010", "2006-06-30": "0.07030", "2006-03-31": "0.07730", "2005-12-31": "0.10270", "2005-09-30": "0.08970", "2005-06-30": "0.04700", "2005-03-31": "0.11890"}, "Inventory Turnover Ratio": {"2020-09-30": "1.34960", "2020-06-30": "1.25700", "2020-03-31": "1.93390", "2019-12-31": "1.72720", "2019-09-30": "1.82880", "2019-06-30": "1.52630", "2019-03-31": "1.25250", "2018-12-31": "1.24980", "2018-09-30": "1.37310", "2018-06-30": "1.48410", "2018-03-31": "1.31440", "2017-12-31": "1.46700", "2017-09-30": "1.19920", "2017-06-30": "1.37580", "2017-03-31": "1.66510", "2016-12-31": "3.24890", "2016-09-30": "1.51750", "2016-06-30": "", "2016-03-31": "1.58350", "2015-12-31": "1.41500", "2015-09-30": "1.06510", "2015-06-30": "0.93930", "2015-03-31": "1.00920", "2014-12-31": "1.02470", "2014-09-30": "0.95780", "2014-06-30": "1.00950", "2014-03-31": "0.89090", "2013-12-31": "1.07470", "2013-09-30": "1.09560", "2013-06-30": "1.03780", "2013-03-31": "0.95000", "2012-12-31": "0.81160", "2012-09-30": "0.80510", "2012-06-30": "0.68630", "2012-03-31": "0.79740", "2011-12-31": "0.76920", "2011-09-30": "0.75150", "2011-06-30": "0.77300", "2011-03-31": "0.73470", "2010-12-31": "0.66770", "2010-09-30": "0.52010", "2010-06-30": "", "2010-03-31": "", "2009-12-31": "0.26930", "2009-09-30": "0.25710", "2009-06-30": "0.23990", "2009-03-31": "0.24230", "2008-12-31": "0.53930", "2008-09-30": "0.49010", "2008-06-30": "0.65570", "2008-03-31": "1.27630", "2007-12-31": "1.67490", "2007-09-30": "1.52230", "2007-06-30": "1.26160", "2007-03-31": "1.07150", "2006-12-31": "1.23440", "2006-09-30": "0.92190", "2006-06-30": "1.00110", "2006-03-31": "1.01640", "2005-12-31": "1.03530", "2005-09-30": "1.24460", "2005-06-30": "0.71680", "2005-03-31": "0.72470"}, "Receiveable Turnover": {"2020-09-30": "1.49070", "2020-06-30": "1.01860", "2020-03-31": "1.43290", "2019-12-31": "1.46520", "2019-09-30": "1.36910", "2019-06-30": "1.41070", "2019-03-31": "1.23840", "2018-12-31": "1.37410", "2018-09-30": "1.25470", "2018-06-30": "1.25100", "2018-03-31": "1.36580", "2017-12-31": "1.19720", "2017-09-30": "1.15000", "2017-06-30": "1.36040", "2017-03-31": "1.40120", "2016-12-31": "1.39180", "2016-09-30": "1.47900", "2016-06-30": "1.30150", "2016-03-31": "1.25210", "2015-12-31": "1.38100", "2015-09-30": "1.36910", "2015-06-30": "1.32850", "2015-03-31": "1.06270", "2014-12-31": "1.30680", "2014-09-30": "1.50860", "2014-06-30": "1.41650", "2014-03-31": "1.48580", "2013-12-31": "1.40470", "2013-09-30": "1.43530", "2013-06-30": "1.29380", "2013-03-31": "1.27820", "2012-12-31": "1.45510", "2012-09-30": "1.21460", "2012-06-30": "1.40360", "2012-03-31": "1.17010", "2011-12-31": "1.19720", "2011-09-30": "1.26400", "2011-06-30": "1.59230", "2011-03-31": "1.38080", "2010-12-31": "1.31210", "2010-09-30": "1.63020", "2010-06-30": "1.15060", "2010-03-31": "1.13400", "2009-12-31": "1.44270", "2009-09-30": "1.43250", "2009-06-30": "1.22590", "2009-03-31": "1.21720", "2008-12-31": "1.15340", "2008-09-30": "1.71760", "2008-06-30": "1.47450", "2008-03-31": "1.34060", "2007-12-31": "1.38840", "2007-09-30": "1.17640", "2007-06-30": "1.16070", "2007-03-31": "1.02240", "2006-12-31": "0.95900", "2006-09-30": "1.26020", "2006-06-30": "1.24850", "2006-03-31": "1.28450", "2005-12-31": "1.48530", "2005-09-30": "1.45130", "2005-06-30": "0.90390", "2005-03-31": "1.43520"}, "Days Sales In Receivables": {"2020-09-30": "60.37360", "2020-06-30": "88.35540", "2020-03-31": "62.80890", "2019-12-31": "61.42700", "2019-09-30": "65.73810", "2019-06-30": "63.79680", "2019-03-31": "72.67650", "2018-12-31": "65.49690", "2018-09-30": "71.73110", "2018-06-30": "71.94110", "2018-03-31": "65.89680", "2017-12-31": "75.17270", "2017-09-30": "78.25780", "2017-06-30": "66.15770", "2017-03-31": "64.23150", "2016-12-31": "64.66300", "2016-09-30": "60.85030", "2016-06-30": "69.15000", "2016-03-31": "71.88030", "2015-12-31": "65.16930", "2015-09-30": "65.73540", "2015-06-30": "67.74560", "2015-03-31": "84.69200", "2014-12-31": "68.86950", "2014-09-30": "59.65950", "2014-06-30": "63.53540", "2014-03-31": "60.57160", "2013-12-31": "64.06840", "2013-09-30": "62.70660", "2013-06-30": "69.56270", "2013-03-31": "70.40950", "2012-12-31": "61.84990", "2012-09-30": "74.09710", "2012-06-30": "64.11880", "2012-03-31": "76.91960", "2011-12-31": "75.17780", "2011-09-30": "71.20120", "2011-06-30": "56.52180", "2011-03-31": "65.17910", "2010-12-31": "68.59100", "2010-09-30": "55.20890", "2010-06-30": "78.22130", "2010-03-31": "79.36680", "2009-12-31": "62.38110", "2009-09-30": "62.82670", "2009-06-30": "73.41620", "2009-03-31": "73.93950", "2008-12-31": "78.02730", "2008-09-30": "52.39950", "2008-06-30": "61.03590", "2008-03-31": "67.13570", "2007-12-31": "64.82270", "2007-09-30": "76.50730", "2007-06-30": "77.53810", "2007-03-31": "88.02680", "2006-12-31": "93.84970", "2006-09-30": "71.41480", "2006-06-30": "72.08620", "2006-03-31": "70.06790", "2005-12-31": "60.59370", "2005-09-30": "62.01530", "2005-06-30": "99.56390", "2005-03-31": "62.71110"}, "ROE - Return On Equity": {"2020-09-30": "-18.96230", "2020-06-30": "-49.98510", "2020-03-31": "-27.75700", "2019-12-31": "-10.74040", "2019-09-30": "3.18410", "2019-06-30": "2.83050", "2019-03-31": "0.69960", "2018-12-31": "9.49560", "2018-09-30": "4.90290", "2018-06-30": "4.88470", "2018-03-31": "6.77130", "2017-12-31": "6.80210", "2017-09-30": "3.80500", "2017-06-30": "4.20730", "2017-03-31": "5.92380", "2016-12-31": "2.33890", "2016-09-30": "-0.45740", "2016-06-30": "-9.13810", "2016-03-31": "-8.85350", "2015-12-31": "-32.58940", "2015-09-30": "-22.22750", "2015-06-30": "-14.30390", "2015-03-31": "-10.15490", "2014-12-31": "2.11270", "2014-09-30": "3.25770", "2014-06-30": "3.46750", "2014-03-31": "3.33810", "2013-12-31": "5.14210", "2013-09-30": "3.62580", "2013-06-30": "3.52170", "2013-03-31": "2.52990", "2012-12-31": "2.85350", "2012-09-30": "2.49450", "2012-06-30": "1.95330", "2012-03-31": "3.28460", "2011-12-31": "3.73310", "2011-09-30": "4.25270", "2011-06-30": "5.77470", "2011-03-31": "4.34170", "2010-12-31": "4.50550", "2010-09-30": "5.12400", "2010-06-30": "5.26340", "2010-03-31": "9.13120", "2009-12-31": "5.13440", "2009-09-30": "2.00210", "2009-06-30": "2.05060", "2009-03-31": "-26.65000", "2008-12-31": "-45.13320", "2008-09-30": "-6.82910", "2008-06-30": "6.32410", "2008-03-31": "4.40070", "2007-12-31": "3.95090", "2007-09-30": "2.33300", "2007-06-30": "2.54190", "2007-03-31": "2.14040", "2006-12-31": "1.97390", "2006-09-30": "3.23240", "2006-06-30": "2.96740", "2006-03-31": "4.06460", "2005-12-31": "6.48860", "2005-09-30": "2.64020", "2005-06-30": "2.27800", "2005-03-31": "5.81600"}, "Return On Tangible Equity": {"2020-09-30": "-18.96230", "2020-06-30": "-49.98510", "2020-03-31": "-27.75700", "2019-12-31": "-13.43320", "2019-09-30": "3.94700", "2019-06-30": "3.48750", "2019-03-31": "0.86740", "2018-12-31": "11.66920", "2018-09-30": "6.16710", "2018-06-30": "6.22160", "2018-03-31": "8.74170", "2017-12-31": "8.96780", "2017-09-30": "5.12950", "2017-06-30": "5.75000", "2017-03-31": "8.23350", "2016-12-31": "3.35850", "2016-09-30": "-0.62300", "2016-06-30": "-12.42080", "2016-03-31": "-11.60720", "2015-12-31": "-43.58590", "2015-09-30": "-27.12710", "2015-06-30": "-16.78490", "2015-03-31": "-11.97210", "2014-12-31": "2.45040", "2014-09-30": "3.78810", "2014-06-30": "4.05410", "2014-03-31": "3.92510", "2013-12-31": "6.07960", "2013-09-30": "4.32940", "2013-06-30": "4.23590", "2013-03-31": "3.06460", "2012-12-31": "3.47350", "2012-09-30": "3.13650", "2012-06-30": "2.47260", "2012-03-31": "4.17900", "2011-12-31": "4.65540", "2011-09-30": "5.51910", "2011-06-30": "7.59270", "2011-03-31": "5.82050", "2010-12-31": "6.12930", "2010-09-30": "7.08050", "2010-06-30": "7.43460", "2010-03-31": "13.21330", "2009-12-31": "7.77060", "2009-09-30": "3.11700", "2009-06-30": "3.23100", "2009-03-31": "-42.49950", "2008-12-31": "-63.92990", "2008-09-30": "-8.57020", "2008-06-30": "7.81660", "2008-03-31": "5.52490", "2007-12-31": "5.01470", "2007-09-30": "2.99300", "2007-06-30": "3.27280", "2007-03-31": "2.77610", "2006-12-31": "2.57120", "2006-09-30": "4.24140", "2006-06-30": "3.94400", "2006-03-31": "5.52680", "2005-12-31": "8.96710", "2005-09-30": "3.74680", "2005-06-30": "3.33570", "2005-03-31": "6.18930"}, "ROA - Return On Assets": {"2020-09-30": "-6.35570", "2020-06-30": "-18.99770", "2020-03-31": "-12.45160", "2019-12-31": "-5.37940", "2019-09-30": "1.62550", "2019-06-30": "1.43900", "2019-03-31": "0.34820", "2018-12-31": "5.21570", "2018-09-30": "2.54970", "2018-06-30": "2.54900", "2018-03-31": "3.54190", "2017-12-31": "3.46440", "2017-09-30": "1.91650", "2017-06-30": "2.13150", "2017-03-31": "2.98070", "2016-12-31": "1.12760", "2016-09-30": "-0.23520", "2016-06-30": "-4.73220", "2016-03-31": "-4.72240", "2015-12-31": "-17.01560", "2015-09-30": "-12.04610", "2015-06-30": "-7.93040", "2015-03-31": "-5.27910", "2014-12-31": "1.09190", "2014-09-30": "1.66950", "2014-06-30": "1.76970", "2014-03-31": "1.81730", "2013-12-31": "2.85160", "2013-09-30": "1.96150", "2013-06-30": "1.90640", "2013-03-31": "1.36880", "2012-12-31": "1.57260", "2012-09-30": "1.33470", "2012-06-30": "1.06610", "2012-03-31": "1.84970", "2011-12-31": "2.18150", "2011-09-30": "2.50710", "2011-06-30": "3.41410", "2011-03-31": "2.58570", "2010-12-31": "2.69800", "2010-09-30": "3.08980", "2010-06-30": "3.21960", "2010-03-31": "5.51120", "2009-12-31": "3.03800", "2009-09-30": "1.13970", "2009-06-30": "1.14040", "2009-03-31": "-14.70290", "2008-12-31": "-25.48360", "2008-09-30": "-4.16600", "2008-06-30": "3.83650", "2008-03-31": "2.67110", "2007-12-31": "2.40120", "2007-09-30": "1.40310", "2007-06-30": "1.55230", "2007-03-31": "1.31050", "2006-12-31": "1.21630", "2006-09-30": "2.04080", "2006-06-30": "1.86000", "2006-03-31": "2.53890", "2005-12-31": "4.02860", "2005-09-30": "1.58270", "2005-06-30": "1.31270", "2005-03-31": "3.73720"}, "ROI - Return On Investment": {"2020-09-30": "-8.29150", "2020-06-30": "-24.11050", "2020-03-31": "-16.21450", "2019-12-31": "-6.90640", "2019-09-30": "2.10830", "2019-06-30": "1.86980", "2019-03-31": "0.45810", "2018-12-31": "6.56210", "2018-09-30": "3.28660", "2018-06-30": "3.22340", "2018-03-31": "4.39540", "2017-12-31": "4.30800", "2017-09-30": "2.35050", "2017-06-30": "2.56100", "2017-03-31": "3.54030", "2016-12-31": "1.35330", "2016-09-30": "-0.27940", "2016-06-30": "-5.59410", "2016-03-31": "-5.64460", "2015-12-31": "-20.31360", "2015-09-30": "-15.47000", "2015-06-30": "-10.53720", "2015-03-31": "-7.42800", "2014-12-31": "1.58910", "2014-09-30": "2.43370", "2014-06-30": "2.56870", "2014-03-31": "2.67670", "2013-12-31": "4.18150", "2013-09-30": "2.93390", "2013-06-30": "2.83450", "2013-03-31": "2.03240", "2012-12-31": "2.34690", "2012-09-30": "2.00240", "2012-06-30": "1.59090", "2012-03-31": "2.79050", "2011-12-31": "3.30550", "2011-09-30": "3.81020", "2011-06-30": "5.15040", "2011-03-31": "3.84700", "2010-12-31": "3.97270", "2010-09-30": "4.49520", "2010-06-30": "4.58560", "2010-03-31": "7.84230", "2009-12-31": "4.30480", "2009-09-30": "1.57530", "2009-06-30": "1.49300", "2009-03-31": "-19.25040", "2008-12-31": "-36.11000", "2008-09-30": "-5.97490", "2008-06-30": "5.57470", "2008-03-31": "3.84910", "2007-12-31": "3.43720", "2007-09-30": "1.99770", "2007-06-30": "2.19610", "2007-03-31": "1.83180", "2006-12-31": "1.71780", "2006-09-30": "2.84180", "2006-06-30": "2.59270", "2006-03-31": "3.59790", "2005-12-31": "5.71280", "2005-09-30": "2.23620", "2005-06-30": "1.82460", "2005-03-31": "5.81600"}, "Book Value Per Share": {"2020-09-30": "15.13960", "2020-06-30": "18.11870", "2020-03-31": "27.32070", "2019-12-31": "35.01040", "2019-09-30": "38.20030", "2019-06-30": "38.05830", "2019-03-31": "37.09140", "2018-12-31": "34.77370", "2018-09-30": "31.64990", "2018-06-30": "30.25900", "2018-03-31": "28.83270", "2017-12-31": "26.91070", "2017-09-30": "25.21560", "2017-06-30": "24.24700", "2017-03-31": "23.24450", "2016-12-31": "21.47710", "2016-09-30": "24.57020", "2016-06-30": "24.70660", "2016-03-31": "27.57300", "2015-12-31": "25.92630", "2015-09-30": "36.31520", "2015-06-30": "44.42450", "2015-03-31": "46.60660", "2014-12-31": "51.38120", "2014-09-30": "50.77390", "2014-06-30": "49.25920", "2014-03-31": "47.65710", "2013-12-31": "46.15160", "2013-09-30": "43.94720", "2013-06-30": "42.53030", "2013-03-31": "41.11730", "2012-12-31": "40.12580", "2012-09-30": "39.03290", "2012-06-30": "38.28410", "2012-03-31": "37.68710", "2011-12-31": "36.49840", "2011-09-30": "35.14510", "2011-06-30": "33.74590", "2011-03-31": "31.81610", "2010-12-31": "30.61930", "2010-09-30": "29.54230", "2010-06-30": "28.15450", "2010-03-31": "26.68080", "2009-12-31": "24.39620", "2009-09-30": "23.14860", "2009-06-30": "22.93500", "2009-03-31": "22.25810", "2008-12-31": "28.24500", "2008-09-30": "40.44140", "2008-06-30": "43.12930", "2008-03-31": "41.01390", "2007-12-31": "39.48640", "2007-09-30": "38.01340", "2007-06-30": "37.25100", "2007-03-31": "36.72970", "2006-12-31": "35.90780", "2006-09-30": "35.08370", "2006-06-30": "33.76080", "2006-03-31": "32.81060", "2005-12-31": "31.48100", "2005-09-30": "29.45460", "2005-06-30": "28.06670", "2005-03-31": "17.84830"}, "Operating Cash Flow Per Share": {"2020-09-30": 2.5856, "2020-06-30": 1.4476, "2020-03-31": "3.09280", "2019-12-31": 3.7367, "2019-09-30": 3.2045, "2019-06-30": 4.0562, "2019-03-31": "2.60700", "2018-12-31": 4.197, "2018-09-30": 4.8224, "2018-06-30": 3.4253, "2018-03-31": "4.08690", "2017-12-31": 3.646, "2017-09-30": 2.6781, "2017-06-30": 2.732, "2017-03-31": "2.67070", "2016-12-31": 1.9738, "2016-09-30": 2.3885, "2016-06-30": 1.4216, "2016-03-31": "0.91830", "2015-12-31": 1.6027, "2015-09-30": 2.2099, "2015-06-30": 2.6721, "2015-03-31": "1.31950", "2014-12-31": 4.043, "2014-09-30": 5.8452, "2014-06-30": 4.9166, "2014-03-31": "4.06670", "2013-12-31": 4.4834, "2013-09-30": 4.3235, "2013-06-30": 3.7928, "2013-03-31": "2.90630", "2012-12-31": 4.1895, "2012-09-30": 3.0189, "2012-06-30": 3.8307, "2012-03-31": "2.98780", "2011-12-31": 4.0838, "2011-09-30": 3.8484, "2011-06-30": 4.3418, "2011-03-31": "3.08230", "2010-12-31": 3.1526, "2010-09-30": 3.657, "2010-06-30": 3.1788, "2010-03-31": "3.50330", "2009-12-31": 2.512, "2009-09-30": 3.2048, "2009-06-30": 1.3193, "2009-03-31": "0.98340", "2008-12-31": 2.7046, "2008-09-30": 5.5338, "2008-06-30": 4.4053, "2008-03-31": "3.65260", "2007-12-31": 3.9923, "2007-09-30": 3.1425, "2007-06-30": 2.8976, "2007-03-31": "2.20950", "2006-12-31": 2.4148, "2006-09-30": 2.5897, "2006-06-30": 2.7668, "2006-03-31": "2.67490", "2005-12-31": 5.5977, "2005-09-30": 1.208, "2005-06-30": 1.4815, "2005-03-31": "2.23120"}, "Free Cash Flow Per Share": {"2020-09-30": 2.5545, "2020-06-30": -0.1946, "2020-03-31": "0.17150", "2019-12-31": 3.8206, "2019-09-30": -2.572, "2019-06-30": 0.247, "2019-03-31": "-0.99530", "2018-12-31": -0.4562, "2018-09-30": 5.0322, "2018-06-30": -0.407, "2018-03-31": "0.75110", "2017-12-31": -0.01, "2017-09-30": -0.8856, "2017-06-30": -0.2242, "2017-03-31": "-0.70070", "2016-12-31": -0.2682, "2016-09-30": 0.6763, "2016-06-30": -0.2646, "2016-03-31": "-0.94080", "2015-12-31": -0.7617, "2015-09-30": 0.4575, "2015-06-30": 0.4629, "2015-03-31": "-3.21330", "2014-12-31": -1.6954, "2014-09-30": 5.0735, "2014-06-30": -3.8151, "2014-03-31": "-1.07230", "2013-12-31": -0.5985, "2013-09-30": 0.0645, "2013-06-30": -0.5792, "2013-03-31": "-1.67750", "2012-12-31": 1.296, "2012-09-30": -1.7596, "2012-06-30": -0.4107, "2012-03-31": "-1.75250", "2011-12-31": -1.255, "2011-09-30": -1.2465, "2011-06-30": -0.0777, "2011-03-31": "-0.38190", "2010-12-31": -0.4587, "2010-09-30": 0.3522, "2010-06-30": 0.8347, "2010-03-31": "1.02670", "2009-12-31": 1.233, "2009-09-30": 2.2954, "2009-06-30": 0.3784, "2009-03-31": "-1.32430", "2008-12-31": -4.2229, "2008-09-30": 0.9504, "2008-06-30": 0.1572, "2008-03-31": "0.25580", "2007-12-31": 2.2931, "2007-09-30": -0.2245, "2007-06-30": 0.5595, "2007-03-31": "-0.77680", "2006-12-31": -0.5456, "2006-09-30": -0.4894, "2006-06-30": -1.0059, "2006-03-31": "0.07330", "2005-12-31": 2.144, "2005-09-30": 1.162, "2005-06-30": -0.1203, "2005-03-31": "-0.00580"}}, "revenue": {"Cimarex Energy Co Annual Revenue (Millions of US $)": {"2019": "$2,363", "2018": "$2,339", "2017": "$1,918", "2016": "$1,257", "2015": "$1,453", "2014": "$2,424", "2013": "$1,998", "2012": "$1,624", "2011": "$1,758", "2010": "$1,614", "2009": "$1,010", "2008": "$1,970", "2007": "$1,431", "2006": "$1,265", "2005": "$1,119"}, "Cimarex Energy Co Quarterly Revenue (Millions of US $)": {"2020-09-30": "$402", "2020-06-30": "$249", "2020-03-31": "$473", "2019-12-31": "$657", "2019-09-30": "$582", "2019-06-30": "$546", "2019-03-31": "$577", "2018-12-31": "$624", "2018-09-30": "$591", "2018-06-30": "$556", "2018-03-31": "$567", "2017-12-31": "$551", "2017-09-30": "$464", "2017-06-30": "$456", "2017-03-31": "$447", "2016-12-31": "$382", "2016-09-30": "$336", "2016-06-30": "$299", "2016-03-31": "$241", "2015-12-31": "$311", "2015-09-30": "$356", "2015-06-30": "$424", "2015-03-31": "$361", "2014-12-31": "$539", "2014-09-30": "$650", "2014-06-30": "$637", "2014-03-31": "$599", "2013-12-31": "$517", "2013-09-30": "$561", "2013-06-30": "$494", "2013-03-31": "$426", "2012-12-31": "$441", "2012-09-30": "$407", "2012-06-30": "$353", "2012-03-31": "$423", "2011-12-31": "$430", "2011-09-30": "$434", "2011-06-30": "$467", "2011-03-31": "$427", "2010-12-31": "$408", "2010-09-30": "$379", "2010-06-30": "$379", "2010-03-31": "$449", "2009-12-31": "$329", "2009-09-30": "$249", "2009-06-30": "$223", "2009-03-31": "$209", "2008-12-31": "$299", "2008-09-30": "$577", "2008-06-30": "$617", "2008-03-31": "$477", "2007-12-31": "$438", "2007-09-30": "$344", "2007-06-30": "$342", "2007-03-31": "$307", "2006-12-31": "$294", "2006-09-30": "$323", "2006-06-30": "$313", "2006-03-31": "$335", "2005-12-31": "$430", "2005-09-30": "$363", "2005-06-30": "$188", "2005-03-31": "$138"}}, "gross-profit": {"Cimarex Energy Co Annual Gross Profit (Millions of US $)": {"2019": "$2,023", "2018": "$2,043", "2017": "$1,655", "2016": "$1,025", "2015": "$1,153", "2014": "$2,082", "2013": "$1,711", "2012": "$1,365", "2011": "$1,511", "2010": "$1,420", "2009": "$832", "2008": "$1,714", "2007": "$1,229", "2006": "$1,089", "2005": "$1,015"}, "Cimarex Energy Co Quarterly Gross Profit (Millions of US $)": {"2020-09-30": "$340", "2020-06-30": "$185", "2020-03-31": "$386", "2019-12-31": "$575", "2019-09-30": "$492", "2019-06-30": "$457", "2019-03-31": "$499", "2018-12-31": "$555", "2018-09-30": "$515", "2018-06-30": "$477", "2018-03-31": "$496", "2017-12-31": "$478", "2017-09-30": "$398", "2017-06-30": "$394", "2017-03-31": "$385", "2016-12-31": "$274", "2016-09-30": "$283", "2016-06-30": "$299", "2016-03-31": "$170", "2015-12-31": "$234", "2015-09-30": "$287", "2015-06-30": "$354", "2015-03-31": "$279", "2014-12-31": "$447", "2014-09-30": "$561", "2014-06-30": "$551", "2014-03-31": "$524", "2013-12-31": "$445", "2013-09-30": "$485", "2013-06-30": "$424", "2013-03-31": "$357", "2012-12-31": "$375", "2012-09-30": "$344", "2012-06-30": "$291", "2012-03-31": "$355", "2011-12-31": "$365", "2011-09-30": "$371", "2011-06-30": "$406", "2011-03-31": "$368", "2010-12-31": "$353", "2010-09-30": "$327", "2010-06-30": "$333", "2010-03-31": "$407", "2009-12-31": "$290", "2009-09-30": "$206", "2009-06-30": "$177", "2009-03-31": "$159", "2008-12-31": "$198", "2008-09-30": "$522", "2008-06-30": "$568", "2008-03-31": "$425", "2007-12-31": "$388", "2007-09-30": "$288", "2007-06-30": "$291", "2007-03-31": "$262", "2006-12-31": "$245", "2006-09-30": "$280", "2006-06-30": "$270", "2006-03-31": "$293", "2005-12-31": "$394", "2005-09-30": "$323", "2005-06-30": "$171", "2005-03-31": "$128"}}, "operating-income": {"Cimarex Energy Co Annual Operating Income (Millions of US $)": {"2019": "$-115", "2018": "$1,047", "2017": "$751", "2016": "$-572", "2015": "$-4,010", "2014": "$844", "2013": "$896", "2012": "$571", "2011": "$838", "2010": "$911", "2009": "$-456", "2008": "$-1,441", "2007": "$542", "2006": "$518", "2005": "$510"}, "Cimarex Energy Co Quarterly Operating Income (Millions of US $)": {"2020-09-30": "$-356", "2020-06-30": "$-1,183", "2020-03-31": "$-782", "2019-12-31": "$-485", "2019-09-30": "$173", "2019-06-30": "$149", "2019-03-31": "$48", "2018-12-31": "$407", "2018-09-30": "$197", "2018-06-30": "$193", "2018-03-31": "$251", "2017-12-31": "$183", "2017-09-30": "$150", "2017-06-30": "$196", "2017-03-31": "$221", "2016-12-31": "$105", "2016-09-30": "$-4", "2016-06-30": "$-324", "2016-03-31": "$-349", "2015-12-31": "$-1,261", "2015-09-30": "$-1,180", "2015-06-30": "$-933", "2015-03-31": "$-635", "2014-12-31": "$155", "2014-09-30": "$229", "2014-06-30": "$240", "2014-03-31": "$220", "2013-12-31": "$322", "2013-09-30": "$225", "2013-06-30": "$204", "2013-03-31": "$144", "2012-12-31": "$160", "2012-09-30": "$130", "2012-06-30": "$115", "2012-03-31": "$165", "2011-12-31": "$183", "2011-09-30": "$203", "2011-06-30": "$263", "2011-03-31": "$188", "2010-12-31": "$190", "2010-09-30": "$199", "2010-06-30": "$200", "2010-03-31": "$323", "2009-12-31": "$171", "2009-09-30": "$75", "2009-06-30": "$72", "2009-03-31": "$-774", "2008-12-31": "$-1,654", "2008-09-30": "$-374", "2008-06-30": "$353", "2008-03-31": "$234", "2007-12-31": "$205", "2007-09-30": "$114", "2007-06-30": "$121", "2007-03-31": "$101", "2006-12-31": "$88", "2006-09-30": "$129", "2006-06-30": "$131", "2006-03-31": "$170", "2005-12-31": "$255", "2005-09-30": "$106", "2005-06-30": "$82", "2005-03-31": "$67"}}, "ebitda": {"Cimarex Energy Co Annual EBITDA (Millions of US $)": {"2019": "$767", "2018": "$1,637", "2017": "$1,197", "2016": "$-180", "2015": "$-3,278", "2014": "$1,620", "2013": "$1,512", "2012": "$1,085", "2011": "$1,229", "2010": "$1,216", "2009": "$-190", "2008": "$-894", "2007": "$1,004", "2006": "$914", "2005": "$768"}, "Cimarex Energy Co Quarterly EBITDA (Millions of US $)": {"2020-09-30": "$-199", "2020-06-30": "$-273", "2020-03-31": "$-566", "2019-12-31": "$-237", "2019-09-30": "$401", "2019-06-30": "$363", "2019-03-31": "$239", "2018-12-31": "$583", "2018-09-30": "$334", "2018-06-30": "$337", "2018-03-31": "$384", "2017-12-31": "$314", "2017-09-30": "$261", "2017-06-30": "$304", "2017-03-31": "$317", "2016-12-31": "$194", "2016-09-30": "$86", "2016-06-30": "$-222", "2016-03-31": "$-239", "2015-12-31": "$-1,149", "2015-09-30": "$-994", "2015-06-30": "$-716", "2015-03-31": "$-419", "2014-12-31": "$342", "2014-09-30": "$448", "2014-06-30": "$435", "2014-03-31": "$394", "2013-12-31": "$495", "2013-09-30": "$384", "2013-06-30": "$351", "2013-03-31": "$281", "2012-12-31": "$299", "2012-09-30": "$266", "2012-06-30": "$237", "2012-03-31": "$283", "2011-12-31": "$294", "2011-09-30": "$308", "2011-06-30": "$353", "2011-03-31": "$273", "2010-12-31": "$272", "2010-09-30": "$278", "2010-06-30": "$273", "2010-03-31": "$393", "2009-12-31": "$231", "2009-09-30": "$134", "2009-06-30": "$129", "2009-03-31": "$-684", "2008-12-31": "$-1,513", "2008-09-30": "$-227", "2008-06-30": "$486", "2008-03-31": "$360", "2007-12-31": "$328", "2007-09-30": "$232", "2007-06-30": "$234", "2007-03-31": "$210", "2006-12-31": "$194", "2006-09-30": "$234", "2006-06-30": "$226", "2006-03-31": "$260", "2005-12-31": "$341", "2005-09-30": "$189", "2005-06-30": "$133", "2005-03-31": "$105"}}, "net-income": {"Cimarex Energy Co Annual Net Income (Millions of US $)": {"2019": "$-131", "2018": "$781", "2017": "$486", "2016": "$-409", "2015": "$-2,580", "2014": "$516", "2013": "$554", "2012": "$347", "2011": "$518", "2010": "$562", "2009": "$-312", "2008": "$-915", "2007": "$345", "2006": "$346", "2005": "$328"}, "Cimarex Energy Co Quarterly Net Income (Millions of US $)": {"2020-09-30": "$-294", "2020-06-30": "$-927", "2020-03-31": "$-776", "2019-12-31": "$-383", "2019-09-30": "$121", "2019-06-30": "$106", "2019-03-31": "$25", "2018-12-31": "$307", "2018-09-30": "$146", "2018-06-30": "$141", "2018-03-31": "$186", "2017-12-31": "$168", "2017-09-30": "$90", "2017-06-30": "$97", "2017-03-31": "$131", "2016-12-31": "$48", "2016-09-30": "$-11", "2016-06-30": "$-214", "2016-03-31": "$-231", "2015-12-31": "$-801", "2015-09-30": "$-763", "2015-06-30": "$-600", "2015-03-31": "$-415", "2014-12-31": "$92", "2014-09-30": "$142", "2014-06-30": "$146", "2014-03-31": "$136", "2013-12-31": "$202", "2013-09-30": "$136", "2013-06-30": "$127", "2013-03-31": "$89", "2012-12-31": "$95", "2012-09-30": "$83", "2012-06-30": "$63", "2012-03-31": "$106", "2011-12-31": "$105", "2011-09-30": "$128", "2011-06-30": "$167", "2011-03-31": "$118", "2010-12-31": "$105", "2010-09-30": "$128", "2010-06-30": "$125", "2010-03-31": "$204", "2009-12-31": "$105", "2009-09-30": "$39", "2009-06-30": "$39", "2009-03-31": "$-494", "2008-12-31": "$-1,061", "2008-09-30": "$-232", "2008-06-30": "$229", "2008-03-31": "$150", "2007-12-31": "$129", "2007-09-30": "$73", "2007-06-30": "$79", "2007-03-31": "$65", "2006-12-31": "$59", "2006-09-30": "$94", "2006-06-30": "$83", "2006-03-31": "$110", "2005-12-31": "$168", "2005-09-30": "$64", "2005-06-30": "$52", "2005-03-31": "$43"}}, "eps-earnings-per-share-diluted": {"Cimarex Energy Co Annual EPS": {"2019": "$-1.33", "2018": "$8.32", "2017": "$5.19", "2016": "$-4.38", "2015": "$-27.75", "2014": "$6.00", "2013": "$6.47", "2012": "$4.07", "2011": "$6.15", "2010": "$6.70", "2009": "$-3.82", "2008": "$-11.22", "2007": "$4.05", "2006": "$4.11", "2005": "$4.90"}, "Cimarex Energy Co Quarterly EPS": {"2020-09-30": "$-2.94", "2020-06-30": "$-9.28", "2020-03-31": "$-7.77", "2019-12-31": "$-3.87", "2019-09-30": "$1.21", "2019-06-30": "$1.07", "2019-03-31": "$0.26", "2018-12-31": "$3.32", "2018-09-30": "$1.56", "2018-06-30": "$1.48", "2018-03-31": "$1.96", "2017-12-31": "$1.83", "2017-09-30": "$0.96", "2017-06-30": "$1.02", "2017-03-31": "$1.38", "2016-12-31": "$0.54", "2016-09-30": "$-0.12", "2016-06-30": "$-2.31", "2016-03-31": "$-2.49", "2015-12-31": "$-8.23", "2015-09-30": "$-8.21", "2015-06-30": "$-6.47", "2015-03-31": "$-4.84", "2014-12-31": "$1.06", "2014-09-30": "$1.65", "2014-06-30": "$1.70", "2014-03-31": "$1.59", "2013-12-31": "$2.35", "2013-09-30": "$1.59", "2013-06-30": "$1.49", "2013-03-31": "$1.04", "2012-12-31": "$1.13", "2012-09-30": "$0.97", "2012-06-30": "$0.74", "2012-03-31": "$1.23", "2011-12-31": "$1.35", "2011-09-30": "$1.49", "2011-06-30": "$1.94", "2011-03-31": "$1.37", "2010-12-31": "$1.35", "2010-09-30": "$1.50", "2010-06-30": "$1.46", "2010-03-31": "$2.39", "2009-12-31": "$1.31", "2009-09-30": "$0.46", "2009-06-30": "$0.46", "2009-03-31": "$-6.05", "2008-12-31": "$-12.75", "2008-09-30": "$-2.85", "2008-06-30": "$2.65", "2008-03-31": "$1.73", "2007-12-31": "$1.48", "2007-09-30": "$0.87", "2007-06-30": "$0.93", "2007-03-31": "$0.77", "2006-12-31": "$0.73", "2006-09-30": "$1.11", "2006-06-30": "$0.98", "2006-03-31": "$1.29", "2005-12-31": "$2.16", "2005-09-30": "$0.76", "2005-06-30": "$0.98", "2005-03-31": "$1.00"}}, "shares-outstanding": {"Cimarex Energy Co Annual Shares Outstanding (Millions of Shares)": {"2019": "99", "2018": "94", "2017": "94", "2016": "93", "2015": "93", "2014": "86", "2013": "85", "2012": "85", "2011": "84", "2010": "84", "2009": "84", "2008": "84", "2007": "81", "2006": "84", "2005": "67"}, "Cimarex Energy Co Quarterly Shares Outstanding (Millions of Shares)": {"2020-09-30": "100", "2020-06-30": "100", "2020-03-31": "100", "2019-12-31": "99", "2019-09-30": "100", "2019-06-30": "100", "2019-03-31": "96", "2018-12-31": "94", "2018-09-30": "94", "2018-06-30": "94", "2018-03-31": "94", "2017-12-31": "94", "2017-09-30": "94", "2017-06-30": "93", "2017-03-31": "93", "2016-12-31": "93", "2016-09-30": "93", "2016-06-30": "93", "2016-03-31": "93", "2015-12-31": "93", "2015-09-30": "93", "2015-06-30": "93", "2015-03-31": "86", "2014-12-31": "86", "2014-09-30": "86", "2014-06-30": "86", "2014-03-31": "86", "2013-12-31": "85", "2013-09-30": "85", "2013-06-30": "85", "2013-03-31": "85", "2012-12-31": "85", "2012-09-30": "85", "2012-06-30": "84", "2012-03-31": "84", "2011-12-31": "84", "2011-09-30": "86", "2011-06-30": "86", "2011-03-31": "86", "2010-12-31": "84", "2010-09-30": "86", "2010-06-30": "86", "2010-03-31": "85", "2009-12-31": "84", "2009-09-30": "85", "2009-06-30": "84", "2009-03-31": "84", "2008-12-31": "84", "2008-09-30": "84", "2008-06-30": "87", "2008-03-31": "86", "2007-12-31": "81", "2007-09-30": "84", "2007-06-30": "85", "2007-03-31": "84", "2006-12-31": "84", "2006-09-30": "84", "2006-06-30": "85", "2006-03-31": "85", "2005-12-31": "67", "2005-09-30": "85", "2005-06-30": "54", "2005-03-31": "43"}}, "total-assets": {"Cimarex Energy Co Annual Total Assets (Millions of US $)": {"2019": "$7,140", "2018": "$6,062", "2017": "$5,043", "2016": "$4,238", "2015": "$4,708", "2014": "$8,708", "2013": "$7,253", "2012": "$6,305", "2011": "$5,357", "2010": "$4,358", "2009": "$3,445", "2008": "$4,165", "2007": "$5,363", "2006": "$4,830", "2005": "$4,180"}, "Cimarex Energy Co Quarterly Total Assets (Millions of US $)": {"2020-09-30": "$4,606", "2020-06-30": "$4,870", "2020-03-31": "$6,218", "2019-12-31": "$7,140", "2019-09-30": "$7,619", "2019-06-30": "$7,596", "2019-03-31": "$7,557", "2018-12-31": "$6,062", "2018-09-30": "$5,818", "2018-06-30": "$5,531", "2018-03-31": "$5,260", "2017-12-31": "$5,043", "2017-09-30": "$4,769", "2017-06-30": "$4,563", "2017-03-31": "$4,394", "2016-12-31": "$4,238", "2016-09-30": "$4,539", "2016-06-30": "$4,532", "2016-03-31": "$4,901", "2015-12-31": "$4,708", "2015-09-30": "$6,336", "2015-06-30": "$7,569", "2015-03-31": "$7,860", "2014-12-31": "$8,708", "2014-09-30": "$8,644", "2014-06-30": "$8,399", "2014-03-31": "$7,619", "2013-12-31": "$7,253", "2013-09-30": "$7,054", "2013-06-30": "$6,796", "2013-03-31": "$6,570", "2012-12-31": "$6,305", "2012-09-30": "$6,313", "2012-06-30": "$6,031", "2012-03-31": "$5,736", "2011-12-31": "$5,357", "2011-09-30": "$5,112", "2011-06-30": "$4,884", "2011-03-31": "$4,570", "2010-12-31": "$4,358", "2010-09-30": "$4,150", "2010-06-30": "$3,871", "2010-03-31": "$3,708", "2009-12-31": "$3,445", "2009-09-30": "$3,396", "2009-06-30": "$3,403", "2009-03-31": "$3,361", "2008-12-31": "$4,165", "2008-09-30": "$5,579", "2008-06-30": "$5,969", "2008-03-31": "$5,598", "2007-12-31": "$5,363", "2007-09-30": "$5,214", "2007-06-30": "$5,070", "2007-03-31": "$4,932", "2006-12-31": "$4,830", "2006-09-30": "$4,604", "2006-06-30": "$4,455", "2006-03-31": "$4,338", "2005-12-31": "$4,180", "2005-09-30": "$4,049", "2005-06-30": "$3,998", "2005-03-31": "$1,160"}}, "cash-on-hand": {"Cimarex Energy Co Annual Cash on Hand (Millions of US $)": {"2019": "$95", "2018": "$801", "2017": "$401", "2016": "$653", "2015": "$779", "2014": "$406", "2013": "$5", "2012": "$70", "2011": "$2", "2010": "$114", "2009": "$3", "2008": "$4", "2007": "$137", "2006": "$5", "2005": "$62"}, "Cimarex Energy Co Quarterly Cash on Hand (Millions of US $)": {"2020-09-30": "$273", "2020-06-30": "$44", "2020-03-31": "$89", "2019-12-31": "$95", "2019-09-30": "$24", "2019-06-30": "$19", "2019-03-31": "$21", "2018-12-31": "$801", "2018-09-30": "$864", "2018-06-30": "$411", "2018-03-31": "$464", "2017-12-31": "$401", "2017-09-30": "$423", "2017-06-30": "$520", "2017-03-31": "$579", "2016-12-31": "$653", "2016-09-30": "$699", "2016-06-30": "$642", "2016-03-31": "$677", "2015-12-31": "$779", "2015-09-30": "$899", "2015-06-30": "$857", "2015-03-31": "$121", "2014-12-31": "$406", "2014-09-30": "$564", "2014-06-30": "$129", "2014-03-31": "$5", "2013-12-31": "$5", "2013-09-30": "$5", "2013-06-30": "$5", "2013-03-31": "$19", "2012-12-31": "$70", "2012-09-30": "$5", "2012-06-30": "$97", "2012-03-31": "$4", "2011-12-31": "$2", "2011-09-30": "$57", "2011-06-30": "$13", "2011-03-31": "$54", "2010-12-31": "$114", "2010-09-30": "$149", "2010-06-30": "$143", "2010-03-31": "$63", "2009-12-31": "$3", "2009-09-30": "$4", "2009-06-30": "$5", "2009-03-31": "$5", "2008-12-31": "$4", "2008-09-30": "$207", "2008-06-30": "$177", "2008-03-31": "$157", "2007-12-31": "$137", "2007-09-30": "$7", "2007-06-30": "$19", "2007-03-31": "$7", "2006-12-31": "$5", "2006-09-30": "$8", "2006-06-30": "$5", "2006-03-31": "$51", "2005-12-31": "$62", "2005-09-30": "$27", "2005-06-30": "$57", "2005-03-31": "$113"}}, "long-term-debt": {"Cimarex Energy Co Annual Long Term Debt (Millions of US $)": {"2019": "$1,985", "2018": "$1,489", "2017": "$1,487", "2016": "$1,488", "2015": "$1,486", "2014": "$1,483", "2013": "$924", "2012": "$750", "2011": "$405", "2010": "$350", "2009": "$393", "2008": "$588", "2007": "$487", "2006": "$444", "2005": "$352"}, "Cimarex Energy Co Quarterly Long Term Debt (Millions of US $)": {"2020-09-30": "$1,987", "2020-06-30": "$1,986", "2020-03-31": "$1,986", "2019-12-31": "$1,985", "2019-09-30": "$1,985", "2019-06-30": "$1,984", "2019-03-31": "$1,984", "2018-12-31": "$1,489", "2018-09-30": "$1,488", "2018-06-30": "$1,488", "2018-03-31": "$1,487", "2017-12-31": "$1,487", "2017-09-30": "$1,487", "2017-06-30": "$1,486", "2017-03-31": "$1,489", "2016-12-31": "$1,488", "2016-09-30": "$1,487", "2016-06-30": "$1,487", "2016-03-31": "$1,486", "2015-12-31": "$1,486", "2015-09-30": "$1,500", "2015-06-30": "$1,500", "2015-03-31": "$1,500", "2014-12-31": "$1,483", "2014-09-30": "$1,500", "2014-06-30": "$1,500", "2014-03-31": "$1,025", "2013-12-31": "$924", "2013-09-30": "$900", "2013-06-30": "$892", "2013-03-31": "$870", "2012-12-31": "$750", "2012-09-30": "$830", "2012-06-30": "$750", "2012-03-31": "$572", "2011-12-31": "$405", "2011-09-30": "$350", "2011-06-30": "$350", "2011-03-31": "$350", "2010-12-31": "$350", "2010-09-30": "$350", "2010-06-30": "$350", "2010-03-31": "$368", "2009-12-31": "$393", "2009-09-30": "$524", "2009-06-30": "$707", "2009-03-31": "$713", "2008-12-31": "$588", "2008-09-30": "$487", "2008-06-30": "$487", "2008-03-31": "$487", "2007-12-31": "$487", "2007-09-30": "$526", "2007-06-30": "$488", "2007-03-31": "$509", "2006-12-31": "$444", "2006-09-30": "$400", "2006-06-30": "$404", "2006-03-31": "$352", "2005-12-31": "$352", "2005-09-30": "$438", "2005-06-30": "$572", "2005-03-31": ""}}, "total-liabilities": {"Cimarex Energy Co Annual Total Liabilities (Millions of US $)": {"2019": "$3,564", "2018": "$2,732", "2017": "$2,474", "2016": "$2,195", "2015": "$2,250", "2014": "$4,208", "2013": "$3,231", "2012": "$2,830", "2011": "$2,227", "2010": "$1,748", "2009": "$1,406", "2008": "$1,813", "2007": "$2,104", "2006": "$1,854", "2005": "$1,585"}, "Cimarex Energy Co Quarterly Total Liabilities (Millions of US $)": {"2020-09-30": "$3,062", "2020-06-30": "$3,019", "2020-03-31": "$3,429", "2019-12-31": "$3,564", "2019-09-30": "$3,730", "2019-06-30": "$3,734", "2019-03-31": "$3,796", "2018-12-31": "$2,732", "2018-09-30": "$2,793", "2018-06-30": "$2,645", "2018-03-31": "$2,509", "2017-12-31": "$2,474", "2017-09-30": "$2,367", "2017-06-30": "$2,251", "2017-03-31": "$2,183", "2016-12-31": "$2,195", "2016-09-30": "$2,205", "2016-06-30": "$2,185", "2016-03-31": "$2,287", "2015-12-31": "$2,250", "2015-09-30": "$2,902", "2015-06-30": "$3,372", "2015-03-31": "$3,774", "2014-12-31": "$4,208", "2014-09-30": "$4,214", "2014-06-30": "$4,112", "2014-03-31": "$3,471", "2013-12-31": "$3,231", "2013-09-30": "$3,238", "2013-06-30": "$3,117", "2013-03-31": "$3,015", "2012-12-31": "$2,830", "2012-09-30": "$2,935", "2012-06-30": "$2,739", "2012-03-31": "$2,506", "2011-12-31": "$2,227", "2011-09-30": "$2,098", "2011-06-30": "$1,997", "2011-03-31": "$1,848", "2010-12-31": "$1,748", "2010-09-30": "$1,647", "2010-06-30": "$1,503", "2010-03-31": "$1,470", "2009-12-31": "$1,406", "2009-09-30": "$1,463", "2009-06-30": "$1,510", "2009-03-31": "$1,507", "2008-12-31": "$1,813", "2008-09-30": "$2,176", "2008-06-30": "$2,348", "2008-03-31": "$2,200", "2007-12-31": "$2,104", "2007-09-30": "$2,078", "2007-06-30": "$1,974", "2007-03-31": "$1,912", "2006-12-31": "$1,854", "2006-09-30": "$1,697", "2006-06-30": "$1,663", "2006-03-31": "$1,628", "2005-12-31": "$1,585", "2005-09-30": "$1,622", "2005-06-30": "$1,694", "2005-03-31": "$415"}}, "total-share-holder-equity": {"Cimarex Energy Co Annual Share Holder Equity (Millions of US $)": {"2019": "$3,576", "2018": "$3,330", "2017": "$2,568", "2016": "$2,043", "2015": "$2,458", "2014": "$4,501", "2013": "$4,022", "2012": "$3,475", "2011": "$3,131", "2010": "$2,610", "2009": "$2,038", "2008": "$2,352", "2007": "$3,259", "2006": "$2,976", "2005": "$2,595"}, "Cimarex Energy Co Quarterly Share Holder Equity (Millions of US $)": {"2020-09-30": "$1,544", "2020-06-30": "$1,851", "2020-03-31": "$2,790", "2019-12-31": "$3,576", "2019-09-30": "$3,890", "2019-06-30": "$3,862", "2019-03-31": "$3,761", "2018-12-31": "$3,330", "2018-09-30": "$3,026", "2018-06-30": "$2,886", "2018-03-31": "$2,752", "2017-12-31": "$2,568", "2017-09-30": "$2,402", "2017-06-30": "$2,312", "2017-03-31": "$2,211", "2016-12-31": "$2,043", "2016-09-30": "$2,333", "2016-06-30": "$2,347", "2016-03-31": "$2,614", "2015-12-31": "$2,458", "2015-09-30": "$3,434", "2015-06-30": "$4,196", "2015-03-31": "$4,086", "2014-12-31": "$4,501", "2014-09-30": "$4,430", "2014-06-30": "$4,287", "2014-03-31": "$4,148", "2013-12-31": "$4,022", "2013-09-30": "$3,816", "2013-06-30": "$3,679", "2013-03-31": "$3,555", "2012-12-31": "$3,475", "2012-09-30": "$3,378", "2012-06-30": "$3,292", "2012-03-31": "$3,230", "2011-12-31": "$3,131", "2011-09-30": "$3,013", "2011-06-30": "$2,888", "2011-03-31": "$2,722", "2010-12-31": "$2,610", "2010-09-30": "$2,502", "2010-06-30": "$2,368", "2010-03-31": "$2,238", "2009-12-31": "$2,038", "2009-09-30": "$1,933", "2009-06-30": "$1,893", "2009-03-31": "$1,854", "2008-12-31": "$2,352", "2008-09-30": "$3,403", "2008-06-30": "$3,621", "2008-03-31": "$3,398", "2007-12-31": "$3,259", "2007-09-30": "$3,136", "2007-06-30": "$3,096", "2007-03-31": "$3,019", "2006-12-31": "$2,976", "2006-09-30": "$2,907", "2006-06-30": "$2,793", "2006-03-31": "$2,710", "2005-12-31": "$2,595", "2005-09-30": "$2,427", "2005-06-30": "$2,304", "2005-03-31": "$746"}}, "profit-margins": {"current": "-133.41%"}, "gross margin": {"2020-09-30": "83.44%", "2020-06-30": "83.53%", "2020-03-31": "84.59%", "2019-12-31": "85.65%", "2019-09-30": "86.00%", "2019-06-30": "86.66%", "2019-03-31": "87.14%", "2018-12-31": "87.38%", "2018-09-30": "86.80%", "2018-06-30": "86.48%", "2018-03-31": "86.65%", "2017-12-31": "86.29%", "2017-09-30": "82.96%", "2017-06-30": "82.42%", "2017-03-31": "84.77%", "2016-12-31": "81.56%", "2016-09-30": "83.07%", "2016-06-30": "82.02%", "2016-03-31": "78.45%", "2015-12-31": "79.48%", "2015-09-30": "81.37%", "2015-06-30": "83.13%", "2015-03-31": "84.04%", "2014-12-31": "85.90%", "2014-09-30": "86.60%", "2014-06-30": "86.65%", "2014-03-31": "86.50%", "2013-12-31": "85.64%", "2013-09-30": "85.38%", "2013-06-30": "84.84%", "2013-03-31": "84.02%", "2012-12-31": "84.05%", "2012-09-30": "84.00%", "2012-06-30": "84.27%", "2012-03-31": "85.35%", "2011-12-31": "85.89%", "2011-09-30": "86.29%", "2011-06-30": "86.50%", "2011-03-31": "86.69%", "2010-12-31": "87.93%", "2010-09-30": "88.35%", "2010-06-30": "87.91%", "2010-03-31": "86.40%", "2009-12-31": "82.38%", "2009-09-30": "75.51%", "2009-06-30": "80.73%", "2009-03-31": "85.02%", "2008-12-31": "86.95%", "2008-09-30": "90.23%", "2008-06-30": "88.97%", "2008-03-31": "86.95%", "2007-12-31": "85.88%", "2007-09-30": "84.38%", "2007-06-30": "85.15%", "2007-03-31": "85.45%", "2006-12-31": "86.01%", "2006-09-30": "88.29%", "2006-06-30": "88.83%", "2006-03-31": "89.74%", "2005-12-31": "90.80%"}, "operating margin": {"2020-09-30": "-157.55%", "2020-06-30": "-116.11%", "2020-03-31": "-41.85%", "2019-12-31": "-4.87%", "2019-09-30": "33.36%", "2019-06-30": "34.26%", "2019-03-31": "35.99%", "2018-12-31": "44.82%", "2018-09-30": "36.38%", "2018-06-30": "36.34%", "2018-03-31": "38.27%", "2017-12-31": "39.10%", "2017-09-30": "38.42%", "2017-06-30": "31.96%", "2017-03-31": "-0.14%", "2016-12-31": "-45.47%", "2016-09-30": "-163.27%", "2016-06-30": "-258.00%", "2016-03-31": "-279.50%", "2015-12-31": "-276.10%", "2015-09-30": "-154.35%", "2015-06-30": "-59.98%", "2015-03-31": "-0.50%", "2014-12-31": "34.80%", "2014-09-30": "42.07%", "2014-06-30": "43.52%", "2014-03-31": "44.73%", "2013-12-31": "44.79%", "2013-09-30": "38.14%", "2013-06-30": "36.09%", "2013-03-31": "33.74%", "2012-12-31": "35.10%", "2012-09-30": "36.76%", "2012-06-30": "40.61%", "2012-03-31": "46.41%", "2011-12-31": "47.61%", "2011-09-30": "48.62%", "2011-06-30": "49.97%", "2011-03-31": "48.78%", "2010-12-31": "56.47%", "2010-09-30": "58.14%", "2010-06-30": "54.69%", "2010-03-31": "51.28%", "2009-12-31": "-45.15%", "2009-09-30": "-232.76%", "2009-06-30": "-208.72%", "2009-03-31": "-143.89%", "2008-12-31": "-73.15%", "2008-09-30": "19.82%", "2008-06-30": "48.29%", "2008-03-31": "42.10%", "2007-12-31": "37.81%", "2007-09-30": "32.94%", "2007-06-30": "34.68%", "2007-03-31": "36.30%", "2006-12-31": "40.95%", "2006-09-30": "48.89%", "2006-06-30": "45.94%", "2006-03-31": "46.58%", "2005-12-31": "45.58%"}, "ebitda margin": {"2020-09-30": "-71.59%", "2020-06-30": "-34.42%", "2020-03-31": "-1.73%", "2019-12-31": "32.43%", "2019-09-30": "68.10%", "2019-06-30": "64.97%", "2019-03-31": "63.59%", "2018-12-31": "70.06%", "2018-09-30": "60.44%", "2018-06-30": "60.62%", "2018-03-31": "61.97%", "2017-12-31": "62.36%", "2017-09-30": "61.52%", "2017-06-30": "55.58%", "2017-03-31": "25.61%", "2016-12-31": "-14.39%", "2016-09-30": "-128.39%", "2016-06-30": "-215.74%", "2016-03-31": "-232.58%", "2015-12-31": "-225.76%", "2015-09-30": "-106.37%", "2015-06-30": "-17.48%", "2015-03-31": "36.85%", "2014-12-31": "66.76%", "2014-09-30": "73.74%", "2014-06-30": "73.81%", "2014-03-31": "74.80%", "2013-12-31": "75.63%", "2013-09-30": "68.42%", "2013-06-30": "67.70%", "2013-03-31": "66.56%", "2012-12-31": "66.81%", "2012-09-30": "66.96%", "2012-06-30": "68.41%", "2012-03-31": "70.58%", "2011-12-31": "69.85%", "2011-09-30": "69.47%", "2011-06-30": "69.96%", "2011-03-31": "68.80%", "2010-12-31": "75.29%", "2010-09-30": "76.50%", "2010-06-30": "73.33%", "2010-03-31": "70.96%", "2009-12-31": "-18.81%", "2009-09-30": "-197.35%", "2009-06-30": "-175.46%", "2009-03-31": "-113.87%", "2008-12-31": "-45.38%", "2008-09-30": "44.90%", "2008-06-30": "74.95%", "2008-03-31": "72.08%", "2007-12-31": "70.16%", "2007-09-30": "67.60%", "2007-06-30": "68.88%", "2007-03-31": "69.85%", "2006-12-31": "72.25%", "2006-09-30": "75.73%", "2006-06-30": "70.51%", "2006-03-31": "70.14%", "2005-12-31": "68.63%"}, "pre tax profit margin": {"2020-09-30": "-159.80%", "2020-06-30": "-118.15%", "2020-03-31": "-43.27%", "2019-12-31": "-6.44%", "2019-09-30": "31.99%", "2019-06-30": "33.11%", "2019-03-31": "34.67%", "2018-12-31": "43.76%", "2018-09-30": "35.01%", "2018-06-30": "34.75%", "2018-03-31": "35.13%", "2017-12-31": "35.56%", "2017-09-30": "34.36%", "2017-06-30": "27.27%", "2017-03-31": "-3.48%", "2016-12-31": "-49.60%", "2016-09-30": "-167.73%", "2016-06-30": "-262.39%", "2016-03-31": "-283.18%", "2015-12-31": "-279.06%", "2015-09-30": "-156.37%", "2015-06-30": "-61.09%", "2015-03-31": "-1.28%", "2014-12-31": "34.47%", "2014-09-30": "41.99%", "2014-06-30": "43.22%", "2014-03-31": "44.68%", "2013-12-31": "44.69%", "2013-09-30": "37.77%", "2013-06-30": "36.09%", "2013-03-31": "32.82%", "2012-12-31": "34.48%", "2012-09-30": "36.45%", "2012-06-30": "40.30%", "2012-03-31": "46.92%", "2011-12-31": "47.84%", "2011-09-30": "48.79%", "2011-06-30": "50.33%", "2011-03-31": "48.84%", "2010-12-31": "56.59%", "2010-09-30": "57.75%", "2010-06-30": "53.27%", "2010-03-31": "49.12%", "2009-12-31": "-48.32%", "2009-09-30": "-237.14%", "2009-06-30": "-210.86%", "2009-03-31": "-144.77%", "2008-12-31": "-73.71%", "2008-09-30": "19.96%", "2008-06-30": "48.24%", "2008-03-31": "42.16%", "2007-12-31": "38.02%", "2007-09-30": "33.64%", "2007-06-30": "36.81%", "2007-03-31": "38.24%", "2006-12-31": "43.08%", "2006-09-30": "51.46%", "2006-06-30": "46.63%", "2006-03-31": "47.34%", "2005-12-31": "46.20%"}, "net profit margin": {"2020-09-30": "-133.63%", "2020-06-30": "-100.20%", "2020-03-31": "-41.28%", "2019-12-31": "-5.55%", "2019-09-30": "24.00%", "2019-06-30": "24.98%", "2019-03-31": "26.36%", "2018-12-31": "33.36%", "2018-09-30": "28.30%", "2018-06-30": "27.36%", "2018-03-31": "26.55%", "2017-12-31": "25.34%", "2017-09-30": "20.93%", "2017-06-30": "16.35%", "2017-03-31": "-3.14%", "2016-12-31": "-32.43%", "2016-09-30": "-105.90%", "2016-06-30": "-166.45%", "2016-03-31": "-179.80%", "2015-12-31": "-177.62%", "2015-09-30": "-100.36%", "2015-06-30": "-39.56%", "2015-03-31": "-1.60%", "2014-12-31": "21.28%", "2014-09-30": "26.05%", "2014-06-30": "26.79%", "2014-03-31": "27.68%", "2013-12-31": "27.73%", "2013-09-30": "23.26%", "2013-06-30": "22.29%", "2013-03-31": "20.28%", "2012-12-31": "21.37%", "2012-09-30": "22.13%", "2012-06-30": "24.51%", "2012-03-31": "28.85%", "2011-12-31": "29.47%", "2011-09-30": "29.84%", "2011-06-30": "30.81%", "2011-03-31": "29.88%", "2010-12-31": "34.80%", "2010-09-30": "36.59%", "2010-06-30": "33.64%", "2010-03-31": "30.96%", "2009-12-31": "-30.79%", "2009-09-30": "-150.71%", "2009-06-30": "-133.64%", "2009-03-31": "-91.54%", "2008-12-31": "-46.40%", "2008-09-30": "13.09%", "2008-06-30": "30.97%", "2008-03-31": "26.92%", "2007-12-31": "24.18%", "2007-09-30": "21.45%", "2007-06-30": "23.46%", "2007-03-31": "24.33%", "2006-12-31": "27.35%", "2006-09-30": "32.48%", "2006-06-30": "29.49%", "2006-03-31": "29.94%", "2005-12-31": "29.22%"}, "pe ratio": {"current": "27.24", "2021-02-05": "0.00", "2020-09-30": "0.00", "2020-06-30": "0.00", "2020-03-31": "0.00", "2019-12-31": "0.00", "2019-09-30": "9.20", "2019-06-30": "9.24", "2019-03-31": "10.18", "2018-12-31": "7.13", "2018-09-30": "13.06", "2018-06-30": "15.65", "2018-03-31": "15.50", "2017-12-31": "22.47", "2017-09-30": "28.87", "2017-06-30": "33.73", "2017-03-31": "0.00", "2016-12-31": "0.00", "2016-09-30": "0.00", "2016-06-30": "0.00", "2016-03-31": "0.00", "2015-12-31": "0.00", "2015-09-30": "0.00", "2015-06-30": "0.00", "2015-03-31": "0.00", "2014-12-31": "17.26", "2014-09-30": "16.32", "2014-06-30": "18.63", "2014-03-31": "15.91", "2013-12-31": "15.18", "2013-09-30": "17.19", "2013-06-30": "13.12", "2013-03-31": "18.12", "2012-12-31": "13.20", "2012-09-30": "12.68", "2012-06-30": "10.63", "2012-03-31": "11.63", "2011-12-31": "9.31", "2011-09-30": "8.35", "2011-06-30": "13.43", "2011-03-31": "18.65", "2010-12-31": "12.14", "2010-09-30": "9.26", "2010-06-30": "11.86", "2010-03-31": "11.99", "2009-12-31": "0.00", "2009-09-30": "0.00", "2009-06-30": "0.00", "2009-03-31": "0.00", "2008-12-31": "0.00", "2008-09-30": "14.20", "2008-06-30": "9.23", "2008-03-31": "9.74", "2007-12-31": "9.37", "2007-09-30": "10.31", "2007-06-30": "10.15", "2007-03-31": "9.39", "2006-12-31": "8.07"}, "price sales": {"2021-02-05": "2.68", "2020-09-30": "1.35", "2020-06-30": "1.37", "2020-03-31": "0.72", "2019-12-31": "2.13", "2019-09-30": "1.93", "2019-06-30": "2.35", "2019-03-31": "2.71", "2018-12-31": "2.38", "2018-09-30": "3.69", "2018-06-30": "4.27", "2018-03-31": "4.11", "2017-12-31": "5.68", "2017-09-30": "5.80", "2017-06-30": "5.17", "2017-03-31": "7.26", "2016-12-31": "9.60", "2016-09-30": "10.04", "2016-06-30": "8.75", "2016-03-31": "6.45", "2015-12-31": "5.32", "2015-09-30": "5.15", "2015-06-30": "4.62", "2015-03-31": "4.27", "2014-12-31": "3.54", "2014-09-30": "4.25", "2014-06-30": "4.99", "2014-03-31": "4.40", "2013-12-31": "4.20", "2013-09-30": "4.00", "2013-06-30": "2.93", "2013-03-31": "3.68", "2012-12-31": "2.81", "2012-09-30": "2.85", "2012-06-30": "2.65", "2012-03-31": "3.40", "2011-12-31": "2.79", "2011-09-30": "2.54", "2011-06-30": "4.22", "2011-03-31": "5.70", "2010-12-31": "4.30", "2010-09-30": "3.39", "2010-06-30": "3.98", "2010-03-31": "3.70", "2009-12-31": "4.06", "2009-09-30": "3.41", "2009-06-30": "1.67", "2009-03-31": "0.84", "2008-12-31": "1.06", "2008-09-30": "1.78", "2008-06-30": "2.86", "2008-03-31": "2.61", "2007-12-31": "2.25", "2007-09-30": "2.21", "2007-06-30": "2.38", "2007-03-31": "2.28", "2006-12-31": "2.20"}, "price book": {"current": "3.17", "2021-02-05": "3.17", "2020-09-30": "1.60", "2020-06-30": "1.49", "2020-03-31": "0.60", "2019-12-31": "1.46", "2019-09-30": "1.21", "2019-06-30": "1.51", "2019-03-31": "1.82", "2018-12-31": "1.71", "2018-09-30": "2.82", "2018-06-30": "3.22", "2018-03-31": "3.10", "2017-12-31": "4.33", "2017-09-30": "4.31", "2017-06-30": "3.70", "2017-03-31": "4.90", "2016-12-31": "6.03", "2016-09-30": "5.21", "2016-06-30": "4.60", "2016-03-31": "3.36", "2015-12-31": "3.27", "2015-09-30": "2.68", "2015-06-30": "2.35", "2015-03-31": "2.33", "2014-12-31": "1.95", "2014-09-30": "2.35", "2014-06-30": "2.74", "2014-03-31": "2.35", "2013-12-31": "2.14", "2013-09-30": "2.06", "2013-06-30": "1.43", "2013-03-31": "1.71", "2012-12-31": "1.34", "2012-09-30": "1.40", "2012-06-30": "1.34", "2012-03-31": "1.86", "2011-12-31": "1.57", "2011-09-30": "1.47", "2011-06-30": "2.46", "2011-03-31": "3.34", "2010-12-31": "2.66", "2010-09-30": "2.06", "2010-06-30": "2.34", "2010-03-31": "2.04", "2009-12-31": "1.99", "2009-09-30": "1.71", "2009-06-30": "1.13", "2009-03-31": "0.75", "2008-12-31": "0.86", "2008-09-30": "1.10", "2008-06-30": "1.47", "2008-03-31": "1.21", "2007-12-31": "0.98", "2007-09-30": "0.89", "2007-06-30": "0.96", "2007-03-31": "0.91", "2006-12-31": "0.92", "2006-09-30": "0.90", "2006-06-30": "1.15", "2006-03-31": "1.19"}, "price fcf": {"2021-02-05": "", "2020-09-30": "$6.35", "2020-06-30": "$1.23", "2020-03-31": "$1.67", "2019-12-31": "$0.50", "2019-09-30": "$-3.78", "2019-06-30": "$3.83", "2019-03-31": "$3.17", "2018-12-31": "$4.92", "2018-09-30": "$5.37", "2018-06-30": "$-0.55", "2018-03-31": "$-0.37", "2017-12-31": "$-1.82", "2017-09-30": "$-2.08", "2017-06-30": "$-0.52", "2017-03-31": "$-0.56", "2016-12-31": "$-0.80", "2016-09-30": "$-1.29", "2016-06-30": "$-1.51", "2016-03-31": "$-0.78", "2015-12-31": "$-3.05", "2015-09-30": "$-3.99", "2015-06-30": "$0.63", "2015-03-31": "$-3.65", "2014-12-31": "$-1.51", "2014-09-30": "$-0.41", "2014-06-30": "$-5.42", "2014-03-31": "$-2.19", "2013-12-31": "$-2.79", "2013-09-30": "$-0.90", "2013-06-30": "$-2.72", "2013-03-31": "$-2.55", "2012-12-31": "$-2.63", "2012-09-30": "$-5.18", "2012-06-30": "$-4.66", "2012-03-31": "$-4.33", "2011-12-31": "$-2.96", "2011-09-30": "$-2.16", "2011-06-30": "$-0.57", "2011-03-31": "$0.35", "2010-12-31": "$1.75", "2010-09-30": "$3.45", "2010-06-30": "$5.39", "2010-03-31": "$4.93", "2009-12-31": "$2.58", "2009-09-30": "$-2.87", "2009-06-30": "$-4.22", "2009-03-31": "$-4.44", "2008-12-31": "$-2.86", "2008-09-30": "$3.66", "2008-06-30": "$2.48", "2008-03-31": "$2.88", "2007-12-31": "$1.85", "2007-09-30": "$-0.99", "2007-06-30": "$-1.25", "2007-03-31": "$-2.82", "2006-12-31": "$-1.97"}, "net worth": {"value": "$4.89B"}, "current ratio": {"2020-09-30": "1.06", "2020-06-30": "0.84", "2020-03-31": "1.08", "2019-12-31": "0.82", "2019-09-30": "0.70", "2019-06-30": "0.64", "2019-03-31": "0.66", "2018-12-31": "2.01", "2018-09-30": "1.69", "2018-06-30": "1.34", "2018-03-31": "1.49", "2017-12-31": "1.38", "2017-09-30": "1.51", "2017-06-30": "1.76", "2017-03-31": "1.87", "2016-12-31": "1.86", "2016-09-30": "2.19", "2016-06-30": "2.28", "2016-03-31": "2.61", "2015-12-31": "2.63", "2015-09-30": "2.57", "2015-06-30": "2.54", "2015-03-31": "1.01", "2014-12-31": "1.20", "2014-09-30": "1.36", "2014-06-30": "0.86", "2014-03-31": "0.71", "2013-12-31": "0.69", "2013-09-30": "0.70", "2013-06-30": "0.72", "2013-03-31": "0.69", "2012-12-31": "0.73", "2012-09-30": "0.66", "2012-06-30": "0.74", "2012-03-31": "0.79", "2011-12-31": "0.74", "2011-09-30": "0.87", "2011-06-30": "0.93", "2011-03-31": "0.94", "2010-12-31": "1.10", "2010-09-30": "1.15", "2010-06-30": "1.25", "2010-03-31": "1.24", "2009-12-31": "1.05", "2009-09-30": "1.17", "2009-06-30": "1.64", "2009-03-31": "1.52", "2008-12-31": "1.10", "2008-09-30": "1.28", "2008-06-30": "1.27", "2008-03-31": "1.23", "2007-12-31": "1.33", "2007-09-30": "1.06", "2007-06-30": "1.12", "2007-03-31": "1.19", "2006-12-31": "1.18", "2006-09-30": "1.15", "2006-06-30": "0.96", "2006-03-31": "0.96", "2005-12-31": "1.08", "2005-09-30": "0.82", "2005-06-30": "1.08", "2005-03-31": "1.73"}, "quick ratio": {"2020-09-30": "0.99", "2020-06-30": "0.74", "2020-03-31": "1.01", "2019-12-31": "0.76", "2019-09-30": "0.64", "2019-06-30": "0.57", "2019-03-31": "0.59", "2018-12-31": "1.93", "2018-09-30": "1.62", "2018-06-30": "1.27", "2018-03-31": "1.40", "2017-12-31": "1.30", "2017-09-30": "1.42", "2017-06-30": "1.68", "2017-03-31": "1.80", "2016-12-31": "1.79", "2016-09-30": "2.11", "2016-06-30": "2.18", "2016-03-31": "2.48", "2015-12-31": "2.50", "2015-09-30": "2.44", "2015-06-30": "2.39", "2015-03-31": "0.87", "2014-12-31": "1.09", "2014-09-30": "1.25", "2014-06-30": "0.75", "2014-03-31": "0.59", "2013-12-31": "0.59", "2013-09-30": "0.61", "2013-06-30": "0.63", "2013-03-31": "0.58", "2012-12-31": "0.60", "2012-09-30": "0.54", "2012-06-30": "0.59", "2012-03-31": "0.65", "2011-12-31": "0.61", "2011-09-30": "0.73", "2011-06-30": "0.79", "2011-03-31": "0.79", "2010-12-31": "0.94", "2010-09-30": "0.95", "2010-06-30": "0.00", "2010-03-31": "0.00", "2009-12-31": "0.67", "2009-09-30": "0.66", "2009-06-30": "0.94", "2009-03-31": "0.82", "2008-12-31": "0.70", "2008-09-30": "1.07", "2008-06-30": "1.14", "2008-03-31": "1.14", "2007-12-31": "1.26", "2007-09-30": "0.96", "2007-06-30": "1.01", "2007-03-31": "1.06", "2006-12-31": "1.06", "2006-09-30": "1.00", "2006-06-30": "0.83", "2006-03-31": "0.86", "2005-12-31": "0.99", "2005-09-30": "0.75", "2005-06-30": "1.01", "2005-03-31": "1.62"}, "debt equity ratio": {"current": "1.29", "2020-09-30": "1.98", "2020-06-30": "1.63", "2020-03-31": "1.23", "2019-12-31": "1.00", "2019-09-30": "0.96", "2019-06-30": "0.97", "2019-03-31": "1.01", "2018-12-31": "0.82", "2018-09-30": "0.92", "2018-06-30": "0.92", "2018-03-31": "0.91", "2017-12-31": "0.96", "2017-09-30": "0.99", "2017-06-30": "0.97", "2017-03-31": "0.99", "2016-12-31": "1.07", "2016-09-30": "0.95", "2016-06-30": "0.93", "2016-03-31": "0.88", "2015-12-31": "0.92", "2015-09-30": "0.85", "2015-06-30": "0.80", "2015-03-31": "0.92", "2014-12-31": "0.94", "2014-09-30": "0.95", "2014-06-30": "0.96", "2014-03-31": "0.84", "2013-12-31": "0.80", "2013-09-30": "0.85", "2013-06-30": "0.85", "2013-03-31": "0.85", "2012-12-31": "0.82", "2012-09-30": "0.87", "2012-06-30": "0.83", "2012-03-31": "0.78", "2011-12-31": "0.71", "2011-09-30": "0.70", "2011-06-30": "0.69", "2011-03-31": "0.68", "2010-12-31": "0.67", "2010-09-30": "0.66", "2010-06-30": "0.64", "2010-03-31": "0.66", "2009-12-31": "0.69", "2009-09-30": "0.76", "2009-06-30": "0.80", "2009-03-31": "0.81", "2008-12-31": "0.77", "2008-09-30": "0.64", "2008-06-30": "0.65", "2008-03-31": "0.65", "2007-12-31": "0.65", "2007-09-30": "0.66", "2007-06-30": "0.64", "2007-03-31": "0.63", "2006-12-31": "0.62", "2006-09-30": "0.58", "2006-06-30": "0.60", "2006-03-31": "0.60", "2005-12-31": "0.61", "2005-09-30": "0.67", "2005-06-30": "0.74", "2005-03-31": "0.56"}, "return on equity": {"2020-09-30": "-97.53%", "2020-06-30": "-64.92%", "2020-03-31": "-26.41%", "2019-12-31": "-3.47%", "2019-09-30": "15.06%", "2019-06-30": "16.71%", "2019-03-31": "19.04%", "2018-12-31": "26.01%", "2018-09-30": "22.83%", "2018-06-30": "22.06%", "2018-03-31": "21.57%", "2017-12-31": "20.48%", "2017-09-30": "16.32%", "2017-06-30": "11.91%", "2017-03-31": "-2.06%", "2016-12-31": "-17.48%", "2016-09-30": "-51.56%", "2016-06-30": "-74.04%", "2016-03-31": "-75.42%", "2015-12-31": "-72.78%", "2015-09-30": "-41.59%", "2015-06-30": "-18.15%", "2015-03-31": "-0.81%", "2014-12-31": "11.89%", "2014-09-30": "14.83%", "2014-06-30": "15.24%", "2014-03-31": "15.35%", "2013-12-31": "14.70%", "2013-09-30": "12.31%", "2013-06-30": "11.19%", "2013-03-31": "9.64%", "2012-12-31": "10.38%", "2012-09-30": "10.96%", "2012-06-30": "12.70%", "2012-03-31": "16.51%", "2011-12-31": "17.63%", "2011-09-30": "18.45%", "2011-06-30": "19.32%", "2011-03-31": "18.66%", "2010-12-31": "23.13%", "2010-09-30": "24.58%", "2010-06-30": "22.06%", "2010-03-31": "19.11%", "2009-12-31": "-16.12%", "2009-09-30": "-73.56%", "2009-06-30": "-73.58%", "2009-03-31": "-55.49%", "2008-12-31": "-28.62%", "2008-09-30": "8.07%", "2008-06-30": "17.33%", "2008-03-31": "13.38%", "2007-12-31": "11.06%", "2007-09-30": "9.03%", "2007-06-30": "9.90%", "2007-03-31": "10.29%", "2006-12-31": "12.16%", "2006-09-30": "16.54%", "2006-06-30": "16.15%", "2006-03-31": "15.70%", "2005-12-31": "16.20%"}, "return on assets": {"2020-09-30": "-41.69%", "2020-06-30": "-30.41%", "2020-03-31": "-13.05%", "2019-12-31": "-1.75%", "2019-09-30": "7.75%", "2019-06-30": "8.64%", "2019-03-31": "9.92%", "2018-12-31": "13.76%", "2018-09-30": "11.84%", "2018-06-30": "11.36%", "2018-03-31": "11.02%", "2017-12-31": "10.36%", "2017-09-30": "8.15%", "2017-06-30": "5.98%", "2017-03-31": "-1.04%", "2016-12-31": "-8.96%", "2016-09-30": "-26.92%", "2016-06-30": "-39.24%", "2016-03-31": "-40.74%", "2015-12-31": "-38.97%", "2015-09-30": "-22.13%", "2015-06-30": "-9.53%", "2015-03-31": "-0.42%", "2014-12-31": "6.19%", "2014-09-30": "7.85%", "2014-06-30": "8.18%", "2014-03-31": "8.37%", "2013-12-31": "8.01%", "2013-09-30": "6.69%", "2013-06-30": "6.07%", "2013-03-31": "5.23%", "2012-12-31": "5.69%", "2012-09-30": "6.09%", "2012-06-30": "7.23%", "2012-03-31": "9.60%", "2011-12-31": "10.40%", "2011-09-30": "10.95%", "2011-06-30": "11.54%", "2011-03-31": "11.23%", "2010-12-31": "13.97%", "2010-09-30": "14.81%", "2010-06-30": "13.12%", "2010-03-31": "11.10%", "2009-12-31": "-9.14%", "2009-09-30": "-41.24%", "2009-06-30": "-42.36%", "2009-03-31": "-32.67%", "2008-12-31": "-17.16%", "2008-09-30": "4.90%", "2008-06-30": "10.49%", "2008-03-31": "8.11%", "2007-12-31": "6.73%", "2007-09-30": "5.51%", "2007-06-30": "6.11%", "2007-03-31": "6.40%", "2006-12-31": "7.59%", "2006-09-30": "10.35%", "2006-06-30": "9.99%", "2006-03-31": "9.51%", "2005-12-31": "9.77%"}, "return on investments": {"2020-09-30": "-63.40%", "2020-06-30": "-45.43%", "2020-03-31": "-17.14%", "2019-12-31": "-2.00%", "2019-09-30": "13.95%", "2019-06-30": "15.31%", "2019-03-31": "17.38%", "2018-12-31": "23.36%", "2018-09-30": "19.18%", "2018-06-30": "18.77%", "2018-03-31": "19.52%", "2017-12-31": "19.43%", "2017-09-30": "18.02%", "2017-06-30": "13.95%", "2017-03-31": "-0.05%", "2016-12-31": "-14.97%", "2016-09-30": "-49.38%", "2016-06-30": "-74.09%", "2016-03-31": "-79.74%", "2015-12-31": "-79.54%", "2015-09-30": "-46.72%", "2015-06-30": "-20.42%", "2015-03-31": "-0.19%", "2014-12-31": "14.76%", "2014-09-30": "18.52%", "2014-06-30": "19.53%", "2014-03-31": "20.01%", "2013-12-31": "19.19%", "2013-09-30": "16.35%", "2013-06-30": "14.64%", "2013-03-31": "12.99%", "2012-12-31": "14.01%", "2012-09-30": "15.22%", "2012-06-30": "18.07%", "2012-03-31": "23.36%", "2011-12-31": "25.35%", "2011-09-30": "26.72%", "2011-06-30": "27.72%", "2011-03-31": "26.79%", "2010-12-31": "32.76%", "2010-09-30": "33.68%", "2010-06-30": "30.12%", "2010-03-31": "25.40%", "2009-12-31": "-18.14%", "2009-09-30": "-86.39%", "2009-06-30": "-91.04%", "2009-03-31": "-72.54%", "2008-12-31": "-38.89%", "2008-09-30": "10.70%", "2008-06-30": "23.53%", "2008-03-31": "18.12%", "2007-12-31": "14.90%", "2007-09-30": "11.95%", "2007-06-30": "12.69%", "2007-03-31": "13.35%", "2006-12-31": "15.96%", "2006-09-30": "21.90%", "2006-06-30": "21.94%", "2006-03-31": "20.87%", "2005-12-31": "23.48%"}, "return on tangible equity": {"2020-09-30": "-105.26%", "2020-06-30": "-73.89%", "2020-03-31": "-31.27%", "2019-12-31": "-4.31%", "2019-09-30": "18.61%", "2019-06-30": "20.70%", "2019-03-31": "23.77%", "2018-12-31": "32.80%", "2018-09-30": "29.30%", "2018-06-30": "28.79%", "2018-03-31": "28.65%", "2017-12-31": "27.72%", "2017-09-30": "22.56%", "2017-06-30": "16.51%", "2017-03-31": "-2.85%", "2016-12-31": "-23.80%", "2016-09-30": "-69.14%", "2016-06-30": "-95.98%", "2016-03-31": "-93.72%", "2015-12-31": "-88.22%", "2015-09-30": "-49.10%", "2015-06-30": "-21.21%", "2015-03-31": "-0.94%", "2014-12-31": "13.87%", "2014-09-30": "17.38%", "2014-06-30": "17.98%", "2014-03-31": "18.23%", "2013-12-31": "17.60%", "2013-09-30": "14.85%", "2013-06-30": "13.66%", "2013-03-31": "11.92%", "2012-12-31": "12.99%", "2012-09-30": "13.81%", "2012-06-30": "16.13%", "2012-03-31": "21.16%", "2011-12-31": "22.87%", "2011-09-30": "24.47%", "2011-06-30": "26.05%", "2011-03-31": "25.61%", "2010-12-31": "32.34%", "2010-09-30": "35.23%", "2010-06-30": "32.55%", "2010-03-31": "29.01%", "2009-12-31": "-25.12%", "2009-09-30": "-112.19%", "2009-06-30": "-103.80%", "2009-03-31": "-73.62%", "2008-12-31": "-36.53%", "2008-09-30": "10.11%", "2008-06-30": "21.82%", "2008-03-31": "17.03%", "2007-12-31": "14.20%", "2007-09-30": "11.67%", "2007-06-30": "12.87%", "2007-03-31": "13.48%", "2006-12-31": "16.10%", "2006-09-30": "22.23%", "2006-06-30": "22.13%", "2006-03-31": "22.03%", "2005-12-31": "22.31%"}, "dividend yield history": {"last payout": "$0.88", "last yield": "1.84%"}}