{"ticker": "CINF", "price": {"title": "Cincinnati Financial Historical Annual Stock Price Data", "value": 86.71, "historical": {"2021": {"Average Stock Price": "88.2171", "Year Open": "84.5000", "Year High": "93.7700", "Year Low": "83.7000", "Year Close": "86.7100", "Annual % Change": "-0.76%"}, "2020": {"Average Stock Price": "80.6440", "Year Open": "105.9600", "Year High": "115.2100", "Year Low": "48.5400", "Year Close": "87.3700", "Annual % Change": "-16.91%"}, "2019": {"Average Stock Price": "99.6561", "Year Open": "75.6200", "Year High": "117.4100", "Year Low": "74.4000", "Year Close": "105.1500", "Annual % Change": "35.82%"}, "2018": {"Average Stock Price": "74.5113", "Year Open": "73.0800", "Year High": "82.6400", "Year Low": "66.3300", "Year Close": "77.4200", "Annual % Change": "3.27%"}, "2017": {"Average Stock Price": "73.4806", "Year Open": "75.7900", "Year High": "80.5200", "Year Low": "68.6900", "Year Close": "74.9700", "Annual % Change": "-1.03%"}, "2016": {"Average Stock Price": "69.7894", "Year Open": "57.5400", "Year High": "78.8400", "Year Low": "54.1100", "Year Close": "75.7500", "Annual % Change": "28.02%"}, "2015": {"Average Stock Price": "54.2533", "Year Open": "51.6100", "Year High": "61.4900", "Year Low": "49.7500", "Year Close": "59.1700", "Annual % Change": "14.16%"}, "2014": {"Average Stock Price": "48.6560", "Year Open": "51.4500", "Year High": "52.4400", "Year Low": "45.2100", "Year Close": "51.8300", "Annual % Change": "-1.03%"}, "2013": {"Average Stock Price": "47.5602", "Year Open": "39.8700", "Year High": "52.9500", "Year Low": "39.8700", "Year Close": "52.3700", "Annual % Change": "33.73%"}, "2012": {"Average Stock Price": "36.8392", "Year Open": "30.6000", "Year High": "40.6300", "Year Low": "30.4500", "Year Close": "39.1600", "Annual % Change": "28.56%"}, "2011": {"Average Stock Price": "29.7572", "Year Open": "32.3000", "Year High": "34.1825", "Year Low": "24.0300", "Year Close": "30.4600", "Annual % Change": "-3.88%"}, "2010": {"Average Stock Price": "28.3586", "Year Open": "26.5000", "Year High": "32.2225", "Year Low": "25.5200", "Year Close": "31.6900", "Annual % Change": "20.77%"}, "2009": {"Average Stock Price": "24.1676", "Year Open": "28.9700", "Year High": "29.0900", "Year Low": "18.1000", "Year Close": "26.2400", "Annual % Change": "-9.74%"}, "2008": {"Average Stock Price": "31.4783", "Year Open": "38.3300", "Year High": "39.9700", "Year Low": "18.8000", "Year Close": "29.0700", "Annual % Change": "-26.48%"}, "2007": {"Average Stock Price": "43.0627", "Year Open": "45.8200", "Year High": "47.6200", "Year Low": "36.9100", "Year Close": "39.5400", "Annual % Change": "-12.73%"}, "2006": {"Average Stock Price": "45.5675", "Year Open": "44.9000", "Year High": "49.0700", "Year Low": "41.4300", "Year Close": "45.3100", "Annual % Change": "1.41%"}, "2005": {"Average Stock Price": "42.3315", "Year Open": "44.4500", "Year High": "45.9200", "Year Low": "38.6200", "Year Close": "44.6800", "Annual % Change": "0.95%"}, "2004": {"Average Stock Price": "42.4079", "Year Open": "41.9600", "Year High": "45.5100", "Year Low": "38.8000", "Year Close": "44.2600", "Annual % Change": "6.01%"}, "2003": {"Average Stock Price": "38.4482", "Year Open": "38.6500", "Year High": "41.8000", "Year Low": "33.6500", "Year Close": "41.7500", "Annual % Change": "11.19%"}, "2002": {"Average Stock Price": "40.3073", "Year Open": "37.8600", "Year High": "47.0400", "Year Low": "32.6900", "Year Close": "37.5500", "Annual % Change": "-1.57%"}, "2001": {"Average Stock Price": "38.8110", "Year Open": "39.6300", "Year High": "42.7000", "Year Low": "35.3100", "Year Close": "38.1500", "Annual % Change": "-3.56%"}, "2000": {"Average Stock Price": "35.7650", "Year Open": "30.5300", "Year High": "42.8800", "Year Low": "26.6900", "Year Close": "39.5600", "Annual % Change": "26.84%"}, "1999": {"Average Stock Price": "36.8196", "Year Open": "37.5600", "Year High": "42.2500", "Year Low": "30.1300", "Year Close": "31.1900", "Annual % Change": "-14.85%"}, "1998": {"Average Stock Price": "39.4148", "Year Open": "45.3667", "Year High": "45.3667", "Year Low": "30.7500", "Year Close": "36.6300", "Annual % Change": "-21.95%"}, "1997": {"Average Stock Price": "27.1707", "Year Open": "21.7500", "Year High": "46.9333", "Year Low": "20.6667", "Year Close": "46.9333", "Annual % Change": "117.05%"}, "1996": {"Average Stock Price": "19.9690", "Year Open": "21.9167", "Year High": "22.3333", "Year Low": "18.0000", "Year Close": "21.6233", "Annual % Change": "-0.58%"}, "1995": {"Average Stock Price": "18.6613", "Year Open": "16.9167", "Year High": "22.2500", "Year Low": "16.9167", "Year Close": "21.7500", "Annual % Change": "26.70%"}, "1994": {"Average Stock Price": "17.5980", "Year Open": "18.0833", "Year High": "19.4167", "Year Low": "15.4167", "Year Close": "17.1667", "Annual % Change": "-3.97%"}, "1993": {"Average Stock Price": "19.5011", "Year Open": "20.3333", "Year High": "22.0000", "Year Low": "17.0000", "Year Close": "17.8767", "Annual % Change": "-12.44%"}, "1992": {"Average Stock Price": "15.7597", "Year Open": "11.9167", "Year High": "20.5833", "Year Low": "11.9167", "Year Close": "20.4167", "Annual % Change": "70.93%"}, "1991": {"Average Stock Price": "11.8229", "Year Open": "9.1389", "Year High": "13.6389", "Year Low": "8.6389", "Year Close": "11.9444", "Annual % Change": "27.98%"}}}, "market cap": {"value": "$13.95B"}, "income statement": {"Revenue": {"2019-12-31": "7924.00000", "2018-12-31": "5407.00000", "2017-12-31": "5732.00000", "2016-12-31": "5449.00000", "2015-12-31": "5142.00000", "2014-12-31": "4945.00000", "2013-12-31": "4531.00000", "2012-12-31": "4111.00000", "2011-12-31": "3803.00000", "2010-12-31": "3772.00000", "2009-12-31": "3903.00000", "2008-12-31": "3824.00000", "2007-12-31": "4259.00000", "2006-12-31": "4550.00000", "2005-12-31": "3767.00000"}, "Cost Of Goods Sold": {"2019-12-31": "5376.00000", "2018-12-31": "5087.00000", "2017-12-31": "4936.00000", "2016-12-31": "4572.00000", "2015-12-31": "4195.00000", "2014-12-31": "4157.00000", "2013-12-31": "3748.00000", "2012-12-31": "3477.00000", "2011-12-31": "3563.00000", "2010-12-31": "3204.00000", "2009-12-31": "3246.00000", "2008-12-31": "3209.00000", "2007-12-31": "3002.00000", "2006-12-31": "2107.00000", "2005-12-31": "1892.00000"}, "Gross Profit": {"2019-12-31": "2548.00000", "2018-12-31": "320.00000", "2017-12-31": "796.00000", "2016-12-31": "877.00000", "2015-12-31": "947.00000", "2014-12-31": "788.00000", "2013-12-31": "783.00000", "2012-12-31": "634.00000", "2011-12-31": "240.00000", "2010-12-31": "568.00000", "2009-12-31": "657.00000", "2008-12-31": "615.00000", "2007-12-31": "1257.00000", "2006-12-31": "2443.00000", "2005-12-31": "1875.00000"}, "Research And Development Expenses": {"2019-12-31": "", "2018-12-31": "", "2017-12-31": "", "2016-12-31": "", "2015-12-31": "", "2014-12-31": "", "2013-12-31": "", "2012-12-31": "", "2011-12-31": "", "2010-12-31": "", "2009-12-31": "", "2008-12-31": "", "2007-12-31": "", "2006-12-31": "", "2005-12-31": ""}, "SG&A Expenses": {"2019-12-31": "", "2018-12-31": "", "2017-12-31": "", "2016-12-31": "", "2015-12-31": "", "2014-12-31": "", "2013-12-31": "", "2012-12-31": "", "2011-12-31": "", "2010-12-31": "", "2009-12-31": "", "2008-12-31": "", "2007-12-31": "", "2006-12-31": "", "2005-12-31": ""}, "Other Operating Income Or Expenses": {"2019-12-31": "-23.00000", "2018-12-31": "-16.00000", "2017-12-31": "-13.00000", "2016-12-31": "-12.00000", "2015-12-31": "-13.00000", "2014-12-31": "-14.00000", "2013-12-31": "-15.00000", "2012-12-31": "-14.00000", "2011-12-31": "-13.00000", "2010-12-31": "-16.00000", "2009-12-31": "-20.00000", "2008-12-31": "-22.00000", "2007-12-31": "-13.00000", "2006-12-31": "-984.00000", "2005-12-31": "-929.00000"}, "Operating Expenses": {"2019-12-31": "5399.00000", "2018-12-31": "5103.00000", "2017-12-31": "4949.00000", "2016-12-31": "4584.00000", "2015-12-31": "4208.00000", "2014-12-31": "4171.00000", "2013-12-31": "3763.00000", "2012-12-31": "3491.00000", "2011-12-31": "3576.00000", "2010-12-31": "3220.00000", "2009-12-31": "3266.00000", "2008-12-31": "3231.00000", "2007-12-31": "3015.00000", "2006-12-31": "3091.00000", "2005-12-31": "2821.00000"}, "Operating Income": {"2019-12-31": "2525.00000", "2018-12-31": "304.00000", "2017-12-31": "783.00000", "2016-12-31": "865.00000", "2015-12-31": "934.00000", "2014-12-31": "774.00000", "2013-12-31": "768.00000", "2012-12-31": "620.00000", "2011-12-31": "227.00000", "2010-12-31": "552.00000", "2009-12-31": "637.00000", "2008-12-31": "593.00000", "2007-12-31": "1244.00000", "2006-12-31": "1459.00000", "2005-12-31": "946.00000"}, "Total Non-Operating Income/Expense": {"2019-12-31": "-53.00000", "2018-12-31": "-53.00000", "2017-12-31": "-53.00000", "2016-12-31": "-53.00000", "2015-12-31": "-53.00000", "2014-12-31": "-53.00000", "2013-12-31": "-54.00000", "2012-12-31": "-54.00000", "2011-12-31": "-54.00000", "2010-12-31": "-54.00000", "2009-12-31": "-55.00000", "2008-12-31": "-53.00000", "2007-12-31": "-52.00000", "2006-12-31": "-130.00000", "2005-12-31": "-123.00000"}, "Pre-Tax Income": {"2019-12-31": "2472.00000", "2018-12-31": "251.00000", "2017-12-31": "730.00000", "2016-12-31": "812.00000", "2015-12-31": "881.00000", "2014-12-31": "721.00000", "2013-12-31": "714.00000", "2012-12-31": "566.00000", "2011-12-31": "173.00000", "2010-12-31": "498.00000", "2009-12-31": "582.00000", "2008-12-31": "540.00000", "2007-12-31": "1192.00000", "2006-12-31": "1329.00000", "2005-12-31": "823.00000"}, "Income Taxes": {"2019-12-31": "475.00000", "2018-12-31": "-36.00000", "2017-12-31": "-315.00000", "2016-12-31": "221.00000", "2015-12-31": "247.00000", "2014-12-31": "196.00000", "2013-12-31": "197.00000", "2012-12-31": "145.00000", "2011-12-31": "9.00000", "2010-12-31": "123.00000", "2009-12-31": "150.00000", "2008-12-31": "111.00000", "2007-12-31": "337.00000", "2006-12-31": "399.00000", "2005-12-31": "221.00000"}, "Income After Taxes": {"2019-12-31": "1997.00000", "2018-12-31": "287.00000", "2017-12-31": "1045.00000", "2016-12-31": "591.00000", "2015-12-31": "634.00000", "2014-12-31": "525.00000", "2013-12-31": "517.00000", "2012-12-31": "421.00000", "2011-12-31": "164.00000", "2010-12-31": "375.00000", "2009-12-31": "432.00000", "2008-12-31": "429.00000", "2007-12-31": "855.00000", "2006-12-31": "930.00000", "2005-12-31": "602.00000"}, "Other Income": {"2019-12-31": "", "2018-12-31": "", "2017-12-31": "", "2016-12-31": "", "2015-12-31": "", "2014-12-31": "", "2013-12-31": "", "2012-12-31": "", "2011-12-31": "", "2010-12-31": "", "2009-12-31": "", "2008-12-31": "", "2007-12-31": "", "2006-12-31": "", "2005-12-31": ""}, "Income From Continuous Operations": {"2019-12-31": "1997.00000", "2018-12-31": "287.00000", "2017-12-31": "1045.00000", "2016-12-31": "591.00000", "2015-12-31": "634.00000", "2014-12-31": "525.00000", "2013-12-31": "517.00000", "2012-12-31": "421.00000", "2011-12-31": "164.00000", "2010-12-31": "375.00000", "2009-12-31": "432.00000", "2008-12-31": "429.00000", "2007-12-31": "855.00000", "2006-12-31": "930.00000", "2005-12-31": "602.00000"}, "Income From Discontinued Operations": {"2019-12-31": "", "2018-12-31": "", "2017-12-31": "", "2016-12-31": "", "2015-12-31": "", "2014-12-31": "", "2013-12-31": "", "2012-12-31": "", "2011-12-31": "", "2010-12-31": "", "2009-12-31": "", "2008-12-31": "", "2007-12-31": "", "2006-12-31": "", "2005-12-31": ""}, "Net Income": {"2019-12-31": "1997.00000", "2018-12-31": "287.00000", "2017-12-31": "1045.00000", "2016-12-31": "591.00000", "2015-12-31": "634.00000", "2014-12-31": "525.00000", "2013-12-31": "517.00000", "2012-12-31": "421.00000", "2011-12-31": "164.00000", "2010-12-31": "375.00000", "2009-12-31": "432.00000", "2008-12-31": "429.00000", "2007-12-31": "855.00000", "2006-12-31": "930.00000", "2005-12-31": "602.00000"}, "EBITDA": {"2019-12-31": "2597.00000", "2018-12-31": "367.00000", "2017-12-31": "838.00000", "2016-12-31": "913.00000", "2015-12-31": "986.00000", "2014-12-31": "825.00000", "2013-12-31": "818.00000", "2012-12-31": "664.00000", "2011-12-31": "269.00000", "2010-12-31": "593.00000", "2009-12-31": "675.00000", "2008-12-31": "625.00000", "2007-12-31": "1280.00000", "2006-12-31": "1497.00000", "2005-12-31": "979.00000"}, "EBIT": {"2019-12-31": "2525.00000", "2018-12-31": "304.00000", "2017-12-31": "783.00000", "2016-12-31": "865.00000", "2015-12-31": "934.00000", "2014-12-31": "774.00000", "2013-12-31": "768.00000", "2012-12-31": "620.00000", "2011-12-31": "227.00000", "2010-12-31": "552.00000", "2009-12-31": "637.00000", "2008-12-31": "593.00000", "2007-12-31": "1244.00000", "2006-12-31": "1459.00000", "2005-12-31": "946.00000"}, "Basic Shares Outstanding": {"2019-12-31": "163.20000", "2018-12-31": "163.20000", "2017-12-31": "164.20000", "2016-12-31": "164.50000", "2015-12-31": "164.00000", "2014-12-31": "163.50000", "2013-12-31": "163.50000", "2012-12-31": "162.50000", "2011-12-31": "162.70000", "2010-12-31": "162.77800", "2009-12-31": "162.59500", "2008-12-31": "163.15000", "2007-12-31": "170.59500", "2006-12-31": "173.42300", "2005-12-31": "175.06300"}, "Shares Outstanding": {"2019-12-31": "165.10000", "2018-12-31": "164.50000", "2017-12-31": "166.00000", "2016-12-31": "166.50000", "2015-12-31": "165.60000", "2014-12-31": "165.10000", "2013-12-31": "165.40000", "2012-12-31": "163.70000", "2011-12-31": "163.30000", "2010-12-31": "163.27400", "2009-12-31": "162.86700", "2008-12-31": "163.36200", "2007-12-31": "172.16700", "2006-12-31": "175.45100", "2005-12-31": "177.11600"}, "Basic EPS": {"2019-12-31": "12.24000", "2018-12-31": "1.76000", "2017-12-31": "6.36000", "2016-12-31": "3.59000", "2015-12-31": "3.87000", "2014-12-31": "3.21000", "2013-12-31": "3.16000", "2012-12-31": "2.59000", "2011-12-31": "1.01000", "2010-12-31": "2.30000", "2009-12-31": "2.66000", "2008-12-31": "2.63000", "2007-12-31": "5.01000", "2006-12-31": "5.36000", "2005-12-31": "3.44000"}, "EPS - Earnings Per Share": {"2019-12-31": "12.10000", "2018-12-31": "1.75000", "2017-12-31": "6.29000", "2016-12-31": "3.55000", "2015-12-31": "3.83000", "2014-12-31": "3.18000", "2013-12-31": "3.12000", "2012-12-31": "2.57000", "2011-12-31": "1.01000", "2010-12-31": "2.30000", "2009-12-31": "2.65000", "2008-12-31": "2.62000", "2007-12-31": "4.97000", "2006-12-31": "5.30000", "2005-12-31": "3.40000"}}, "income statement, quarterly": {"Revenue": {"2020-09-30": "2227.00000", "2020-06-30": "2714.00000", "2020-03-31": "-99.00000", "2019-12-31": "2152.00000", "2019-09-30": "1700.00000", "2019-06-30": "1913.00000", "2019-03-31": "2159.00000", "2018-12-31": "710.00000", "2018-09-30": "1915.00000", "2018-06-30": "1558.00000", "2018-03-31": "1224.00000", "2017-12-31": "1411.00000", "2017-09-30": "1412.00000", "2017-06-30": "1386.00000", "2017-03-31": "1523.00000", "2016-12-31": "1312.00000", "2016-09-30": "1402.00000", "2016-06-30": "1371.00000", "2016-03-31": "1364.00000", "2015-12-31": "1263.00000", "2015-09-30": "1278.00000", "2015-06-30": "1316.00000", "2015-03-31": "1285.00000", "2014-12-31": "1262.00000", "2014-09-30": "1280.00000", "2014-06-30": "1214.00000", "2014-03-31": "1189.00000", "2013-12-31": "1172.00000", "2013-09-30": "1152.00000", "2013-06-30": "1104.00000", "2013-03-31": "1103.00000", "2012-12-31": "1070.00000", "2012-09-30": "1035.00000", "2012-06-30": "1020.00000", "2012-03-31": "986.00000", "2011-12-31": "955.00000", "2011-09-30": "944.00000", "2011-06-30": "975.00000", "2011-03-31": "929.00000", "2010-12-31": "936.00000", "2010-09-30": "1071.00000", "2010-06-30": "878.00000", "2010-03-31": "887.00000", "2009-12-31": "1132.00000", "2009-09-30": "1007.00000", "2009-06-30": "874.00000", "2009-03-31": "890.00000", "2008-12-31": "1017.00000", "2008-09-30": "1186.00000", "2008-06-30": "917.00000", "2008-03-31": "704.00000", "2007-12-31": "976.00000", "2007-09-30": "982.00000", "2007-06-30": "1270.00000", "2007-03-31": "1031.00000", "2006-12-31": "995.00000", "2006-09-30": "967.00000", "2006-06-30": "981.00000", "2006-03-31": "1607.00000", "2005-12-31": "967.00000", "2005-09-30": "944.00000", "2005-06-30": "940.00000", "2005-03-31": "916.00000"}, "Cost Of Goods Sold": {"2020-09-30": "1595.00000", "2020-06-30": "1550.00000", "2020-03-31": "1459.00000", "2019-12-31": "1352.00000", "2019-09-30": "1387.00000", "2019-06-30": "1366.00000", "2019-03-31": "1271.00000", "2018-12-31": "1272.00000", "2018-09-30": "1280.00000", "2018-06-30": "1278.00000", "2018-03-31": "1257.00000", "2017-12-31": "1198.00000", "2017-09-30": "1267.00000", "2017-06-30": "1241.00000", "2017-03-31": "1230.00000", "2016-12-31": "1168.00000", "2016-09-30": "1133.00000", "2016-06-30": "1187.00000", "2016-03-31": "1084.00000", "2015-12-31": "1031.00000", "2015-09-30": "1018.00000", "2015-06-30": "1052.00000", "2015-03-31": "1094.00000", "2014-12-31": "1009.00000", "2014-09-30": "1005.00000", "2014-06-30": "1091.00000", "2014-03-31": "1052.00000", "2013-12-31": "988.00000", "2013-09-30": "954.00000", "2013-06-30": "938.00000", "2013-03-31": "868.00000", "2012-12-31": "780.00000", "2012-09-30": "867.00000", "2012-06-30": "974.00000", "2012-03-31": "856.00000", "2011-12-31": "756.00000", "2011-09-30": "916.00000", "2011-06-30": "1054.00000", "2011-03-31": "837.00000", "2010-12-31": "746.00000", "2010-09-30": "833.00000", "2010-06-30": "841.00000", "2010-03-31": "784.00000", "2009-12-31": "759.00000", "2009-09-30": "745.00000", "2009-06-30": "906.00000", "2009-03-31": "836.00000", "2008-12-31": "1034.00000", "2008-09-30": "811.00000", "2008-06-30": "834.00000", "2008-03-31": "530.00000", "2007-12-31": "1485.00000", "2007-09-30": "565.00000", "2007-06-30": "483.00000", "2007-03-31": "469.00000", "2006-12-31": "537.00000", "2006-09-30": "544.00000", "2006-06-30": "539.00000", "2006-03-31": "487.00000", "2005-12-31": "445.00000", "2005-09-30": "523.00000", "2005-06-30": "454.00000", "2005-03-31": "470.00000"}, "Gross Profit": {"2020-09-30": "632.00000", "2020-06-30": "1164.00000", "2020-03-31": "-1558.00000", "2019-12-31": "800.00000", "2019-09-30": "313.00000", "2019-06-30": "547.00000", "2019-03-31": "888.00000", "2018-12-31": "-562.00000", "2018-09-30": "635.00000", "2018-06-30": "280.00000", "2018-03-31": "-33.00000", "2017-12-31": "213.00000", "2017-09-30": "145.00000", "2017-06-30": "145.00000", "2017-03-31": "293.00000", "2016-12-31": "144.00000", "2016-09-30": "269.00000", "2016-06-30": "184.00000", "2016-03-31": "280.00000", "2015-12-31": "232.00000", "2015-09-30": "260.00000", "2015-06-30": "264.00000", "2015-03-31": "191.00000", "2014-12-31": "253.00000", "2014-09-30": "275.00000", "2014-06-30": "123.00000", "2014-03-31": "137.00000", "2013-12-31": "184.00000", "2013-09-30": "198.00000", "2013-06-30": "166.00000", "2013-03-31": "235.00000", "2012-12-31": "290.00000", "2012-09-30": "168.00000", "2012-06-30": "46.00000", "2012-03-31": "130.00000", "2011-12-31": "199.00000", "2011-09-30": "28.00000", "2011-06-30": "-79.00000", "2011-03-31": "92.00000", "2010-12-31": "190.00000", "2010-09-30": "238.00000", "2010-06-30": "37.00000", "2010-03-31": "103.00000", "2009-12-31": "373.00000", "2009-09-30": "262.00000", "2009-06-30": "-32.00000", "2009-03-31": "54.00000", "2008-12-31": "-17.00000", "2008-09-30": "375.00000", "2008-06-30": "83.00000", "2008-03-31": "174.00000", "2007-12-31": "-509.00000", "2007-09-30": "417.00000", "2007-06-30": "787.00000", "2007-03-31": "562.00000", "2006-12-31": "458.00000", "2006-09-30": "423.00000", "2006-06-30": "442.00000", "2006-03-31": "1120.00000", "2005-12-31": "522.00000", "2005-09-30": "421.00000", "2005-06-30": "486.00000", "2005-03-31": "446.00000"}, "Research And Development Expenses": {"2020-09-30": "", "2020-06-30": "", "2020-03-31": "", "2019-12-31": "", "2019-09-30": "", "2019-06-30": "", "2019-03-31": "", "2018-12-31": "", "2018-09-30": "", "2018-06-30": "", "2018-03-31": "", "2017-12-31": "", "2017-09-30": "", "2017-06-30": "", "2017-03-31": "", "2016-12-31": "", "2016-09-30": "", "2016-06-30": "", "2016-03-31": "", "2015-12-31": "", "2015-09-30": "", "2015-06-30": "", "2015-03-31": "", "2014-12-31": "", "2014-09-30": "", "2014-06-30": "", "2014-03-31": "", "2013-12-31": "", "2013-09-30": "", "2013-06-30": "", "2013-03-31": "", "2012-12-31": "", "2012-09-30": "", "2012-06-30": "", "2012-03-31": "", "2011-12-31": "", "2011-09-30": "", "2011-06-30": "", "2011-03-31": "", "2010-12-31": "", "2010-09-30": "", "2010-06-30": "", "2010-03-31": "", "2009-12-31": "", "2009-09-30": "", "2009-06-30": "", "2009-03-31": "", "2008-12-31": "", "2008-09-30": "", "2008-06-30": "", "2008-03-31": "", "2007-12-31": "", "2007-09-30": "", "2007-06-30": "", "2007-03-31": "", "2006-12-31": "", "2006-09-30": "", "2006-06-30": "", "2006-03-31": "", "2005-12-31": "", "2005-09-30": "", "2005-06-30": "", "2005-03-31": ""}, "SG&A Expenses": {"2020-09-30": "", "2020-06-30": "", "2020-03-31": "", "2019-12-31": "", "2019-09-30": "", "2019-06-30": "", "2019-03-31": "", "2018-12-31": "", "2018-09-30": "", "2018-06-30": "", "2018-03-31": "", "2017-12-31": "", "2017-09-30": "", "2017-06-30": "", "2017-03-31": "", "2016-12-31": "", "2016-09-30": "", "2016-06-30": "", "2016-03-31": "", "2015-12-31": "", "2015-09-30": "", "2015-06-30": "", "2015-03-31": "", "2014-12-31": "", "2014-09-30": "", "2014-06-30": "", "2014-03-31": "", "2013-12-31": "", "2013-09-30": "", "2013-06-30": "", "2013-03-31": "", "2012-12-31": "", "2012-09-30": "", "2012-06-30": "", "2012-03-31": "", "2011-12-31": "", "2011-09-30": "", "2011-06-30": "", "2011-03-31": "", "2010-12-31": "", "2010-09-30": "", "2010-06-30": "", "2010-03-31": "", "2009-12-31": "", "2009-09-30": "", "2009-06-30": "", "2009-03-31": "", "2008-12-31": "", "2008-09-30": "", "2008-06-30": "", "2008-03-31": "", "2007-12-31": "", "2007-09-30": "", "2007-06-30": "", "2007-03-31": "", "2006-12-31": "", "2006-09-30": "", "2006-06-30": "", "2006-03-31": "", "2005-12-31": "", "2005-09-30": "", "2005-06-30": "", "2005-03-31": ""}, "Other Operating Income Or Expenses": {"2020-09-30": "-5.00000", "2020-06-30": "-5.00000", "2020-03-31": "-5.00000", "2019-12-31": "-6.00000", "2019-09-30": "-5.00000", "2019-06-30": "-4.00000", "2019-03-31": "-8.00000", "2018-12-31": "-6.00000", "2018-09-30": "-3.00000", "2018-06-30": "-3.00000", "2018-03-31": "-4.00000", "2017-12-31": "-2.00000", "2017-09-30": "-3.00000", "2017-06-30": "-4.00000", "2017-03-31": "-4.00000", "2016-12-31": "-2.00000", "2016-09-30": "-3.00000", "2016-06-30": "-5.00000", "2016-03-31": "-2.00000", "2015-12-31": "-3.00000", "2015-09-30": "-3.00000", "2015-06-30": "-3.00000", "2015-03-31": "-4.00000", "2014-12-31": "-4.00000", "2014-09-30": "-3.00000", "2014-06-30": "-3.00000", "2014-03-31": "-4.00000", "2013-12-31": "-3.00000", "2013-09-30": "-3.00000", "2013-06-30": "-4.00000", "2013-03-31": "-5.00000", "2012-12-31": "-4.00000", "2012-09-30": "-2.00000", "2012-06-30": "-4.00000", "2012-03-31": "-4.00000", "2011-12-31": "1.00000", "2011-09-30": "-4.00000", "2011-06-30": "-6.00000", "2011-03-31": "-4.00000", "2010-12-31": "-5.00000", "2010-09-30": "-4.00000", "2010-06-30": "-3.00000", "2010-03-31": "-4.00000", "2009-12-31": "-6.00000", "2009-09-30": "-4.00000", "2009-06-30": "-4.00000", "2009-03-31": "-6.00000", "2008-12-31": "230.00000", "2008-09-30": "-5.00000", "2008-06-30": "-6.00000", "2008-03-31": "-241.00000", "2007-12-31": "718.00000", "2007-09-30": "-226.00000", "2007-06-30": "-247.00000", "2007-03-31": "-258.00000", "2006-12-31": "-252.00000", "2006-09-30": "-243.00000", "2006-06-30": "-240.00000", "2006-03-31": "-249.00000", "2005-12-31": "-228.00000", "2005-09-30": "-240.00000", "2005-06-30": "-240.00000", "2005-03-31": "-221.00000"}, "Operating Expenses": {"2020-09-30": "1600.00000", "2020-06-30": "1555.00000", "2020-03-31": "1464.00000", "2019-12-31": "1358.00000", "2019-09-30": "1392.00000", "2019-06-30": "1370.00000", "2019-03-31": "1279.00000", "2018-12-31": "1278.00000", "2018-09-30": "1283.00000", "2018-06-30": "1281.00000", "2018-03-31": "1261.00000", "2017-12-31": "1200.00000", "2017-09-30": "1270.00000", "2017-06-30": "1245.00000", "2017-03-31": "1234.00000", "2016-12-31": "1170.00000", "2016-09-30": "1136.00000", "2016-06-30": "1192.00000", "2016-03-31": "1086.00000", "2015-12-31": "1034.00000", "2015-09-30": "1021.00000", "2015-06-30": "1055.00000", "2015-03-31": "1098.00000", "2014-12-31": "1013.00000", "2014-09-30": "1008.00000", "2014-06-30": "1094.00000", "2014-03-31": "1056.00000", "2013-12-31": "991.00000", "2013-09-30": "957.00000", "2013-06-30": "942.00000", "2013-03-31": "873.00000", "2012-12-31": "784.00000", "2012-09-30": "869.00000", "2012-06-30": "978.00000", "2012-03-31": "860.00000", "2011-12-31": "755.00000", "2011-09-30": "920.00000", "2011-06-30": "1060.00000", "2011-03-31": "841.00000", "2010-12-31": "751.00000", "2010-09-30": "837.00000", "2010-06-30": "844.00000", "2010-03-31": "788.00000", "2009-12-31": "765.00000", "2009-09-30": "749.00000", "2009-06-30": "910.00000", "2009-03-31": "842.00000", "2008-12-31": "804.00000", "2008-09-30": "816.00000", "2008-06-30": "840.00000", "2008-03-31": "771.00000", "2007-12-31": "767.00000", "2007-09-30": "791.00000", "2007-06-30": "730.00000", "2007-03-31": "727.00000", "2006-12-31": "789.00000", "2006-09-30": "787.00000", "2006-06-30": "779.00000", "2006-03-31": "736.00000", "2005-12-31": "673.00000", "2005-09-30": "763.00000", "2005-06-30": "694.00000", "2005-03-31": "691.00000"}, "Operating Income": {"2020-09-30": "627.00000", "2020-06-30": "1159.00000", "2020-03-31": "-1563.00000", "2019-12-31": "794.00000", "2019-09-30": "308.00000", "2019-06-30": "543.00000", "2019-03-31": "880.00000", "2018-12-31": "-568.00000", "2018-09-30": "632.00000", "2018-06-30": "277.00000", "2018-03-31": "-37.00000", "2017-12-31": "211.00000", "2017-09-30": "142.00000", "2017-06-30": "141.00000", "2017-03-31": "289.00000", "2016-12-31": "142.00000", "2016-09-30": "266.00000", "2016-06-30": "179.00000", "2016-03-31": "278.00000", "2015-12-31": "229.00000", "2015-09-30": "257.00000", "2015-06-30": "261.00000", "2015-03-31": "187.00000", "2014-12-31": "249.00000", "2014-09-30": "272.00000", "2014-06-30": "120.00000", "2014-03-31": "133.00000", "2013-12-31": "181.00000", "2013-09-30": "195.00000", "2013-06-30": "162.00000", "2013-03-31": "230.00000", "2012-12-31": "286.00000", "2012-09-30": "166.00000", "2012-06-30": "42.00000", "2012-03-31": "126.00000", "2011-12-31": "200.00000", "2011-09-30": "24.00000", "2011-06-30": "-85.00000", "2011-03-31": "88.00000", "2010-12-31": "185.00000", "2010-09-30": "234.00000", "2010-06-30": "34.00000", "2010-03-31": "99.00000", "2009-12-31": "367.00000", "2009-09-30": "258.00000", "2009-06-30": "-36.00000", "2009-03-31": "48.00000", "2008-12-31": "213.00000", "2008-09-30": "370.00000", "2008-06-30": "77.00000", "2008-03-31": "-67.00000", "2007-12-31": "209.00000", "2007-09-30": "191.00000", "2007-06-30": "540.00000", "2007-03-31": "304.00000", "2006-12-31": "206.00000", "2006-09-30": "180.00000", "2006-06-30": "202.00000", "2006-03-31": "871.00000", "2005-12-31": "294.00000", "2005-09-30": "181.00000", "2005-06-30": "246.00000", "2005-03-31": "225.00000"}, "Total Non-Operating Income/Expense": {"2020-09-30": "-13.00000", "2020-06-30": "-14.00000", "2020-03-31": "-13.00000", "2019-12-31": "-13.00000", "2019-09-30": "-14.00000", "2019-06-30": "-13.00000", "2019-03-31": "-13.00000", "2018-12-31": "-13.00000", "2018-09-30": "-14.00000", "2018-06-30": "-13.00000", "2018-03-31": "-13.00000", "2017-12-31": "-14.00000", "2017-09-30": "-13.00000", "2017-06-30": "-13.00000", "2017-03-31": "-13.00000", "2016-12-31": "-14.00000", "2016-09-30": "-13.00000", "2016-06-30": "-13.00000", "2016-03-31": "-13.00000", "2015-12-31": "-13.00000", "2015-09-30": "-14.00000", "2015-06-30": "-13.00000", "2015-03-31": "-13.00000", "2014-12-31": "-13.00000", "2014-09-30": "-13.00000", "2014-06-30": "-13.00000", "2014-03-31": "-14.00000", "2013-12-31": "-14.00000", "2013-09-30": "-13.00000", "2013-06-30": "-14.00000", "2013-03-31": "-13.00000", "2012-12-31": "-13.00000", "2012-09-30": "-14.00000", "2012-06-30": "-13.00000", "2012-03-31": "-14.00000", "2011-12-31": "-14.00000", "2011-09-30": "-13.00000", "2011-06-30": "-14.00000", "2011-03-31": "-13.00000", "2010-12-31": "-14.00000", "2010-09-30": "-13.00000", "2010-06-30": "-13.00000", "2010-03-31": "-14.00000", "2009-12-31": "-13.00000", "2009-09-30": "-14.00000", "2009-06-30": "-14.00000", "2009-03-31": "-14.00000", "2008-12-31": "7.00000", "2008-09-30": "-14.00000", "2008-06-30": "-13.00000", "2008-03-31": "-33.00000", "2007-12-31": "44.00000", "2007-09-30": "-31.00000", "2007-06-30": "-32.00000", "2007-03-31": "-33.00000", "2006-12-31": "-34.00000", "2006-09-30": "-32.00000", "2006-06-30": "-27.00000", "2006-03-31": "-37.00000", "2005-12-31": "-32.00000", "2005-09-30": "-30.00000", "2005-06-30": "-31.00000", "2005-03-31": "-30.00000"}, "Pre-Tax Income": {"2020-09-30": "614.00000", "2020-06-30": "1145.00000", "2020-03-31": "-1576.00000", "2019-12-31": "781.00000", "2019-09-30": "294.00000", "2019-06-30": "530.00000", "2019-03-31": "867.00000", "2018-12-31": "-581.00000", "2018-09-30": "618.00000", "2018-06-30": "264.00000", "2018-03-31": "-50.00000", "2017-12-31": "197.00000", "2017-09-30": "129.00000", "2017-06-30": "128.00000", "2017-03-31": "276.00000", "2016-12-31": "128.00000", "2016-09-30": "253.00000", "2016-06-30": "166.00000", "2016-03-31": "265.00000", "2015-12-31": "216.00000", "2015-09-30": "243.00000", "2015-06-30": "248.00000", "2015-03-31": "174.00000", "2014-12-31": "236.00000", "2014-09-30": "259.00000", "2014-06-30": "107.00000", "2014-03-31": "119.00000", "2013-12-31": "167.00000", "2013-09-30": "182.00000", "2013-06-30": "148.00000", "2013-03-31": "217.00000", "2012-12-31": "273.00000", "2012-09-30": "152.00000", "2012-06-30": "29.00000", "2012-03-31": "112.00000", "2011-12-31": "186.00000", "2011-09-30": "11.00000", "2011-06-30": "-99.00000", "2011-03-31": "75.00000", "2010-12-31": "171.00000", "2010-09-30": "221.00000", "2010-06-30": "21.00000", "2010-03-31": "85.00000", "2009-12-31": "354.00000", "2009-09-30": "244.00000", "2009-06-30": "-50.00000", "2009-03-31": "34.00000", "2008-12-31": "220.00000", "2008-09-30": "356.00000", "2008-06-30": "64.00000", "2008-03-31": "-100.00000", "2007-12-31": "253.00000", "2007-09-30": "160.00000", "2007-06-30": "508.00000", "2007-03-31": "271.00000", "2006-12-31": "172.00000", "2006-09-30": "148.00000", "2006-06-30": "175.00000", "2006-03-31": "834.00000", "2005-12-31": "262.00000", "2005-09-30": "151.00000", "2005-06-30": "215.00000", "2005-03-31": "195.00000"}, "Income Taxes": {"2020-09-30": "130.00000", "2020-06-30": "236.00000", "2020-03-31": "-350.00000", "2019-12-31": "155.00000", "2019-09-30": "46.00000", "2019-06-30": "102.00000", "2019-03-31": "172.00000", "2018-12-31": "-129.00000", "2018-09-30": "65.00000", "2018-06-30": "47.00000", "2018-03-31": "-19.00000", "2017-12-31": "-445.00000", "2017-09-30": "27.00000", "2017-06-30": "28.00000", "2017-03-31": "75.00000", "2016-12-31": "28.00000", "2016-09-30": "73.00000", "2016-06-30": "43.00000", "2016-03-31": "77.00000", "2015-12-31": "60.00000", "2015-09-30": "69.00000", "2015-06-30": "72.00000", "2015-03-31": "46.00000", "2014-12-31": "69.00000", "2014-09-30": "76.00000", "2014-06-30": "23.00000", "2014-03-31": "28.00000", "2013-12-31": "45.00000", "2013-09-30": "51.00000", "2013-06-30": "38.00000", "2013-03-31": "63.00000", "2012-12-31": "81.00000", "2012-09-30": "41.00000", "2012-06-30": "-3.00000", "2012-03-31": "26.00000", "2011-12-31": "52.00000", "2011-09-30": "-8.00000", "2011-06-30": "-49.00000", "2011-03-31": "14.00000", "2010-12-31": "47.00000", "2010-09-30": "65.00000", "2010-06-30": "-6.00000", "2010-03-31": "17.00000", "2009-12-31": "109.00000", "2009-09-30": "73.00000", "2009-06-30": "-31.00000", "2009-03-31": "-1.00000", "2008-12-31": "59.00000", "2008-09-30": "109.00000", "2008-06-30": "1.00000", "2008-03-31": "-58.00000", "2007-12-31": "67.00000", "2007-09-30": "36.00000", "2007-06-30": "157.00000", "2007-03-31": "77.00000", "2006-12-31": "41.00000", "2006-09-30": "33.00000", "2006-06-30": "43.00000", "2006-03-31": "282.00000", "2005-12-31": "79.00000", "2005-09-30": "34.00000", "2005-06-30": "57.00000", "2005-03-31": "51.00000"}, "Income After Taxes": {"2020-09-30": "484.00000", "2020-06-30": "909.00000", "2020-03-31": "-1226.00000", "2019-12-31": "626.00000", "2019-09-30": "248.00000", "2019-06-30": "428.00000", "2019-03-31": "695.00000", "2018-12-31": "-452.00000", "2018-09-30": "553.00000", "2018-06-30": "217.00000", "2018-03-31": "-31.00000", "2017-12-31": "642.00000", "2017-09-30": "102.00000", "2017-06-30": "100.00000", "2017-03-31": "201.00000", "2016-12-31": "100.00000", "2016-09-30": "180.00000", "2016-06-30": "123.00000", "2016-03-31": "188.00000", "2015-12-31": "156.00000", "2015-09-30": "174.00000", "2015-06-30": "176.00000", "2015-03-31": "128.00000", "2014-12-31": "167.00000", "2014-09-30": "183.00000", "2014-06-30": "84.00000", "2014-03-31": "91.00000", "2013-12-31": "122.00000", "2013-09-30": "131.00000", "2013-06-30": "110.00000", "2013-03-31": "154.00000", "2012-12-31": "192.00000", "2012-09-30": "111.00000", "2012-06-30": "32.00000", "2012-03-31": "86.00000", "2011-12-31": "134.00000", "2011-09-30": "19.00000", "2011-06-30": "-50.00000", "2011-03-31": "61.00000", "2010-12-31": "124.00000", "2010-09-30": "156.00000", "2010-06-30": "27.00000", "2010-03-31": "68.00000", "2009-12-31": "245.00000", "2009-09-30": "171.00000", "2009-06-30": "-19.00000", "2009-03-31": "35.00000", "2008-12-31": "161.00000", "2008-09-30": "247.00000", "2008-06-30": "63.00000", "2008-03-31": "-42.00000", "2007-12-31": "186.00000", "2007-09-30": "124.00000", "2007-06-30": "351.00000", "2007-03-31": "194.00000", "2006-12-31": "131.00000", "2006-09-30": "115.00000", "2006-06-30": "132.00000", "2006-03-31": "552.00000", "2005-12-31": "183.00000", "2005-09-30": "117.00000", "2005-06-30": "158.00000", "2005-03-31": "144.00000"}, "Other Income": {"2020-09-30": "", "2020-06-30": "", "2020-03-31": "", "2019-12-31": "", "2019-09-30": "", "2019-06-30": "", "2019-03-31": "", "2018-12-31": "", "2018-09-30": "", "2018-06-30": "", "2018-03-31": "", "2017-12-31": "", "2017-09-30": "", "2017-06-30": "", "2017-03-31": "", "2016-12-31": "", "2016-09-30": "", "2016-06-30": "", "2016-03-31": "", "2015-12-31": "", "2015-09-30": "", "2015-06-30": "", "2015-03-31": "", "2014-12-31": "", "2014-09-30": "", "2014-06-30": "", "2014-03-31": "", "2013-12-31": "", "2013-09-30": "", "2013-06-30": "", "2013-03-31": "", "2012-12-31": "", "2012-09-30": "", "2012-06-30": "", "2012-03-31": "", "2011-12-31": "", "2011-09-30": "", "2011-06-30": "", "2011-03-31": "", "2010-12-31": "", "2010-09-30": "", "2010-06-30": "", "2010-03-31": "", "2009-12-31": "", "2009-09-30": "", "2009-06-30": "", "2009-03-31": "", "2008-12-31": "", "2008-09-30": "", "2008-06-30": "", "2008-03-31": "", "2007-12-31": "", "2007-09-30": "", "2007-06-30": "", "2007-03-31": "", "2006-12-31": "", "2006-09-30": "", "2006-06-30": "", "2006-03-31": "", "2005-12-31": "", "2005-09-30": "", "2005-06-30": "", "2005-03-31": ""}, "Income From Continuous Operations": {"2020-09-30": "484.00000", "2020-06-30": "909.00000", "2020-03-31": "-1226.00000", "2019-12-31": "626.00000", "2019-09-30": "248.00000", "2019-06-30": "428.00000", "2019-03-31": "695.00000", "2018-12-31": "-452.00000", "2018-09-30": "553.00000", "2018-06-30": "217.00000", "2018-03-31": "-31.00000", "2017-12-31": "642.00000", "2017-09-30": "102.00000", "2017-06-30": "100.00000", "2017-03-31": "201.00000", "2016-12-31": "100.00000", "2016-09-30": "180.00000", "2016-06-30": "123.00000", "2016-03-31": "188.00000", "2015-12-31": "156.00000", "2015-09-30": "174.00000", "2015-06-30": "176.00000", "2015-03-31": "128.00000", "2014-12-31": "167.00000", "2014-09-30": "183.00000", "2014-06-30": "84.00000", "2014-03-31": "91.00000", "2013-12-31": "122.00000", "2013-09-30": "131.00000", "2013-06-30": "110.00000", "2013-03-31": "154.00000", "2012-12-31": "192.00000", "2012-09-30": "111.00000", "2012-06-30": "32.00000", "2012-03-31": "86.00000", "2011-12-31": "134.00000", "2011-09-30": "19.00000", "2011-06-30": "-50.00000", "2011-03-31": "61.00000", "2010-12-31": "124.00000", "2010-09-30": "156.00000", "2010-06-30": "27.00000", "2010-03-31": "68.00000", "2009-12-31": "245.00000", "2009-09-30": "171.00000", "2009-06-30": "-19.00000", "2009-03-31": "35.00000", "2008-12-31": "161.00000", "2008-09-30": "247.00000", "2008-06-30": "63.00000", "2008-03-31": "-42.00000", "2007-12-31": "186.00000", "2007-09-30": "124.00000", "2007-06-30": "351.00000", "2007-03-31": "194.00000", "2006-12-31": "131.00000", "2006-09-30": "115.00000", "2006-06-30": "132.00000", "2006-03-31": "552.00000", "2005-12-31": "183.00000", "2005-09-30": "117.00000", "2005-06-30": "158.00000", "2005-03-31": "144.00000"}, "Income From Discontinued Operations": {"2020-09-30": "", "2020-06-30": "", "2020-03-31": "", "2019-12-31": "", "2019-09-30": "", "2019-06-30": "", "2019-03-31": "", "2018-12-31": "", "2018-09-30": "", "2018-06-30": "", "2018-03-31": "", "2017-12-31": "", "2017-09-30": "", "2017-06-30": "", "2017-03-31": "", "2016-12-31": "", "2016-09-30": "", "2016-06-30": "", "2016-03-31": "", "2015-12-31": "", "2015-09-30": "", "2015-06-30": "", "2015-03-31": "", "2014-12-31": "", "2014-09-30": "", "2014-06-30": "", "2014-03-31": "", "2013-12-31": "", "2013-09-30": "", "2013-06-30": "", "2013-03-31": "", "2012-12-31": "", "2012-09-30": "", "2012-06-30": "", "2012-03-31": "", "2011-12-31": "", "2011-09-30": "", "2011-06-30": "", "2011-03-31": "", "2010-12-31": "", "2010-09-30": "", "2010-06-30": "", "2010-03-31": "", "2009-12-31": "", "2009-09-30": "", "2009-06-30": "", "2009-03-31": "", "2008-12-31": "", "2008-09-30": "", "2008-06-30": "", "2008-03-31": "", "2007-12-31": "", "2007-09-30": "", "2007-06-30": "", "2007-03-31": "", "2006-12-31": "", "2006-09-30": "", "2006-06-30": "", "2006-03-31": "", "2005-12-31": "", "2005-09-30": "", "2005-06-30": "", "2005-03-31": ""}, "Net Income": {"2020-09-30": "484.00000", "2020-06-30": "909.00000", "2020-03-31": "-1226.00000", "2019-12-31": "626.00000", "2019-09-30": "248.00000", "2019-06-30": "428.00000", "2019-03-31": "695.00000", "2018-12-31": "-452.00000", "2018-09-30": "553.00000", "2018-06-30": "217.00000", "2018-03-31": "-31.00000", "2017-12-31": "642.00000", "2017-09-30": "102.00000", "2017-06-30": "100.00000", "2017-03-31": "201.00000", "2016-12-31": "100.00000", "2016-09-30": "180.00000", "2016-06-30": "123.00000", "2016-03-31": "188.00000", "2015-12-31": "156.00000", "2015-09-30": "174.00000", "2015-06-30": "176.00000", "2015-03-31": "128.00000", "2014-12-31": "167.00000", "2014-09-30": "183.00000", "2014-06-30": "84.00000", "2014-03-31": "91.00000", "2013-12-31": "122.00000", "2013-09-30": "131.00000", "2013-06-30": "110.00000", "2013-03-31": "154.00000", "2012-12-31": "192.00000", "2012-09-30": "111.00000", "2012-06-30": "32.00000", "2012-03-31": "86.00000", "2011-12-31": "134.00000", "2011-09-30": "19.00000", "2011-06-30": "-50.00000", "2011-03-31": "61.00000", "2010-12-31": "124.00000", "2010-09-30": "156.00000", "2010-06-30": "27.00000", "2010-03-31": "68.00000", "2009-12-31": "245.00000", "2009-09-30": "171.00000", "2009-06-30": "-19.00000", "2009-03-31": "35.00000", "2008-12-31": "161.00000", "2008-09-30": "247.00000", "2008-06-30": "63.00000", "2008-03-31": "-42.00000", "2007-12-31": "186.00000", "2007-09-30": "124.00000", "2007-06-30": "351.00000", "2007-03-31": "194.00000", "2006-12-31": "131.00000", "2006-09-30": "115.00000", "2006-06-30": "132.00000", "2006-03-31": "552.00000", "2005-12-31": "183.00000", "2005-09-30": "117.00000", "2005-06-30": "158.00000", "2005-03-31": "144.00000"}, "EBITDA": {"2020-09-30": "647.00000", "2020-06-30": "1179.00000", "2020-03-31": "-1541.00000", "2019-12-31": "812.00000", "2019-09-30": "326.00000", "2019-06-30": "560.00000", "2019-03-31": "899.00000", "2018-12-31": "-553.00000", "2018-09-30": "648.00000", "2018-06-30": "291.00000", "2018-03-31": "-19.00000", "2017-12-31": "226.00000", "2017-09-30": "155.00000", "2017-06-30": "154.00000", "2017-03-31": "303.00000", "2016-12-31": "156.00000", "2016-09-30": "276.00000", "2016-06-30": "191.00000", "2016-03-31": "290.00000", "2015-12-31": "242.00000", "2015-09-30": "269.00000", "2015-06-30": "274.00000", "2015-03-31": "201.00000", "2014-12-31": "262.00000", "2014-09-30": "285.00000", "2014-06-30": "132.00000", "2014-03-31": "146.00000", "2013-12-31": "201.00000", "2013-09-30": "205.00000", "2013-06-30": "173.00000", "2013-03-31": "239.00000", "2012-12-31": "298.00000", "2012-09-30": "176.00000", "2012-06-30": "53.00000", "2012-03-31": "137.00000", "2011-12-31": "204.00000", "2011-09-30": "39.00000", "2011-06-30": "-73.00000", "2011-03-31": "99.00000", "2010-12-31": "196.00000", "2010-09-30": "247.00000", "2010-06-30": "41.00000", "2010-03-31": "109.00000", "2009-12-31": "384.00000", "2009-09-30": "265.00000", "2009-06-30": "-30.00000", "2009-03-31": "56.00000", "2008-12-31": "218.00000", "2008-09-30": "378.00000", "2008-06-30": "88.00000", "2008-03-31": "-59.00000", "2007-12-31": "219.00000", "2007-09-30": "201.00000", "2007-06-30": "549.00000", "2007-03-31": "311.00000", "2006-12-31": "218.00000", "2006-09-30": "190.00000", "2006-06-30": "210.00000", "2006-03-31": "879.00000", "2005-12-31": "305.00000", "2005-09-30": "189.00000", "2005-06-30": "253.00000", "2005-03-31": "232.00000"}, "EBIT": {"2020-09-30": "627.00000", "2020-06-30": "1159.00000", "2020-03-31": "-1563.00000", "2019-12-31": "794.00000", "2019-09-30": "308.00000", "2019-06-30": "543.00000", "2019-03-31": "880.00000", "2018-12-31": "-568.00000", "2018-09-30": "632.00000", "2018-06-30": "277.00000", "2018-03-31": "-37.00000", "2017-12-31": "211.00000", "2017-09-30": "142.00000", "2017-06-30": "141.00000", "2017-03-31": "289.00000", "2016-12-31": "142.00000", "2016-09-30": "266.00000", "2016-06-30": "179.00000", "2016-03-31": "278.00000", "2015-12-31": "229.00000", "2015-09-30": "257.00000", "2015-06-30": "261.00000", "2015-03-31": "187.00000", "2014-12-31": "249.00000", "2014-09-30": "272.00000", "2014-06-30": "120.00000", "2014-03-31": "133.00000", "2013-12-31": "181.00000", "2013-09-30": "195.00000", "2013-06-30": "162.00000", "2013-03-31": "230.00000", "2012-12-31": "286.00000", "2012-09-30": "166.00000", "2012-06-30": "42.00000", "2012-03-31": "126.00000", "2011-12-31": "200.00000", "2011-09-30": "24.00000", "2011-06-30": "-85.00000", "2011-03-31": "88.00000", "2010-12-31": "185.00000", "2010-09-30": "234.00000", "2010-06-30": "34.00000", "2010-03-31": "99.00000", "2009-12-31": "367.00000", "2009-09-30": "258.00000", "2009-06-30": "-36.00000", "2009-03-31": "48.00000", "2008-12-31": "213.00000", "2008-09-30": "370.00000", "2008-06-30": "77.00000", "2008-03-31": "-67.00000", "2007-12-31": "209.00000", "2007-09-30": "191.00000", "2007-06-30": "540.00000", "2007-03-31": "304.00000", "2006-12-31": "206.00000", "2006-09-30": "180.00000", "2006-06-30": "202.00000", "2006-03-31": "871.00000", "2005-12-31": "294.00000", "2005-09-30": "181.00000", "2005-06-30": "246.00000", "2005-03-31": "225.00000"}, "Basic Shares Outstanding": {"2020-09-30": "160.90000", "2020-06-30": "160.80000", "2020-03-31": "162.20000", "2019-12-31": "163.20000", "2019-09-30": "163.30000", "2019-06-30": "163.30000", "2019-03-31": "163.00000", "2018-12-31": "163.20000", "2018-09-30": "162.70000", "2018-06-30": "163.20000", "2018-03-31": "164.00000", "2017-12-31": "164.20000", "2017-09-30": "164.00000", "2017-06-30": "164.30000", "2017-03-31": "164.60000", "2016-12-31": "164.50000", "2016-09-30": "164.60000", "2016-06-30": "164.50000", "2016-03-31": "164.20000", "2015-12-31": "164.00000", "2015-09-30": "164.00000", "2015-06-30": "164.10000", "2015-03-31": "164.00000", "2014-12-31": "163.50000", "2014-09-30": "163.50000", "2014-06-30": "163.50000", "2014-03-31": "163.40000", "2013-12-31": "163.50000", "2013-09-30": "163.70000", "2013-06-30": "163.50000", "2013-03-31": "163.10000", "2012-12-31": "162.50000", "2012-09-30": "162.55500", "2012-06-30": "162.42500", "2012-03-31": "162.27700", "2011-12-31": "162.70000", "2011-09-30": "162.53800", "2011-06-30": "163.06900", "2011-03-31": "162.94000", "2010-12-31": "162.77800", "2010-09-30": "163.17600", "2010-06-30": "163.28400", "2010-03-31": "163.31000", "2009-12-31": "162.59500", "2009-09-30": "162.90100", "2009-06-30": "162.55600", "2009-03-31": "162.66400", "2008-12-31": "163.15000", "2008-09-30": "164.24200", "2008-06-30": "165.04400", "2008-03-31": "161.10500", "2007-12-31": "170.59500", "2007-09-30": "172.39900", "2007-06-30": "173.42400", "2007-03-31": "174.27400", "2006-12-31": "173.42300", "2006-09-30": "175.26000", "2006-06-30": "175.02200", "2006-03-31": "176.12700", "2005-12-31": "175.06300", "2005-09-30": "176.80600", "2005-06-30": "177.09700", "2005-03-31": "177.85700"}, "Shares Outstanding": {"2020-09-30": "162.00000", "2020-06-30": "161.50000", "2020-03-31": "162.20000", "2019-12-31": "165.10000", "2019-09-30": "165.60000", "2019-06-30": "165.20000", "2019-03-31": "164.60000", "2018-12-31": "164.50000", "2018-09-30": "164.00000", "2018-06-30": "164.50000", "2018-03-31": "164.00000", "2017-12-31": "166.00000", "2017-09-30": "165.90000", "2017-06-30": "166.00000", "2017-03-31": "166.50000", "2016-12-31": "166.50000", "2016-09-30": "166.80000", "2016-06-30": "166.50000", "2016-03-31": "166.00000", "2015-12-31": "165.60000", "2015-09-30": "165.50000", "2015-06-30": "165.50000", "2015-03-31": "165.60000", "2014-12-31": "165.10000", "2014-09-30": "165.00000", "2014-06-30": "165.10000", "2014-03-31": "165.00000", "2013-12-31": "165.40000", "2013-09-30": "165.60000", "2013-06-30": "165.40000", "2013-03-31": "164.90000", "2012-12-31": "163.70000", "2012-09-30": "163.85700", "2012-06-30": "163.51400", "2012-03-31": "163.14500", "2011-12-31": "163.30000", "2011-09-30": "163.08600", "2011-06-30": "163.06900", "2011-03-31": "163.67000", "2010-12-31": "163.27400", "2010-09-30": "163.17600", "2010-06-30": "163.28400", "2010-03-31": "163.31000", "2009-12-31": "162.86700", "2009-09-30": "162.90100", "2009-06-30": "162.55600", "2009-03-31": "162.66400", "2008-12-31": "163.36200", "2008-09-30": "164.24200", "2008-06-30": "165.04400", "2008-03-31": "161.10500", "2007-12-31": "172.16700", "2007-09-30": "172.39900", "2007-06-30": "173.42400", "2007-03-31": "174.27400", "2006-12-31": "175.45100", "2006-09-30": "175.26000", "2006-06-30": "175.02200", "2006-03-31": "176.12700", "2005-12-31": "177.11600", "2005-09-30": "176.80600", "2005-06-30": "177.09700", "2005-03-31": "177.85700"}, "Basic EPS": {"2020-09-30": "3.01000", "2020-06-30": "5.65000", "2020-03-31": "-7.56000", "2019-12-31": "3.84000", "2019-09-30": "1.51000", "2019-06-30": "2.62000", "2019-03-31": "4.27000", "2018-12-31": "-2.78000", "2018-09-30": "3.40000", "2018-06-30": "1.33000", "2018-03-31": "-0.19000", "2017-12-31": "3.91000", "2017-09-30": "0.62000", "2017-06-30": "0.61000", "2017-03-31": "1.22000", "2016-12-31": "0.61000", "2016-09-30": "1.09000", "2016-06-30": "0.75000", "2016-03-31": "1.14000", "2015-12-31": "0.96000", "2015-09-30": "1.06000", "2015-06-30": "1.07000", "2015-03-31": "0.78000", "2014-12-31": "1.02000", "2014-09-30": "1.12000", "2014-06-30": "0.51000", "2014-03-31": "0.56000", "2013-12-31": "0.74000", "2013-09-30": "0.80000", "2013-06-30": "0.67000", "2013-03-31": "0.95000", "2012-12-31": "1.17000", "2012-09-30": "0.69000", "2012-06-30": "0.20000", "2012-03-31": "0.53000", "2011-12-31": "0.82000", "2011-09-30": "0.12000", "2011-06-30": "-0.31000", "2011-03-31": "0.38000", "2010-12-31": "0.76000", "2010-09-30": "0.95000", "2010-06-30": "0.17000", "2010-03-31": "0.42000", "2009-12-31": "1.51000", "2009-09-30": "1.05000", "2009-06-30": "-0.12000", "2009-03-31": "0.22000", "2008-12-31": "1.00000", "2008-09-30": "1.51000", "2008-06-30": "0.38000", "2008-03-31": "-0.26000", "2007-12-31": "1.13000", "2007-09-30": "0.72000", "2007-06-30": "2.04000", "2007-03-31": "1.12000", "2006-12-31": "0.75000", "2006-09-30": "0.67000", "2006-06-30": "0.77000", "2006-03-31": "3.17000", "2005-12-31": "1.05000", "2005-09-30": "0.67000", "2005-06-30": "0.90000", "2005-03-31": "0.82000"}, "EPS - Earnings Per Share": {"2020-09-30": "2.99000", "2020-06-30": "5.63000", "2020-03-31": "-7.56000", "2019-12-31": "3.80000", "2019-09-30": "1.49000", "2019-06-30": "2.59000", "2019-03-31": "4.22000", "2018-12-31": "-2.76000", "2018-09-30": "3.38000", "2018-06-30": "1.32000", "2018-03-31": "-0.19000", "2017-12-31": "3.87000", "2017-09-30": "0.61000", "2017-06-30": "0.60000", "2017-03-31": "1.21000", "2016-12-31": "0.60000", "2016-09-30": "1.08000", "2016-06-30": "0.74000", "2016-03-31": "1.13000", "2015-12-31": "0.95000", "2015-09-30": "1.05000", "2015-06-30": "1.06000", "2015-03-31": "0.77000", "2014-12-31": "1.01000", "2014-09-30": "1.11000", "2014-06-30": "0.51000", "2014-03-31": "0.55000", "2013-12-31": "0.73000", "2013-09-30": "0.79000", "2013-06-30": "0.66000", "2013-03-31": "0.94000", "2012-12-31": "1.16000", "2012-09-30": "0.68000", "2012-06-30": "0.20000", "2012-03-31": "0.53000", "2011-12-31": "0.82000", "2011-09-30": "0.12000", "2011-06-30": "-0.31000", "2011-03-31": "0.38000", "2010-12-31": "0.76000", "2010-09-30": "0.95000", "2010-06-30": "0.17000", "2010-03-31": "0.42000", "2009-12-31": "1.50000", "2009-09-30": "1.05000", "2009-06-30": "-0.12000", "2009-03-31": "0.22000", "2008-12-31": "1.00000", "2008-09-30": "1.50000", "2008-06-30": "0.38000", "2008-03-31": "-0.26000", "2007-12-31": "1.12000", "2007-09-30": "0.72000", "2007-06-30": "2.02000", "2007-03-31": "1.11000", "2006-12-31": "0.75000", "2006-09-30": "0.66000", "2006-06-30": "0.76000", "2006-03-31": "3.13000", "2005-12-31": "1.04000", "2005-09-30": "0.66000", "2005-06-30": "0.89000", "2005-03-31": "0.81000"}}, "balance sheet": {"Cash On Hand": {"2019-12-31": "767.00000", "2018-12-31": "784.00000", "2017-12-31": "657.00000", "2016-12-31": "777.00000", "2015-12-31": "544.00000", "2014-12-31": "591.00000", "2013-12-31": "433.00000", "2012-12-31": "487.00000", "2011-12-31": "438.00000", "2010-12-31": "385.00000", "2009-12-31": "557.00000", "2008-12-31": "1009.00000", "2007-12-31": "226.00000", "2006-12-31": "202.00000", "2005-12-31": "119.00000"}, "Receivables": {"2019-12-31": "2597.00000", "2018-12-31": "2331.00000", "2017-12-31": "2216.00000", "2016-12-31": "2263.00000", "2015-12-31": "2164.00000", "2014-12-31": "2148.00000", "2013-12-31": "2099.00000", "2012-12-31": "2019.00000", "2011-12-31": "1904.00000", "2010-12-31": "1779.00000", "2009-12-31": "1863.00000", "2008-12-31": "1987.00000", "2007-12-31": "2077.00000", "2006-12-31": "2040.00000", "2005-12-31": "2019.00000"}, "Inventory": {"2019-12-31": "", "2018-12-31": "", "2017-12-31": "", "2016-12-31": "", "2015-12-31": "", "2014-12-31": "", "2013-12-31": "", "2012-12-31": "", "2011-12-31": "", "2010-12-31": "", "2009-12-31": "", "2008-12-31": "", "2007-12-31": "", "2006-12-31": "", "2005-12-31": ""}, "Pre-Paid Expenses": {"2019-12-31": "", "2018-12-31": "", "2017-12-31": "", "2016-12-31": "", "2015-12-31": "", "2014-12-31": "", "2013-12-31": "", "2012-12-31": "", "2011-12-31": "", "2010-12-31": "", "2009-12-31": "", "2008-12-31": "", "2007-12-31": "", "2006-12-31": "", "2005-12-31": ""}, "Other Current Assets": {"2019-12-31": "", "2018-12-31": "", "2017-12-31": "", "2016-12-31": "", "2015-12-31": "", "2014-12-31": "", "2013-12-31": "", "2012-12-31": "", "2011-12-31": "", "2010-12-31": "", "2009-12-31": "", "2008-12-31": "", "2007-12-31": "", "2006-12-31": "", "2005-12-31": ""}, "Total Current Assets": {"2019-12-31": "3364.00000", "2018-12-31": "3115.00000", "2017-12-31": "2873.00000", "2016-12-31": "3040.00000", "2015-12-31": "2708.00000", "2014-12-31": "2739.00000", "2013-12-31": "2532.00000", "2012-12-31": "2506.00000", "2011-12-31": "2342.00000", "2010-12-31": "2164.00000", "2009-12-31": "2420.00000", "2008-12-31": "2996.00000", "2007-12-31": "2303.00000", "2006-12-31": "2242.00000", "2005-12-31": "2138.00000"}, "Property, Plant, And Equipment": {"2019-12-31": "207.00000", "2018-12-31": "195.00000", "2017-12-31": "185.00000", "2016-12-31": "183.00000", "2015-12-31": "185.00000", "2014-12-31": "194.00000", "2013-12-31": "210.00000", "2012-12-31": "217.00000", "2011-12-31": "227.00000", "2010-12-31": "229.00000", "2009-12-31": "251.00000", "2008-12-31": "236.00000", "2007-12-31": "239.00000", "2006-12-31": "193.00000", "2005-12-31": "168.00000"}, "Long-Term Investments": {"2019-12-31": "19746.00000", "2018-12-31": "16732.00000", "2017-12-31": "17051.00000", "2016-12-31": "15500.00000", "2015-12-31": "14423.00000", "2014-12-31": "14386.00000", "2013-12-31": "13564.00000", "2012-12-31": "12534.00000", "2011-12-31": "11801.00000", "2010-12-31": "11508.00000", "2009-12-31": "10643.00000", "2008-12-31": "8890.00000", "2007-12-31": "12261.00000", "2006-12-31": "13759.00000", "2005-12-31": "12702.00000"}, "Goodwill And Intangible Assets": {"2019-12-31": "", "2018-12-31": "", "2017-12-31": "", "2016-12-31": "", "2015-12-31": "", "2014-12-31": "", "2013-12-31": "", "2012-12-31": "", "2011-12-31": "", "2010-12-31": "", "2009-12-31": "", "2008-12-31": "", "2007-12-31": "", "2006-12-31": "", "2005-12-31": ""}, "Other Long-Term Assets": {"2019-12-31": "1317.00000", "2018-12-31": "1155.00000", "2017-12-31": "1064.00000", "2016-12-31": "1026.00000", "2015-12-31": "956.00000", "2014-12-31": "851.00000", "2013-12-31": "791.00000", "2012-12-31": "821.00000", "2011-12-31": "788.00000", "2010-12-31": "706.00000", "2009-12-31": "645.00000", "2008-12-31": "612.00000", "2007-12-31": "1373.00000", "2006-12-31": "575.00000", "2005-12-31": "566.00000"}, "Total Long-Term Assets": {"2019-12-31": "22044.00000", "2018-12-31": "18820.00000", "2017-12-31": "18970.00000", "2016-12-31": "17346.00000", "2015-12-31": "16180.00000", "2014-12-31": "16009.00000", "2013-12-31": "15130.00000", "2012-12-31": "14042.00000", "2011-12-31": "13293.00000", "2010-12-31": "12931.00000", "2009-12-31": "12020.00000", "2008-12-31": "10373.00000", "2007-12-31": "14334.00000", "2006-12-31": "14980.00000", "2005-12-31": "13865.00000"}, "Total Assets": {"2019-12-31": "25408.00000", "2018-12-31": "21935.00000", "2017-12-31": "21843.00000", "2016-12-31": "20386.00000", "2015-12-31": "18888.00000", "2014-12-31": "18748.00000", "2013-12-31": "17662.00000", "2012-12-31": "16548.00000", "2011-12-31": "15635.00000", "2010-12-31": "15095.00000", "2009-12-31": "14440.00000", "2008-12-31": "13369.00000", "2007-12-31": "16637.00000", "2006-12-31": "17222.00000", "2005-12-31": "16003.00000"}, "Total Current Liabilities": {"2019-12-31": "11770.00000", "2018-12-31": "11002.00000", "2017-12-31": "10406.00000", "2016-12-31": "10063.00000", "2015-12-31": "9502.00000", "2014-12-31": "9064.00000", "2013-12-31": "8677.00000", "2012-12-31": "8317.00000", "2011-12-31": "8186.00000", "2010-12-31": "7787.00000", "2009-12-31": "7434.00000", "2008-12-31": "7181.00000", "2007-12-31": "7009.00000", "2006-12-31": "6884.00000", "2005-12-31": "6563.00000"}, "Long Term Debt": {"2019-12-31": "885.00000", "2018-12-31": "866.00000", "2017-12-31": "851.00000", "2016-12-31": "846.00000", "2015-12-31": "856.00000", "2014-12-31": "871.00000", "2013-12-31": "939.00000", "2012-12-31": "931.00000", "2011-12-31": "925.00000", "2010-12-31": "856.00000", "2009-12-31": "839.00000", "2008-12-31": "840.00000", "2007-12-31": "860.00000", "2006-12-31": "840.00000", "2005-12-31": "791.00000"}, "Other Non-Current Liabilities": {"2019-12-31": "1810.00000", "2018-12-31": "1607.00000", "2017-12-31": "1598.00000", "2016-12-31": "1552.00000", "2015-12-31": "1465.00000", "2014-12-31": "1400.00000", "2013-12-31": "1303.00000", "2012-12-31": "1394.00000", "2011-12-31": "1188.00000", "2010-12-31": "1160.00000", "2009-12-31": "1255.00000", "2008-12-31": "1166.00000", "2007-12-31": "1862.00000", "2006-12-31": "1037.00000", "2005-12-31": "941.00000"}, "Total Long Term Liabilities": {"2019-12-31": "3774.00000", "2018-12-31": "3100.00000", "2017-12-31": "3194.00000", "2016-12-31": "3263.00000", "2015-12-31": "2959.00000", "2014-12-31": "3111.00000", "2013-12-31": "2915.00000", "2012-12-31": "2778.00000", "2011-12-31": "2416.00000", "2010-12-31": "2276.00000", "2009-12-31": "2246.00000", "2008-12-31": "2006.00000", "2007-12-31": "3699.00000", "2006-12-31": "3530.00000", "2005-12-31": "3354.00000"}, "Total Liabilities": {"2019-12-31": "15544.00000", "2018-12-31": "14102.00000", "2017-12-31": "13600.00000", "2016-12-31": "13326.00000", "2015-12-31": "12461.00000", "2014-12-31": "12175.00000", "2013-12-31": "11592.00000", "2012-12-31": "11095.00000", "2011-12-31": "10602.00000", "2010-12-31": "10063.00000", "2009-12-31": "9680.00000", "2008-12-31": "9187.00000", "2007-12-31": "10708.00000", "2006-12-31": "10414.00000", "2005-12-31": "9917.00000"}, "Common Stock Net": {"2019-12-31": "397.00000", "2018-12-31": "397.00000", "2017-12-31": "397.00000", "2016-12-31": "397.00000", "2015-12-31": "397.00000", "2014-12-31": "397.00000", "2013-12-31": "397.00000", "2012-12-31": "394.00000", "2011-12-31": "393.00000", "2010-12-31": "393.00000", "2009-12-31": "393.00000", "2008-12-31": "393.00000", "2007-12-31": "393.00000", "2006-12-31": "391.00000", "2005-12-31": "389.00000"}, "Retained Earnings (Accumulated Deficit)": {"2019-12-31": "9257.00000", "2018-12-31": "7625.00000", "2017-12-31": "5180.00000", "2016-12-31": "5037.00000", "2015-12-31": "4762.00000", "2014-12-31": "4505.00000", "2013-12-31": "4268.00000", "2012-12-31": "4021.00000", "2011-12-31": "3863.00000", "2010-12-31": "3980.00000", "2009-12-31": "3862.00000", "2008-12-31": "3579.00000", "2007-12-31": "3404.00000", "2006-12-31": "2786.00000", "2005-12-31": "2088.00000"}, "Comprehensive Income": {"2019-12-31": "448.00000", "2018-12-31": "22.00000", "2017-12-31": "2788.00000", "2016-12-31": "1693.00000", "2015-12-31": "1344.00000", "2014-12-31": "1744.00000", "2013-12-31": "1504.00000", "2012-12-31": "1129.00000", "2011-12-31": "901.00000", "2010-12-31": "769.00000", "2009-12-31": "624.00000", "2008-12-31": "347.00000", "2007-12-31": "2151.00000", "2006-12-31": "3379.00000", "2005-12-31": "3284.00000"}, "Other Share Holders Equity": {"2019-12-31": "", "2018-12-31": "", "2017-12-31": "", "2016-12-31": "", "2015-12-31": "", "2014-12-31": "", "2013-12-31": "", "2012-12-31": "", "2011-12-31": "", "2010-12-31": "", "2009-12-31": "", "2008-12-31": "", "2007-12-31": "", "2006-12-31": "", "2005-12-31": ""}, "Share Holder Equity": {"2019-12-31": "9864.00000", "2018-12-31": "7833.00000", "2017-12-31": "8243.00000", "2016-12-31": "7060.00000", "2015-12-31": "6427.00000", "2014-12-31": "6573.00000", "2013-12-31": "6070.00000", "2012-12-31": "5453.00000", "2011-12-31": "5033.00000", "2010-12-31": "5032.00000", "2009-12-31": "4760.00000", "2008-12-31": "4182.00000", "2007-12-31": "5929.00000", "2006-12-31": "6808.00000", "2005-12-31": "6086.00000"}, "Total Liabilities And Share Holders Equity": {"2019-12-31": "25408.00000", "2018-12-31": "21935.00000", "2017-12-31": "21843.00000", "2016-12-31": "20386.00000", "2015-12-31": "18888.00000", "2014-12-31": "18748.00000", "2013-12-31": "17662.00000", "2012-12-31": "16548.00000", "2011-12-31": "15635.00000", "2010-12-31": "15095.00000", "2009-12-31": "14440.00000", "2008-12-31": "13369.00000", "2007-12-31": "16637.00000", "2006-12-31": "17222.00000", "2005-12-31": "16003.00000"}}, "balance sheet, quarterly": {"Cash On Hand": {"2020-09-30": "914.00000", "2020-06-30": "706.00000", "2020-03-31": "486.00000", "2019-12-31": "767.00000", "2019-09-30": "787.00000", "2019-06-30": "803.00000", "2019-03-31": "802.00000", "2018-12-31": "784.00000", "2018-09-30": "616.00000", "2018-06-30": "521.00000", "2018-03-31": "604.00000", "2017-12-31": "657.00000", "2017-09-30": "674.00000", "2017-06-30": "606.00000", "2017-03-31": "543.00000", "2016-12-31": "777.00000", "2016-09-30": "700.00000", "2016-06-30": "547.00000", "2016-03-31": "613.00000", "2015-12-31": "544.00000", "2015-09-30": "419.00000", "2015-06-30": "487.00000", "2015-03-31": "640.00000", "2014-12-31": "591.00000", "2014-09-30": "412.00000", "2014-06-30": "462.00000", "2014-03-31": "521.00000", "2013-12-31": "433.00000", "2013-09-30": "511.00000", "2013-06-30": "382.00000", "2013-03-31": "380.00000", "2012-12-31": "487.00000", "2012-09-30": "416.00000", "2012-06-30": "263.00000", "2012-03-31": "424.00000", "2011-12-31": "438.00000", "2011-09-30": "308.00000", "2011-06-30": "313.00000", "2011-03-31": "379.00000", "2010-12-31": "385.00000", "2010-09-30": "445.00000", "2010-06-30": "325.00000", "2010-03-31": "402.00000", "2009-12-31": "557.00000", "2009-09-30": "448.00000", "2009-06-30": "254.00000", "2009-03-31": "515.00000", "2008-12-31": "1009.00000", "2008-09-30": "347.00000", "2008-06-30": "333.00000", "2008-03-31": "237.00000", "2007-12-31": "226.00000", "2007-09-30": "183.00000", "2007-06-30": "122.00000", "2007-03-31": "197.00000", "2006-12-31": "202.00000", "2006-09-30": "239.00000", "2006-06-30": "203.00000", "2006-03-31": "206.00000", "2005-12-31": "119.00000", "2005-09-30": "98.00000", "2005-06-30": "172.00000", "2005-03-31": "117.00000"}, "Receivables": {"2020-09-30": "2675.00000", "2020-06-30": "2796.00000", "2020-03-31": "2667.00000", "2019-12-31": "2597.00000", "2019-09-30": "2566.00000", "2019-06-30": "2634.00000", "2019-03-31": "2512.00000", "2018-12-31": "2331.00000", "2018-09-30": "2331.00000", "2018-06-30": "2349.00000", "2018-03-31": "2234.00000", "2017-12-31": "2216.00000", "2017-09-30": "2346.00000", "2017-06-30": "2367.00000", "2017-03-31": "2305.00000", "2016-12-31": "2263.00000", "2016-09-30": "2244.00000", "2016-06-30": "2270.00000", "2016-03-31": "2181.00000", "2015-12-31": "2164.00000", "2015-09-30": "2230.00000", "2015-06-30": "2234.00000", "2015-03-31": "2165.00000", "2014-12-31": "2148.00000", "2014-09-30": "2192.00000", "2014-06-30": "2184.00000", "2014-03-31": "2141.00000", "2013-12-31": "2099.00000", "2013-09-30": "2171.00000", "2013-06-30": "2127.00000", "2013-03-31": "2104.00000", "2012-12-31": "2019.00000", "2012-09-30": "2028.00000", "2012-06-30": "1981.00000", "2012-03-31": "1920.00000", "2011-12-31": "1904.00000", "2011-09-30": "2013.00000", "2011-06-30": "2054.00000", "2011-03-31": "1828.00000", "2010-12-31": "1779.00000", "2010-09-30": "1774.00000", "2010-06-30": "1790.00000", "2010-03-31": "1792.00000", "2009-12-31": "1863.00000", "2009-09-30": "1936.00000", "2009-06-30": "1990.00000", "2009-03-31": "1989.00000", "2008-12-31": "1987.00000", "2008-09-30": "2119.00000", "2008-06-30": "2116.00000", "2008-03-31": "2072.00000", "2007-12-31": "2077.00000", "2007-09-30": "2126.00000", "2007-06-30": "2192.00000", "2007-03-31": "2120.00000", "2006-12-31": "2040.00000", "2006-09-30": "2088.00000", "2006-06-30": "2107.00000", "2006-03-31": "2052.00000", "2005-12-31": "2019.00000", "2005-09-30": "2088.00000", "2005-06-30": "2084.00000", "2005-03-31": "2062.00000"}, "Inventory": {"2020-09-30": "", "2020-06-30": "", "2020-03-31": "", "2019-12-31": "", "2019-09-30": "", "2019-06-30": "", "2019-03-31": "", "2018-12-31": "", "2018-09-30": "", "2018-06-30": "", "2018-03-31": "", "2017-12-31": "", "2017-09-30": "", "2017-06-30": "", "2017-03-31": "", "2016-12-31": "", "2016-09-30": "", "2016-06-30": "", "2016-03-31": "", "2015-12-31": "", "2015-09-30": "", "2015-06-30": "", "2015-03-31": "", "2014-12-31": "", "2014-09-30": "", "2014-06-30": "", "2014-03-31": "", "2013-12-31": "", "2013-09-30": "", "2013-06-30": "", "2013-03-31": "", "2012-12-31": "", "2012-09-30": "", "2012-06-30": "", "2012-03-31": "", "2011-12-31": "", "2011-09-30": "", "2011-06-30": "", "2011-03-31": "", "2010-12-31": "", "2010-09-30": "", "2010-06-30": "", "2010-03-31": "", "2009-12-31": "", "2009-09-30": "", "2009-06-30": "", "2009-03-31": "", "2008-12-31": "", "2008-09-30": "", "2008-06-30": "", "2008-03-31": "", "2007-12-31": "", "2007-09-30": "", "2007-06-30": "", "2007-03-31": "", "2006-12-31": "", "2006-09-30": "", "2006-06-30": "", "2006-03-31": "", "2005-12-31": "", "2005-09-30": "", "2005-06-30": "", "2005-03-31": ""}, "Pre-Paid Expenses": {"2020-09-30": "", "2020-06-30": "", "2020-03-31": "", "2019-12-31": "", "2019-09-30": "", "2019-06-30": "", "2019-03-31": "", "2018-12-31": "", "2018-09-30": "", "2018-06-30": "", "2018-03-31": "", "2017-12-31": "", "2017-09-30": "", "2017-06-30": "", "2017-03-31": "", "2016-12-31": "", "2016-09-30": "", "2016-06-30": "", "2016-03-31": "", "2015-12-31": "", "2015-09-30": "", "2015-06-30": "", "2015-03-31": "", "2014-12-31": "", "2014-09-30": "", "2014-06-30": "", "2014-03-31": "", "2013-12-31": "", "2013-09-30": "", "2013-06-30": "", "2013-03-31": "", "2012-12-31": "", "2012-09-30": "", "2012-06-30": "", "2012-03-31": "", "2011-12-31": "", "2011-09-30": "", "2011-06-30": "", "2011-03-31": "", "2010-12-31": "", "2010-09-30": "", "2010-06-30": "", "2010-03-31": "", "2009-12-31": "", "2009-09-30": "", "2009-06-30": "", "2009-03-31": "", "2008-12-31": "", "2008-09-30": "", "2008-06-30": "", "2008-03-31": "", "2007-12-31": "", "2007-09-30": "", "2007-06-30": "", "2007-03-31": "", "2006-12-31": "", "2006-09-30": "", "2006-06-30": "", "2006-03-31": "", "2005-12-31": "", "2005-09-30": "", "2005-06-30": "", "2005-03-31": ""}, "Other Current Assets": {"2020-09-30": "", "2020-06-30": "", "2020-03-31": "", "2019-12-31": "", "2019-09-30": "", "2019-06-30": "", "2019-03-31": "", "2018-12-31": "", "2018-09-30": "", "2018-06-30": "", "2018-03-31": "", "2017-12-31": "", "2017-09-30": "", "2017-06-30": "", "2017-03-31": "", "2016-12-31": "", "2016-09-30": "", "2016-06-30": "", "2016-03-31": "", "2015-12-31": "", "2015-09-30": "", "2015-06-30": "", "2015-03-31": "", "2014-12-31": "", "2014-09-30": "", "2014-06-30": "", "2014-03-31": "", "2013-12-31": "", "2013-09-30": "", "2013-06-30": "", "2013-03-31": "", "2012-12-31": "", "2012-09-30": "", "2012-06-30": "", "2012-03-31": "", "2011-12-31": "", "2011-09-30": "", "2011-06-30": "", "2011-03-31": "", "2010-12-31": "", "2010-09-30": "", "2010-06-30": "", "2010-03-31": "", "2009-12-31": "", "2009-09-30": "", "2009-06-30": "", "2009-03-31": "", "2008-12-31": "", "2008-09-30": "", "2008-06-30": "", "2008-03-31": "", "2007-12-31": "", "2007-09-30": "", "2007-06-30": "", "2007-03-31": "", "2006-12-31": "", "2006-09-30": "", "2006-06-30": "", "2006-03-31": "", "2005-12-31": "", "2005-09-30": "", "2005-06-30": "", "2005-03-31": ""}, "Total Current Assets": {"2020-09-30": "3589.00000", "2020-06-30": "3502.00000", "2020-03-31": "3153.00000", "2019-12-31": "3364.00000", "2019-09-30": "3353.00000", "2019-06-30": "3437.00000", "2019-03-31": "3314.00000", "2018-12-31": "3115.00000", "2018-09-30": "2947.00000", "2018-06-30": "2870.00000", "2018-03-31": "2838.00000", "2017-12-31": "2873.00000", "2017-09-30": "3020.00000", "2017-06-30": "2973.00000", "2017-03-31": "2848.00000", "2016-12-31": "3040.00000", "2016-09-30": "2944.00000", "2016-06-30": "2817.00000", "2016-03-31": "2794.00000", "2015-12-31": "2708.00000", "2015-09-30": "2649.00000", "2015-06-30": "2721.00000", "2015-03-31": "2805.00000", "2014-12-31": "2739.00000", "2014-09-30": "2604.00000", "2014-06-30": "2646.00000", "2014-03-31": "2662.00000", "2013-12-31": "2532.00000", "2013-09-30": "2682.00000", "2013-06-30": "2509.00000", "2013-03-31": "2484.00000", "2012-12-31": "2506.00000", "2012-09-30": "2444.00000", "2012-06-30": "2244.00000", "2012-03-31": "2344.00000", "2011-12-31": "2342.00000", "2011-09-30": "2321.00000", "2011-06-30": "2367.00000", "2011-03-31": "2207.00000", "2010-12-31": "2164.00000", "2010-09-30": "2219.00000", "2010-06-30": "2115.00000", "2010-03-31": "2194.00000", "2009-12-31": "2420.00000", "2009-09-30": "2384.00000", "2009-06-30": "2244.00000", "2009-03-31": "2504.00000", "2008-12-31": "2996.00000", "2008-09-30": "2466.00000", "2008-06-30": "2449.00000", "2008-03-31": "2309.00000", "2007-12-31": "2303.00000", "2007-09-30": "2309.00000", "2007-06-30": "2314.00000", "2007-03-31": "2317.00000", "2006-12-31": "2242.00000", "2006-09-30": "2327.00000", "2006-06-30": "2310.00000", "2006-03-31": "2258.00000", "2005-12-31": "2138.00000", "2005-09-30": "2186.00000", "2005-06-30": "2256.00000", "2005-03-31": "2179.00000"}, "Property, Plant, And Equipment": {"2020-09-30": "211.00000", "2020-06-30": "209.00000", "2020-03-31": "208.00000", "2019-12-31": "207.00000", "2019-09-30": "207.00000", "2019-06-30": "207.00000", "2019-03-31": "202.00000", "2018-12-31": "195.00000", "2018-09-30": "191.00000", "2018-06-30": "188.00000", "2018-03-31": "186.00000", "2017-12-31": "185.00000", "2017-09-30": "186.00000", "2017-06-30": "184.00000", "2017-03-31": "181.00000", "2016-12-31": "183.00000", "2016-09-30": "184.00000", "2016-06-30": "186.00000", "2016-03-31": "188.00000", "2015-12-31": "185.00000", "2015-09-30": "188.00000", "2015-06-30": "187.00000", "2015-03-31": "189.00000", "2014-12-31": "194.00000", "2014-09-30": "198.00000", "2014-06-30": "203.00000", "2014-03-31": "207.00000", "2013-12-31": "210.00000", "2013-09-30": "211.00000", "2013-06-30": "213.00000", "2013-03-31": "216.00000", "2012-12-31": "217.00000", "2012-09-30": "223.00000", "2012-06-30": "229.00000", "2012-03-31": "235.00000", "2011-12-31": "227.00000", "2011-09-30": "228.00000", "2011-06-30": "234.00000", "2011-03-31": "243.00000", "2010-12-31": "229.00000", "2010-09-30": "236.00000", "2010-06-30": "243.00000", "2010-03-31": "249.00000", "2009-12-31": "251.00000", "2009-09-30": "258.00000", "2009-06-30": "249.00000", "2009-03-31": "236.00000", "2008-12-31": "236.00000", "2008-09-30": "235.00000", "2008-06-30": "234.00000", "2008-03-31": "242.00000", "2007-12-31": "239.00000", "2007-09-30": "227.00000", "2007-06-30": "212.00000", "2007-03-31": "204.00000", "2006-12-31": "193.00000", "2006-09-30": "185.00000", "2006-06-30": "184.00000", "2006-03-31": "183.00000", "2005-12-31": "168.00000", "2005-09-30": "167.00000", "2005-06-30": "164.00000", "2005-03-31": "158.00000"}, "Long-Term Investments": {"2020-09-30": "20299.00000", "2020-06-30": "19487.00000", "2020-03-31": "17876.00000", "2019-12-31": "19746.00000", "2019-09-30": "19059.00000", "2019-06-30": "18603.00000", "2019-03-31": "17864.00000", "2018-12-31": "16732.00000", "2018-09-30": "17433.00000", "2018-06-30": "16944.00000", "2018-03-31": "16721.00000", "2017-12-31": "17051.00000", "2017-09-30": "16664.00000", "2017-06-30": "16394.00000", "2017-03-31": "16067.00000", "2016-12-31": "15500.00000", "2016-09-30": "15642.00000", "2016-06-30": "15459.00000", "2016-03-31": "14889.00000", "2015-12-31": "14423.00000", "2015-09-30": "14426.00000", "2015-06-30": "14551.00000", "2015-03-31": "14476.00000", "2014-12-31": "14386.00000", "2014-09-30": "14255.00000", "2014-06-30": "14060.00000", "2014-03-31": "13678.00000", "2013-12-31": "13564.00000", "2013-09-30": "13090.00000", "2013-06-30": "12933.00000", "2013-03-31": "13037.00000", "2012-12-31": "12534.00000", "2012-09-30": "12533.00000", "2012-06-30": "12231.00000", "2012-03-31": "12153.00000", "2011-12-31": "11801.00000", "2011-09-30": "11529.00000", "2011-06-30": "11757.00000", "2011-03-31": "11704.00000", "2010-12-31": "11508.00000", "2010-09-30": "11305.00000", "2010-06-30": "11032.00000", "2010-03-31": "11002.00000", "2009-12-31": "10643.00000", "2009-09-30": "10428.00000", "2009-06-30": "9708.00000", "2009-03-31": "8876.00000", "2008-12-31": "8890.00000", "2008-09-30": "10160.00000", "2008-06-30": "10460.00000", "2008-03-31": "11704.00000", "2007-12-31": "12261.00000", "2007-09-30": "13268.00000", "2007-06-30": "13712.00000", "2007-03-31": "13641.00000", "2006-12-31": "13759.00000", "2006-09-30": "13104.00000", "2006-06-30": "12514.00000", "2006-03-31": "12977.00000", "2005-12-31": "12702.00000", "2005-09-30": "12591.00000", "2005-06-30": "12600.00000", "2005-03-31": "12469.00000"}, "Goodwill And Intangible Assets": {"2020-09-30": "", "2020-06-30": "", "2020-03-31": "", "2019-12-31": "", "2019-09-30": "", "2019-06-30": "", "2019-03-31": "", "2018-12-31": "", "2018-09-30": "", "2018-06-30": "", "2018-03-31": "", "2017-12-31": "", "2017-09-30": "", "2017-06-30": "", "2017-03-31": "", "2016-12-31": "", "2016-09-30": "", "2016-06-30": "", "2016-03-31": "", "2015-12-31": "", "2015-09-30": "", "2015-06-30": "", "2015-03-31": "", "2014-12-31": "", "2014-09-30": "", "2014-06-30": "", "2014-03-31": "", "2013-12-31": "", "2013-09-30": "", "2013-06-30": "", "2013-03-31": "", "2012-12-31": "", "2012-09-30": "", "2012-06-30": "", "2012-03-31": "", "2011-12-31": "", "2011-09-30": "", "2011-06-30": "", "2011-03-31": "", "2010-12-31": "", "2010-09-30": "", "2010-06-30": "", "2010-03-31": "", "2009-12-31": "", "2009-09-30": "", "2009-06-30": "", "2009-03-31": "", "2008-12-31": "", "2008-09-30": "", "2008-06-30": "", "2008-03-31": "", "2007-12-31": "", "2007-09-30": "", "2007-06-30": "", "2007-03-31": "", "2006-12-31": "", "2006-09-30": "", "2006-06-30": "", "2006-03-31": "", "2005-12-31": "", "2005-09-30": "", "2005-06-30": "", "2005-03-31": ""}, "Other Long-Term Assets": {"2020-09-30": "1454.00000", "2020-06-30": "1418.00000", "2020-03-31": "1303.00000", "2019-12-31": "1317.00000", "2019-09-30": "1340.00000", "2019-06-30": "1304.00000", "2019-03-31": "1221.00000", "2018-12-31": "1155.00000", "2018-09-30": "1166.00000", "2018-06-30": "1030.00000", "2018-03-31": "1034.00000", "2017-12-31": "1064.00000", "2017-09-30": "1046.00000", "2017-06-30": "1009.00000", "2017-03-31": "997.00000", "2016-12-31": "1026.00000", "2016-09-30": "1058.00000", "2016-06-30": "1065.00000", "2016-03-31": "958.00000", "2015-12-31": "956.00000", "2015-09-30": "879.00000", "2015-06-30": "829.00000", "2015-03-31": "856.00000", "2014-12-31": "851.00000", "2014-09-30": "827.00000", "2014-06-30": "855.00000", "2014-03-31": "831.00000", "2013-12-31": "791.00000", "2013-09-30": "780.00000", "2013-06-30": "833.00000", "2013-03-31": "809.00000", "2012-12-31": "821.00000", "2012-09-30": "788.00000", "2012-06-30": "901.00000", "2012-03-31": "807.00000", "2011-12-31": "788.00000", "2011-09-30": "822.00000", "2011-06-30": "833.00000", "2011-03-31": "712.00000", "2010-12-31": "706.00000", "2010-09-30": "841.00000", "2010-06-30": "732.00000", "2010-03-31": "686.00000", "2009-12-31": "645.00000", "2009-09-30": "671.00000", "2009-06-30": "748.00000", "2009-03-31": "707.00000", "2008-12-31": "612.00000", "2008-09-30": "941.00000", "2008-06-30": "1181.00000", "2008-03-31": "1218.00000", "2007-12-31": "1373.00000", "2007-09-30": "1347.00000", "2007-06-30": "1547.00000", "2007-03-31": "1592.00000", "2006-12-31": "575.00000", "2006-09-30": "1597.00000", "2006-06-30": "1468.00000", "2006-03-31": "897.00000", "2005-12-31": "566.00000", "2005-09-30": "609.00000", "2005-06-30": "583.00000", "2005-03-31": "574.00000"}, "Total Long-Term Assets": {"2020-09-30": "22781.00000", "2020-06-30": "21948.00000", "2020-03-31": "20214.00000", "2019-12-31": "22044.00000", "2019-09-30": "21389.00000", "2019-06-30": "20900.00000", "2019-03-31": "20038.00000", "2018-12-31": "18820.00000", "2018-09-30": "19533.00000", "2018-06-30": "18890.00000", "2018-03-31": "18632.00000", "2017-12-31": "18970.00000", "2017-09-30": "18572.00000", "2017-06-30": "18265.00000", "2017-03-31": "17905.00000", "2016-12-31": "17346.00000", "2016-09-30": "17511.00000", "2016-06-30": "17334.00000", "2016-03-31": "16653.00000", "2015-12-31": "16180.00000", "2015-09-30": "16102.00000", "2015-06-30": "16167.00000", "2015-03-31": "16092.00000", "2014-12-31": "16009.00000", "2014-09-30": "15870.00000", "2014-06-30": "15689.00000", "2014-03-31": "15280.00000", "2013-12-31": "15130.00000", "2013-09-30": "14657.00000", "2013-06-30": "14525.00000", "2013-03-31": "14553.00000", "2012-12-31": "14042.00000", "2012-09-30": "14035.00000", "2012-06-30": "13845.00000", "2012-03-31": "13678.00000", "2011-12-31": "13293.00000", "2011-09-30": "13091.00000", "2011-06-30": "13335.00000", "2011-03-31": "13162.00000", "2010-12-31": "12931.00000", "2010-09-30": "12851.00000", "2010-06-30": "12492.00000", "2010-03-31": "12422.00000", "2009-12-31": "12020.00000", "2009-09-30": "11842.00000", "2009-06-30": "11278.00000", "2009-03-31": "10604.00000", "2008-12-31": "10373.00000", "2008-09-30": "11837.00000", "2008-06-30": "12362.00000", "2008-03-31": "13636.00000", "2007-12-31": "14334.00000", "2007-09-30": "15313.00000", "2007-06-30": "15950.00000", "2007-03-31": "15904.00000", "2006-12-31": "14980.00000", "2006-09-30": "15344.00000", "2006-06-30": "14626.00000", "2006-03-31": "14505.00000", "2005-12-31": "13865.00000", "2005-09-30": "13798.00000", "2005-06-30": "13768.00000", "2005-03-31": "13619.00000"}, "Total Assets": {"2020-09-30": "26370.00000", "2020-06-30": "25450.00000", "2020-03-31": "23367.00000", "2019-12-31": "25408.00000", "2019-09-30": "24742.00000", "2019-06-30": "24337.00000", "2019-03-31": "23352.00000", "2018-12-31": "21935.00000", "2018-09-30": "22480.00000", "2018-06-30": "21760.00000", "2018-03-31": "21470.00000", "2017-12-31": "21843.00000", "2017-09-30": "21592.00000", "2017-06-30": "21238.00000", "2017-03-31": "20753.00000", "2016-12-31": "20386.00000", "2016-09-30": "20455.00000", "2016-06-30": "20151.00000", "2016-03-31": "19447.00000", "2015-12-31": "18888.00000", "2015-09-30": "18751.00000", "2015-06-30": "18888.00000", "2015-03-31": "18897.00000", "2014-12-31": "18748.00000", "2014-09-30": "18474.00000", "2014-06-30": "18335.00000", "2014-03-31": "17942.00000", "2013-12-31": "17662.00000", "2013-09-30": "17339.00000", "2013-06-30": "17034.00000", "2013-03-31": "17037.00000", "2012-12-31": "16548.00000", "2012-09-30": "16479.00000", "2012-06-30": "16089.00000", "2012-03-31": "16022.00000", "2011-12-31": "15635.00000", "2011-09-30": "15412.00000", "2011-06-30": "15702.00000", "2011-03-31": "15369.00000", "2010-12-31": "15095.00000", "2010-09-30": "15070.00000", "2010-06-30": "14607.00000", "2010-03-31": "14616.00000", "2009-12-31": "14440.00000", "2009-09-30": "14226.00000", "2009-06-30": "13522.00000", "2009-03-31": "13108.00000", "2008-12-31": "13369.00000", "2008-09-30": "14303.00000", "2008-06-30": "14811.00000", "2008-03-31": "15945.00000", "2007-12-31": "16637.00000", "2007-09-30": "17622.00000", "2007-06-30": "18264.00000", "2007-03-31": "18221.00000", "2006-12-31": "17222.00000", "2006-09-30": "17671.00000", "2006-06-30": "16936.00000", "2006-03-31": "16763.00000", "2005-12-31": "16003.00000", "2005-09-30": "15984.00000", "2005-06-30": "16024.00000", "2005-03-31": "15798.00000"}, "Total Current Liabilities": {"2020-09-30": "12671.00000", "2020-06-30": "12451.00000", "2020-03-31": "11989.00000", "2019-12-31": "11770.00000", "2019-09-30": "11731.00000", "2019-06-30": "11703.00000", "2019-03-31": "11445.00000", "2018-12-31": "11002.00000", "2018-09-30": "10939.00000", "2018-06-30": "10806.00000", "2018-03-31": "10544.00000", "2017-12-31": "10406.00000", "2017-09-30": "10541.00000", "2017-06-30": "10444.00000", "2017-03-31": "10243.00000", "2016-12-31": "10063.00000", "2016-09-30": "10020.00000", "2016-06-30": "9943.00000", "2016-03-31": "9653.00000", "2015-12-31": "9502.00000", "2015-09-30": "9479.00000", "2015-06-30": "9425.00000", "2015-03-31": "9246.00000", "2014-12-31": "9064.00000", "2014-09-30": "9047.00000", "2014-06-30": "9008.00000", "2014-03-31": "8845.00000", "2013-12-31": "8677.00000", "2013-09-30": "8706.00000", "2013-06-30": "8576.00000", "2013-03-31": "8425.00000", "2012-12-31": "8317.00000", "2012-09-30": "8447.00000", "2012-06-30": "8414.00000", "2012-03-31": "8267.00000", "2011-12-31": "8186.00000", "2011-09-30": "8357.00000", "2011-06-30": "8313.00000", "2011-03-31": "7931.00000", "2010-12-31": "7787.00000", "2010-09-30": "7766.00000", "2010-06-30": "7682.00000", "2010-03-31": "7530.00000", "2009-12-31": "7434.00000", "2009-09-30": "7450.00000", "2009-06-30": "7412.00000", "2009-03-31": "7248.00000", "2008-12-31": "7181.00000", "2008-09-30": "7302.00000", "2008-06-30": "7268.00000", "2008-03-31": "7109.00000", "2007-12-31": "7009.00000", "2007-09-30": "7109.00000", "2007-06-30": "7061.00000", "2007-03-31": "6995.00000", "2006-12-31": "6884.00000", "2006-09-30": "6890.00000", "2006-06-30": "6802.00000", "2006-03-31": "6690.00000", "2005-12-31": "6563.00000", "2005-09-30": "6649.00000", "2005-06-30": "6504.00000", "2005-03-31": "6422.00000"}, "Long Term Debt": {"2020-09-30": "967.00000", "2020-06-30": "967.00000", "2020-03-31": "960.00000", "2019-12-31": "885.00000", "2019-09-30": "885.00000", "2019-06-30": "884.00000", "2019-03-31": "877.00000", "2018-12-31": "866.00000", "2018-09-30": "860.00000", "2018-06-30": "889.00000", "2018-03-31": "853.00000", "2017-12-31": "851.00000", "2017-09-30": "843.00000", "2017-06-30": "843.00000", "2017-03-31": "842.00000", "2016-12-31": "846.00000", "2016-09-30": "847.00000", "2016-06-30": "853.00000", "2016-03-31": "860.00000", "2015-12-31": "856.00000", "2015-09-30": "861.00000", "2015-06-30": "872.00000", "2015-03-31": "874.00000", "2014-12-31": "871.00000", "2014-09-30": "878.00000", "2014-06-30": "880.00000", "2014-03-31": "938.00000", "2013-12-31": "939.00000", "2013-09-30": "936.00000", "2013-06-30": "937.00000", "2013-03-31": "935.00000", "2012-12-31": "931.00000", "2012-09-30": "932.00000", "2012-06-30": "935.00000", "2012-03-31": "937.00000", "2011-12-31": "925.00000", "2011-09-30": "894.00000", "2011-06-30": "839.00000", "2011-03-31": "839.00000", "2010-12-31": "856.00000", "2010-09-30": "839.00000", "2010-06-30": "839.00000", "2010-03-31": "839.00000", "2009-12-31": "839.00000", "2009-09-30": "839.00000", "2009-06-30": "839.00000", "2009-03-31": "839.00000", "2008-12-31": "840.00000", "2008-09-30": "860.00000", "2008-06-30": "860.00000", "2008-03-31": "860.00000", "2007-12-31": "860.00000", "2007-09-30": "860.00000", "2007-06-30": "840.00000", "2007-03-31": "840.00000", "2006-12-31": "840.00000", "2006-09-30": "840.00000", "2006-06-30": "840.00000", "2006-03-31": "791.00000", "2005-12-31": "791.00000", "2005-09-30": "791.00000", "2005-06-30": "791.00000", "2005-03-31": "791.00000"}, "Other Non-Current Liabilities": {"2020-09-30": "1910.00000", "2020-06-30": "1795.00000", "2020-03-31": "1716.00000", "2019-12-31": "1810.00000", "2019-09-30": "1783.00000", "2019-06-30": "1687.00000", "2019-03-31": "1583.00000", "2018-12-31": "1607.00000", "2018-09-30": "1550.00000", "2018-06-30": "1499.00000", "2018-03-31": "1475.00000", "2017-12-31": "1598.00000", "2017-09-30": "1598.00000", "2017-06-30": "1557.00000", "2017-03-31": "1466.00000", "2016-12-31": "1552.00000", "2016-09-30": "1588.00000", "2016-06-30": "1540.00000", "2016-03-31": "1448.00000", "2015-12-31": "1465.00000", "2015-09-30": "1465.00000", "2015-06-30": "1377.00000", "2015-03-31": "1345.00000", "2014-12-31": "1400.00000", "2014-09-30": "1396.00000", "2014-06-30": "1294.00000", "2014-03-31": "1270.00000", "2013-12-31": "1303.00000", "2013-09-30": "1339.00000", "2013-06-30": "1310.00000", "2013-03-31": "1304.00000", "2012-12-31": "1394.00000", "2012-09-30": "1288.00000", "2012-06-30": "1237.00000", "2012-03-31": "1223.00000", "2011-12-31": "1188.00000", "2011-09-30": "1184.00000", "2011-06-30": "1169.00000", "2011-03-31": "1185.00000", "2010-12-31": "1160.00000", "2010-09-30": "1208.00000", "2010-06-30": "1204.00000", "2010-03-31": "1176.00000", "2009-12-31": "1255.00000", "2009-09-30": "1169.00000", "2009-06-30": "1127.00000", "2009-03-31": "1140.00000", "2008-12-31": "1166.00000", "2008-09-30": "1218.00000", "2008-06-30": "1596.00000", "2008-03-31": "1777.00000", "2007-12-31": "1862.00000", "2007-09-30": "1828.00000", "2007-06-30": "2103.00000", "2007-03-31": "2147.00000", "2006-12-31": "1037.00000", "2006-09-30": "1980.00000", "2006-06-30": "1926.00000", "2006-03-31": "1651.00000", "2005-12-31": "941.00000", "2005-09-30": "925.00000", "2005-06-30": "913.00000", "2005-03-31": "922.00000"}, "Total Long Term Liabilities": {"2020-09-30": "3954.00000", "2020-06-30": "3741.00000", "2020-03-31": "3336.00000", "2019-12-31": "3774.00000", "2019-09-30": "3640.00000", "2019-06-30": "3503.00000", "2019-03-31": "3277.00000", "2018-12-31": "3100.00000", "2018-09-30": "3207.00000", "2018-06-30": "3038.00000", "2018-03-31": "2980.00000", "2017-12-31": "3194.00000", "2017-09-30": "3528.00000", "2017-06-30": "3421.00000", "2017-03-31": "3254.00000", "2016-12-31": "3263.00000", "2016-09-30": "3314.00000", "2016-06-30": "3237.00000", "2016-03-31": "3059.00000", "2015-12-31": "2959.00000", "2015-09-30": "2922.00000", "2015-06-30": "2966.00000", "2015-03-31": "3043.00000", "2014-12-31": "3111.00000", "2014-09-30": "3051.00000", "2014-06-30": "2984.00000", "2014-03-31": "2929.00000", "2013-12-31": "2915.00000", "2013-09-30": "2817.00000", "2013-06-30": "2759.00000", "2013-03-31": "2827.00000", "2012-12-31": "2778.00000", "2012-09-30": "2673.00000", "2012-06-30": "2531.00000", "2012-03-31": "2548.00000", "2011-12-31": "2416.00000", "2011-09-30": "2269.00000", "2011-06-30": "2332.00000", "2011-03-31": "2320.00000", "2010-12-31": "2276.00000", "2010-09-30": "2294.00000", "2010-06-30": "2188.00000", "2010-03-31": "2221.00000", "2009-12-31": "2246.00000", "2009-09-30": "2150.00000", "2009-06-30": "1966.00000", "2009-03-31": "1979.00000", "2008-12-31": "2006.00000", "2008-09-30": "2314.00000", "2008-06-30": "2836.00000", "2008-03-31": "3387.00000", "2007-12-31": "3699.00000", "2007-09-30": "3975.00000", "2007-06-30": "4377.00000", "2007-03-31": "4518.00000", "2006-12-31": "3530.00000", "2006-09-30": "4317.00000", "2006-06-30": "4069.00000", "2006-03-31": "3869.00000", "2005-12-31": "3354.00000", "2005-09-30": "3320.00000", "2005-06-30": "3388.00000", "2005-03-31": "3369.00000"}, "Total Liabilities": {"2020-09-30": "16625.00000", "2020-06-30": "16192.00000", "2020-03-31": "15325.00000", "2019-12-31": "15544.00000", "2019-09-30": "15371.00000", "2019-06-30": "15206.00000", "2019-03-31": "14722.00000", "2018-12-31": "14102.00000", "2018-09-30": "14146.00000", "2018-06-30": "13844.00000", "2018-03-31": "13524.00000", "2017-12-31": "13600.00000", "2017-09-30": "14069.00000", "2017-06-30": "13865.00000", "2017-03-31": "13497.00000", "2016-12-31": "13326.00000", "2016-09-30": "13334.00000", "2016-06-30": "13180.00000", "2016-03-31": "12712.00000", "2015-12-31": "12461.00000", "2015-09-30": "12401.00000", "2015-06-30": "12391.00000", "2015-03-31": "12289.00000", "2014-12-31": "12175.00000", "2014-09-30": "12098.00000", "2014-06-30": "11992.00000", "2014-03-31": "11774.00000", "2013-12-31": "11592.00000", "2013-09-30": "11523.00000", "2013-06-30": "11335.00000", "2013-03-31": "11252.00000", "2012-12-31": "11095.00000", "2012-09-30": "11120.00000", "2012-06-30": "10945.00000", "2012-03-31": "10815.00000", "2011-12-31": "10602.00000", "2011-09-30": "10626.00000", "2011-06-30": "10645.00000", "2011-03-31": "10251.00000", "2010-12-31": "10063.00000", "2010-09-30": "10060.00000", "2010-06-30": "9870.00000", "2010-03-31": "9751.00000", "2009-12-31": "9680.00000", "2009-09-30": "9600.00000", "2009-06-30": "9378.00000", "2009-03-31": "9227.00000", "2008-12-31": "9187.00000", "2008-09-30": "9616.00000", "2008-06-30": "10104.00000", "2008-03-31": "10496.00000", "2007-12-31": "10708.00000", "2007-09-30": "11084.00000", "2007-06-30": "11438.00000", "2007-03-31": "11513.00000", "2006-12-31": "10414.00000", "2006-09-30": "11207.00000", "2006-06-30": "10871.00000", "2006-03-31": "10559.00000", "2005-12-31": "9917.00000", "2005-09-30": "9969.00000", "2005-06-30": "9892.00000", "2005-03-31": "9791.00000"}, "Common Stock Net": {"2020-09-30": "397.00000", "2020-06-30": "397.00000", "2020-03-31": "397.00000", "2019-12-31": "397.00000", "2019-09-30": "397.00000", "2019-06-30": "397.00000", "2019-03-31": "397.00000", "2018-12-31": "397.00000", "2018-09-30": "397.00000", "2018-06-30": "397.00000", "2018-03-31": "397.00000", "2017-12-31": "397.00000", "2017-09-30": "397.00000", "2017-06-30": "397.00000", "2017-03-31": "397.00000", "2016-12-31": "397.00000", "2016-09-30": "397.00000", "2016-06-30": "397.00000", "2016-03-31": "397.00000", "2015-12-31": "397.00000", "2015-09-30": "397.00000", "2015-06-30": "397.00000", "2015-03-31": "397.00000", "2014-12-31": "397.00000", "2014-09-30": "397.00000", "2014-06-30": "397.00000", "2014-03-31": "397.00000", "2013-12-31": "397.00000", "2013-09-30": "396.00000", "2013-06-30": "396.00000", "2013-03-31": "395.00000", "2012-12-31": "394.00000", "2012-09-30": "394.00000", "2012-06-30": "393.00000", "2012-03-31": "393.00000", "2011-12-31": "393.00000", "2011-09-30": "393.00000", "2011-06-30": "393.00000", "2011-03-31": "393.00000", "2010-12-31": "393.00000", "2010-09-30": "393.00000", "2010-06-30": "393.00000", "2010-03-31": "393.00000", "2009-12-31": "393.00000", "2009-09-30": "393.00000", "2009-06-30": "393.00000", "2009-03-31": "393.00000", "2008-12-31": "393.00000", "2008-09-30": "393.00000", "2008-06-30": "393.00000", "2008-03-31": "393.00000", "2007-12-31": "393.00000", "2007-09-30": "392.00000", "2007-06-30": "392.00000", "2007-03-31": "392.00000", "2006-12-31": "391.00000", "2006-09-30": "391.00000", "2006-06-30": "391.00000", "2006-03-31": "390.00000", "2005-12-31": "389.00000", "2005-09-30": "389.00000", "2005-06-30": "389.00000", "2005-03-31": "389.00000"}, "Retained Earnings (Accumulated Deficit)": {"2020-09-30": "9132.00000", "2020-06-30": "8745.00000", "2020-03-31": "7932.00000", "2019-12-31": "9257.00000", "2019-09-30": "8722.00000", "2019-06-30": "8566.00000", "2019-03-31": "8229.00000", "2018-12-31": "7625.00000", "2018-09-30": "8164.00000", "2018-06-30": "7696.00000", "2018-03-31": "7565.00000", "2017-12-31": "5180.00000", "2017-09-30": "5193.00000", "2017-06-30": "5174.00000", "2017-03-31": "5156.00000", "2016-12-31": "5037.00000", "2016-09-30": "5016.00000", "2016-06-30": "4915.00000", "2016-03-31": "4871.00000", "2015-12-31": "4762.00000", "2015-09-30": "4756.00000", "2015-06-30": "4658.00000", "2015-03-31": "4557.00000", "2014-12-31": "4505.00000", "2014-09-30": "4409.00000", "2014-06-30": "4299.00000", "2014-03-31": "4287.00000", "2013-12-31": "4268.00000", "2013-09-30": "4214.00000", "2013-06-30": "4152.00000", "2013-03-31": "4109.00000", "2012-12-31": "4021.00000", "2012-09-30": "3896.00000", "2012-06-30": "3851.00000", "2012-03-31": "3884.00000", "2011-12-31": "3863.00000", "2011-09-30": "3816.00000", "2011-06-30": "3862.00000", "2011-03-31": "3977.00000", "2010-12-31": "3980.00000", "2010-09-30": "3919.00000", "2010-06-30": "3828.00000", "2010-03-31": "3865.00000", "2009-12-31": "3862.00000", "2009-09-30": "3681.00000", "2009-06-30": "3575.00000", "2009-03-31": "3551.00000", "2008-12-31": "3579.00000", "2008-09-30": "3482.00000", "2008-06-30": "3298.00000", "2008-03-31": "3298.00000", "2007-12-31": "3404.00000", "2007-09-30": "3277.00000", "2007-06-30": "3213.00000", "2007-03-31": "2923.00000", "2006-12-31": "2786.00000", "2006-09-30": "2714.00000", "2006-06-30": "2656.00000", "2006-03-31": "2581.00000", "2005-12-31": "2088.00000", "2005-09-30": "1958.00000", "2005-06-30": "1894.00000", "2005-03-31": "1790.00000"}, "Comprehensive Income": {"2020-09-30": "686.00000", "2020-06-30": "597.00000", "2020-03-31": "204.00000", "2019-12-31": "448.00000", "2019-09-30": "442.00000", "2019-06-30": "364.00000", "2019-03-31": "210.00000", "2018-12-31": "22.00000", "2018-09-30": "-4.00000", "2018-06-30": "55.00000", "2018-03-31": "115.00000", "2017-12-31": "2788.00000", "2017-09-30": "2047.00000", "2017-06-30": "1925.00000", "2017-03-31": "1780.00000", "2016-12-31": "1693.00000", "2016-09-30": "1752.00000", "2016-06-30": "1714.00000", "2016-03-31": "1531.00000", "2015-12-31": "1344.00000", "2015-09-30": "1280.00000", "2015-06-30": "1514.00000", "2015-03-31": "1716.00000", "2014-12-31": "1744.00000", "2014-09-30": "1658.00000", "2014-06-30": "1732.00000", "2014-03-31": "1578.00000", "2013-12-31": "1504.00000", "2013-09-30": "1267.00000", "2013-06-30": "1221.00000", "2013-03-31": "1362.00000", "2012-12-31": "1129.00000", "2012-09-30": "1171.00000", "2012-06-30": "1010.00000", "2012-03-31": "1047.00000", "2011-12-31": "901.00000", "2011-09-30": "703.00000", "2011-06-30": "903.00000", "2011-03-31": "855.00000", "2010-12-31": "769.00000", "2010-09-30": "814.00000", "2010-06-30": "636.00000", "2010-03-31": "722.00000", "2009-12-31": "624.00000", "2009-09-30": "675.00000", "2009-06-30": "304.00000", "2009-03-31": "69.00000", "2008-12-31": "347.00000", "2008-09-30": "956.00000", "2008-06-30": "1163.00000", "2008-03-31": "1880.00000", "2007-12-31": "2151.00000", "2007-09-30": "2735.00000", "2007-06-30": "3013.00000", "2007-03-31": "3193.00000", "2006-12-31": "3379.00000", "2006-09-30": "3093.00000", "2006-06-30": "2753.00000", "2006-03-31": "2972.00000", "2005-12-31": "3284.00000", "2005-09-30": "3329.00000", "2005-06-30": "3505.00000", "2005-03-31": "3453.00000"}, "Other Share Holders Equity": {"2020-09-30": "", "2020-06-30": "", "2020-03-31": "", "2019-12-31": "", "2019-09-30": "", "2019-06-30": "", "2019-03-31": "", "2018-12-31": "", "2018-09-30": "", "2018-06-30": "", "2018-03-31": "", "2017-12-31": "", "2017-09-30": "", "2017-06-30": "", "2017-03-31": "", "2016-12-31": "", "2016-09-30": "", "2016-06-30": "", "2016-03-31": "", "2015-12-31": "", "2015-09-30": "", "2015-06-30": "", "2015-03-31": "", "2014-12-31": "", "2014-09-30": "", "2014-06-30": "", "2014-03-31": "", "2013-12-31": "", "2013-09-30": "", "2013-06-30": "", "2013-03-31": "", "2012-12-31": "", "2012-09-30": "", "2012-06-30": "", "2012-03-31": "", "2011-12-31": "", "2011-09-30": "", "2011-06-30": "", "2011-03-31": "", "2010-12-31": "", "2010-09-30": "", "2010-06-30": "", "2010-03-31": "", "2009-12-31": "", "2009-09-30": "", "2009-06-30": "", "2009-03-31": "", "2008-12-31": "", "2008-09-30": "", "2008-06-30": "", "2008-03-31": "", "2007-12-31": "", "2007-09-30": "", "2007-06-30": "", "2007-03-31": "", "2006-12-31": "", "2006-09-30": "", "2006-06-30": "", "2006-03-31": "", "2005-12-31": "", "2005-09-30": "", "2005-06-30": "", "2005-03-31": ""}, "Share Holder Equity": {"2020-09-30": "9745.00000", "2020-06-30": "9258.00000", "2020-03-31": "8042.00000", "2019-12-31": "9864.00000", "2019-09-30": "9371.00000", "2019-06-30": "9131.00000", "2019-03-31": "8630.00000", "2018-12-31": "7833.00000", "2018-09-30": "8334.00000", "2018-06-30": "7916.00000", "2018-03-31": "7946.00000", "2017-12-31": "8243.00000", "2017-09-30": "7523.00000", "2017-06-30": "7373.00000", "2017-03-31": "7256.00000", "2016-12-31": "7060.00000", "2016-09-30": "7121.00000", "2016-06-30": "6971.00000", "2016-03-31": "6735.00000", "2015-12-31": "6427.00000", "2015-09-30": "6350.00000", "2015-06-30": "6497.00000", "2015-03-31": "6608.00000", "2014-12-31": "6573.00000", "2014-09-30": "6376.00000", "2014-06-30": "6343.00000", "2014-03-31": "6168.00000", "2013-12-31": "6070.00000", "2013-09-30": "5816.00000", "2013-06-30": "5699.00000", "2013-03-31": "5785.00000", "2012-12-31": "5453.00000", "2012-09-30": "5359.00000", "2012-06-30": "5144.00000", "2012-03-31": "5207.00000", "2011-12-31": "5033.00000", "2011-09-30": "4786.00000", "2011-06-30": "5057.00000", "2011-03-31": "5118.00000", "2010-12-31": "5032.00000", "2010-09-30": "5010.00000", "2010-06-30": "4737.00000", "2010-03-31": "4865.00000", "2009-12-31": "4760.00000", "2009-09-30": "4626.00000", "2009-06-30": "4144.00000", "2009-03-31": "3881.00000", "2008-12-31": "4182.00000", "2008-09-30": "4687.00000", "2008-06-30": "4707.00000", "2008-03-31": "5449.00000", "2007-12-31": "5929.00000", "2007-09-30": "6538.00000", "2007-06-30": "6826.00000", "2007-03-31": "6708.00000", "2006-12-31": "6808.00000", "2006-09-30": "6464.00000", "2006-06-30": "6065.00000", "2006-03-31": "6204.00000", "2005-12-31": "6086.00000", "2005-09-30": "6015.00000", "2005-06-30": "6132.00000", "2005-03-31": "6007.00000"}, "Total Liabilities And Share Holders Equity": {"2020-09-30": "26370.00000", "2020-06-30": "25450.00000", "2020-03-31": "23367.00000", "2019-12-31": "25408.00000", "2019-09-30": "24742.00000", "2019-06-30": "24337.00000", "2019-03-31": "23352.00000", "2018-12-31": "21935.00000", "2018-09-30": "22480.00000", "2018-06-30": "21760.00000", "2018-03-31": "21470.00000", "2017-12-31": "21843.00000", "2017-09-30": "21592.00000", "2017-06-30": "21238.00000", "2017-03-31": "20753.00000", "2016-12-31": "20386.00000", "2016-09-30": "20455.00000", "2016-06-30": "20151.00000", "2016-03-31": "19447.00000", "2015-12-31": "18888.00000", "2015-09-30": "18751.00000", "2015-06-30": "18888.00000", "2015-03-31": "18897.00000", "2014-12-31": "18748.00000", "2014-09-30": "18474.00000", "2014-06-30": "18335.00000", "2014-03-31": "17942.00000", "2013-12-31": "17662.00000", "2013-09-30": "17339.00000", "2013-06-30": "17034.00000", "2013-03-31": "17037.00000", "2012-12-31": "16548.00000", "2012-09-30": "16479.00000", "2012-06-30": "16089.00000", "2012-03-31": "16022.00000", "2011-12-31": "15635.00000", "2011-09-30": "15412.00000", "2011-06-30": "15702.00000", "2011-03-31": "15369.00000", "2010-12-31": "15095.00000", "2010-09-30": "15070.00000", "2010-06-30": "14607.00000", "2010-03-31": "14616.00000", "2009-12-31": "14440.00000", "2009-09-30": "14226.00000", "2009-06-30": "13522.00000", "2009-03-31": "13108.00000", "2008-12-31": "13369.00000", "2008-09-30": "14303.00000", "2008-06-30": "14811.00000", "2008-03-31": "15945.00000", "2007-12-31": "16637.00000", "2007-09-30": "17622.00000", "2007-06-30": "18264.00000", "2007-03-31": "18221.00000", "2006-12-31": "17222.00000", "2006-09-30": "17671.00000", "2006-06-30": "16936.00000", "2006-03-31": "16763.00000", "2005-12-31": "16003.00000", "2005-09-30": "15984.00000", "2005-06-30": "16024.00000", "2005-03-31": "15798.00000"}}, "cash flow statement": {"Net Income/Loss": {"2019-12-31": "1997.00000", "2018-12-31": "287.00000", "2017-12-31": "1045.00000", "2016-12-31": "591.00000", "2015-12-31": "634.00000", "2014-12-31": "525.00000", "2013-12-31": "517.00000", "2012-12-31": "421.00000", "2011-12-31": "164.00000", "2010-12-31": "375.00000", "2009-12-31": "432.00000", "2008-12-31": "429.00000", "2007-12-31": "855.00000", "2006-12-31": "930.00000", "2005-12-31": "602.00000"}, "Total Depreciation And Amortization - Cash Flow": {"2019-12-31": "72.00000", "2018-12-31": "63.00000", "2017-12-31": "55.00000", "2016-12-31": "48.00000", "2015-12-31": "52.00000", "2014-12-31": "51.00000", "2013-12-31": "50.00000", "2012-12-31": "44.00000", "2011-12-31": "42.00000", "2010-12-31": "41.00000", "2009-12-31": "38.00000", "2008-12-31": "32.00000", "2007-12-31": "36.00000", "2006-12-31": "38.00000", "2005-12-31": "33.00000"}, "Other Non-Cash Items": {"2019-12-31": "-1223.00000", "2018-12-31": "436.00000", "2017-12-31": "-518.00000", "2016-12-31": "-15.00000", "2015-12-31": "10.00000", "2014-12-31": "-30.00000", "2013-12-31": "-2.00000", "2012-12-31": "44.00000", "2011-12-31": "-24.00000", "2010-12-31": "-71.00000", "2009-12-31": "-212.00000", "2008-12-31": "-216.00000", "2007-12-31": "-320.00000", "2006-12-31": "-641.00000", "2005-12-31": ""}, "Total Non-Cash Items": {"2019-12-31": "-1151.00000", "2018-12-31": "499.00000", "2017-12-31": "-463.00000", "2016-12-31": "33.00000", "2015-12-31": "62.00000", "2014-12-31": "21.00000", "2013-12-31": "48.00000", "2012-12-31": "88.00000", "2011-12-31": "18.00000", "2010-12-31": "-30.00000", "2009-12-31": "-174.00000", "2008-12-31": "-184.00000", "2007-12-31": "-284.00000", "2006-12-31": "-603.00000", "2005-12-31": "33.00000"}, "Change In Accounts Receivable": {"2019-12-31": "-175.00000", "2018-12-31": "-107.00000", "2017-12-31": "77.00000", "2016-12-31": "-118.00000", "2015-12-31": "-54.00000", "2014-12-31": "-62.00000", "2013-12-31": "-70.00000", "2012-12-31": "-118.00000", "2011-12-31": "-128.00000", "2010-12-31": "79.00000", "2009-12-31": "128.00000", "2008-12-31": "69.00000", "2007-12-31": "-53.00000", "2006-12-31": "-16.00000", "2005-12-31": "-8.00000"}, "Change In Inventories": {"2019-12-31": "", "2018-12-31": "", "2017-12-31": "", "2016-12-31": "", "2015-12-31": "", "2014-12-31": "", "2013-12-31": "", "2012-12-31": "", "2011-12-31": "", "2010-12-31": "", "2009-12-31": "", "2008-12-31": "", "2007-12-31": "", "2006-12-31": "", "2005-12-31": ""}, "Change In Accounts Payable": {"2019-12-31": "184.00000", "2018-12-31": "112.00000", "2017-12-31": "97.00000", "2016-12-31": "106.00000", "2015-12-31": "119.00000", "2014-12-31": "106.00000", "2013-12-31": "184.00000", "2012-12-31": "159.00000", "2011-12-31": "80.00000", "2010-12-31": "44.00000", "2009-12-31": "-35.00000", "2008-12-31": "-20.00000", "2007-12-31": "-15.00000", "2006-12-31": "20.00000", "2005-12-31": "20.00000"}, "Change In Assets/Liabilities": {"2019-12-31": "261.00000", "2018-12-31": "481.00000", "2017-12-31": "229.00000", "2016-12-31": "538.00000", "2015-12-31": "332.00000", "2014-12-31": "281.00000", "2013-12-31": "166.00000", "2012-12-31": "9.00000", "2011-12-31": "138.00000", "2010-12-31": "136.00000", "2009-12-31": "169.00000", "2008-12-31": "149.00000", "2007-12-31": "224.00000", "2006-12-31": "307.00000", "2005-12-31": "165.00000"}, "Total Change In Assets/Liabilities": {"2019-12-31": "362.00000", "2018-12-31": "395.00000", "2017-12-31": "470.00000", "2016-12-31": "491.00000", "2015-12-31": "379.00000", "2014-12-31": "327.00000", "2013-12-31": "231.00000", "2012-12-31": "129.00000", "2011-12-31": "65.00000", "2010-12-31": "186.00000", "2009-12-31": "267.00000", "2008-12-31": "239.00000", "2007-12-31": "134.00000", "2006-12-31": "288.00000", "2005-12-31": "170.00000"}, "Cash Flow From Operating Activities": {"2019-12-31": "1208.00000", "2018-12-31": "1181.00000", "2017-12-31": "1052.00000", "2016-12-31": "1115.00000", "2015-12-31": "1075.00000", "2014-12-31": "873.00000", "2013-12-31": "796.00000", "2012-12-31": "638.00000", "2011-12-31": "247.00000", "2010-12-31": "531.00000", "2009-12-31": "525.00000", "2008-12-31": "484.00000", "2007-12-31": "705.00000", "2006-12-31": "615.00000", "2005-12-31": "805.00000"}, "Net Change In Property, Plant, And Equipment": {"2019-12-31": "-24.00000", "2018-12-31": "-20.00000", "2017-12-31": "-16.00000", "2016-12-31": "-13.00000", "2015-12-31": "-10.00000", "2014-12-31": "-9.00000", "2013-12-31": "-7.00000", "2012-12-31": "-6.00000", "2011-12-31": "-7.00000", "2010-12-31": "-17.00000", "2009-12-31": "-42.00000", "2008-12-31": "-36.00000", "2007-12-31": "-70.00000", "2006-12-31": "-52.00000", "2005-12-31": "-44.00000"}, "Net Change In Intangible Assets": {"2019-12-31": "", "2018-12-31": "", "2017-12-31": "", "2016-12-31": "", "2015-12-31": "", "2014-12-31": "", "2013-12-31": "", "2012-12-31": "", "2011-12-31": "", "2010-12-31": "", "2009-12-31": "", "2008-12-31": "", "2007-12-31": "", "2006-12-31": "", "2005-12-31": ""}, "Net Acquisitions/Divestitures": {"2019-12-31": "", "2018-12-31": "", "2017-12-31": "", "2016-12-31": "", "2015-12-31": "", "2014-12-31": "", "2013-12-31": "", "2012-12-31": "", "2011-12-31": "", "2010-12-31": "", "2009-12-31": "", "2008-12-31": "", "2007-12-31": "", "2006-12-31": "", "2005-12-31": ""}, "Net Change In Short-term Investments": {"2019-12-31": "-5.00000", "2018-12-31": "-8.00000", "2017-12-31": "-9.00000", "2016-12-31": "13.00000", "2015-12-31": "16.00000", "2014-12-31": "13.00000", "2013-12-31": "-9.00000", "2012-12-31": "1.00000", "2011-12-31": "-2.00000", "2010-12-31": "9.00000", "2009-12-31": "74.00000", "2008-12-31": "39.00000", "2007-12-31": "9.00000", "2006-12-31": "-21.00000", "2005-12-31": "-49.00000"}, "Net Change In Long-Term Investments": {"2019-12-31": "-578.00000", "2018-12-31": "-385.00000", "2017-12-31": "-518.00000", "2016-12-31": "-442.00000", "2015-12-31": "-631.00000", "2014-12-31": "-324.00000", "2013-12-31": "-498.00000", "2012-12-31": "-304.00000", "2011-12-31": "-6.00000", "2010-12-31": "-521.00000", "2009-12-31": "-838.00000", "2008-12-31": "782.00000", "2007-12-31": "-40.00000", "2006-12-31": "-130.00000", "2005-12-31": "-703.00000"}, "Net Change In Investments - Total": {"2019-12-31": "-583.00000", "2018-12-31": "-393.00000", "2017-12-31": "-527.00000", "2016-12-31": "-429.00000", "2015-12-31": "-615.00000", "2014-12-31": "-311.00000", "2013-12-31": "-507.00000", "2012-12-31": "-303.00000", "2011-12-31": "-8.00000", "2010-12-31": "-512.00000", "2009-12-31": "-764.00000", "2008-12-31": "821.00000", "2007-12-31": "-31.00000", "2006-12-31": "-151.00000", "2005-12-31": "-752.00000"}, "Investing Activities - Other": {"2019-12-31": "-72.00000", "2018-12-31": "-38.00000", "2017-12-31": "-15.00000", "2016-12-31": "-14.00000", "2015-12-31": "1.00000", "2014-12-31": "9.00000", "2013-12-31": "5.00000", "2012-12-31": "5.00000", "2011-12-31": "7.00000", "2010-12-31": "", "2009-12-31": "-9.00000", "2008-12-31": "724.00000", "2007-12-31": "-761.00000", "2006-12-31": "-11.00000", "2005-12-31": "25.00000"}, "Cash Flow From Investing Activities": {"2019-12-31": "-679.00000", "2018-12-31": "-451.00000", "2017-12-31": "-558.00000", "2016-12-31": "-456.00000", "2015-12-31": "-624.00000", "2014-12-31": "-311.00000", "2013-12-31": "-509.00000", "2012-12-31": "-304.00000", "2011-12-31": "-8.00000", "2010-12-31": "-529.00000", "2009-12-31": "-815.00000", "2008-12-31": "1509.00000", "2007-12-31": "-862.00000", "2006-12-31": "-214.00000", "2005-12-31": "-771.00000"}, "Net Long-Term Debt": {"2019-12-31": "", "2018-12-31": "", "2017-12-31": "", "2016-12-31": "", "2015-12-31": "-14.00000", "2014-12-31": "-55.00000", "2013-12-31": "", "2012-12-31": "", "2011-12-31": "", "2010-12-31": "", "2009-12-31": "", "2008-12-31": "", "2007-12-31": "", "2006-12-31": "", "2005-12-31": ""}, "Net Current Debt": {"2019-12-31": "7.00000", "2018-12-31": "8.00000", "2017-12-31": "4.00000", "2016-12-31": "-15.00000", "2015-12-31": "", "2014-12-31": "", "2013-12-31": "", "2012-12-31": "", "2011-12-31": "55.00000", "2010-12-31": "", "2009-12-31": "", "2008-12-31": "-20.00000", "2007-12-31": "20.00000", "2006-12-31": "49.00000", "2005-12-31": ""}, "Debt Issuance/Retirement Net - Total": {"2019-12-31": "7.00000", "2018-12-31": "8.00000", "2017-12-31": "4.00000", "2016-12-31": "-15.00000", "2015-12-31": "-14.00000", "2014-12-31": "-55.00000", "2013-12-31": "", "2012-12-31": "", "2011-12-31": "55.00000", "2010-12-31": "", "2009-12-31": "", "2008-12-31": "-20.00000", "2007-12-31": "20.00000", "2006-12-31": "49.00000", "2005-12-31": ""}, "Net Common Equity Issued/Repurchased": {"2019-12-31": "-56.00000", "2018-12-31": "-116.00000", "2017-12-31": "-79.00000", "2016-12-31": "-18.00000", "2015-12-31": "-29.00000", "2014-12-31": "1.00000", "2013-12-31": "-27.00000", "2012-12-31": "10.00000", "2011-12-31": "-31.00000", "2010-12-31": "-10.00000", "2009-12-31": "", "2008-12-31": "-135.00000", "2007-12-31": "-288.00000", "2006-12-31": "-93.00000", "2005-12-31": "-50.00000"}, "Net Total Equity Issued/Repurchased": {"2019-12-31": "-56.00000", "2018-12-31": "-116.00000", "2017-12-31": "-79.00000", "2016-12-31": "-18.00000", "2015-12-31": "-29.00000", "2014-12-31": "1.00000", "2013-12-31": "-27.00000", "2012-12-31": "10.00000", "2011-12-31": "-31.00000", "2010-12-31": "-10.00000", "2009-12-31": "", "2008-12-31": "-135.00000", "2007-12-31": "-288.00000", "2006-12-31": "-93.00000", "2005-12-31": "-50.00000"}, "Total Common And Preferred Stock Dividends Paid": {"2019-12-31": "-355.00000", "2018-12-31": "-336.00000", "2017-12-31": "-400.00000", "2016-12-31": "-306.00000", "2015-12-31": "-366.00000", "2014-12-31": "-278.00000", "2013-12-31": "-263.00000", "2012-12-31": "-256.00000", "2011-12-31": "-255.00000", "2010-12-31": "-252.00000", "2009-12-31": "-249.00000", "2008-12-31": "-250.00000", "2007-12-31": "-240.00000", "2006-12-31": "-228.00000", "2005-12-31": "-204.00000"}, "Financial Activities - Other": {"2019-12-31": "-142.00000", "2018-12-31": "-159.00000", "2017-12-31": "-139.00000", "2016-12-31": "-87.00000", "2015-12-31": "-89.00000", "2014-12-31": "-72.00000", "2013-12-31": "-51.00000", "2012-12-31": "-39.00000", "2011-12-31": "45.00000", "2010-12-31": "88.00000", "2009-12-31": "87.00000", "2008-12-31": "-805.00000", "2007-12-31": "689.00000", "2006-12-31": "-46.00000", "2005-12-31": "33.00000"}, "Cash Flow From Financial Activities": {"2019-12-31": "-546.00000", "2018-12-31": "-603.00000", "2017-12-31": "-614.00000", "2016-12-31": "-426.00000", "2015-12-31": "-498.00000", "2014-12-31": "-404.00000", "2013-12-31": "-341.00000", "2012-12-31": "-285.00000", "2011-12-31": "-186.00000", "2010-12-31": "-174.00000", "2009-12-31": "-162.00000", "2008-12-31": "-1210.00000", "2007-12-31": "181.00000", "2006-12-31": "-318.00000", "2005-12-31": "-221.00000"}, "Net Cash Flow": {"2019-12-31": "-17.00000", "2018-12-31": "127.00000", "2017-12-31": "-120.00000", "2016-12-31": "233.00000", "2015-12-31": "-47.00000", "2014-12-31": "158.00000", "2013-12-31": "-54.00000", "2012-12-31": "49.00000", "2011-12-31": "53.00000", "2010-12-31": "-172.00000", "2009-12-31": "-452.00000", "2008-12-31": "783.00000", "2007-12-31": "24.00000", "2006-12-31": "83.00000", "2005-12-31": "-187.00000"}, "Stock-Based Compensation": {"2019-12-31": "30.00000", "2018-12-31": "28.00000", "2017-12-31": "26.00000", "2016-12-31": "23.00000", "2015-12-31": "20.00000", "2014-12-31": "19.00000", "2013-12-31": "18.00000", "2012-12-31": "16.00000", "2011-12-31": "13.00000", "2010-12-31": "11.00000", "2009-12-31": "10.00000", "2008-12-31": "15.00000", "2007-12-31": "14.00000", "2006-12-31": "17.00000", "2005-12-31": "0.00000"}, "Common Stock Dividends Paid": {"2019-12-31": "-355.00000", "2018-12-31": "-336.00000", "2017-12-31": "-400.00000", "2016-12-31": "-306.00000", "2015-12-31": "-366.00000", "2014-12-31": "-278.00000", "2013-12-31": "-263.00000", "2012-12-31": "-256.00000", "2011-12-31": "-255.00000", "2010-12-31": "-252.00000", "2009-12-31": "-249.00000", "2008-12-31": "-250.00000", "2007-12-31": "-240.00000", "2006-12-31": "-228.00000", "2005-12-31": "-204.00000"}}, "cash flow statement, quarterly": {"Net Income/Loss": {"2020-09-30": 484, "2020-06-30": 909, "2020-03-31": "-1226.00000", "2019-12-31": 626, "2019-09-30": 248, "2019-06-30": 428, "2019-03-31": "695.00000", "2018-12-31": -452, "2018-09-30": 553, "2018-06-30": 217, "2018-03-31": "-31.00000", "2017-12-31": 642, "2017-09-30": 102, "2017-06-30": 100, "2017-03-31": "201.00000", "2016-12-31": 100, "2016-09-30": 180, "2016-06-30": 123, "2016-03-31": "188.00000", "2015-12-31": 156, "2015-09-30": 174, "2015-06-30": 176, "2015-03-31": "128.00000", "2014-12-31": 167, "2014-09-30": 183, "2014-06-30": 84, "2014-03-31": "91.00000", "2013-12-31": 122, "2013-09-30": 131, "2013-06-30": 110, "2013-03-31": "154.00000", "2012-12-31": 192, "2012-09-30": 111, "2012-06-30": 32, "2012-03-31": "86.00000", "2011-12-31": 134, "2011-09-30": 19, "2011-06-30": -50, "2011-03-31": "61.00000", "2010-12-31": 124, "2010-09-30": 156, "2010-06-30": 27, "2010-03-31": "68.00000", "2009-12-31": 245, "2009-09-30": 170, "2009-06-30": -18, "2009-03-31": "35.00000", "2008-12-31": 161, "2008-09-30": 247, "2008-06-30": 63, "2008-03-31": "-42.00000", "2007-12-31": 186, "2007-09-30": 124, "2007-06-30": 351, "2007-03-31": "194.00000", "2006-12-31": 130, "2006-09-30": 116, "2006-06-30": 132, "2006-03-31": "552.00000", "2005-12-31": 183, "2005-09-30": 117, "2005-06-30": 158, "2005-03-31": "144.00000"}, "Total Depreciation And Amortization - Cash Flow": {"2020-09-30": 20, "2020-06-30": 20, "2020-03-31": "22.00000", "2019-12-31": 18, "2019-09-30": 18, "2019-06-30": 17, "2019-03-31": "19.00000", "2018-12-31": 15, "2018-09-30": 16, "2018-06-30": 14, "2018-03-31": "18.00000", "2017-12-31": 15, "2017-09-30": 13, "2017-06-30": 13, "2017-03-31": "14.00000", "2016-12-31": 14, "2016-09-30": 10, "2016-06-30": 12, "2016-03-31": "12.00000", "2015-12-31": 13, "2015-09-30": 12, "2015-06-30": 13, "2015-03-31": "14.00000", "2014-12-31": 13, "2014-09-30": 13, "2014-06-30": 12, "2014-03-31": "13.00000", "2013-12-31": 20, "2013-09-30": 10, "2013-06-30": 11, "2013-03-31": "9.00000", "2012-12-31": 12, "2012-09-30": 10, "2012-06-30": 11, "2012-03-31": "11.00000", "2011-12-31": 4, "2011-09-30": 15, "2011-06-30": 12, "2011-03-31": "11.00000", "2010-12-31": 11, "2010-09-30": 13, "2010-06-30": 7, "2010-03-31": "10.00000", "2009-12-31": 17, "2009-09-30": 7, "2009-06-30": 6, "2009-03-31": "8.00000", "2008-12-31": 5, "2008-09-30": 8, "2008-06-30": 11, "2008-03-31": "8.00000", "2007-12-31": 10, "2007-09-30": 10, "2007-06-30": 9, "2007-03-31": "7.00000", "2006-12-31": 12, "2006-09-30": 10, "2006-06-30": 8, "2006-03-31": "8.00000", "2005-12-31": 11, "2005-09-30": 8, "2005-06-30": 7, "2005-03-31": "7.00000"}, "Other Non-Cash Items": {"2020-09-30": -439, "2020-06-30": -828, "2020-03-31": "1396.00000", "2019-12-31": -410, "2019-09-30": -46, "2019-06-30": -271, "2019-03-31": "-496.00000", "2018-12-31": 614, "2018-09-30": -274, "2018-06-30": -68, "2018-03-31": "164.00000", "2017-12-31": -449, "2017-09-30": 10, "2017-06-30": 25, "2017-03-31": "-104.00000", "2016-12-31": 72, "2016-09-30": -27, "2016-06-30": -31, "2016-03-31": "-29.00000", "2015-12-31": 65, "2015-09-30": 17, "2015-06-30": -44, "2015-03-31": "-28.00000", "2014-12-31": 0, "2014-09-30": -40, "2014-06-30": 8, "2014-03-31": "2.00000", "2013-12-31": 15, "2013-09-30": -4, "2013-06-30": 3, "2013-03-31": "-16.00000", "2012-12-31": 32, "2012-09-30": 8, "2012-06-30": -2, "2012-03-31": "6.00000", "2011-12-31": 39, "2011-09-30": -9, "2011-06-30": -49, "2011-03-31": "-5.00000", "2010-12-31": 35, "2010-09-30": -135, "2010-06-30": 19, "2010-03-31": "10.00000", "2009-12-31": -194, "2009-09-30": -82, "2009-06-30": 49, "2009-03-31": "15.00000", "2008-12-31": -131, "2008-09-30": -290, "2008-06-30": 40, "2008-03-31": "165.00000", "2007-12-31": 9, "2007-09-30": 1, "2007-06-30": -279, "2007-03-31": "-51.00000", "2006-12-31": 0, "2006-09-30": 20, "2006-06-30": -5, "2006-03-31": "-656.00000", "2005-12-31": 0, "2005-09-30": 7, "2005-06-30": -6, "2005-03-31": "-1.00000"}, "Total Non-Cash Items": {"2020-09-30": -419, "2020-06-30": -808, "2020-03-31": "1418.00000", "2019-12-31": -392, "2019-09-30": -28, "2019-06-30": -254, "2019-03-31": "-477.00000", "2018-12-31": 629, "2018-09-30": -258, "2018-06-30": -54, "2018-03-31": "182.00000", "2017-12-31": -434, "2017-09-30": 23, "2017-06-30": 38, "2017-03-31": "-90.00000", "2016-12-31": 86, "2016-09-30": -17, "2016-06-30": -19, "2016-03-31": "-17.00000", "2015-12-31": 78, "2015-09-30": 29, "2015-06-30": -31, "2015-03-31": "-14.00000", "2014-12-31": 13, "2014-09-30": -27, "2014-06-30": 20, "2014-03-31": "15.00000", "2013-12-31": 35, "2013-09-30": 6, "2013-06-30": 14, "2013-03-31": "-7.00000", "2012-12-31": 44, "2012-09-30": 18, "2012-06-30": 9, "2012-03-31": "17.00000", "2011-12-31": 43, "2011-09-30": 6, "2011-06-30": -37, "2011-03-31": "6.00000", "2010-12-31": 46, "2010-09-30": -122, "2010-06-30": 26, "2010-03-31": "20.00000", "2009-12-31": -177, "2009-09-30": -75, "2009-06-30": 55, "2009-03-31": "23.00000", "2008-12-31": -126, "2008-09-30": -282, "2008-06-30": 51, "2008-03-31": "173.00000", "2007-12-31": 19, "2007-09-30": 11, "2007-06-30": -270, "2007-03-31": "-44.00000", "2006-12-31": 12, "2006-09-30": 30, "2006-06-30": 3, "2006-03-31": "-648.00000", "2005-12-31": 11, "2005-09-30": 15, "2005-06-30": 1, "2005-03-31": "6.00000"}, "Change In Accounts Receivable": {"2020-09-30": 139, "2020-06-30": -153, "2020-03-31": "-77.00000", "2019-12-31": -26, "2019-09-30": 80, "2019-06-30": -138, "2019-03-31": "-91.00000", "2018-12-31": 2, "2018-09-30": 16, "2018-06-30": -109, "2018-03-31": "-16.00000", "2017-12-31": 137, "2017-09-30": 27, "2017-06-30": -54, "2017-03-31": "-33.00000", "2016-12-31": -15, "2016-09-30": 26, "2016-06-30": -114, "2016-03-31": "-15.00000", "2015-12-31": 38, "2015-09-30": 0, "2015-06-30": -70, "2015-03-31": "-22.00000", "2014-12-31": 41, "2014-09-30": -13, "2014-06-30": -45, "2014-03-31": "-45.00000", "2013-12-31": 78, "2013-09-30": -44, "2013-06-30": -20, "2013-03-31": "-84.00000", "2012-12-31": 8, "2012-09-30": -51, "2012-06-30": -59, "2012-03-31": "-16.00000", "2011-12-31": 101, "2011-09-30": 41, "2011-06-30": -226, "2011-03-31": "-44.00000", "2010-12-31": -6, "2010-09-30": 15, "2010-06-30": -1, "2010-03-31": "71.00000", "2009-12-31": 74, "2009-09-30": 54, "2009-06-30": 2, "2009-03-31": "-2.00000", "2008-12-31": 129, "2008-09-30": -9, "2008-06-30": -48, "2008-03-31": "-3.00000", "2007-12-31": 43, "2007-09-30": 63, "2007-06-30": -75, "2007-03-31": "-84.00000", "2006-12-31": 51, "2006-09-30": 17, "2006-06-30": -55, "2006-03-31": "-29.00000", "2005-12-31": 74, "2005-09-30": -1, "2005-06-30": -19, "2005-03-31": "-62.00000"}, "Change In Inventories": {"2020-09-30": 0, "2020-06-30": 0, "2020-03-31": "", "2019-12-31": 0, "2019-09-30": 0, "2019-06-30": 0, "2019-03-31": "", "2018-12-31": 0, "2018-09-30": 0, "2018-06-30": 0, "2018-03-31": "", "2017-12-31": 0, "2017-09-30": 0, "2017-06-30": 0, "2017-03-31": "", "2016-12-31": 0, "2016-09-30": 0, "2016-06-30": 0, "2016-03-31": "", "2015-12-31": 0, "2015-09-30": 0, "2015-06-30": 0, "2015-03-31": "", "2014-12-31": 0, "2014-09-30": 0, "2014-06-30": 0, "2014-03-31": "", "2013-12-31": 0, "2013-09-30": 0, "2013-06-30": 0, "2013-03-31": "", "2012-12-31": 0, "2012-09-30": 0, "2012-06-30": 0, "2012-03-31": "", "2011-12-31": 0, "2011-09-30": 0, "2011-06-30": 0, "2011-03-31": "", "2010-12-31": 0, "2010-09-30": 0, "2010-06-30": 0, "2010-03-31": "", "2009-12-31": 0, "2009-09-30": 0, "2009-06-30": 0, "2009-03-31": "", "2008-12-31": 0, "2008-09-30": 0, "2008-06-30": 0, "2008-03-31": "", "2007-12-31": 0, "2007-09-30": 0, "2007-06-30": 0, "2007-03-31": "", "2006-12-31": 0, "2006-09-30": 0, "2006-06-30": 0, "2006-03-31": "", "2005-12-31": 0, "2005-09-30": 0, "2005-06-30": 0, "2005-03-31": ""}, "Change In Accounts Payable": {"2020-09-30": -83, "2020-06-30": 185, "2020-03-31": "134.00000", "2019-12-31": -71, "2019-09-30": -37, "2019-06-30": 179, "2019-03-31": "113.00000", "2018-12-31": -75, "2018-09-30": 13, "2018-06-30": 119, "2018-03-31": "55.00000", "2017-12-31": -71, "2017-09-30": 14, "2017-06-30": 84, "2017-03-31": "70.00000", "2016-12-31": -81, "2016-09-30": 39, "2016-06-30": 101, "2016-03-31": "47.00000", "2015-12-31": -14, "2015-09-30": 24, "2015-06-30": 82, "2015-03-31": "27.00000", "2014-12-31": -46, "2014-09-30": 18, "2014-06-30": 75, "2014-03-31": "59.00000", "2013-12-31": -50, "2013-09-30": 79, "2013-06-30": 72, "2013-03-31": "83.00000", "2012-12-31": -26, "2012-09-30": 56, "2012-06-30": 82, "2012-03-31": "47.00000", "2011-12-31": -24, "2011-09-30": 27, "2011-06-30": 44, "2011-03-31": "33.00000", "2010-12-31": -20, "2010-09-30": 1, "2010-06-30": 23, "2010-03-31": "40.00000", "2009-12-31": -48, "2009-09-30": -8, "2009-06-30": -17, "2009-03-31": "38.00000", "2008-12-31": -39, "2008-09-30": -26, "2008-06-30": 24, "2008-03-31": "21.00000", "2007-12-31": -55, "2007-09-30": -43, "2007-06-30": 22, "2007-03-31": "61.00000", "2006-12-31": -44, "2006-09-30": -11, "2006-06-30": 24, "2006-03-31": "51.00000", "2005-12-31": -47, "2005-09-30": -4, "2005-06-30": 26, "2005-03-31": "45.00000"}, "Change In Assets/Liabilities": {"2020-09-30": 343, "2020-06-30": 325, "2020-03-31": "-79.00000", "2019-12-31": 176, "2019-09-30": 131, "2019-06-30": 114, "2019-03-31": "-160.00000", "2018-12-31": 220, "2018-09-30": 159, "2018-06-30": 164, "2018-03-31": "-62.00000", "2017-12-31": 17, "2017-09-30": 130, "2017-06-30": 134, "2017-03-31": "-52.00000", "2016-12-31": 242, "2016-09-30": 92, "2016-06-30": 207, "2016-03-31": "-3.00000", "2015-12-31": 78, "2015-09-30": 90, "2015-06-30": 100, "2015-03-31": "64.00000", "2014-12-31": 115, "2014-09-30": 53, "2014-06-30": 112, "2014-03-31": "1.00000", "2013-12-31": 86, "2013-09-30": 81, "2013-06-30": 85, "2013-03-31": "-86.00000", "2012-12-31": -41, "2012-09-30": -10, "2012-06-30": 66, "2012-03-31": "-6.00000", "2011-12-31": -192, "2011-09-30": 33, "2011-06-30": 319, "2011-03-31": "-22.00000", "2010-12-31": 15, "2010-09-30": 55, "2010-06-30": 104, "2010-03-31": "-38.00000", "2009-12-31": 13, "2009-09-30": -21, "2009-06-30": 179, "2009-03-31": "-2.00000", "2008-12-31": -77, "2008-09-30": 82, "2008-06-30": 135, "2008-03-31": "9.00000", "2007-12-31": 13, "2007-09-30": 119, "2007-06-30": 72, "2007-03-31": "20.00000", "2006-12-31": 73, "2006-09-30": 119, "2006-06-30": -20, "2006-03-31": "135.00000", "2005-12-31": -20, "2005-09-30": 139, "2005-06-30": 61, "2005-03-31": "-15.00000"}, "Total Change In Assets/Liabilities": {"2020-09-30": 440, "2020-06-30": 346, "2020-03-31": "-25.00000", "2019-12-31": 94, "2019-09-30": 184, "2019-06-30": 102, "2019-03-31": "-18.00000", "2018-12-31": 178, "2018-09-30": 67, "2018-06-30": 147, "2018-03-31": "3.00000", "2017-12-31": 98, "2017-09-30": 176, "2017-06-30": 171, "2017-03-31": "25.00000", "2016-12-31": 94, "2016-09-30": 173, "2016-06-30": 130, "2016-03-31": "94.00000", "2015-12-31": 86, "2015-09-30": 82, "2015-06-30": 110, "2015-03-31": "101.00000", "2014-12-31": 60, "2014-09-30": 126, "2014-06-30": 118, "2014-03-31": "23.00000", "2013-12-31": 101, "2013-09-30": 150, "2013-06-30": 70, "2013-03-31": "-90.00000", "2012-12-31": -31, "2012-09-30": 39, "2012-06-30": 76, "2012-03-31": "45.00000", "2011-12-31": -78, "2011-09-30": 119, "2011-06-30": 34, "2011-03-31": "-10.00000", "2010-12-31": -56, "2010-09-30": 130, "2010-06-30": 90, "2010-03-31": "22.00000", "2009-12-31": 95, "2009-09-30": 110, "2009-06-30": 80, "2009-03-31": "-18.00000", "2008-12-31": -33, "2008-09-30": 183, "2008-06-30": 42, "2008-03-31": "47.00000", "2007-12-31": -20, "2007-09-30": 50, "2007-06-30": 36, "2007-03-31": "68.00000", "2006-12-31": 53, "2006-09-30": 35, "2006-06-30": -243, "2006-03-31": "443.00000", "2005-12-31": 46, "2005-09-30": 101, "2005-06-30": 23, "2005-03-31": ""}, "Cash Flow From Operating Activities": {"2020-09-30": 505, "2020-06-30": 447, "2020-03-31": "167.00000", "2019-12-31": 328, "2019-09-30": 404, "2019-06-30": 276, "2019-03-31": "200.00000", "2018-12-31": 355, "2018-09-30": 362, "2018-06-30": 310, "2018-03-31": "154.00000", "2017-12-31": 306, "2017-09-30": 301, "2017-06-30": 309, "2017-03-31": "136.00000", "2016-12-31": 280, "2016-09-30": 336, "2016-06-30": 234, "2016-03-31": "265.00000", "2015-12-31": 320, "2015-09-30": 285, "2015-06-30": 255, "2015-03-31": "215.00000", "2014-12-31": 240, "2014-09-30": 282, "2014-06-30": 222, "2014-03-31": "129.00000", "2013-12-31": 258, "2013-09-30": 287, "2013-06-30": 194, "2013-03-31": "57.00000", "2012-12-31": 205, "2012-09-30": 168, "2012-06-30": 117, "2012-03-31": "148.00000", "2011-12-31": 99, "2011-09-30": 144, "2011-06-30": -53, "2011-03-31": "57.00000", "2010-12-31": 114, "2010-09-30": 164, "2010-06-30": 143, "2010-03-31": "110.00000", "2009-12-31": 163, "2009-09-30": 205, "2009-06-30": 117, "2009-03-31": "40.00000", "2008-12-31": 2, "2008-09-30": 148, "2008-06-30": 156, "2008-03-31": "178.00000", "2007-12-31": 185, "2007-09-30": 185, "2007-06-30": 117, "2007-03-31": "218.00000", "2006-12-31": 195, "2006-09-30": 181, "2006-06-30": -108, "2006-03-31": "347.00000", "2005-12-31": 240, "2005-09-30": 233, "2005-06-30": 182, "2005-03-31": "150.00000"}, "Net Change In Property, Plant, And Equipment": {"2020-09-30": -6, "2020-06-30": -6, "2020-03-31": "-4.00000", "2019-12-31": -2, "2019-09-30": -9, "2019-06-30": -8, "2019-03-31": "-5.00000", "2018-12-31": -6, "2018-09-30": -5, "2018-06-30": -6, "2018-03-31": "-3.00000", "2017-12-31": -2, "2017-09-30": -5, "2017-06-30": -7, "2017-03-31": "-2.00000", "2016-12-31": -4, "2016-09-30": -2, "2016-06-30": -4, "2016-03-31": "-3.00000", "2015-12-31": -3, "2015-09-30": -2, "2015-06-30": -4, "2015-03-31": "-1.00000", "2014-12-31": -3, "2014-09-30": -1, "2014-06-30": -2, "2014-03-31": "-3.00000", "2013-12-31": -2, "2013-09-30": -2, "2013-06-30": -2, "2013-03-31": "-1.00000", "2012-12-31": -1, "2012-09-30": -1, "2012-06-30": -2, "2012-03-31": "-2.00000", "2011-12-31": 5, "2011-09-30": -8, "2011-06-30": -2, "2011-03-31": "-2.00000", "2010-12-31": -3, "2010-09-30": -3, "2010-06-30": -3, "2010-03-31": "-8.00000", "2009-12-31": -11, "2009-09-30": -11, "2009-06-30": -12, "2009-03-31": "-8.00000", "2008-12-31": -8, "2008-09-30": -8, "2008-06-30": -9, "2008-03-31": "-11.00000", "2007-12-31": -19, "2007-09-30": -17, "2007-06-30": -17, "2007-03-31": "-17.00000", "2006-12-31": -15, "2006-09-30": -9, "2006-06-30": -10, "2006-03-31": "-18.00000", "2005-12-31": -10, "2005-09-30": -11, "2005-06-30": -13, "2005-03-31": "-10.00000"}, "Net Change In Intangible Assets": {"2020-09-30": 0, "2020-06-30": 0, "2020-03-31": "", "2019-12-31": 0, "2019-09-30": 0, "2019-06-30": 0, "2019-03-31": "", "2018-12-31": 0, "2018-09-30": 0, "2018-06-30": 0, "2018-03-31": "", "2017-12-31": 0, "2017-09-30": 0, "2017-06-30": 0, "2017-03-31": "", "2016-12-31": 0, "2016-09-30": 0, "2016-06-30": 0, "2016-03-31": "", "2015-12-31": 0, "2015-09-30": 0, "2015-06-30": 0, "2015-03-31": "", "2014-12-31": 0, "2014-09-30": 0, "2014-06-30": 0, "2014-03-31": "", "2013-12-31": 0, "2013-09-30": 0, "2013-06-30": 0, "2013-03-31": "", "2012-12-31": 0, "2012-09-30": 0, "2012-06-30": 0, "2012-03-31": "", "2011-12-31": 0, "2011-09-30": 0, "2011-06-30": 0, "2011-03-31": "", "2010-12-31": 0, "2010-09-30": 0, "2010-06-30": 0, "2010-03-31": "", "2009-12-31": 0, "2009-09-30": 0, "2009-06-30": 0, "2009-03-31": "", "2008-12-31": 0, "2008-09-30": 0, "2008-06-30": 0, "2008-03-31": "", "2007-12-31": 0, "2007-09-30": 0, "2007-06-30": 0, "2007-03-31": "", "2006-12-31": 0, "2006-09-30": 0, "2006-06-30": 0, "2006-03-31": "", "2005-12-31": 0, "2005-09-30": 0, "2005-06-30": 0, "2005-03-31": ""}, "Net Acquisitions/Divestitures": {"2020-09-30": 0, "2020-06-30": 0, "2020-03-31": "", "2019-12-31": 0, "2019-09-30": 0, "2019-06-30": 0, "2019-03-31": "", "2018-12-31": 0, "2018-09-30": 0, "2018-06-30": 0, "2018-03-31": "", "2017-12-31": 0, "2017-09-30": 0, "2017-06-30": 0, "2017-03-31": "", "2016-12-31": 0, "2016-09-30": 0, "2016-06-30": 0, "2016-03-31": "", "2015-12-31": 0, "2015-09-30": 0, "2015-06-30": 0, "2015-03-31": "", "2014-12-31": 0, "2014-09-30": 0, "2014-06-30": 0, "2014-03-31": "", "2013-12-31": 0, "2013-09-30": 0, "2013-06-30": 0, "2013-03-31": "", "2012-12-31": 0, "2012-09-30": 0, "2012-06-30": 0, "2012-03-31": "", "2011-12-31": 0, "2011-09-30": 0, "2011-06-30": 0, "2011-03-31": "", "2010-12-31": 0, "2010-09-30": 0, "2010-06-30": 0, "2010-03-31": "", "2009-12-31": 0, "2009-09-30": 0, "2009-06-30": 0, "2009-03-31": "", "2008-12-31": 0, "2008-09-30": 0, "2008-06-30": 0, "2008-03-31": "", "2007-12-31": 0, "2007-09-30": 0, "2007-06-30": 0, "2007-03-31": "", "2006-12-31": 0, "2006-09-30": 0, "2006-06-30": 0, "2006-03-31": "", "2005-12-31": 0, "2005-09-30": 0, "2005-06-30": 0, "2005-03-31": ""}, "Net Change In Short-term Investments": {"2020-09-30": 1, "2020-06-30": -9, "2020-03-31": "1.00000", "2019-12-31": 0, "2019-09-30": -1, "2019-06-30": -3, "2019-03-31": "-1.00000", "2018-12-31": -1, "2018-09-30": -3, "2018-06-30": -4, "2018-03-31": "0.00000", "2017-12-31": -5, "2017-09-30": -1, "2017-06-30": -4, "2017-03-31": "1.00000", "2016-12-31": 2, "2016-09-30": 6, "2016-06-30": 3, "2016-03-31": "2.00000", "2015-12-31": 79, "2015-09-30": 3, "2015-06-30": -46, "2015-03-31": "-20.00000", "2014-12-31": 3, "2014-09-30": 4, "2014-06-30": 3, "2014-03-31": "3.00000", "2013-12-31": -5, "2013-09-30": 0, "2013-06-30": -3, "2013-03-31": "-1.00000", "2012-12-31": 1, "2012-09-30": 2, "2012-06-30": -2, "2012-03-31": "0.00000", "2011-12-31": -2, "2011-09-30": 2, "2011-06-30": 1, "2011-03-31": "-3.00000", "2010-12-31": -2, "2010-09-30": 2, "2010-06-30": 3, "2010-03-31": "6.00000", "2009-12-31": 5, "2009-09-30": 0, "2009-06-30": -2, "2009-03-31": "71.00000", "2008-12-31": 132, "2008-09-30": -206, "2008-06-30": 54, "2008-03-31": "59.00000", "2007-12-31": -61, "2007-09-30": 67, "2007-06-30": -80, "2007-03-31": "83.00000", "2006-12-31": -96, "2006-09-30": -1, "2006-06-30": 289, "2006-03-31": "-213.00000", "2005-12-31": -63, "2005-09-30": -48, "2005-06-30": 33, "2005-03-31": "29.00000"}, "Net Change In Long-Term Investments": {"2020-09-30": -149, "2020-06-30": -137, "2020-03-31": "-119.00000", "2019-12-31": -135, "2019-09-30": -285, "2019-06-30": -144, "2019-03-31": "-14.00000", "2018-12-31": -43, "2018-09-30": -101, "2018-06-30": -195, "2018-03-31": "-46.00000", "2017-12-31": -89, "2017-09-30": -115, "2017-06-30": -75, "2017-03-31": "-239.00000", "2016-12-31": -67, "2016-09-30": -83, "2016-06-30": -181, "2016-03-31": "-111.00000", "2015-12-31": -82, "2015-09-30": -230, "2015-06-30": -251, "2015-03-31": "-68.00000", "2014-12-31": 18, "2014-09-30": -241, "2014-06-30": -139, "2014-03-31": "38.00000", "2013-12-31": -183, "2013-09-30": -89, "2013-06-30": -124, "2013-03-31": "-102.00000", "2012-12-31": -50, "2012-09-30": 47, "2012-06-30": -201, "2012-03-31": "-100.00000", "2011-12-31": 58, "2011-09-30": -94, "2011-06-30": 55, "2011-03-31": "-25.00000", "2010-12-31": -121, "2010-09-30": 15, "2010-06-30": -177, "2010-03-31": "-238.00000", "2009-12-31": -23, "2009-09-30": 16, "2009-06-30": -313, "2009-03-31": "-518.00000", "2008-12-31": 631, "2008-09-30": 183, "2008-06-30": 21, "2008-03-31": "-53.00000", "2007-12-31": 179, "2007-09-30": -38, "2007-06-30": -4, "2007-03-31": "-177.00000", "2006-12-31": -26, "2006-09-30": -60, "2006-06-30": -149, "2006-03-31": "105.00000", "2005-12-31": -108, "2005-09-30": -200, "2005-06-30": -70, "2005-03-31": "-325.00000"}, "Net Change In Investments - Total": {"2020-09-30": -148, "2020-06-30": -146, "2020-03-31": "-118.00000", "2019-12-31": -135, "2019-09-30": -286, "2019-06-30": -147, "2019-03-31": "-15.00000", "2018-12-31": -44, "2018-09-30": -104, "2018-06-30": -199, "2018-03-31": "-46.00000", "2017-12-31": -94, "2017-09-30": -116, "2017-06-30": -79, "2017-03-31": "-238.00000", "2016-12-31": -65, "2016-09-30": -77, "2016-06-30": -178, "2016-03-31": "-109.00000", "2015-12-31": -3, "2015-09-30": -227, "2015-06-30": -297, "2015-03-31": "-88.00000", "2014-12-31": 21, "2014-09-30": -237, "2014-06-30": -136, "2014-03-31": "41.00000", "2013-12-31": -188, "2013-09-30": -89, "2013-06-30": -127, "2013-03-31": "-103.00000", "2012-12-31": -49, "2012-09-30": 49, "2012-06-30": -203, "2012-03-31": "-100.00000", "2011-12-31": 56, "2011-09-30": -92, "2011-06-30": 56, "2011-03-31": "-28.00000", "2010-12-31": -123, "2010-09-30": 17, "2010-06-30": -174, "2010-03-31": "-232.00000", "2009-12-31": -18, "2009-09-30": 16, "2009-06-30": -315, "2009-03-31": "-447.00000", "2008-12-31": 763, "2008-09-30": -23, "2008-06-30": 75, "2008-03-31": "6.00000", "2007-12-31": 118, "2007-09-30": 29, "2007-06-30": -84, "2007-03-31": "-94.00000", "2006-12-31": -122, "2006-09-30": -61, "2006-06-30": 140, "2006-03-31": "-108.00000", "2005-12-31": -171, "2005-09-30": -248, "2005-06-30": -37, "2005-03-31": "-296.00000"}, "Investing Activities - Other": {"2020-09-30": -16, "2020-06-30": 46, "2020-03-31": "-14.00000", "2019-12-31": -16, "2019-09-30": -15, "2019-06-30": -5, "2019-03-31": "-36.00000", "2018-12-31": -21, "2018-09-30": -6, "2018-06-30": -6, "2018-03-31": "-5.00000", "2017-12-31": -3, "2017-09-30": -5, "2017-06-30": -1, "2017-03-31": "-6.00000", "2016-12-31": -1, "2016-09-30": 0, "2016-06-30": -17, "2016-03-31": "4.00000", "2015-12-31": 2, "2015-09-30": -2, "2015-06-30": 0, "2015-03-31": "1.00000", "2014-12-31": 2, "2014-09-30": 4, "2014-06-30": 2, "2014-03-31": "1.00000", "2013-12-31": 1, "2013-09-30": 1, "2013-06-30": 1, "2013-03-31": "2.00000", "2012-12-31": 3, "2012-09-30": -1, "2012-06-30": 1, "2012-03-31": "2.00000", "2011-12-31": 2, "2011-09-30": 3, "2011-06-30": 2, "2011-03-31": "", "2010-12-31": -1, "2010-09-30": -1, "2010-06-30": 1, "2010-03-31": "1.00000", "2009-12-31": -2, "2009-09-30": -4, "2009-06-30": 0, "2009-03-31": "-3.00000", "2008-12-31": -3, "2008-09-30": 504, "2008-06-30": 97, "2008-03-31": "126.00000", "2007-12-31": 6, "2007-09-30": 212, "2007-06-30": 9, "2007-03-31": "-988.00000", "2006-12-31": 1015, "2006-09-30": -118, "2006-06-30": -573, "2006-03-31": "-335.00000", "2005-12-31": 32, "2005-09-30": -3, "2005-06-30": -3, "2005-03-31": "-1.00000"}, "Cash Flow From Investing Activities": {"2020-09-30": -170, "2020-06-30": -106, "2020-03-31": "-136.00000", "2019-12-31": -153, "2019-09-30": -310, "2019-06-30": -160, "2019-03-31": "-56.00000", "2018-12-31": -71, "2018-09-30": -115, "2018-06-30": -211, "2018-03-31": "-54.00000", "2017-12-31": -99, "2017-09-30": -126, "2017-06-30": -87, "2017-03-31": "-246.00000", "2016-12-31": -70, "2016-09-30": -79, "2016-06-30": -199, "2016-03-31": "-108.00000", "2015-12-31": -4, "2015-09-30": -231, "2015-06-30": -301, "2015-03-31": "-88.00000", "2014-12-31": 20, "2014-09-30": -234, "2014-06-30": -136, "2014-03-31": "39.00000", "2013-12-31": -189, "2013-09-30": -90, "2013-06-30": -128, "2013-03-31": "-102.00000", "2012-12-31": -47, "2012-09-30": 47, "2012-06-30": -204, "2012-03-31": "-100.00000", "2011-12-31": 63, "2011-09-30": -97, "2011-06-30": 56, "2011-03-31": "-30.00000", "2010-12-31": -127, "2010-09-30": 13, "2010-06-30": -176, "2010-03-31": "-239.00000", "2009-12-31": -31, "2009-09-30": 1, "2009-06-30": -327, "2009-03-31": "-458.00000", "2008-12-31": 752, "2008-09-30": 473, "2008-06-30": 163, "2008-03-31": "121.00000", "2007-12-31": 105, "2007-09-30": 224, "2007-06-30": -92, "2007-03-31": "-1099.00000", "2006-12-31": 878, "2006-09-30": -188, "2006-06-30": -443, "2006-03-31": "-461.00000", "2005-12-31": -149, "2005-09-30": -262, "2005-06-30": -53, "2005-03-31": "-307.00000"}, "Net Long-Term Debt": {"2020-09-30": -83, "2020-06-30": 83, "2020-03-31": "", "2019-12-31": 0, "2019-09-30": -5, "2019-06-30": 5, "2019-03-31": "", "2018-12-31": 0, "2018-09-30": -37, "2018-06-30": 37, "2018-03-31": "", "2017-12-31": 3, "2017-09-30": 0, "2017-06-30": 0, "2017-03-31": "-3.00000", "2016-12-31": 15, "2016-09-30": -8, "2016-06-30": -7, "2016-03-31": "", "2015-12-31": 0, "2015-09-30": -14, "2015-06-30": 0, "2015-03-31": "", "2014-12-31": -55, "2014-09-30": 55, "2014-06-30": -55, "2014-03-31": "", "2013-12-31": 0, "2013-09-30": 0, "2013-06-30": 0, "2013-03-31": "", "2012-12-31": 0, "2012-09-30": 0, "2012-06-30": 0, "2012-03-31": "", "2011-12-31": 0, "2011-09-30": 0, "2011-06-30": 0, "2011-03-31": "", "2010-12-31": 0, "2010-09-30": 0, "2010-06-30": 0, "2010-03-31": "", "2009-12-31": 0, "2009-09-30": 0, "2009-06-30": 0, "2009-03-31": "", "2008-12-31": 0, "2008-09-30": 0, "2008-06-30": 0, "2008-03-31": "", "2007-12-31": 0, "2007-09-30": 0, "2007-06-30": 0, "2007-03-31": "", "2006-12-31": 0, "2006-09-30": 0, "2006-06-30": 0, "2006-03-31": "", "2005-12-31": 0, "2005-09-30": 0, "2005-06-30": 0, "2005-03-31": ""}, "Net Current Debt": {"2020-09-30": 84, "2020-06-30": -75, "2020-03-31": "75.00000", "2019-12-31": 1, "2019-09-30": 6, "2019-06-30": 0, "2019-03-31": "", "2018-12-31": 2, "2018-09-30": 6, "2018-06-30": 0, "2018-03-31": "", "2017-12-31": 4, "2017-09-30": 0, "2017-06-30": 0, "2017-03-31": "", "2016-12-31": -15, "2016-09-30": 0, "2016-06-30": 0, "2016-03-31": "", "2015-12-31": 0, "2015-09-30": 0, "2015-06-30": 0, "2015-03-31": "", "2014-12-31": 55, "2014-09-30": -55, "2014-06-30": 0, "2014-03-31": "", "2013-12-31": 0, "2013-09-30": 0, "2013-06-30": 0, "2013-03-31": "", "2012-12-31": 0, "2012-09-30": 0, "2012-06-30": 0, "2012-03-31": "", "2011-12-31": 0, "2011-09-30": 55, "2011-06-30": 0, "2011-03-31": "", "2010-12-31": 0, "2010-09-30": 0, "2010-06-30": 0, "2010-03-31": "", "2009-12-31": 0, "2009-09-30": 0, "2009-06-30": 0, "2009-03-31": "", "2008-12-31": -20, "2008-09-30": 0, "2008-06-30": 0, "2008-03-31": "", "2007-12-31": 0, "2007-09-30": 20, "2007-06-30": 0, "2007-03-31": "", "2006-12-31": 0, "2006-09-30": 0, "2006-06-30": 49, "2006-03-31": "", "2005-12-31": 0, "2005-09-30": 0, "2005-06-30": 0, "2005-03-31": ""}, "Debt Issuance/Retirement Net - Total": {"2020-09-30": 1, "2020-06-30": 8, "2020-03-31": "75.00000", "2019-12-31": 1, "2019-09-30": 1, "2019-06-30": 5, "2019-03-31": "", "2018-12-31": 2, "2018-09-30": -31, "2018-06-30": 37, "2018-03-31": "", "2017-12-31": 7, "2017-09-30": 0, "2017-06-30": 0, "2017-03-31": "-3.00000", "2016-12-31": 0, "2016-09-30": -8, "2016-06-30": -7, "2016-03-31": "", "2015-12-31": 0, "2015-09-30": -14, "2015-06-30": 0, "2015-03-31": "", "2014-12-31": 0, "2014-09-30": 0, "2014-06-30": -55, "2014-03-31": "", "2013-12-31": 0, "2013-09-30": 0, "2013-06-30": 0, "2013-03-31": "", "2012-12-31": 0, "2012-09-30": 0, "2012-06-30": 0, "2012-03-31": "", "2011-12-31": 0, "2011-09-30": 55, "2011-06-30": 0, "2011-03-31": "", "2010-12-31": 0, "2010-09-30": 0, "2010-06-30": 0, "2010-03-31": "", "2009-12-31": 0, "2009-09-30": 0, "2009-06-30": 0, "2009-03-31": "", "2008-12-31": -20, "2008-09-30": 0, "2008-06-30": 0, "2008-03-31": "", "2007-12-31": 0, "2007-09-30": 20, "2007-06-30": 0, "2007-03-31": "", "2006-12-31": 0, "2006-09-30": 0, "2006-06-30": 49, "2006-03-31": "", "2005-12-31": 0, "2005-09-30": 0, "2005-06-30": 0, "2005-03-31": ""}, "Net Common Equity Issued/Repurchased": {"2020-09-30": 1, "2020-06-30": 0, "2020-03-31": "-252.00000", "2019-12-31": -60, "2019-09-30": -3, "2019-06-30": 4, "2019-03-31": "3.00000", "2018-12-31": 2, "2018-09-30": 2, "2018-06-30": -109, "2018-03-31": "-11.00000", "2017-12-31": -19, "2017-09-30": 2, "2017-06-30": -53, "2017-03-31": "-9.00000", "2016-12-31": -33, "2016-09-30": 4, "2016-06-30": 2, "2016-03-31": "9.00000", "2015-12-31": -2, "2015-09-30": -18, "2015-06-30": -16, "2015-03-31": "7.00000", "2014-12-31": 8, "2014-09-30": -11, "2014-06-30": 3, "2014-03-31": "1.00000", "2013-12-31": -44, "2013-09-30": 5, "2013-06-30": 6, "2013-03-31": "6.00000", "2012-12-31": 4, "2012-09-30": 3, "2012-06-30": 2, "2012-03-31": "1.00000", "2011-12-31": -1, "2011-09-30": -31, "2011-06-30": 1, "2011-03-31": "", "2010-12-31": 0, "2010-09-30": 0, "2010-06-30": -10, "2010-03-31": "", "2009-12-31": 0, "2009-09-30": 0, "2009-06-30": 0, "2009-03-31": "", "2008-12-31": 0, "2008-09-30": 1, "2008-06-30": -41, "2008-03-31": "-95.00000", "2007-12-31": -158, "2007-09-30": -77, "2007-06-30": -13, "2007-03-31": "-40.00000", "2006-12-31": -19, "2006-09-30": -3, "2006-06-30": 0, "2006-03-31": "-71.00000", "2005-12-31": -14, "2005-09-30": -4, "2005-06-30": -31, "2005-03-31": "-1.00000"}, "Net Total Equity Issued/Repurchased": {"2020-09-30": 1, "2020-06-30": 0, "2020-03-31": "-252.00000", "2019-12-31": -60, "2019-09-30": -3, "2019-06-30": 4, "2019-03-31": "3.00000", "2018-12-31": 2, "2018-09-30": 2, "2018-06-30": -109, "2018-03-31": "-11.00000", "2017-12-31": -19, "2017-09-30": 2, "2017-06-30": -53, "2017-03-31": "-9.00000", "2016-12-31": -33, "2016-09-30": 4, "2016-06-30": 2, "2016-03-31": "9.00000", "2015-12-31": -2, "2015-09-30": -18, "2015-06-30": -16, "2015-03-31": "7.00000", "2014-12-31": 8, "2014-09-30": -11, "2014-06-30": 3, "2014-03-31": "1.00000", "2013-12-31": -44, "2013-09-30": 5, "2013-06-30": 6, "2013-03-31": "6.00000", "2012-12-31": 4, "2012-09-30": 3, "2012-06-30": 2, "2012-03-31": "1.00000", "2011-12-31": -1, "2011-09-30": -31, "2011-06-30": 1, "2011-03-31": "", "2010-12-31": 0, "2010-09-30": 0, "2010-06-30": -10, "2010-03-31": "", "2009-12-31": 0, "2009-09-30": 0, "2009-06-30": 0, "2009-03-31": "", "2008-12-31": 0, "2008-09-30": 1, "2008-06-30": -41, "2008-03-31": "-95.00000", "2007-12-31": -158, "2007-09-30": -77, "2007-06-30": -13, "2007-03-31": "-40.00000", "2006-12-31": -19, "2006-09-30": -3, "2006-06-30": 0, "2006-03-31": "-71.00000", "2005-12-31": -14, "2005-09-30": -4, "2005-06-30": -31, "2005-03-31": "-1.00000"}, "Total Common And Preferred Stock Dividends Paid": {"2020-09-30": -95, "2020-06-30": -95, "2020-03-31": "-90.00000", "2019-12-31": -90, "2019-09-30": -90, "2019-06-30": -90, "2019-03-31": "-85.00000", "2018-12-31": -85, "2018-09-30": -85, "2018-06-30": -86, "2018-03-31": "-80.00000", "2017-12-31": -161, "2017-09-30": -81, "2017-06-30": -81, "2017-03-31": "-77.00000", "2016-12-31": -77, "2016-09-30": -78, "2016-06-30": -77, "2016-03-31": "-74.00000", "2015-12-31": -148, "2015-09-30": -73, "2015-06-30": -74, "2015-03-31": "-71.00000", "2014-12-31": -70, "2014-09-30": -70, "2014-06-30": -71, "2014-03-31": "-67.00000", "2013-12-31": -68, "2013-09-30": -65, "2013-06-30": -65, "2013-03-31": "-65.00000", "2012-12-31": -65, "2012-09-30": -63, "2012-06-30": -64, "2012-03-31": "-64.00000", "2011-12-31": -64, "2011-09-30": -64, "2011-06-30": -63, "2011-03-31": "-64.00000", "2010-12-31": -63, "2010-09-30": -63, "2010-06-30": -63, "2010-03-31": "-63.00000", "2009-12-31": -63, "2009-09-30": -62, "2009-06-30": -61, "2009-03-31": "-63.00000", "2008-12-31": -64, "2008-09-30": -63, "2008-06-30": -64, "2008-03-31": "-59.00000", "2007-12-31": -60, "2007-09-30": -61, "2007-06-30": -61, "2007-03-31": "-58.00000", "2006-12-31": -58, "2006-09-30": -58, "2006-06-30": -59, "2006-03-31": "-53.00000", "2005-12-31": -53, "2005-09-30": -53, "2005-06-30": -52, "2005-03-31": "-46.00000"}, "Financial Activities - Other": {"2020-09-30": -34, "2020-06-30": -34, "2020-03-31": "-45.00000", "2019-12-31": -46, "2019-09-30": -18, "2019-06-30": -34, "2019-03-31": "-44.00000", "2018-12-31": -35, "2018-09-30": -38, "2018-06-30": -24, "2018-03-31": "-62.00000", "2017-12-31": -51, "2017-09-30": -28, "2017-06-30": -25, "2017-03-31": "-35.00000", "2016-12-31": -23, "2016-09-30": -22, "2016-06-30": -19, "2016-03-31": "-23.00000", "2015-12-31": -41, "2015-09-30": -17, "2015-06-30": -17, "2015-03-31": "-14.00000", "2014-12-31": -19, "2014-09-30": -17, "2014-06-30": -22, "2014-03-31": "-14.00000", "2013-12-31": -35, "2013-09-30": -8, "2013-06-30": -5, "2013-03-31": "-3.00000", "2012-12-31": -26, "2012-09-30": -2, "2012-06-30": -12, "2012-03-31": "1.00000", "2011-12-31": 33, "2011-09-30": -12, "2011-06-30": -7, "2011-03-31": "31.00000", "2010-12-31": 16, "2010-09-30": 6, "2010-06-30": 29, "2010-03-31": "37.00000", "2009-12-31": 40, "2009-09-30": 50, "2009-06-30": 10, "2009-03-31": "-13.00000", "2008-12-31": -8, "2008-09-30": -545, "2008-06-30": -118, "2008-03-31": "-134.00000", "2007-12-31": -29, "2007-09-30": -230, "2007-06-30": -26, "2007-03-31": "974.00000", "2006-12-31": -1033, "2006-09-30": 104, "2006-06-30": 558, "2006-03-31": "325.00000", "2005-12-31": -3, "2005-09-30": 12, "2005-06-30": 9, "2005-03-31": "15.00000"}, "Cash Flow From Financial Activities": {"2020-09-30": -127, "2020-06-30": -121, "2020-03-31": "-312.00000", "2019-12-31": -195, "2019-09-30": -110, "2019-06-30": -115, "2019-03-31": "-126.00000", "2018-12-31": -116, "2018-09-30": -152, "2018-06-30": -182, "2018-03-31": "-153.00000", "2017-12-31": -224, "2017-09-30": -107, "2017-06-30": -159, "2017-03-31": "-124.00000", "2016-12-31": -133, "2016-09-30": -104, "2016-06-30": -101, "2016-03-31": "-88.00000", "2015-12-31": -191, "2015-09-30": -122, "2015-06-30": -107, "2015-03-31": "-78.00000", "2014-12-31": -81, "2014-09-30": -98, "2014-06-30": -145, "2014-03-31": "-80.00000", "2013-12-31": -147, "2013-09-30": -68, "2013-06-30": -64, "2013-03-31": "-62.00000", "2012-12-31": -87, "2012-09-30": -62, "2012-06-30": -74, "2012-03-31": "-62.00000", "2011-12-31": -32, "2011-09-30": -52, "2011-06-30": -69, "2011-03-31": "-33.00000", "2010-12-31": -47, "2010-09-30": -57, "2010-06-30": -44, "2010-03-31": "-26.00000", "2009-12-31": -23, "2009-09-30": -12, "2009-06-30": -51, "2009-03-31": "-76.00000", "2008-12-31": -92, "2008-09-30": -607, "2008-06-30": -223, "2008-03-31": "-288.00000", "2007-12-31": -247, "2007-09-30": -348, "2007-06-30": -100, "2007-03-31": "876.00000", "2006-12-31": -1110, "2006-09-30": 43, "2006-06-30": 548, "2006-03-31": "201.00000", "2005-12-31": -70, "2005-09-30": -45, "2005-06-30": -74, "2005-03-31": "-32.00000"}, "Net Cash Flow": {"2020-09-30": 208, "2020-06-30": 220, "2020-03-31": "-281.00000", "2019-12-31": -20, "2019-09-30": -16, "2019-06-30": 1, "2019-03-31": "18.00000", "2018-12-31": 168, "2018-09-30": 95, "2018-06-30": -83, "2018-03-31": "-53.00000", "2017-12-31": -17, "2017-09-30": 68, "2017-06-30": 63, "2017-03-31": "-234.00000", "2016-12-31": 77, "2016-09-30": 153, "2016-06-30": -66, "2016-03-31": "69.00000", "2015-12-31": 125, "2015-09-30": -68, "2015-06-30": -153, "2015-03-31": "49.00000", "2014-12-31": 179, "2014-09-30": -50, "2014-06-30": -59, "2014-03-31": "88.00000", "2013-12-31": -78, "2013-09-30": 129, "2013-06-30": 2, "2013-03-31": "-107.00000", "2012-12-31": 71, "2012-09-30": 153, "2012-06-30": -161, "2012-03-31": "-14.00000", "2011-12-31": 130, "2011-09-30": -5, "2011-06-30": -66, "2011-03-31": "-6.00000", "2010-12-31": -60, "2010-09-30": 120, "2010-06-30": -77, "2010-03-31": "-155.00000", "2009-12-31": 109, "2009-09-30": 194, "2009-06-30": -261, "2009-03-31": "-494.00000", "2008-12-31": 662, "2008-09-30": 14, "2008-06-30": 96, "2008-03-31": "11.00000", "2007-12-31": 43, "2007-09-30": 61, "2007-06-30": -75, "2007-03-31": "-5.00000", "2006-12-31": -37, "2006-09-30": 36, "2006-06-30": -3, "2006-03-31": "87.00000", "2005-12-31": 21, "2005-09-30": -74, "2005-06-30": 55, "2005-03-31": "-189.00000"}, "Stock-Based Compensation": {"2020-09-30": 8, "2020-06-30": 7, "2020-03-31": "9.00000", "2019-12-31": 7, "2019-09-30": 7, "2019-06-30": 7, "2019-03-31": "9.00000", "2018-12-31": 6, "2018-09-30": 6, "2018-06-30": 7, "2018-03-31": "9.00000", "2017-12-31": 7, "2017-09-30": 5, "2017-06-30": 6, "2017-03-31": "8.00000", "2016-12-31": 5, "2016-09-30": 5, "2016-06-30": 6, "2016-03-31": "7.00000", "2015-12-31": 4, "2015-09-30": 5, "2015-06-30": 4, "2015-03-31": "7.00000", "2014-12-31": 4, "2014-09-30": 5, "2014-06-30": 4, "2014-03-31": "6.00000", "2013-12-31": 4, "2013-09-30": 4, "2013-06-30": 5, "2013-03-31": "5.00000", "2012-12-31": 4, "2012-09-30": 4, "2012-06-30": 4, "2012-03-31": "4.00000", "2011-12-31": 3, "2011-09-30": 3, "2011-06-30": 4, "2011-03-31": "3.00000", "2010-12-31": 2, "2010-09-30": 3, "2010-06-30": 3, "2010-03-31": "3.00000", "2009-12-31": 2, "2009-09-30": 3, "2009-06-30": 2, "2009-03-31": "3.00000", "2008-12-31": 6, "2008-09-30": 3, "2008-06-30": 2, "2008-03-31": "4.00000", "2007-12-31": 3, "2007-09-30": 3, "2007-06-30": 3, "2007-03-31": "5.00000", "2006-12-31": 3, "2006-09-30": 3, "2006-06-30": 4, "2006-03-31": "7.00000", "2005-12-31": 0, "2005-09-30": 0, "2005-06-30": 0, "2005-03-31": "0.00000"}, "Common Stock Dividends Paid": {"2020-09-30": -95, "2020-06-30": -95, "2020-03-31": "-90.00000", "2019-12-31": -90, "2019-09-30": -90, "2019-06-30": -90, "2019-03-31": "-85.00000", "2018-12-31": -85, "2018-09-30": -85, "2018-06-30": -86, "2018-03-31": "-80.00000", "2017-12-31": -161, "2017-09-30": -81, "2017-06-30": -81, "2017-03-31": "-77.00000", "2016-12-31": -77, "2016-09-30": -78, "2016-06-30": -77, "2016-03-31": "-74.00000", "2015-12-31": -148, "2015-09-30": -73, "2015-06-30": -74, "2015-03-31": "-71.00000", "2014-12-31": -70, "2014-09-30": -70, "2014-06-30": -71, "2014-03-31": "-67.00000", "2013-12-31": -68, "2013-09-30": -65, "2013-06-30": -65, "2013-03-31": "-65.00000", "2012-12-31": -65, "2012-09-30": -63, "2012-06-30": -64, "2012-03-31": "-64.00000", "2011-12-31": -64, "2011-09-30": -64, "2011-06-30": -63, "2011-03-31": "-64.00000", "2010-12-31": -63, "2010-09-30": -63, "2010-06-30": -63, "2010-03-31": "-63.00000", "2009-12-31": -63, "2009-09-30": -62, "2009-06-30": -61, "2009-03-31": "-63.00000", "2008-12-31": -64, "2008-09-30": -63, "2008-06-30": -64, "2008-03-31": "-59.00000", "2007-12-31": -60, "2007-09-30": -61, "2007-06-30": -61, "2007-03-31": "-58.00000", "2006-12-31": -58, "2006-09-30": -58, "2006-06-30": -59, "2006-03-31": "-53.00000", "2005-12-31": -53, "2005-09-30": -53, "2005-06-30": -52, "2005-03-31": "-46.00000"}}, "financial ratios": {"Current Ratio": {"2019-12-31": "", "2018-12-31": "", "2017-12-31": "", "2016-12-31": "", "2015-12-31": "", "2014-12-31": "", "2013-12-31": "", "2012-12-31": "", "2011-12-31": "", "2010-12-31": "", "2009-12-31": "", "2008-12-31": "", "2007-12-31": "", "2006-12-31": "", "2005-12-31": ""}, "Long-term Debt / Capital": {"2019-12-31": "0.08230", "2018-12-31": "0.09960", "2017-12-31": "0.09360", "2016-12-31": "0.10700", "2015-12-31": "0.11750", "2014-12-31": "0.11700", "2013-12-31": "0.13400", "2012-12-31": "0.14580", "2011-12-31": "0.15530", "2010-12-31": "0.14540", "2009-12-31": "0.14980", "2008-12-31": "0.16730", "2007-12-31": "0.12670", "2006-12-31": "0.10980", "2005-12-31": "0.11500"}, "Debt/Equity Ratio": {"2019-12-31": "0.08970", "2018-12-31": "0.11060", "2017-12-31": "0.10320", "2016-12-31": "0.11980", "2015-12-31": "0.13320", "2014-12-31": "0.13250", "2013-12-31": "0.15470", "2012-12-31": "0.17070", "2011-12-31": "0.18380", "2010-12-31": "0.17010", "2009-12-31": "0.17630", "2008-12-31": "0.20090", "2007-12-31": "0.14500", "2006-12-31": "0.12340", "2005-12-31": "0.13000"}, "Gross Margin": {"2019-12-31": "", "2018-12-31": "", "2017-12-31": "", "2016-12-31": "", "2015-12-31": "", "2014-12-31": "", "2013-12-31": "", "2012-12-31": "", "2011-12-31": "", "2010-12-31": "", "2009-12-31": "", "2008-12-31": "", "2007-12-31": "", "2006-12-31": "", "2005-12-31": ""}, "Operating Margin": {"2019-12-31": "31.86520", "2018-12-31": "5.62230", "2017-12-31": "13.66020", "2016-12-31": "15.87450", "2015-12-31": "18.16410", "2014-12-31": "15.65220", "2013-12-31": "16.94990", "2012-12-31": "15.08150", "2011-12-31": "5.96900", "2010-12-31": "14.63420", "2009-12-31": "16.32080", "2008-12-31": "15.50730", "2007-12-31": "29.20870", "2006-12-31": "32.06590", "2005-12-31": "25.11280"}, "EBIT Margin": {"2019-12-31": "31.86520", "2018-12-31": "5.62230", "2017-12-31": "13.66020", "2016-12-31": "15.87450", "2015-12-31": "18.16410", "2014-12-31": "15.65220", "2013-12-31": "16.94990", "2012-12-31": "15.08150", "2011-12-31": "5.96900", "2010-12-31": "14.63420", "2009-12-31": "16.32080", "2008-12-31": "15.50730", "2007-12-31": "29.20870", "2006-12-31": "32.06590", "2005-12-31": "25.11280"}, "EBITDA Margin": {"2019-12-31": "32.77390", "2018-12-31": "6.78750", "2017-12-31": "14.61970", "2016-12-31": "16.75540", "2015-12-31": "19.17540", "2014-12-31": "16.68350", "2013-12-31": "18.05340", "2012-12-31": "16.15180", "2011-12-31": "7.07340", "2010-12-31": "15.72110", "2009-12-31": "17.29440", "2008-12-31": "16.34410", "2007-12-31": "30.05400", "2006-12-31": "32.90110", "2005-12-31": "25.98890"}, "Pre-Tax Profit Margin": {"2019-12-31": "31.19640", "2018-12-31": "4.64210", "2017-12-31": "12.73550", "2016-12-31": "14.90180", "2015-12-31": "17.13340", "2014-12-31": "14.58040", "2013-12-31": "15.75810", "2012-12-31": "13.76790", "2011-12-31": "4.54900", "2010-12-31": "13.20260", "2009-12-31": "14.91160", "2008-12-31": "14.12130", "2007-12-31": "27.98780", "2006-12-31": "29.20880", "2005-12-31": "21.84760"}, "Net Profit Margin": {"2019-12-31": "25.20190", "2018-12-31": "5.30790", "2017-12-31": "18.23100", "2016-12-31": "10.84600", "2015-12-31": "12.32980", "2014-12-31": "10.61680", "2013-12-31": "11.41030", "2012-12-31": "10.24080", "2011-12-31": "4.31240", "2010-12-31": "9.94170", "2009-12-31": "11.06840", "2008-12-31": "11.21860", "2007-12-31": "20.07510", "2006-12-31": "20.43960", "2005-12-31": "15.98090"}, "Asset Turnover": {"2019-12-31": "0.31190", "2018-12-31": "0.24650", "2017-12-31": "0.26240", "2016-12-31": "0.26730", "2015-12-31": "0.27220", "2014-12-31": "0.26380", "2013-12-31": "0.25650", "2012-12-31": "0.24840", "2011-12-31": "0.24320", "2010-12-31": "0.24990", "2009-12-31": "0.27030", "2008-12-31": "0.28600", "2007-12-31": "0.25600", "2006-12-31": "0.26420", "2005-12-31": "0.23540"}, "Inventory Turnover Ratio": {"2019-12-31": "", "2018-12-31": "", "2017-12-31": "", "2016-12-31": "", "2015-12-31": "", "2014-12-31": "", "2013-12-31": "", "2012-12-31": "", "2011-12-31": "", "2010-12-31": "", "2009-12-31": "", "2008-12-31": "", "2007-12-31": "", "2006-12-31": "", "2005-12-31": ""}, "Receiveable Turnover": {"2019-12-31": "", "2018-12-31": "", "2017-12-31": "", "2016-12-31": "", "2015-12-31": "", "2014-12-31": "", "2013-12-31": "", "2012-12-31": "", "2011-12-31": "", "2010-12-31": "", "2009-12-31": "", "2008-12-31": "", "2007-12-31": "", "2006-12-31": "", "2005-12-31": ""}, "Days Sales In Receivables": {"2019-12-31": "", "2018-12-31": "", "2017-12-31": "", "2016-12-31": "", "2015-12-31": "", "2014-12-31": "", "2013-12-31": "", "2012-12-31": "", "2011-12-31": "", "2010-12-31": "", "2009-12-31": "", "2008-12-31": "", "2007-12-31": "", "2006-12-31": "", "2005-12-31": ""}, "ROE - Return On Equity": {"2019-12-31": "20.24530", "2018-12-31": "3.66400", "2017-12-31": "12.67740", "2016-12-31": "8.37110", "2015-12-31": "9.86460", "2014-12-31": "7.98720", "2013-12-31": "8.51730", "2012-12-31": "7.72050", "2011-12-31": "3.25850", "2010-12-31": "7.45230", "2009-12-31": "9.07560", "2008-12-31": "10.25830", "2007-12-31": "14.42060", "2006-12-31": "13.66040", "2005-12-31": "9.89160"}, "Return On Tangible Equity": {"2019-12-31": "20.24530", "2018-12-31": "3.66400", "2017-12-31": "12.67740", "2016-12-31": "8.37110", "2015-12-31": "9.86460", "2014-12-31": "7.98720", "2013-12-31": "8.51730", "2012-12-31": "7.72050", "2011-12-31": "3.25850", "2010-12-31": "7.45230", "2009-12-31": "9.07560", "2008-12-31": "10.25830", "2007-12-31": "14.42060", "2006-12-31": "13.66040", "2005-12-31": "9.89160"}, "ROA - Return On Assets": {"2019-12-31": "7.85970", "2018-12-31": "1.30840", "2017-12-31": "4.78410", "2016-12-31": "2.89900", "2015-12-31": "3.35660", "2014-12-31": "2.80030", "2013-12-31": "2.92720", "2012-12-31": "2.54410", "2011-12-31": "1.04890", "2010-12-31": "2.48430", "2009-12-31": "2.99170", "2008-12-31": "3.20890", "2007-12-31": "5.13910", "2006-12-31": "5.40010", "2005-12-31": "3.76180"}, "ROI - Return On Investment": {"2019-12-31": "18.57850", "2018-12-31": "3.29920", "2017-12-31": "11.49110", "2016-12-31": "7.47530", "2015-12-31": "8.70520", "2014-12-31": "7.05270", "2013-12-31": "7.37620", "2012-12-31": "6.59460", "2011-12-31": "2.75260", "2010-12-31": "6.36890", "2009-12-31": "7.71570", "2008-12-31": "8.54240", "2007-12-31": "12.59390", "2006-12-31": "12.16000", "2005-12-31": "8.75380"}, "Book Value Per Share": {"2019-12-31": "60.55250", "2018-12-31": "48.11430", "2017-12-31": "50.29290", "2016-12-31": "42.94400", "2015-12-31": "39.21290", "2014-12-31": "40.15270", "2013-12-31": "37.21640", "2012-12-31": "33.45400", "2011-12-31": "31.06790", "2010-12-31": "31.06170", "2009-12-31": "29.38270", "2008-12-31": "25.81480", "2007-12-31": "35.71690", "2006-12-31": "39.35260", "2005-12-31": "34.97700"}, "Operating Cash Flow Per Share": {"2019-12-31": 0.1375, "2018-12-31": 0.842, "2017-12-31": -0.3594, "2016-12-31": 0.2052, "2015-12-31": 1.2038, "2014-12-31": 0.4751, "2013-12-31": 0.9152, "2012-12-31": 2.3848, "2011-12-31": -1.7396, "2010-12-31": 0.0287, "2009-12-31": 0.2608, "2008-12-31": -1.1322, "2007-12-31": 0.5896, "2006-12-31": -1.0397, "2005-12-31": 4.545}, "Free Cash Flow Per Share": {"2019-12-31": 0.1136, "2018-12-31": 0.8168, "2017-12-31": -0.3776, "2016-12-31": 0.1874, "2015-12-31": 1.198, "2014-12-31": 0.4629, "2013-12-31": 0.9096, "2012-12-31": 2.391, "2011-12-31": -1.6784, "2010-12-31": 0.1825, "2009-12-31": 0.2232, "2008-12-31": -0.9459, "2007-12-31": 0.4794, "2006-12-31": -1.0877, "2005-12-31": 4.2966}}, "financial ratios, quarterly": {"Current Ratio": {"2020-09-30": "", "2020-06-30": "", "2020-03-31": "", "2019-12-31": "", "2019-09-30": "", "2019-06-30": "", "2019-03-31": "", "2018-12-31": "", "2018-09-30": "", "2018-06-30": "", "2018-03-31": "", "2017-12-31": "", "2017-09-30": "", "2017-06-30": "", "2017-03-31": "", "2016-12-31": "", "2016-09-30": "", "2016-06-30": "", "2016-03-31": "", "2015-12-31": "", "2015-09-30": "", "2015-06-30": "", "2015-03-31": "", "2014-12-31": "", "2014-09-30": "", "2014-06-30": "", "2014-03-31": "", "2013-12-31": "", "2013-09-30": "", "2013-06-30": "", "2013-03-31": "", "2012-12-31": "", "2012-09-30": "", "2012-06-30": "", "2012-03-31": "", "2011-12-31": "", "2011-09-30": "", "2011-06-30": "", "2011-03-31": "", "2010-12-31": "", "2010-09-30": "", "2010-06-30": "", "2010-03-31": "", "2009-12-31": "", "2009-09-30": "", "2009-06-30": "", "2009-03-31": "", "2008-12-31": "", "2008-09-30": "", "2008-06-30": "", "2008-03-31": "", "2007-12-31": "", "2007-09-30": "", "2007-06-30": "", "2007-03-31": "", "2006-12-31": "", "2006-09-30": "", "2006-06-30": "", "2006-03-31": "", "2005-12-31": "", "2005-09-30": "", "2005-06-30": "", "2005-03-31": ""}, "Long-term Debt / Capital": {"2020-09-30": "0.09030", "2020-06-30": "0.09460", "2020-03-31": "0.10660", "2019-12-31": "0.08230", "2019-09-30": "0.08630", "2019-06-30": "0.08830", "2019-03-31": "0.09220", "2018-12-31": "0.09960", "2018-09-30": "0.09350", "2018-06-30": "0.10100", "2018-03-31": "0.09690", "2017-12-31": "0.09360", "2017-09-30": "0.10080", "2017-06-30": "0.10260", "2017-03-31": "0.10400", "2016-12-31": "0.10700", "2016-09-30": "0.10630", "2016-06-30": "0.10900", "2016-03-31": "0.11320", "2015-12-31": "0.11750", "2015-09-30": "0.11940", "2015-06-30": "0.11830", "2015-03-31": "0.11680", "2014-12-31": "0.11700", "2014-09-30": "0.12100", "2014-06-30": "0.12180", "2014-03-31": "0.13200", "2013-12-31": "0.13400", "2013-09-30": "0.13860", "2013-06-30": "0.14120", "2013-03-31": "0.13910", "2012-12-31": "0.14580", "2012-09-30": "0.14810", "2012-06-30": "0.15380", "2012-03-31": "0.15250", "2011-12-31": "0.15530", "2011-09-30": "0.15740", "2011-06-30": "0.14230", "2011-03-31": "0.14080", "2010-12-31": "0.14540", "2010-09-30": "0.14340", "2010-06-30": "0.15050", "2010-03-31": "0.14710", "2009-12-31": "0.14980", "2009-09-30": "0.15350", "2009-06-30": "0.16840", "2009-03-31": "0.17780", "2008-12-31": "0.16730", "2008-09-30": "0.15500", "2008-06-30": "0.15450", "2008-03-31": "0.13630", "2007-12-31": "0.12670", "2007-09-30": "0.11620", "2007-06-30": "0.10960", "2007-03-31": "0.11130", "2006-12-31": "0.10980", "2006-09-30": "0.11500", "2006-06-30": "0.12170", "2006-03-31": "0.11310", "2005-12-31": "0.11500", "2005-09-30": "0.11620", "2005-06-30": "0.11430", "2005-03-31": "0.11640"}, "Debt/Equity Ratio": {"2020-09-30": "0.09920", "2020-06-30": "0.10450", "2020-03-31": "0.11940", "2019-12-31": "0.08970", "2019-09-30": "0.09440", "2019-06-30": "0.09680", "2019-03-31": "0.10160", "2018-12-31": "0.11060", "2018-09-30": "0.10320", "2018-06-30": "0.11230", "2018-03-31": "0.10730", "2017-12-31": "0.10320", "2017-09-30": "0.11210", "2017-06-30": "0.11430", "2017-03-31": "0.11600", "2016-12-31": "0.11980", "2016-09-30": "0.11890", "2016-06-30": "0.12240", "2016-03-31": "0.12770", "2015-12-31": "0.13320", "2015-09-30": "0.13560", "2015-06-30": "0.13420", "2015-03-31": "0.13230", "2014-12-31": "0.13250", "2014-09-30": "0.13770", "2014-06-30": "0.13870", "2014-03-31": "0.15210", "2013-12-31": "0.15470", "2013-09-30": "0.16090", "2013-06-30": "0.16440", "2013-03-31": "0.16160", "2012-12-31": "0.17070", "2012-09-30": "0.17390", "2012-06-30": "0.18180", "2012-03-31": "0.18000", "2011-12-31": "0.18380", "2011-09-30": "0.18680", "2011-06-30": "0.16590", "2011-03-31": "0.16390", "2010-12-31": "0.17010", "2010-09-30": "0.16750", "2010-06-30": "0.17710", "2010-03-31": "0.17250", "2009-12-31": "0.17630", "2009-09-30": "0.18140", "2009-06-30": "0.20250", "2009-03-31": "0.21620", "2008-12-31": "0.20090", "2008-09-30": "0.18350", "2008-06-30": "0.18270", "2008-03-31": "0.15780", "2007-12-31": "0.14500", "2007-09-30": "0.13150", "2007-06-30": "0.12310", "2007-03-31": "0.12520", "2006-12-31": "0.12340", "2006-09-30": "0.13000", "2006-06-30": "0.13850", "2006-03-31": "0.12750", "2005-12-31": "0.13000", "2005-09-30": "0.13150", "2005-06-30": "0.12900", "2005-03-31": "0.13170"}, "Gross Margin": {"2020-09-30": "", "2020-06-30": "", "2020-03-31": "", "2019-12-31": "", "2019-09-30": "", "2019-06-30": "", "2019-03-31": "", "2018-12-31": "", "2018-09-30": "", "2018-06-30": "", "2018-03-31": "", "2017-12-31": "", "2017-09-30": "", "2017-06-30": "", "2017-03-31": "", "2016-12-31": "", "2016-09-30": "", "2016-06-30": "", "2016-03-31": "", "2015-12-31": "", "2015-09-30": "", "2015-06-30": "", "2015-03-31": "", "2014-12-31": "", "2014-09-30": "", "2014-06-30": "", "2014-03-31": "", "2013-12-31": "", "2013-09-30": "", "2013-06-30": "", "2013-03-31": "", "2012-12-31": "", "2012-09-30": "", "2012-06-30": "", "2012-03-31": "", "2011-12-31": "", "2011-09-30": "", "2011-06-30": "", "2011-03-31": "", "2010-12-31": "", "2010-09-30": "", "2010-06-30": "", "2010-03-31": "", "2009-12-31": "", "2009-09-30": "", "2009-06-30": "", "2009-03-31": "", "2008-12-31": "", "2008-09-30": "", "2008-06-30": "", "2008-03-31": "", "2007-12-31": "", "2007-09-30": "", "2007-06-30": "", "2007-03-31": "", "2006-12-31": "", "2006-09-30": "", "2006-06-30": "", "2006-03-31": "", "2005-12-31": "", "2005-09-30": "", "2005-06-30": "", "2005-03-31": ""}, "Operating Margin": {"2020-09-30": "28.15450", "2020-06-30": "42.70450", "2020-03-31": "1578.78800", "2019-12-31": "36.89590", "2019-09-30": "18.11770", "2019-06-30": "28.38470", "2019-03-31": "40.75960", "2018-12-31": "-80.00000", "2018-09-30": "33.00260", "2018-06-30": "17.77920", "2018-03-31": "-3.02290", "2017-12-31": "14.95390", "2017-09-30": "10.05670", "2017-06-30": "10.17320", "2017-03-31": "18.97570", "2016-12-31": "10.82320", "2016-09-30": "18.97290", "2016-06-30": "13.05620", "2016-03-31": "20.38120", "2015-12-31": "18.13140", "2015-09-30": "20.10960", "2015-06-30": "19.83280", "2015-03-31": "14.55250", "2014-12-31": "19.73060", "2014-09-30": "21.25000", "2014-06-30": "9.88470", "2014-03-31": "11.18590", "2013-12-31": "15.44370", "2013-09-30": "16.92710", "2013-06-30": "14.67390", "2013-03-31": "20.85220", "2012-12-31": "26.72900", "2012-09-30": "16.03870", "2012-06-30": "4.11760", "2012-03-31": "12.77890", "2011-12-31": "20.94240", "2011-09-30": "2.54240", "2011-06-30": "-8.71790", "2011-03-31": "9.47260", "2010-12-31": "19.76500", "2010-09-30": "21.84870", "2010-06-30": "3.87240", "2010-03-31": "11.16120", "2009-12-31": "32.42050", "2009-09-30": "25.62070", "2009-06-30": "-4.11900", "2009-03-31": "5.39330", "2008-12-31": "20.94400", "2008-09-30": "31.19730", "2008-06-30": "8.39690", "2008-03-31": "-9.51700", "2007-12-31": "21.41390", "2007-09-30": "19.45010", "2007-06-30": "42.51970", "2007-03-31": "29.48590", "2006-12-31": "20.70350", "2006-09-30": "18.61430", "2006-06-30": "20.59120", "2006-03-31": "54.20040", "2005-12-31": "30.40330", "2005-09-30": "19.17370", "2005-06-30": "26.17020", "2005-03-31": "24.56330"}, "EBIT Margin": {"2020-09-30": "28.15450", "2020-06-30": "42.70450", "2020-03-31": "1578.78800", "2019-12-31": "36.89590", "2019-09-30": "18.11770", "2019-06-30": "28.38470", "2019-03-31": "40.75960", "2018-12-31": "-80.00000", "2018-09-30": "33.00260", "2018-06-30": "17.77920", "2018-03-31": "-3.02290", "2017-12-31": "14.95390", "2017-09-30": "10.05670", "2017-06-30": "10.17320", "2017-03-31": "18.97570", "2016-12-31": "10.82320", "2016-09-30": "18.97290", "2016-06-30": "13.05620", "2016-03-31": "20.38120", "2015-12-31": "18.13140", "2015-09-30": "20.10960", "2015-06-30": "19.83280", "2015-03-31": "14.55250", "2014-12-31": "19.73060", "2014-09-30": "21.25000", "2014-06-30": "9.88470", "2014-03-31": "11.18590", "2013-12-31": "15.44370", "2013-09-30": "16.92710", "2013-06-30": "14.67390", "2013-03-31": "20.85220", "2012-12-31": "26.72900", "2012-09-30": "16.03870", "2012-06-30": "4.11760", "2012-03-31": "12.77890", "2011-12-31": "20.94240", "2011-09-30": "2.54240", "2011-06-30": "-8.71790", "2011-03-31": "9.47260", "2010-12-31": "19.76500", "2010-09-30": "21.84870", "2010-06-30": "3.87240", "2010-03-31": "11.16120", "2009-12-31": "32.42050", "2009-09-30": "25.62070", "2009-06-30": "-4.11900", "2009-03-31": "5.39330", "2008-12-31": "20.94400", "2008-09-30": "31.19730", "2008-06-30": "8.39690", "2008-03-31": "-9.51700", "2007-12-31": "21.41390", "2007-09-30": "19.45010", "2007-06-30": "42.51970", "2007-03-31": "29.48590", "2006-12-31": "20.70350", "2006-09-30": "18.61430", "2006-06-30": "20.59120", "2006-03-31": "54.20040", "2005-12-31": "30.40330", "2005-09-30": "19.17370", "2005-06-30": "26.17020", "2005-03-31": "24.56330"}, "EBITDA Margin": {"2020-09-30": "", "2020-06-30": "", "2020-03-31": "", "2019-12-31": "", "2019-09-30": "", "2019-06-30": "", "2019-03-31": "", "2018-12-31": "", "2018-09-30": "", "2018-06-30": "", "2018-03-31": "", "2017-12-31": "", "2017-09-30": "", "2017-06-30": "", "2017-03-31": "", "2016-12-31": "", "2016-09-30": "", "2016-06-30": "", "2016-03-31": "", "2015-12-31": "", "2015-09-30": "", "2015-06-30": "", "2015-03-31": "", "2014-12-31": "", "2014-09-30": "", "2014-06-30": "", "2014-03-31": "", "2013-12-31": "", "2013-09-30": "", "2013-06-30": "", "2013-03-31": "", "2012-12-31": "", "2012-09-30": "", "2012-06-30": "", "2012-03-31": "", "2011-12-31": "", "2011-09-30": "", "2011-06-30": "", "2011-03-31": "", "2010-12-31": "", "2010-09-30": "", "2010-06-30": "", "2010-03-31": "", "2009-12-31": "", "2009-09-30": "", "2009-06-30": "", "2009-03-31": "", "2008-12-31": "", "2008-09-30": "", "2008-06-30": "", "2008-03-31": "", "2007-12-31": "", "2007-09-30": "", "2007-06-30": "", "2007-03-31": "", "2006-12-31": "", "2006-09-30": "", "2006-06-30": "", "2006-03-31": "", "2005-12-31": "", "2005-09-30": "", "2005-06-30": "", "2005-03-31": ""}, "Pre-Tax Profit Margin": {"2020-09-30": "27.57070", "2020-06-30": "42.18870", "2020-03-31": "1591.91900", "2019-12-31": "36.29180", "2019-09-30": "17.29410", "2019-06-30": "27.70520", "2019-03-31": "40.15750", "2018-12-31": "-81.83100", "2018-09-30": "32.27150", "2018-06-30": "16.94480", "2018-03-31": "-4.08500", "2017-12-31": "13.96170", "2017-09-30": "9.13600", "2017-06-30": "9.23520", "2017-03-31": "18.12210", "2016-12-31": "9.75610", "2016-09-30": "18.04570", "2016-06-30": "12.10800", "2016-03-31": "19.42820", "2015-12-31": "17.10210", "2015-09-30": "19.01410", "2015-06-30": "18.84500", "2015-03-31": "13.54090", "2014-12-31": "18.70050", "2014-09-30": "20.23440", "2014-06-30": "8.81380", "2014-03-31": "10.00840", "2013-12-31": "14.24920", "2013-09-30": "15.79860", "2013-06-30": "13.40580", "2013-03-31": "19.67360", "2012-12-31": "25.51400", "2012-09-30": "14.68600", "2012-06-30": "2.84310", "2012-03-31": "11.35900", "2011-12-31": "19.47640", "2011-09-30": "1.16530", "2011-06-30": "-10.15390", "2011-03-31": "8.07320", "2010-12-31": "18.26920", "2010-09-30": "20.63490", "2010-06-30": "2.39180", "2010-03-31": "9.58290", "2009-12-31": "31.27210", "2009-09-30": "24.23040", "2009-06-30": "-5.72080", "2009-03-31": "3.82020", "2008-12-31": "21.63230", "2008-09-30": "30.01690", "2008-06-30": "6.97930", "2008-03-31": "-14.20460", "2007-12-31": "25.92210", "2007-09-30": "16.29330", "2007-06-30": "40.00000", "2007-03-31": "26.28520", "2006-12-31": "17.28640", "2006-09-30": "15.30510", "2006-06-30": "17.83890", "2006-03-31": "51.89800", "2005-12-31": "27.09410", "2005-09-30": "15.99580", "2005-06-30": "22.87230", "2005-03-31": "21.28820"}, "Net Profit Margin": {"2020-09-30": "21.73330", "2020-06-30": "33.49300", "2020-03-31": "1238.38400", "2019-12-31": "29.08920", "2019-09-30": "14.58820", "2019-06-30": "22.37320", "2019-03-31": "32.19080", "2018-12-31": "-63.66200", "2018-09-30": "28.87730", "2018-06-30": "13.92810", "2018-03-31": "-2.53270", "2017-12-31": "45.49970", "2017-09-30": "7.22380", "2017-06-30": "7.21500", "2017-03-31": "13.19760", "2016-12-31": "7.62200", "2016-09-30": "12.83880", "2016-06-30": "8.97160", "2016-03-31": "13.78300", "2015-12-31": "12.35150", "2015-09-30": "13.61500", "2015-06-30": "13.37390", "2015-03-31": "9.96110", "2014-12-31": "13.23300", "2014-09-30": "14.29690", "2014-06-30": "6.91930", "2014-03-31": "7.65350", "2013-12-31": "10.40960", "2013-09-30": "11.37150", "2013-06-30": "9.96380", "2013-03-31": "13.96190", "2012-12-31": "17.94390", "2012-09-30": "10.72460", "2012-06-30": "3.13730", "2012-03-31": "8.72210", "2011-12-31": "14.03140", "2011-09-30": "2.01270", "2011-06-30": "-5.12820", "2011-03-31": "6.56620", "2010-12-31": "13.24790", "2010-09-30": "14.56580", "2010-06-30": "3.07520", "2010-03-31": "7.66630", "2009-12-31": "21.64310", "2009-09-30": "16.98110", "2009-06-30": "-2.17390", "2009-03-31": "3.93260", "2008-12-31": "15.83090", "2008-09-30": "20.82630", "2008-06-30": "6.87020", "2008-03-31": "-5.96590", "2007-12-31": "19.05740", "2007-09-30": "12.62730", "2007-06-30": "27.63780", "2007-03-31": "18.81670", "2006-12-31": "13.16580", "2006-09-30": "11.89250", "2006-06-30": "13.45570", "2006-03-31": "34.34970", "2005-12-31": "18.92450", "2005-09-30": "12.39410", "2005-06-30": "16.80850", "2005-03-31": "15.72050"}, "Asset Turnover": {"2020-09-30": "0.08450", "2020-06-30": "0.10660", "2020-03-31": "-0.00420", "2019-12-31": "0.08470", "2019-09-30": "0.06870", "2019-06-30": "0.07860", "2019-03-31": "0.09250", "2018-12-31": "0.03240", "2018-09-30": "0.08520", "2018-06-30": "0.07160", "2018-03-31": "0.05700", "2017-12-31": "0.06460", "2017-09-30": "0.06540", "2017-06-30": "0.06530", "2017-03-31": "0.07340", "2016-12-31": "0.06440", "2016-09-30": "0.06850", "2016-06-30": "0.06800", "2016-03-31": "0.07010", "2015-12-31": "0.06690", "2015-09-30": "0.06820", "2015-06-30": "0.06970", "2015-03-31": "0.06800", "2014-12-31": "0.06730", "2014-09-30": "0.06930", "2014-06-30": "0.06620", "2014-03-31": "0.06630", "2013-12-31": "0.06640", "2013-09-30": "0.06640", "2013-06-30": "0.06480", "2013-03-31": "0.06470", "2012-12-31": "0.06470", "2012-09-30": "0.06280", "2012-06-30": "0.06340", "2012-03-31": "0.06150", "2011-12-31": "0.06110", "2011-09-30": "0.06130", "2011-06-30": "0.06210", "2011-03-31": "0.06040", "2010-12-31": "0.06200", "2010-09-30": "0.07110", "2010-06-30": "0.06010", "2010-03-31": "0.06070", "2009-12-31": "0.07840", "2009-09-30": "0.07080", "2009-06-30": "0.06460", "2009-03-31": "0.06790", "2008-12-31": "0.07610", "2008-09-30": "0.08290", "2008-06-30": "0.06190", "2008-03-31": "0.04420", "2007-12-31": "0.05870", "2007-09-30": "0.05570", "2007-06-30": "0.06950", "2007-03-31": "0.05660", "2006-12-31": "0.05780", "2006-09-30": "0.05470", "2006-06-30": "0.05790", "2006-03-31": "0.09590", "2005-12-31": "0.06040", "2005-09-30": "0.05910", "2005-06-30": "0.05870", "2005-03-31": "0.05800"}, "Inventory Turnover Ratio": {"2020-09-30": "", "2020-06-30": "", "2020-03-31": "", "2019-12-31": "", "2019-09-30": "", "2019-06-30": "", "2019-03-31": "", "2018-12-31": "", "2018-09-30": "", "2018-06-30": "", "2018-03-31": "", "2017-12-31": "", "2017-09-30": "", "2017-06-30": "", "2017-03-31": "", "2016-12-31": "", "2016-09-30": "", "2016-06-30": "", "2016-03-31": "", "2015-12-31": "", "2015-09-30": "", "2015-06-30": "", "2015-03-31": "", "2014-12-31": "", "2014-09-30": "", "2014-06-30": "", "2014-03-31": "", "2013-12-31": "", "2013-09-30": "", "2013-06-30": "", "2013-03-31": "", "2012-12-31": "", "2012-09-30": "", "2012-06-30": "", "2012-03-31": "", "2011-12-31": "", "2011-09-30": "", "2011-06-30": "", "2011-03-31": "", "2010-12-31": "", "2010-09-30": "", "2010-06-30": "", "2010-03-31": "", "2009-12-31": "", "2009-09-30": "", "2009-06-30": "", "2009-03-31": "", "2008-12-31": "", "2008-09-30": "", "2008-06-30": "", "2008-03-31": "", "2007-12-31": "", "2007-09-30": "", "2007-06-30": "", "2007-03-31": "", "2006-12-31": "", "2006-09-30": "", "2006-06-30": "", "2006-03-31": "", "2005-12-31": "", "2005-09-30": "", "2005-06-30": "", "2005-03-31": ""}, "Receiveable Turnover": {"2020-09-30": "", "2020-06-30": "", "2020-03-31": "", "2019-12-31": "", "2019-09-30": "", "2019-06-30": "", "2019-03-31": "", "2018-12-31": "", "2018-09-30": "", "2018-06-30": "", "2018-03-31": "", "2017-12-31": "", "2017-09-30": "", "2017-06-30": "", "2017-03-31": "", "2016-12-31": "", "2016-09-30": "", "2016-06-30": "", "2016-03-31": "", "2015-12-31": "", "2015-09-30": "", "2015-06-30": "", "2015-03-31": "", "2014-12-31": "", "2014-09-30": "", "2014-06-30": "", "2014-03-31": "", "2013-12-31": "", "2013-09-30": "", "2013-06-30": "", "2013-03-31": "", "2012-12-31": "", "2012-09-30": "", "2012-06-30": "", "2012-03-31": "", "2011-12-31": "", "2011-09-30": "", "2011-06-30": "", "2011-03-31": "", "2010-12-31": "", "2010-09-30": "", "2010-06-30": "", "2010-03-31": "", "2009-12-31": "", "2009-09-30": "", "2009-06-30": "", "2009-03-31": "", "2008-12-31": "", "2008-09-30": "", "2008-06-30": "", "2008-03-31": "", "2007-12-31": "", "2007-09-30": "", "2007-06-30": "", "2007-03-31": "", "2006-12-31": "", "2006-09-30": "", "2006-06-30": "", "2006-03-31": "", "2005-12-31": "", "2005-09-30": "", "2005-06-30": "", "2005-03-31": ""}, "Days Sales In Receivables": {"2020-09-30": "", "2020-06-30": "", "2020-03-31": "", "2019-12-31": "", "2019-09-30": "", "2019-06-30": "", "2019-03-31": "", "2018-12-31": "", "2018-09-30": "", "2018-06-30": "", "2018-03-31": "", "2017-12-31": "", "2017-09-30": "", "2017-06-30": "", "2017-03-31": "", "2016-12-31": "", "2016-09-30": "", "2016-06-30": "", "2016-03-31": "", "2015-12-31": "", "2015-09-30": "", "2015-06-30": "", "2015-03-31": "", "2014-12-31": "", "2014-09-30": "", "2014-06-30": "", "2014-03-31": "", "2013-12-31": "", "2013-09-30": "", "2013-06-30": "", "2013-03-31": "", "2012-12-31": "", "2012-09-30": "", "2012-06-30": "", "2012-03-31": "", "2011-12-31": "", "2011-09-30": "", "2011-06-30": "", "2011-03-31": "", "2010-12-31": "", "2010-09-30": "", "2010-06-30": "", "2010-03-31": "", "2009-12-31": "", "2009-09-30": "", "2009-06-30": "", "2009-03-31": "", "2008-12-31": "", "2008-09-30": "", "2008-06-30": "", "2008-03-31": "", "2007-12-31": "", "2007-09-30": "", "2007-06-30": "", "2007-03-31": "", "2006-12-31": "", "2006-09-30": "", "2006-06-30": "", "2006-03-31": "", "2005-12-31": "", "2005-09-30": "", "2005-06-30": "", "2005-03-31": ""}, "ROE - Return On Equity": {"2020-09-30": "4.96670", "2020-06-30": "9.81850", "2020-03-31": "-15.24500", "2019-12-31": "6.34630", "2019-09-30": "2.64650", "2019-06-30": "4.68730", "2019-03-31": "8.05330", "2018-12-31": "-5.77050", "2018-09-30": "6.63550", "2018-06-30": "2.74130", "2018-03-31": "-0.39010", "2017-12-31": "7.78840", "2017-09-30": "1.35580", "2017-06-30": "1.35630", "2017-03-31": "2.77010", "2016-12-31": "1.41640", "2016-09-30": "2.52770", "2016-06-30": "1.76450", "2016-03-31": "2.79140", "2015-12-31": "2.42730", "2015-09-30": "2.74020", "2015-06-30": "2.70890", "2015-03-31": "1.93700", "2014-12-31": "2.54070", "2014-09-30": "2.87010", "2014-06-30": "1.32430", "2014-03-31": "1.47540", "2013-12-31": "2.00990", "2013-09-30": "2.25240", "2013-06-30": "1.93020", "2013-03-31": "2.66210", "2012-12-31": "3.52100", "2012-09-30": "2.07130", "2012-06-30": "0.62210", "2012-03-31": "1.65160", "2011-12-31": "2.66240", "2011-09-30": "0.39700", "2011-06-30": "-0.98870", "2011-03-31": "1.19190", "2010-12-31": "2.46420", "2010-09-30": "3.11380", "2010-06-30": "0.57000", "2010-03-31": "1.39770", "2009-12-31": "5.14710", "2009-09-30": "3.69650", "2009-06-30": "-0.45850", "2009-03-31": "0.90180", "2008-12-31": "3.84980", "2008-09-30": "5.26990", "2008-06-30": "1.33840", "2008-03-31": "-0.77080", "2007-12-31": "3.13710", "2007-09-30": "1.89660", "2007-06-30": "5.14210", "2007-03-31": "2.89210", "2006-12-31": "1.92420", "2006-09-30": "1.77910", "2006-06-30": "2.17640", "2006-03-31": "8.89750", "2005-12-31": "3.00690", "2005-09-30": "1.94510", "2005-06-30": "2.57660", "2005-03-31": "2.39720"}, "Return On Tangible Equity": {"2020-09-30": "4.96670", "2020-06-30": "9.81850", "2020-03-31": "-15.24500", "2019-12-31": "6.34630", "2019-09-30": "2.64650", "2019-06-30": "4.68730", "2019-03-31": "8.05330", "2018-12-31": "-5.77050", "2018-09-30": "6.63550", "2018-06-30": "2.74130", "2018-03-31": "-0.39010", "2017-12-31": "7.78840", "2017-09-30": "1.35580", "2017-06-30": "1.35630", "2017-03-31": "2.77010", "2016-12-31": "1.41640", "2016-09-30": "2.52770", "2016-06-30": "1.76450", "2016-03-31": "2.79140", "2015-12-31": "2.42730", "2015-09-30": "2.74020", "2015-06-30": "2.70890", "2015-03-31": "1.93700", "2014-12-31": "2.54070", "2014-09-30": "2.87010", "2014-06-30": "1.32430", "2014-03-31": "1.47540", "2013-12-31": "2.00990", "2013-09-30": "2.25240", "2013-06-30": "1.93020", "2013-03-31": "2.66210", "2012-12-31": "3.52100", "2012-09-30": "2.07130", "2012-06-30": "0.62210", "2012-03-31": "1.65160", "2011-12-31": "2.66240", "2011-09-30": "0.39700", "2011-06-30": "-0.98870", "2011-03-31": "1.19190", "2010-12-31": "2.46420", "2010-09-30": "3.11380", "2010-06-30": "0.57000", "2010-03-31": "1.39770", "2009-12-31": "5.14710", "2009-09-30": "3.69650", "2009-06-30": "-0.45850", "2009-03-31": "0.90180", "2008-12-31": "3.84980", "2008-09-30": "5.26990", "2008-06-30": "1.33840", "2008-03-31": "-0.77080", "2007-12-31": "3.13710", "2007-09-30": "1.89660", "2007-06-30": "5.14210", "2007-03-31": "2.89210", "2006-12-31": "1.92420", "2006-09-30": "1.77910", "2006-06-30": "2.17640", "2006-03-31": "8.89750", "2005-12-31": "3.00690", "2005-09-30": "1.94510", "2005-06-30": "2.57660", "2005-03-31": "2.39720"}, "ROA - Return On Assets": {"2020-09-30": "1.83540", "2020-06-30": "3.57170", "2020-03-31": "-5.24670", "2019-12-31": "2.46380", "2019-09-30": "1.00230", "2019-06-30": "1.75860", "2019-03-31": "2.97620", "2018-12-31": "-2.06060", "2018-09-30": "2.46000", "2018-06-30": "0.99720", "2018-03-31": "-0.14440", "2017-12-31": "2.93920", "2017-09-30": "0.47240", "2017-06-30": "0.47090", "2017-03-31": "0.96850", "2016-12-31": "0.49050", "2016-09-30": "0.88000", "2016-06-30": "0.61040", "2016-03-31": "0.96670", "2015-12-31": "0.82590", "2015-09-30": "0.92800", "2015-06-30": "0.93180", "2015-03-31": "0.67740", "2014-12-31": "0.89080", "2014-09-30": "0.99060", "2014-06-30": "0.45810", "2014-03-31": "0.50720", "2013-12-31": "0.69070", "2013-09-30": "0.75550", "2013-06-30": "0.64580", "2013-03-31": "0.90390", "2012-12-31": "1.16030", "2012-09-30": "0.67360", "2012-06-30": "0.19890", "2012-03-31": "0.53680", "2011-12-31": "0.85710", "2011-09-30": "0.12330", "2011-06-30": "-0.31840", "2011-03-31": "0.39690", "2010-12-31": "0.82150", "2010-09-30": "1.03520", "2010-06-30": "0.18480", "2010-03-31": "0.46520", "2009-12-31": "1.69670", "2009-09-30": "1.20200", "2009-06-30": "-0.14050", "2009-03-31": "0.26700", "2008-12-31": "1.20430", "2008-09-30": "1.72690", "2008-06-30": "0.42540", "2008-03-31": "-0.26340", "2007-12-31": "1.11800", "2007-09-30": "0.70370", "2007-06-30": "1.92180", "2007-03-31": "1.06470", "2006-12-31": "0.76070", "2006-09-30": "0.65080", "2006-06-30": "0.77940", "2006-03-31": "3.29300", "2005-12-31": "1.14350", "2005-09-30": "0.73200", "2005-06-30": "0.98600", "2005-03-31": "0.91150"}, "ROI - Return On Investment": {"2020-09-30": "4.51830", "2020-06-30": "8.89000", "2020-03-31": "-13.61920", "2019-12-31": "5.82380", "2019-09-30": "2.41810", "2019-06-30": "4.27360", "2019-03-31": "7.31040", "2018-12-31": "-5.19600", "2018-09-30": "6.01480", "2018-06-30": "2.46450", "2018-03-31": "-0.35230", "2017-12-31": "7.05960", "2017-09-30": "1.21920", "2017-06-30": "1.21710", "2017-03-31": "2.48210", "2016-12-31": "1.26490", "2016-09-30": "2.25900", "2016-06-30": "1.57210", "2016-03-31": "2.47530", "2015-12-31": "2.14200", "2015-09-30": "2.41300", "2015-06-30": "2.38840", "2015-03-31": "1.71080", "2014-12-31": "2.24340", "2014-09-30": "2.52270", "2014-06-30": "1.16300", "2014-03-31": "1.28060", "2013-12-31": "1.74060", "2013-09-30": "1.94020", "2013-06-30": "1.65760", "2013-03-31": "2.29170", "2012-12-31": "3.00750", "2012-09-30": "1.76440", "2012-06-30": "0.52640", "2012-03-31": "1.39970", "2011-12-31": "2.24910", "2011-09-30": "0.33450", "2011-06-30": "-0.84800", "2011-03-31": "1.02400", "2010-12-31": "2.10600", "2010-09-30": "2.66710", "2010-06-30": "0.48420", "2010-03-31": "1.19210", "2009-12-31": "4.37580", "2009-09-30": "3.12900", "2009-06-30": "-0.38130", "2009-03-31": "0.74150", "2008-12-31": "3.20590", "2008-09-30": "4.45290", "2008-06-30": "1.13170", "2008-03-31": "-0.66570", "2007-12-31": "2.73970", "2007-09-30": "1.67610", "2007-06-30": "4.57870", "2007-03-31": "2.57020", "2006-12-31": "1.71290", "2006-09-30": "1.57450", "2006-06-30": "1.91170", "2006-03-31": "7.89140", "2005-12-31": "2.66100", "2005-09-30": "1.71910", "2005-06-30": "2.28220", "2005-03-31": "2.11830"}, "Book Value Per Share": {"2020-09-30": "60.60320", "2020-06-30": "57.57460", "2020-03-31": "50.01240", "2019-12-31": "60.55250", "2019-09-30": "57.35010", "2019-06-30": "55.91550", "2019-03-31": "52.87990", "2018-12-31": "48.11430", "2018-09-30": "51.22310", "2018-06-30": "48.68390", "2018-03-31": "48.42170", "2017-12-31": "50.29290", "2017-09-30": "45.87200", "2017-06-30": "44.98480", "2017-03-31": "44.08260", "2016-12-31": "42.94400", "2016-09-30": "43.23620", "2016-06-30": "42.37690", "2016-03-31": "40.96720", "2015-12-31": "39.21290", "2015-09-30": "38.76680", "2015-06-30": "39.61590", "2015-03-31": "40.21910", "2014-12-31": "40.15270", "2014-09-30": "39.11660", "2014-06-30": "38.67680", "2014-03-31": "37.84050", "2013-12-31": "37.21640", "2013-09-30": "35.46340", "2013-06-30": "34.75000", "2013-03-31": "35.49080", "2012-12-31": "33.45400", "2012-09-30": "32.87730", "2012-06-30": "31.75310", "2012-03-31": "32.14200", "2011-12-31": "31.06790", "2011-09-30": "29.54320", "2011-06-30": "31.02450", "2011-03-31": "31.39880", "2010-12-31": "31.06170", "2010-09-30": "30.73620", "2010-06-30": "29.06140", "2010-03-31": "29.84660", "2009-12-31": "29.38270", "2009-09-30": "28.55560", "2009-06-30": "25.58030", "2009-03-31": "23.95680", "2008-12-31": "25.81480", "2008-09-30": "28.93210", "2008-06-30": "29.05560", "2008-03-31": "33.42950", "2007-12-31": "35.71690", "2007-09-30": "38.45880", "2007-06-30": "39.68610", "2007-03-31": "39.00000", "2006-12-31": "39.35260", "2006-09-30": "37.36420", "2006-06-30": "35.05780", "2006-03-31": "35.86130", "2005-12-31": "34.97700", "2005-09-30": "34.37140", "2005-06-30": "35.04000", "2005-03-31": "34.32570"}, "Operating Cash Flow Per Share": {"2020-09-30": 3.1055, "2020-06-30": 2.7723, "2020-03-31": "1.02960", "2019-12-31": 2.0028, "2019-09-30": 2.4326, "2019-06-30": 1.6663, "2019-03-31": "1.21510", "2018-12-31": 2.1427, "2018-09-30": 2.2159, "2018-06-30": 1.8817, "2018-03-31": "0.93900", "2017-12-31": 1.8406, "2017-09-30": 1.816, "2017-06-30": 1.8639, "2017-03-31": "0.81680", "2016-12-31": 1.6907, "2016-09-30": 2.009, "2016-06-30": 1.4006, "2016-03-31": "1.59640", "2015-12-31": 1.9296, "2015-09-30": 1.722, "2015-06-30": 1.5416, "2015-03-31": "1.29830", "2014-12-31": 1.4513, "2014-09-30": 1.7104, "2014-06-30": 1.3442, "2014-03-31": "0.78180", "2013-12-31": 1.5638, "2013-09-30": 1.7313, "2013-06-30": 1.1718, "2013-03-31": "0.34570", "2012-12-31": 1.2549, "2012-09-30": 1.0218, "2012-06-30": 0.7135, "2012-03-31": "0.90720", "2011-12-31": 0.6051, "2011-09-30": 0.883, "2011-06-30": -0.3238, "2011-03-31": "0.34830", "2010-12-31": 0.6967, "2010-09-30": 1.0061, "2010-06-30": 0.8758, "2010-03-31": "0.67360", "2009-12-31": 1.0013, "2009-09-30": 1.2564, "2009-06-30": 0.7199, "2009-03-31": "0.24590", "2008-12-31": 0.028, "2008-09-30": 0.911, "2008-06-30": 0.9188, "2008-03-31": "1.10490", "2007-12-31": 1.0786, "2007-09-30": 1.0846, "2007-06-30": 0.6808, "2007-03-31": "1.25090", "2006-12-31": 1.1089, "2006-09-30": 1.0309, "2006-06-30": -0.6047, "2006-03-31": "1.97020", "2005-12-31": 1.3494, "2005-09-30": 1.3209, "2005-06-30": 1.0313, "2005-03-31": "0.84340"}, "Free Cash Flow Per Share": {"2020-09-30": 3.0687, "2020-06-30": 2.735, "2020-03-31": "1.00490", "2019-12-31": 1.9902, "2019-09-30": 2.3785, "2019-06-30": 1.618, "2019-03-31": "1.18470", "2018-12-31": 2.1066, "2018-09-30": 2.1852, "2018-06-30": 1.8453, "2018-03-31": "0.92070", "2017-12-31": 1.8287, "2017-09-30": 1.7858, "2017-06-30": 1.8217, "2017-03-31": "0.80480", "2016-12-31": 1.6666, "2016-09-30": 1.997, "2016-06-30": 1.3767, "2016-03-31": "1.57830", "2015-12-31": 1.9116, "2015-09-30": 1.7099, "2015-06-30": 1.5174, "2015-03-31": "1.29230", "2014-12-31": 1.4332, "2014-09-30": 1.7043, "2014-06-30": 1.3321, "2014-03-31": "0.76360", "2013-12-31": 1.5517, "2013-09-30": 1.7192, "2013-06-30": 1.1598, "2013-03-31": "0.33960", "2012-12-31": 1.2487, "2012-09-30": 1.0158, "2012-06-30": 0.7013, "2012-03-31": "0.89490", "2011-12-31": 0.6358, "2011-09-30": 0.8339, "2011-06-30": -0.336, "2011-03-31": "0.33600", "2010-12-31": 0.6784, "2010-09-30": 0.9876, "2010-06-30": 0.8575, "2010-03-31": "0.62460", "2009-12-31": 0.9337, "2009-09-30": 1.1891, "2009-06-30": 0.6461, "2009-03-31": "0.19670", "2008-12-31": -0.0218, "2008-09-30": 0.8617, "2008-06-30": 0.8659, "2008-03-31": "1.03660", "2007-12-31": 0.9679, "2007-09-30": 0.9848, "2007-06-30": 0.5822, "2007-03-31": "1.15340", "2006-12-31": 1.0236, "2006-09-30": 0.9797, "2006-06-30": -0.6624, "2006-03-31": "1.86800", "2005-12-31": 1.2933, "2005-09-30": 1.2585, "2005-06-30": 0.9577, "2005-03-31": "0.78710"}}, "revenue": {"Cincinnati Financial Annual Revenue (Millions of US $)": {"2019": "$7,924", "2018": "$5,407", "2017": "$5,732", "2016": "$5,449", "2015": "$5,142", "2014": "$4,945", "2013": "$4,531", "2012": "$4,111", "2011": "$3,803", "2010": "$3,772", "2009": "$3,903", "2008": "$3,824", "2007": "$4,259", "2006": "$4,550", "2005": "$3,767"}, "Cincinnati Financial Quarterly Revenue (Millions of US $)": {"2020-09-30": "$2,227", "2020-06-30": "$2,714", "2020-03-31": "$-99", "2019-12-31": "$2,152", "2019-09-30": "$1,700", "2019-06-30": "$1,913", "2019-03-31": "$2,159", "2018-12-31": "$710", "2018-09-30": "$1,915", "2018-06-30": "$1,558", "2018-03-31": "$1,224", "2017-12-31": "$1,411", "2017-09-30": "$1,412", "2017-06-30": "$1,386", "2017-03-31": "$1,523", "2016-12-31": "$1,312", "2016-09-30": "$1,402", "2016-06-30": "$1,371", "2016-03-31": "$1,364", "2015-12-31": "$1,263", "2015-09-30": "$1,278", "2015-06-30": "$1,316", "2015-03-31": "$1,285", "2014-12-31": "$1,262", "2014-09-30": "$1,280", "2014-06-30": "$1,214", "2014-03-31": "$1,189", "2013-12-31": "$1,172", "2013-09-30": "$1,152", "2013-06-30": "$1,104", "2013-03-31": "$1,103", "2012-12-31": "$1,070", "2012-09-30": "$1,035", "2012-06-30": "$1,020", "2012-03-31": "$986", "2011-12-31": "$955", "2011-09-30": "$944", "2011-06-30": "$975", "2011-03-31": "$929", "2010-12-31": "$936", "2010-09-30": "$1,071", "2010-06-30": "$878", "2010-03-31": "$887", "2009-12-31": "$1,132", "2009-09-30": "$1,007", "2009-06-30": "$874", "2009-03-31": "$890", "2008-12-31": "$1,017", "2008-09-30": "$1,186", "2008-06-30": "$917", "2008-03-31": "$704", "2007-12-31": "$976", "2007-09-30": "$982", "2007-06-30": "$1,270", "2007-03-31": "$1,031", "2006-12-31": "$995", "2006-09-30": "$967", "2006-06-30": "$981", "2006-03-31": "$1,607", "2005-12-31": "$967", "2005-09-30": "$944", "2005-06-30": "$940", "2005-03-31": "$916"}}, "gross-profit": {"Cincinnati Financial Annual Gross Profit (Millions of US $)": {"2019": "$2,548", "2018": "$320", "2017": "$796", "2016": "$877", "2015": "$947", "2014": "$788", "2013": "$783", "2012": "$634", "2011": "$240", "2010": "$568", "2009": "$657", "2008": "$615", "2007": "$1,257", "2006": "$2,443", "2005": "$1,875"}, "Cincinnati Financial Quarterly Gross Profit (Millions of US $)": {"2020-09-30": "$632", "2020-06-30": "$1,164", "2020-03-31": "$-1,558", "2019-12-31": "$800", "2019-09-30": "$313", "2019-06-30": "$547", "2019-03-31": "$888", "2018-12-31": "$-562", "2018-09-30": "$635", "2018-06-30": "$280", "2018-03-31": "$-33", "2017-12-31": "$213", "2017-09-30": "$145", "2017-06-30": "$145", "2017-03-31": "$293", "2016-12-31": "$144", "2016-09-30": "$269", "2016-06-30": "$184", "2016-03-31": "$280", "2015-12-31": "$232", "2015-09-30": "$260", "2015-06-30": "$264", "2015-03-31": "$191", "2014-12-31": "$253", "2014-09-30": "$275", "2014-06-30": "$123", "2014-03-31": "$137", "2013-12-31": "$184", "2013-09-30": "$198", "2013-06-30": "$166", "2013-03-31": "$235", "2012-12-31": "$290", "2012-09-30": "$168", "2012-06-30": "$46", "2012-03-31": "$130", "2011-12-31": "$199", "2011-09-30": "$28", "2011-06-30": "$-79", "2011-03-31": "$92", "2010-12-31": "$190", "2010-09-30": "$238", "2010-06-30": "$37", "2010-03-31": "$103", "2009-12-31": "$373", "2009-09-30": "$262", "2009-06-30": "$-32", "2009-03-31": "$54", "2008-12-31": "$-17", "2008-09-30": "$375", "2008-06-30": "$83", "2008-03-31": "$174", "2007-12-31": "$-509", "2007-09-30": "$417", "2007-06-30": "$787", "2007-03-31": "$562", "2006-12-31": "$458", "2006-09-30": "$423", "2006-06-30": "$442", "2006-03-31": "$1,120", "2005-12-31": "$522", "2005-09-30": "$421", "2005-06-30": "$486", "2005-03-31": "$446"}}, "operating-income": {"Cincinnati Financial Annual Operating Income (Millions of US $)": {"2019": "$2,525", "2018": "$304", "2017": "$783", "2016": "$865", "2015": "$934", "2014": "$774", "2013": "$768", "2012": "$620", "2011": "$227", "2010": "$552", "2009": "$637", "2008": "$593", "2007": "$1,244", "2006": "$1,459", "2005": "$946"}, "Cincinnati Financial Quarterly Operating Income (Millions of US $)": {"2020-09-30": "$627", "2020-06-30": "$1,159", "2020-03-31": "$-1,563", "2019-12-31": "$794", "2019-09-30": "$308", "2019-06-30": "$543", "2019-03-31": "$880", "2018-12-31": "$-568", "2018-09-30": "$632", "2018-06-30": "$277", "2018-03-31": "$-37", "2017-12-31": "$211", "2017-09-30": "$142", "2017-06-30": "$141", "2017-03-31": "$289", "2016-12-31": "$142", "2016-09-30": "$266", "2016-06-30": "$179", "2016-03-31": "$278", "2015-12-31": "$229", "2015-09-30": "$257", "2015-06-30": "$261", "2015-03-31": "$187", "2014-12-31": "$249", "2014-09-30": "$272", "2014-06-30": "$120", "2014-03-31": "$133", "2013-12-31": "$181", "2013-09-30": "$195", "2013-06-30": "$162", "2013-03-31": "$230", "2012-12-31": "$286", "2012-09-30": "$166", "2012-06-30": "$42", "2012-03-31": "$126", "2011-12-31": "$200", "2011-09-30": "$24", "2011-06-30": "$-85", "2011-03-31": "$88", "2010-12-31": "$185", "2010-09-30": "$234", "2010-06-30": "$34", "2010-03-31": "$99", "2009-12-31": "$367", "2009-09-30": "$258", "2009-06-30": "$-36", "2009-03-31": "$48", "2008-12-31": "$213", "2008-09-30": "$370", "2008-06-30": "$77", "2008-03-31": "$-67", "2007-12-31": "$209", "2007-09-30": "$191", "2007-06-30": "$540", "2007-03-31": "$304", "2006-12-31": "$206", "2006-09-30": "$180", "2006-06-30": "$202", "2006-03-31": "$871", "2005-12-31": "$294", "2005-09-30": "$181", "2005-06-30": "$246", "2005-03-31": "$225"}}, "ebitda": {"Cincinnati Financial Annual EBITDA (Millions of US $)": {"2019": "$2,597", "2018": "$367", "2017": "$838", "2016": "$913", "2015": "$986", "2014": "$825", "2013": "$818", "2012": "$664", "2011": "$269", "2010": "$593", "2009": "$675", "2008": "$625", "2007": "$1,280", "2006": "$1,497", "2005": "$979"}, "Cincinnati Financial Quarterly EBITDA (Millions of US $)": {"2020-09-30": "$647", "2020-06-30": "$1,179", "2020-03-31": "$-1,541", "2019-12-31": "$812", "2019-09-30": "$326", "2019-06-30": "$560", "2019-03-31": "$899", "2018-12-31": "$-553", "2018-09-30": "$648", "2018-06-30": "$291", "2018-03-31": "$-19", "2017-12-31": "$226", "2017-09-30": "$155", "2017-06-30": "$154", "2017-03-31": "$303", "2016-12-31": "$156", "2016-09-30": "$276", "2016-06-30": "$191", "2016-03-31": "$290", "2015-12-31": "$242", "2015-09-30": "$269", "2015-06-30": "$274", "2015-03-31": "$201", "2014-12-31": "$262", "2014-09-30": "$285", "2014-06-30": "$132", "2014-03-31": "$146", "2013-12-31": "$201", "2013-09-30": "$205", "2013-06-30": "$173", "2013-03-31": "$239", "2012-12-31": "$298", "2012-09-30": "$176", "2012-06-30": "$53", "2012-03-31": "$137", "2011-12-31": "$204", "2011-09-30": "$39", "2011-06-30": "$-73", "2011-03-31": "$99", "2010-12-31": "$196", "2010-09-30": "$247", "2010-06-30": "$41", "2010-03-31": "$109", "2009-12-31": "$384", "2009-09-30": "$265", "2009-06-30": "$-30", "2009-03-31": "$56", "2008-12-31": "$218", "2008-09-30": "$378", "2008-06-30": "$88", "2008-03-31": "$-59", "2007-12-31": "$219", "2007-09-30": "$201", "2007-06-30": "$549", "2007-03-31": "$311", "2006-12-31": "$218", "2006-09-30": "$190", "2006-06-30": "$210", "2006-03-31": "$879", "2005-12-31": "$305", "2005-09-30": "$189", "2005-06-30": "$253", "2005-03-31": "$232"}}, "net-income": {"Cincinnati Financial Annual Net Income (Millions of US $)": {"2019": "$1,997", "2018": "$287", "2017": "$1,045", "2016": "$591", "2015": "$634", "2014": "$525", "2013": "$517", "2012": "$421", "2011": "$164", "2010": "$375", "2009": "$432", "2008": "$429", "2007": "$855", "2006": "$930", "2005": "$602"}, "Cincinnati Financial Quarterly Net Income (Millions of US $)": {"2020-09-30": "$484", "2020-06-30": "$909", "2020-03-31": "$-1,226", "2019-12-31": "$626", "2019-09-30": "$248", "2019-06-30": "$428", "2019-03-31": "$695", "2018-12-31": "$-452", "2018-09-30": "$553", "2018-06-30": "$217", "2018-03-31": "$-31", "2017-12-31": "$642", "2017-09-30": "$102", "2017-06-30": "$100", "2017-03-31": "$201", "2016-12-31": "$100", "2016-09-30": "$180", "2016-06-30": "$123", "2016-03-31": "$188", "2015-12-31": "$156", "2015-09-30": "$174", "2015-06-30": "$176", "2015-03-31": "$128", "2014-12-31": "$167", "2014-09-30": "$183", "2014-06-30": "$84", "2014-03-31": "$91", "2013-12-31": "$122", "2013-09-30": "$131", "2013-06-30": "$110", "2013-03-31": "$154", "2012-12-31": "$192", "2012-09-30": "$111", "2012-06-30": "$32", "2012-03-31": "$86", "2011-12-31": "$134", "2011-09-30": "$19", "2011-06-30": "$-50", "2011-03-31": "$61", "2010-12-31": "$124", "2010-09-30": "$156", "2010-06-30": "$27", "2010-03-31": "$68", "2009-12-31": "$245", "2009-09-30": "$171", "2009-06-30": "$-19", "2009-03-31": "$35", "2008-12-31": "$161", "2008-09-30": "$247", "2008-06-30": "$63", "2008-03-31": "$-42", "2007-12-31": "$186", "2007-09-30": "$124", "2007-06-30": "$351", "2007-03-31": "$194", "2006-12-31": "$131", "2006-09-30": "$115", "2006-06-30": "$132", "2006-03-31": "$552", "2005-12-31": "$183", "2005-09-30": "$117", "2005-06-30": "$158", "2005-03-31": "$144"}}, "eps-earnings-per-share-diluted": {"Cincinnati Financial Annual EPS": {"2019": "$12.10", "2018": "$1.75", "2017": "$6.29", "2016": "$3.55", "2015": "$3.83", "2014": "$3.18", "2013": "$3.12", "2012": "$2.57", "2011": "$1.01", "2010": "$2.30", "2009": "$2.65", "2008": "$2.62", "2007": "$4.97", "2006": "$5.30", "2005": "$3.40"}, "Cincinnati Financial Quarterly EPS": {"2020-09-30": "$2.99", "2020-06-30": "$5.63", "2020-03-31": "$-7.56", "2019-12-31": "$3.80", "2019-09-30": "$1.49", "2019-06-30": "$2.59", "2019-03-31": "$4.22", "2018-12-31": "$-2.76", "2018-09-30": "$3.38", "2018-06-30": "$1.32", "2018-03-31": "$-0.19", "2017-12-31": "$3.87", "2017-09-30": "$0.61", "2017-06-30": "$0.60", "2017-03-31": "$1.21", "2016-12-31": "$0.60", "2016-09-30": "$1.08", "2016-06-30": "$0.74", "2016-03-31": "$1.13", "2015-12-31": "$0.95", "2015-09-30": "$1.05", "2015-06-30": "$1.06", "2015-03-31": "$0.77", "2014-12-31": "$1.01", "2014-09-30": "$1.11", "2014-06-30": "$0.51", "2014-03-31": "$0.55", "2013-12-31": "$0.73", "2013-09-30": "$0.79", "2013-06-30": "$0.66", "2013-03-31": "$0.94", "2012-12-31": "$1.16", "2012-09-30": "$0.68", "2012-06-30": "$0.20", "2012-03-31": "$0.53", "2011-12-31": "$0.82", "2011-09-30": "$0.12", "2011-06-30": "$-0.31", "2011-03-31": "$0.38", "2010-12-31": "$0.76", "2010-09-30": "$0.95", "2010-06-30": "$0.17", "2010-03-31": "$0.42", "2009-12-31": "$1.50", "2009-09-30": "$1.05", "2009-06-30": "$-0.12", "2009-03-31": "$0.22", "2008-12-31": "$1.00", "2008-09-30": "$1.50", "2008-06-30": "$0.38", "2008-03-31": "$-0.26", "2007-12-31": "$1.12", "2007-09-30": "$0.72", "2007-06-30": "$2.02", "2007-03-31": "$1.11", "2006-12-31": "$0.75", "2006-09-30": "$0.66", "2006-06-30": "$0.76", "2006-03-31": "$3.13", "2005-12-31": "$1.04", "2005-09-30": "$0.66", "2005-06-30": "$0.89", "2005-03-31": "$0.81"}}, "shares-outstanding": {"Cincinnati Financial Annual Shares Outstanding (Millions of Shares)": {"2019": "165", "2018": "165", "2017": "166", "2016": "167", "2015": "166", "2014": "165", "2013": "165", "2012": "164", "2011": "163", "2010": "163", "2009": "163", "2008": "163", "2007": "172", "2006": "175", "2005": "177"}, "Cincinnati Financial Quarterly Shares Outstanding (Millions of Shares)": {"2020-09-30": "162", "2020-06-30": "162", "2020-03-31": "162", "2019-12-31": "165", "2019-09-30": "166", "2019-06-30": "165", "2019-03-31": "165", "2018-12-31": "165", "2018-09-30": "164", "2018-06-30": "165", "2018-03-31": "164", "2017-12-31": "166", "2017-09-30": "166", "2017-06-30": "166", "2017-03-31": "167", "2016-12-31": "167", "2016-09-30": "167", "2016-06-30": "167", "2016-03-31": "166", "2015-12-31": "166", "2015-09-30": "166", "2015-06-30": "166", "2015-03-31": "166", "2014-12-31": "165", "2014-09-30": "165", "2014-06-30": "165", "2014-03-31": "165", "2013-12-31": "165", "2013-09-30": "166", "2013-06-30": "165", "2013-03-31": "165", "2012-12-31": "164", "2012-09-30": "164", "2012-06-30": "164", "2012-03-31": "163", "2011-12-31": "163", "2011-09-30": "163", "2011-06-30": "163", "2011-03-31": "164", "2010-12-31": "163", "2010-09-30": "163", "2010-06-30": "163", "2010-03-31": "163", "2009-12-31": "163", "2009-09-30": "163", "2009-06-30": "163", "2009-03-31": "163", "2008-12-31": "163", "2008-09-30": "164", "2008-06-30": "165", "2008-03-31": "161", "2007-12-31": "172", "2007-09-30": "172", "2007-06-30": "173", "2007-03-31": "174", "2006-12-31": "175", "2006-09-30": "175", "2006-06-30": "175", "2006-03-31": "176", "2005-12-31": "177", "2005-09-30": "177", "2005-06-30": "177", "2005-03-31": "178"}}, "total-assets": {"Cincinnati Financial Annual Total Assets (Millions of US $)": {"2019": "$25,408", "2018": "$21,935", "2017": "$21,843", "2016": "$20,386", "2015": "$18,888", "2014": "$18,748", "2013": "$17,662", "2012": "$16,548", "2011": "$15,635", "2010": "$15,095", "2009": "$14,440", "2008": "$13,369", "2007": "$16,637", "2006": "$17,222", "2005": "$16,003"}, "Cincinnati Financial Quarterly Total Assets (Millions of US $)": {"2020-09-30": "$26,370", "2020-06-30": "$25,450", "2020-03-31": "$23,367", "2019-12-31": "$25,408", "2019-09-30": "$24,742", "2019-06-30": "$24,337", "2019-03-31": "$23,352", "2018-12-31": "$21,935", "2018-09-30": "$22,480", "2018-06-30": "$21,760", "2018-03-31": "$21,470", "2017-12-31": "$21,843", "2017-09-30": "$21,592", "2017-06-30": "$21,238", "2017-03-31": "$20,753", "2016-12-31": "$20,386", "2016-09-30": "$20,455", "2016-06-30": "$20,151", "2016-03-31": "$19,447", "2015-12-31": "$18,888", "2015-09-30": "$18,751", "2015-06-30": "$18,888", "2015-03-31": "$18,897", "2014-12-31": "$18,748", "2014-09-30": "$18,474", "2014-06-30": "$18,335", "2014-03-31": "$17,942", "2013-12-31": "$17,662", "2013-09-30": "$17,339", "2013-06-30": "$17,034", "2013-03-31": "$17,037", "2012-12-31": "$16,548", "2012-09-30": "$16,479", "2012-06-30": "$16,089", "2012-03-31": "$16,022", "2011-12-31": "$15,635", "2011-09-30": "$15,412", "2011-06-30": "$15,702", "2011-03-31": "$15,369", "2010-12-31": "$15,095", "2010-09-30": "$15,070", "2010-06-30": "$14,607", "2010-03-31": "$14,616", "2009-12-31": "$14,440", "2009-09-30": "$14,226", "2009-06-30": "$13,522", "2009-03-31": "$13,108", "2008-12-31": "$13,369", "2008-09-30": "$14,303", "2008-06-30": "$14,811", "2008-03-31": "$15,945", "2007-12-31": "$16,637", "2007-09-30": "$17,622", "2007-06-30": "$18,264", "2007-03-31": "$18,221", "2006-12-31": "$17,222", "2006-09-30": "$17,671", "2006-06-30": "$16,936", "2006-03-31": "$16,763", "2005-12-31": "$16,003", "2005-09-30": "$15,984", "2005-06-30": "$16,024", "2005-03-31": "$15,798"}}, "cash-on-hand": {"Cincinnati Financial Annual Cash on Hand (Millions of US $)": {"2019": "$767", "2018": "$784", "2017": "$657", "2016": "$777", "2015": "$544", "2014": "$591", "2013": "$433", "2012": "$487", "2011": "$438", "2010": "$385", "2009": "$557", "2008": "$1,009", "2007": "$226", "2006": "$202", "2005": "$119"}, "Cincinnati Financial Quarterly Cash on Hand (Millions of US $)": {"2020-09-30": "$914", "2020-06-30": "$706", "2020-03-31": "$486", "2019-12-31": "$767", "2019-09-30": "$787", "2019-06-30": "$803", "2019-03-31": "$802", "2018-12-31": "$784", "2018-09-30": "$616", "2018-06-30": "$521", "2018-03-31": "$604", "2017-12-31": "$657", "2017-09-30": "$674", "2017-06-30": "$606", "2017-03-31": "$543", "2016-12-31": "$777", "2016-09-30": "$700", "2016-06-30": "$547", "2016-03-31": "$613", "2015-12-31": "$544", "2015-09-30": "$419", "2015-06-30": "$487", "2015-03-31": "$640", "2014-12-31": "$591", "2014-09-30": "$412", "2014-06-30": "$462", "2014-03-31": "$521", "2013-12-31": "$433", "2013-09-30": "$511", "2013-06-30": "$382", "2013-03-31": "$380", "2012-12-31": "$487", "2012-09-30": "$416", "2012-06-30": "$263", "2012-03-31": "$424", "2011-12-31": "$438", "2011-09-30": "$308", "2011-06-30": "$313", "2011-03-31": "$379", "2010-12-31": "$385", "2010-09-30": "$445", "2010-06-30": "$325", "2010-03-31": "$402", "2009-12-31": "$557", "2009-09-30": "$448", "2009-06-30": "$254", "2009-03-31": "$515", "2008-12-31": "$1,009", "2008-09-30": "$347", "2008-06-30": "$333", "2008-03-31": "$237", "2007-12-31": "$226", "2007-09-30": "$183", "2007-06-30": "$122", "2007-03-31": "$197", "2006-12-31": "$202", "2006-09-30": "$239", "2006-06-30": "$203", "2006-03-31": "$206", "2005-12-31": "$119", "2005-09-30": "$98", "2005-06-30": "$172", "2005-03-31": "$117"}}, "long-term-debt": {"Cincinnati Financial Annual Long Term Debt (Millions of US $)": {"2019": "$885", "2018": "$866", "2017": "$851", "2016": "$846", "2015": "$856", "2014": "$871", "2013": "$939", "2012": "$931", "2011": "$925", "2010": "$856", "2009": "$839", "2008": "$840", "2007": "$860", "2006": "$840", "2005": "$791"}, "Cincinnati Financial Quarterly Long Term Debt (Millions of US $)": {"2020-09-30": "$967", "2020-06-30": "$967", "2020-03-31": "$960", "2019-12-31": "$885", "2019-09-30": "$885", "2019-06-30": "$884", "2019-03-31": "$877", "2018-12-31": "$866", "2018-09-30": "$860", "2018-06-30": "$889", "2018-03-31": "$853", "2017-12-31": "$851", "2017-09-30": "$843", "2017-06-30": "$843", "2017-03-31": "$842", "2016-12-31": "$846", "2016-09-30": "$847", "2016-06-30": "$853", "2016-03-31": "$860", "2015-12-31": "$856", "2015-09-30": "$861", "2015-06-30": "$872", "2015-03-31": "$874", "2014-12-31": "$871", "2014-09-30": "$878", "2014-06-30": "$880", "2014-03-31": "$938", "2013-12-31": "$939", "2013-09-30": "$936", "2013-06-30": "$937", "2013-03-31": "$935", "2012-12-31": "$931", "2012-09-30": "$932", "2012-06-30": "$935", "2012-03-31": "$937", "2011-12-31": "$925", "2011-09-30": "$894", "2011-06-30": "$839", "2011-03-31": "$839", "2010-12-31": "$856", "2010-09-30": "$839", "2010-06-30": "$839", "2010-03-31": "$839", "2009-12-31": "$839", "2009-09-30": "$839", "2009-06-30": "$839", "2009-03-31": "$839", "2008-12-31": "$840", "2008-09-30": "$860", "2008-06-30": "$860", "2008-03-31": "$860", "2007-12-31": "$860", "2007-09-30": "$860", "2007-06-30": "$840", "2007-03-31": "$840", "2006-12-31": "$840", "2006-09-30": "$840", "2006-06-30": "$840", "2006-03-31": "$791", "2005-12-31": "$791", "2005-09-30": "$791", "2005-06-30": "$791", "2005-03-31": "$791"}}, "total-liabilities": {"Cincinnati Financial Annual Total Liabilities (Millions of US $)": {"2019": "$15,544", "2018": "$14,102", "2017": "$13,600", "2016": "$13,326", "2015": "$12,461", "2014": "$12,175", "2013": "$11,592", "2012": "$11,095", "2011": "$10,602", "2010": "$10,063", "2009": "$9,680", "2008": "$9,187", "2007": "$10,708", "2006": "$10,414", "2005": "$9,917"}, "Cincinnati Financial Quarterly Total Liabilities (Millions of US $)": {"2020-09-30": "$16,625", "2020-06-30": "$16,192", "2020-03-31": "$15,325", "2019-12-31": "$15,544", "2019-09-30": "$15,371", "2019-06-30": "$15,206", "2019-03-31": "$14,722", "2018-12-31": "$14,102", "2018-09-30": "$14,146", "2018-06-30": "$13,844", "2018-03-31": "$13,524", "2017-12-31": "$13,600", "2017-09-30": "$14,069", "2017-06-30": "$13,865", "2017-03-31": "$13,497", "2016-12-31": "$13,326", "2016-09-30": "$13,334", "2016-06-30": "$13,180", "2016-03-31": "$12,712", "2015-12-31": "$12,461", "2015-09-30": "$12,401", "2015-06-30": "$12,391", "2015-03-31": "$12,289", "2014-12-31": "$12,175", "2014-09-30": "$12,098", "2014-06-30": "$11,992", "2014-03-31": "$11,774", "2013-12-31": "$11,592", "2013-09-30": "$11,523", "2013-06-30": "$11,335", "2013-03-31": "$11,252", "2012-12-31": "$11,095", "2012-09-30": "$11,120", "2012-06-30": "$10,945", "2012-03-31": "$10,815", "2011-12-31": "$10,602", "2011-09-30": "$10,626", "2011-06-30": "$10,645", "2011-03-31": "$10,251", "2010-12-31": "$10,063", "2010-09-30": "$10,060", "2010-06-30": "$9,870", "2010-03-31": "$9,751", "2009-12-31": "$9,680", "2009-09-30": "$9,600", "2009-06-30": "$9,378", "2009-03-31": "$9,227", "2008-12-31": "$9,187", "2008-09-30": "$9,616", "2008-06-30": "$10,104", "2008-03-31": "$10,496", "2007-12-31": "$10,708", "2007-09-30": "$11,084", "2007-06-30": "$11,438", "2007-03-31": "$11,513", "2006-12-31": "$10,414", "2006-09-30": "$11,207", "2006-06-30": "$10,871", "2006-03-31": "$10,559", "2005-12-31": "$9,917", "2005-09-30": "$9,969", "2005-06-30": "$9,892", "2005-03-31": "$9,791"}}, "total-share-holder-equity": {"Cincinnati Financial Annual Share Holder Equity (Millions of US $)": {"2019": "$9,864", "2018": "$7,833", "2017": "$8,243", "2016": "$7,060", "2015": "$6,427", "2014": "$6,573", "2013": "$6,070", "2012": "$5,453", "2011": "$5,033", "2010": "$5,032", "2009": "$4,760", "2008": "$4,182", "2007": "$5,929", "2006": "$6,808", "2005": "$6,086"}, "Cincinnati Financial Quarterly Share Holder Equity (Millions of US $)": {"2020-09-30": "$9,745", "2020-06-30": "$9,258", "2020-03-31": "$8,042", "2019-12-31": "$9,864", "2019-09-30": "$9,371", "2019-06-30": "$9,131", "2019-03-31": "$8,630", "2018-12-31": "$7,833", "2018-09-30": "$8,334", "2018-06-30": "$7,916", "2018-03-31": "$7,946", "2017-12-31": "$8,243", "2017-09-30": "$7,523", "2017-06-30": "$7,373", "2017-03-31": "$7,256", "2016-12-31": "$7,060", "2016-09-30": "$7,121", "2016-06-30": "$6,971", "2016-03-31": "$6,735", "2015-12-31": "$6,427", "2015-09-30": "$6,350", "2015-06-30": "$6,497", "2015-03-31": "$6,608", "2014-12-31": "$6,573", "2014-09-30": "$6,376", "2014-06-30": "$6,343", "2014-03-31": "$6,168", "2013-12-31": "$6,070", "2013-09-30": "$5,816", "2013-06-30": "$5,699", "2013-03-31": "$5,785", "2012-12-31": "$5,453", "2012-09-30": "$5,359", "2012-06-30": "$5,144", "2012-03-31": "$5,207", "2011-12-31": "$5,033", "2011-09-30": "$4,786", "2011-06-30": "$5,057", "2011-03-31": "$5,118", "2010-12-31": "$5,032", "2010-09-30": "$5,010", "2010-06-30": "$4,737", "2010-03-31": "$4,865", "2009-12-31": "$4,760", "2009-09-30": "$4,626", "2009-06-30": "$4,144", "2009-03-31": "$3,881", "2008-12-31": "$4,182", "2008-09-30": "$4,687", "2008-06-30": "$4,707", "2008-03-31": "$5,449", "2007-12-31": "$5,929", "2007-09-30": "$6,538", "2007-06-30": "$6,826", "2007-03-31": "$6,708", "2006-12-31": "$6,808", "2006-09-30": "$6,464", "2006-06-30": "$6,065", "2006-03-31": "$6,204", "2005-12-31": "$6,086", "2005-09-30": "$6,015", "2005-06-30": "$6,132", "2005-03-31": "$6,007"}}, "profit-margins": {"current": "0%"}, "gross margin": {"2020-09-30": "14.84%", "2020-06-30": "11.12%", "2020-03-31": "1.80%", "2019-12-31": "32.16%", "2019-09-30": "18.30%", "2019-06-30": "22.52%", "2019-03-31": "19.57%", "2018-12-31": "5.92%", "2018-09-30": "17.93%", "2018-06-30": "10.79%", "2018-03-31": "8.65%", "2017-12-31": "13.89%", "2017-09-30": "12.91%", "2017-06-30": "15.13%", "2017-03-31": "15.87%", "2016-12-31": "16.09%", "2016-09-30": "17.87%", "2016-06-30": "18.12%", "2016-03-31": "19.84%", "2015-12-31": "18.42%", "2015-09-30": "18.83%", "2015-06-30": "19.11%", "2015-03-31": "16.70%", "2014-12-31": "15.94%", "2014-09-30": "14.81%", "2014-06-30": "13.58%", "2014-03-31": "14.84%", "2013-12-31": "17.28%", "2013-09-30": "20.07%", "2013-06-30": "19.92%", "2013-03-31": "17.48%", "2012-12-31": "15.42%", "2012-09-30": "13.59%", "2012-06-30": "10.32%", "2012-03-31": "7.20%", "2011-12-31": "6.31%", "2011-09-30": "6.10%", "2011-06-30": "11.28%", "2011-03-31": "14.60%", "2010-12-31": "15.06%", "2010-09-30": "18.93%", "2010-06-30": "19.85%", "2010-03-31": "18.10%", "2009-12-31": "16.83%", "2009-09-30": "7.05%", "2009-06-30": "9.58%", "2009-03-31": "12.34%", "2008-12-31": "16.08%", "2008-09-30": "3.25%", "2008-06-30": "4.61%", "2008-03-31": "22.10%", "2007-12-31": "29.51%", "2007-09-30": "51.99%", "2007-06-30": "52.31%", "2007-03-31": "47.43%", "2006-12-31": "53.69%", "2006-09-30": "55.44%", "2006-06-30": "55.68%", "2006-03-31": "57.18%", "2005-12-31": "49.77%"}, "operating margin": {"2020-09-30": "14.54%", "2020-06-30": "10.79%", "2020-03-31": "1.45%", "2019-12-31": "31.87%", "2019-09-30": "17.94%", "2019-06-30": "22.20%", "2019-03-31": "19.25%", "2018-12-31": "5.62%", "2018-09-30": "17.73%", "2018-06-30": "10.58%", "2018-03-31": "8.41%", "2017-12-31": "13.66%", "2017-09-30": "12.68%", "2017-06-30": "14.90%", "2017-03-31": "15.62%", "2016-12-31": "15.87%", "2016-09-30": "17.63%", "2016-06-30": "17.87%", "2016-03-31": "19.63%", "2015-12-31": "18.16%", "2015-09-30": "18.56%", "2015-06-30": "18.84%", "2015-03-31": "16.43%", "2014-12-31": "15.65%", "2014-09-30": "14.54%", "2014-06-30": "13.31%", "2014-03-31": "14.53%", "2013-12-31": "16.95%", "2013-09-30": "19.71%", "2013-06-30": "19.57%", "2013-03-31": "17.12%", "2012-12-31": "15.08%", "2012-09-30": "13.36%", "2012-06-30": "10.04%", "2012-03-31": "6.87%", "2011-12-31": "5.97%", "2011-09-30": "5.60%", "2011-06-30": "10.79%", "2011-03-31": "14.18%", "2010-12-31": "14.63%", "2010-09-30": "18.50%", "2010-06-30": "19.42%", "2010-03-31": "17.64%", "2009-12-31": "16.32%", "2009-09-30": "12.75%", "2009-06-30": "15.00%", "2009-03-31": "17.66%", "2008-12-31": "15.51%", "2008-09-30": "15.57%", "2008-06-30": "11.46%", "2008-03-31": "22.20%", "2007-12-31": "29.21%", "2007-09-30": "29.01%", "2007-06-30": "28.85%", "2007-03-31": "22.45%", "2006-12-31": "32.07%", "2006-09-30": "34.21%", "2006-06-30": "34.41%", "2006-03-31": "35.71%", "2005-12-31": "25.11%"}, "ebitda margin": {"2020-09-30": "15.68%", "2020-06-30": "12.00%", "2020-03-31": "2.77%", "2019-12-31": "32.77%", "2019-09-30": "19.01%", "2019-06-30": "23.20%", "2019-03-31": "20.26%", "2018-12-31": "6.79%", "2018-09-30": "18.76%", "2018-06-30": "11.65%", "2018-03-31": "9.50%", "2017-12-31": "14.62%", "2017-09-30": "13.63%", "2017-06-30": "15.81%", "2017-03-31": "16.51%", "2016-12-31": "16.76%", "2016-09-30": "18.50%", "2016-06-30": "18.80%", "2016-03-31": "20.59%", "2015-12-31": "19.18%", "2015-09-30": "19.57%", "2015-06-30": "19.87%", "2015-03-31": "17.46%", "2014-12-31": "16.68%", "2014-09-30": "15.74%", "2014-06-30": "14.47%", "2014-03-31": "15.70%", "2013-12-31": "18.05%", "2013-09-30": "20.66%", "2013-06-30": "20.55%", "2013-03-31": "18.12%", "2012-12-31": "16.15%", "2012-09-30": "14.26%", "2012-06-30": "11.09%", "2012-03-31": "7.95%", "2011-12-31": "7.07%", "2011-09-30": "6.90%", "2011-06-30": "11.99%", "2011-03-31": "15.29%", "2010-12-31": "15.72%", "2010-09-30": "19.68%", "2010-06-30": "20.47%", "2010-03-31": "18.67%", "2009-12-31": "17.29%", "2009-09-30": "13.44%", "2009-06-30": "15.68%", "2009-03-31": "18.45%", "2008-12-31": "16.34%", "2008-09-30": "16.55%", "2008-06-30": "12.55%", "2008-03-31": "23.14%", "2007-12-31": "30.05%", "2007-09-30": "29.90%", "2007-06-30": "29.74%", "2007-03-31": "23.38%", "2006-12-31": "32.90%", "2006-09-30": "35.03%", "2006-06-30": "35.19%", "2006-03-31": "36.47%", "2005-12-31": "25.99%"}, "pre tax profit margin": {"2020-09-30": "13.78%", "2020-06-30": "9.96%", "2020-03-31": "0.51%", "2019-12-31": "31.20%", "2019-09-30": "17.12%", "2019-06-30": "21.41%", "2019-03-31": "18.42%", "2018-12-31": "4.64%", "2018-09-30": "16.85%", "2018-06-30": "9.63%", "2018-03-31": "7.44%", "2017-12-31": "12.74%", "2017-09-30": "11.73%", "2017-06-30": "13.96%", "2017-03-31": "14.68%", "2016-12-31": "14.90%", "2016-09-30": "16.67%", "2016-06-30": "16.87%", "2016-03-31": "18.62%", "2015-12-31": "17.13%", "2015-09-30": "17.53%", "2015-06-30": "17.83%", "2015-03-31": "15.39%", "2014-12-31": "14.58%", "2014-09-30": "13.43%", "2014-06-30": "12.16%", "2014-03-31": "13.34%", "2013-12-31": "15.76%", "2013-09-30": "18.51%", "2013-06-30": "18.32%", "2013-03-31": "15.87%", "2012-12-31": "13.77%", "2012-09-30": "11.99%", "2012-06-30": "8.66%", "2012-03-31": "5.44%", "2011-12-31": "4.55%", "2011-09-30": "4.18%", "2011-06-30": "9.41%", "2011-03-31": "12.79%", "2010-12-31": "13.20%", "2010-09-30": "17.16%", "2010-06-30": "18.03%", "2010-03-31": "16.23%", "2009-12-31": "14.91%", "2009-09-30": "11.83%", "2009-06-30": "14.12%", "2009-03-31": "16.81%", "2008-12-31": "14.12%", "2008-09-30": "15.15%", "2008-06-30": "10.53%", "2008-03-31": "20.88%", "2007-12-31": "27.99%", "2007-09-30": "25.97%", "2007-06-30": "25.78%", "2007-03-31": "19.28%", "2006-12-31": "29.21%", "2006-09-30": "31.38%", "2006-06-30": "31.61%", "2006-03-31": "32.79%", "2005-12-31": "21.85%"}, "net profit margin": {"2020-09-30": "11.34%", "2020-06-30": "8.61%", "2020-03-31": "1.34%", "2019-12-31": "25.20%", "2019-09-30": "14.18%", "2019-06-30": "18.28%", "2019-03-31": "15.97%", "2018-12-31": "5.31%", "2018-09-30": "22.61%", "2018-06-30": "16.59%", "2018-03-31": "14.96%", "2017-12-31": "18.23%", "2017-09-30": "8.93%", "2017-06-30": "10.33%", "2017-03-31": "10.77%", "2016-12-31": "10.85%", "2016-09-30": "11.98%", "2016-06-30": "12.15%", "2016-03-31": "13.29%", "2015-12-31": "12.33%", "2015-09-30": "12.55%", "2015-06-30": "12.72%", "2015-03-31": "11.15%", "2014-12-31": "10.62%", "2014-09-30": "9.89%", "2014-06-30": "9.05%", "2014-03-31": "9.83%", "2013-12-31": "11.41%", "2013-09-30": "13.25%", "2013-06-30": "13.15%", "2013-03-31": "11.57%", "2012-12-31": "10.24%", "2012-09-30": "9.08%", "2012-06-30": "6.94%", "2012-03-31": "4.90%", "2011-12-31": "4.31%", "2011-09-30": "4.07%", "2011-06-30": "7.44%", "2011-03-31": "9.65%", "2010-12-31": "9.94%", "2010-09-30": "12.50%", "2010-06-30": "13.09%", "2010-03-31": "11.92%", "2009-12-31": "11.07%", "2009-09-30": "9.19%", "2009-06-30": "10.69%", "2009-03-31": "12.62%", "2008-12-31": "11.22%", "2008-09-30": "12.00%", "2008-06-30": "9.25%", "2008-03-31": "15.74%", "2007-12-31": "20.08%", "2007-09-30": "18.70%", "2007-06-30": "18.56%", "2007-03-31": "14.39%", "2006-12-31": "20.44%", "2006-09-30": "21.72%", "2006-06-30": "21.87%", "2006-03-31": "22.66%", "2005-12-31": "15.98%"}, "pe ratio": {"current": "29.90", "2021-02-05": "17.88", "2020-09-30": "15.96", "2020-06-30": "18.82", "2020-03-31": "237.45", "2019-12-31": "8.43", "2019-09-30": "20.37", "2019-06-30": "13.41", "2019-03-31": "13.34", "2018-12-31": "42.40", "2018-09-30": "8.61", "2018-06-30": "11.12", "2018-03-31": "14.06", "2017-12-31": "10.96", "2017-09-30": "23.04", "2017-06-30": "18.74", "2017-03-31": "17.85", "2016-12-31": "19.00", "2016-09-30": "17.16", "2016-06-30": "17.06", "2016-03-31": "13.66", "2015-12-31": "13.43", "2015-09-30": "11.78", "2015-06-30": "10.73", "2015-03-31": "13.11", "2014-12-31": "13.47", "2014-09-30": "13.28", "2014-06-30": "15.09", "2014-03-31": "14.33", "2013-12-31": "13.42", "2013-09-30": "10.54", "2013-06-30": "10.49", "2013-03-31": "12.34", "2012-12-31": "11.76", "2012-09-30": "12.97", "2012-06-30": "17.20", "2012-03-31": "21.96", "2011-12-31": "21.95", "2011-09-30": "19.88", "2011-06-30": "11.70", "2011-03-31": "10.28", "2010-12-31": "9.64", "2010-09-30": "6.58", "2010-06-30": "5.64", "2010-03-31": "6.85", "2009-12-31": "6.59", "2009-09-30": "7.96", "2009-06-30": "5.57", "2009-03-31": "4.70", "2008-12-31": "6.95", "2008-09-30": "6.42", "2008-06-30": "7.91", "2008-03-31": "6.35", "2007-12-31": "4.73", "2007-09-30": "5.53", "2007-06-30": "5.57", "2007-03-31": "7.48", "2006-12-31": "4.90"}, "price sales": {"2021-02-05": "2.02", "2020-09-30": "1.80", "2020-06-30": "1.60", "2020-03-31": "2.15", "2019-12-31": "2.12", "2019-09-30": "2.86", "2019-06-30": "2.44", "2019-03-31": "2.12", "2018-12-31": "2.23", "2018-09-30": "1.95", "2018-06-30": "1.84", "2018-03-31": "2.10", "2017-12-31": "2.00", "2017-09-30": "2.05", "2017-06-30": "1.94", "2017-03-31": "1.92", "2016-12-31": "2.06", "2016-09-30": "2.05", "2016-06-30": "2.07", "2016-03-31": "1.81", "2015-12-31": "1.65", "2015-09-30": "1.48", "2015-06-30": "1.37", "2015-03-31": "1.46", "2014-12-31": "1.44", "2014-09-30": "1.32", "2014-06-30": "1.37", "2014-03-31": "1.41", "2013-12-31": "1.53", "2013-09-30": "1.40", "2013-06-30": "1.38", "2013-03-31": "1.43", "2012-12-31": "1.21", "2012-09-30": "1.19", "2012-06-30": "1.21", "2012-03-31": "1.10", "2011-12-31": "0.97", "2011-09-30": "0.83", "2011-06-30": "0.88", "2011-03-31": "1.00", "2010-12-31": "0.96", "2010-09-30": "0.82", "2010-06-30": "0.74", "2010-03-31": "0.82", "2009-12-31": "0.73", "2009-09-30": "0.73", "2009-06-30": "0.59", "2009-03-31": "0.59", "2008-12-31": "0.78", "2008-09-30": "0.77", "2008-06-30": "0.72", "2008-03-31": "0.99", "2007-12-31": "0.95", "2007-09-30": "1.03", "2007-06-30": "1.04", "2007-03-31": "1.08", "2006-12-31": "1.00"}, "price book": {"current": "1.43", "2021-02-05": "1.43", "2020-09-30": "1.28", "2020-06-30": "1.10", "2020-03-31": "1.47", "2019-12-31": "1.68", "2019-09-30": "1.96", "2019-06-30": "1.78", "2019-03-31": "1.55", "2018-12-31": "1.52", "2018-09-30": "1.41", "2018-06-30": "1.28", "2018-03-31": "1.42", "2017-12-31": "1.37", "2017-09-30": "1.52", "2017-06-30": "1.45", "2017-03-31": "1.47", "2016-12-31": "1.57", "2016-09-30": "1.54", "2016-06-30": "1.55", "2016-03-31": "1.39", "2015-12-31": "1.31", "2015-09-30": "1.18", "2015-06-30": "1.07", "2015-03-31": "1.11", "2014-12-31": "1.07", "2014-09-30": "0.99", "2014-06-30": "1.01", "2014-03-31": "1.04", "2013-12-31": "1.13", "2013-09-30": "1.06", "2013-06-30": "1.04", "2013-03-31": "1.04", "2012-12-31": "0.91", "2012-09-30": "0.88", "2012-06-30": "0.91", "2012-03-31": "0.81", "2011-12-31": "0.73", "2011-09-30": "0.65", "2011-06-30": "0.68", "2011-03-31": "0.74", "2010-12-31": "0.72", "2010-09-30": "0.65", "2010-06-30": "0.61", "2010-03-31": "0.65", "2009-12-31": "0.59", "2009-09-30": "0.60", "2009-06-30": "0.56", "2009-03-31": "0.61", "2008-12-31": "0.70", "2008-09-30": "0.61", "2008-06-30": "0.53", "2008-03-31": "0.68", "2007-12-31": "0.66", "2007-09-30": "0.66", "2007-06-30": "0.64", "2007-03-31": "0.63", "2006-12-31": "0.66", "2006-09-30": "0.73", "2006-06-30": "0.76", "2006-03-31": "0.66"}, "price fcf": {"2021-02-05": "", "2020-09-30": "$8.80", "2020-06-30": "$8.11", "2020-03-31": "$6.99", "2019-12-31": "$7.17", "2019-09-30": "$7.29", "2019-06-30": "$7.09", "2019-03-31": "$7.32", "2018-12-31": "$7.06", "2018-09-30": "$6.78", "2018-06-30": "$6.38", "2018-03-31": "$6.36", "2017-12-31": "$6.24", "2017-09-30": "$6.08", "2017-06-30": "$6.29", "2017-03-31": "$5.85", "2016-12-31": "$6.62", "2016-09-30": "$6.86", "2016-06-30": "$6.58", "2016-03-31": "$6.72", "2015-12-31": "$6.43", "2015-09-30": "$5.95", "2015-06-30": "$5.95", "2015-03-31": "$5.76", "2014-12-31": "$5.23", "2014-09-30": "$5.35", "2014-06-30": "$5.37", "2014-03-31": "$5.19", "2013-12-31": "$4.77", "2013-09-30": "$4.47", "2013-06-30": "$3.76", "2013-03-31": "$3.31", "2012-12-31": "$3.86", "2012-09-30": "$3.25", "2012-06-30": "$3.07", "2012-03-31": "$2.03", "2011-12-31": "$1.47", "2011-09-30": "$1.51", "2011-06-30": "$1.67", "2011-03-31": "$2.86", "2010-12-31": "$3.15", "2010-09-30": "$3.40", "2010-06-30": "$3.60", "2010-03-31": "$3.39", "2009-12-31": "$2.97", "2009-09-30": "$2.01", "2009-06-30": "$1.68", "2009-03-31": "$1.90", "2008-12-31": "$2.74", "2008-09-30": "$3.73", "2008-06-30": "$3.86", "2008-03-31": "$3.57", "2007-12-31": "$3.69", "2007-09-30": "$3.74", "2007-06-30": "$3.74", "2007-03-31": "$2.49", "2006-12-31": "$3.21"}, "net worth": {"value": "$13.95B"}, "current ratio": {"2020-09-30": "0.28", "2020-06-30": "0.28", "2020-03-31": "0.26", "2019-12-31": "0.29", "2019-09-30": "0.29", "2019-06-30": "0.29", "2019-03-31": "0.29", "2018-12-31": "0.28", "2018-09-30": "0.27", "2018-06-30": "0.27", "2018-03-31": "0.27", "2017-12-31": "0.28", "2017-09-30": "0.29", "2017-06-30": "0.29", "2017-03-31": "0.28", "2016-12-31": "0.30", "2016-09-30": "0.29", "2016-06-30": "0.28", "2016-03-31": "0.29", "2015-12-31": "0.29", "2015-09-30": "0.28", "2015-06-30": "0.29", "2015-03-31": "0.30", "2014-12-31": "0.30", "2014-09-30": "0.29", "2014-06-30": "0.29", "2014-03-31": "0.30", "2013-12-31": "0.29", "2013-09-30": "0.31", "2013-06-30": "0.29", "2013-03-31": "0.30", "2012-12-31": "0.30", "2012-09-30": "0.29", "2012-06-30": "0.27", "2012-03-31": "0.28", "2011-12-31": "0.29", "2011-09-30": "0.28", "2011-06-30": "0.29", "2011-03-31": "0.28", "2010-12-31": "0.28", "2010-09-30": "0.29", "2010-06-30": "0.28", "2010-03-31": "0.29", "2009-12-31": "0.33", "2009-09-30": "0.32", "2009-06-30": "0.30", "2009-03-31": "0.35", "2008-12-31": "0.42", "2008-09-30": "0.34", "2008-06-30": "0.34", "2008-03-31": "0.33", "2007-12-31": "0.33", "2007-09-30": "0.33", "2007-06-30": "0.33", "2007-03-31": "0.33", "2006-12-31": "0.33", "2006-09-30": "0.34", "2006-06-30": "0.34", "2006-03-31": "0.34", "2005-12-31": "0.33", "2005-09-30": "0.33", "2005-06-30": "0.35", "2005-03-31": "0.34"}, "quick ratio": {"2020-09-30": "0.00", "2020-06-30": "0.00", "2020-03-31": "0.00", "2019-12-31": "0.00", "2019-09-30": "0.00", "2019-06-30": "0.00", "2019-03-31": "0.00", "2018-12-31": "0.00", "2018-09-30": "0.00", "2018-06-30": "0.00", "2018-03-31": "0.00", "2017-12-31": "0.00", "2017-09-30": "0.00", "2017-06-30": "0.00", "2017-03-31": "0.00", "2016-12-31": "0.00", "2016-09-30": "0.00", "2016-06-30": "0.00", "2016-03-31": "0.00", "2015-12-31": "0.00", "2015-09-30": "0.00", "2015-06-30": "0.00", "2015-03-31": "0.00", "2014-12-31": "0.00", "2014-09-30": "0.00", "2014-06-30": "0.00", "2014-03-31": "0.00", "2013-12-31": "0.00", "2013-09-30": "0.00", "2013-06-30": "0.00", "2013-03-31": "0.00", "2012-12-31": "0.00", "2012-09-30": "0.00", "2012-06-30": "0.00", "2012-03-31": "0.00", "2011-12-31": "0.00", "2011-09-30": "0.00", "2011-06-30": "0.00", "2011-03-31": "0.00", "2010-12-31": "0.00", "2010-09-30": "0.00", "2010-06-30": "0.00", "2010-03-31": "0.00", "2009-12-31": "0.00", "2009-09-30": "0.00", "2009-06-30": "0.00", "2009-03-31": "0.00", "2008-12-31": "0.00", "2008-09-30": "0.00", "2008-06-30": "0.00", "2008-03-31": "0.00", "2007-12-31": "0.00", "2007-09-30": "0.00", "2007-06-30": "0.00", "2007-03-31": "0.00", "2006-12-31": "0.00", "2006-09-30": "0.00", "2006-06-30": "0.00", "2006-03-31": "0.00", "2005-12-31": "0.00", "2005-09-30": "0.00", "2005-06-30": "0.00", "2005-03-31": "0.00"}, "debt equity ratio": {"current": "0.10", "2020-09-30": "1.71", "2020-06-30": "1.75", "2020-03-31": "1.91", "2019-12-31": "1.58", "2019-09-30": "1.64", "2019-06-30": "1.67", "2019-03-31": "1.71", "2018-12-31": "1.80", "2018-09-30": "1.70", "2018-06-30": "1.75", "2018-03-31": "1.70", "2017-12-31": "1.65", "2017-09-30": "1.87", "2017-06-30": "1.88", "2017-03-31": "1.86", "2016-12-31": "1.89", "2016-09-30": "1.87", "2016-06-30": "1.89", "2016-03-31": "1.89", "2015-12-31": "1.94", "2015-09-30": "1.95", "2015-06-30": "1.91", "2015-03-31": "1.86", "2014-12-31": "1.85", "2014-09-30": "1.90", "2014-06-30": "1.89", "2014-03-31": "1.91", "2013-12-31": "1.91", "2013-09-30": "1.98", "2013-06-30": "1.99", "2013-03-31": "1.95", "2012-12-31": "2.04", "2012-09-30": "2.08", "2012-06-30": "2.13", "2012-03-31": "2.08", "2011-12-31": "2.11", "2011-09-30": "2.22", "2011-06-30": "2.11", "2011-03-31": "2.00", "2010-12-31": "2.00", "2010-09-30": "2.01", "2010-06-30": "2.08", "2010-03-31": "2.00", "2009-12-31": "2.03", "2009-09-30": "2.08", "2009-06-30": "2.26", "2009-03-31": "2.38", "2008-12-31": "2.20", "2008-09-30": "2.05", "2008-06-30": "2.15", "2008-03-31": "1.93", "2007-12-31": "1.81", "2007-09-30": "1.70", "2007-06-30": "1.68", "2007-03-31": "1.72", "2006-12-31": "1.53", "2006-09-30": "1.73", "2006-06-30": "1.79", "2006-03-31": "1.70", "2005-12-31": "1.63", "2005-09-30": "1.66", "2005-06-30": "1.61", "2005-03-31": "1.63"}, "return on equity": {"2020-09-30": "8.59%", "2020-06-30": "6.10%", "2020-03-31": "0.83%", "2019-12-31": "21.59%", "2019-09-30": "10.51%", "2019-06-30": "14.43%", "2019-03-31": "12.39%", "2018-12-31": "3.58%", "2018-09-30": "17.03%", "2018-06-30": "11.76%", "2018-03-31": "10.46%", "2017-12-31": "13.75%", "2017-09-30": "6.89%", "2017-06-30": "8.07%", "2017-03-31": "8.50%", "2016-12-31": "8.48%", "2016-09-30": "9.50%", "2016-06-30": "9.68%", "2016-03-31": "10.67%", "2015-12-31": "9.80%", "2015-09-30": "9.91%", "2015-06-30": "10.04%", "2015-03-31": "8.68%", "2014-12-31": "8.25%", "2014-09-30": "7.69%", "2014-06-30": "7.02%", "2014-03-31": "7.65%", "2013-12-31": "8.85%", "2013-09-30": "10.32%", "2013-06-30": "10.17%", "2013-03-31": "9.00%", "2012-12-31": "7.96%", "2012-09-30": "7.00%", "2012-06-30": "5.37%", "2012-03-31": "3.76%", "2011-12-31": "3.28%", "2011-09-30": "3.08%", "2011-06-30": "5.76%", "2011-03-31": "7.40%", "2010-12-31": "7.64%", "2010-09-30": "10.24%", "2010-06-30": "10.76%", "2010-03-31": "10.11%", "2009-12-31": "9.92%", "2009-09-30": "8.27%", "2009-06-30": "10.04%", "2009-03-31": "11.59%", "2008-12-31": "9.02%", "2008-09-30": "8.74%", "2008-06-30": "5.85%", "2008-03-31": "10.01%", "2007-12-31": "13.15%", "2007-09-30": "11.90%", "2007-06-30": "11.80%", "2007-03-31": "8.78%", "2006-12-31": "14.56%", "2006-09-30": "15.83%", "2006-06-30": "16.15%", "2006-03-31": "16.53%", "2005-12-31": "9.93%"}, "return on assets": {"2020-09-30": "3.15%", "2020-06-30": "2.25%", "2020-03-31": "0.31%", "2019-12-31": "8.16%", "2019-09-30": "3.90%", "2019-06-30": "5.32%", "2019-03-31": "4.53%", "2018-12-31": "1.31%", "2018-09-30": "6.31%", "2018-06-30": "4.29%", "2018-03-31": "3.78%", "2017-12-31": "4.89%", "2017-09-30": "2.40%", "2017-06-30": "2.81%", "2017-03-31": "2.96%", "2016-12-31": "2.94%", "2016-09-30": "3.28%", "2016-06-30": "3.32%", "2016-03-31": "3.65%", "2015-12-31": "3.36%", "2015-09-30": "3.43%", "2015-06-30": "3.49%", "2015-03-31": "3.02%", "2014-12-31": "2.86%", "2014-09-30": "2.65%", "2014-06-30": "2.40%", "2014-03-31": "2.60%", "2013-12-31": "2.99%", "2013-09-30": "3.46%", "2013-06-30": "3.38%", "2013-03-31": "2.96%", "2012-12-31": "2.59%", "2012-09-30": "2.26%", "2012-06-30": "1.72%", "2012-03-31": "1.20%", "2011-12-31": "1.06%", "2011-09-30": "1.00%", "2011-06-30": "1.90%", "2011-03-31": "2.45%", "2010-12-31": "2.53%", "2010-09-30": "3.38%", "2010-06-30": "3.53%", "2010-03-31": "3.27%", "2009-12-31": "3.13%", "2009-09-30": "2.57%", "2009-06-30": "3.12%", "2009-03-31": "3.64%", "2008-12-31": "2.94%", "2008-09-30": "2.94%", "2008-06-30": "2.04%", "2008-03-31": "3.62%", "2007-12-31": "4.83%", "2007-09-30": "4.49%", "2007-06-30": "4.43%", "2007-03-31": "3.27%", "2006-12-31": "5.42%", "2006-09-30": "5.83%", "2006-06-30": "5.99%", "2006-03-31": "6.24%", "2005-12-31": "3.77%"}, "return on investments": {"2020-09-30": "10.00%", "2020-06-30": "6.94%", "2020-03-31": "0.82%", "2019-12-31": "24.92%", "2019-09-30": "12.09%", "2019-06-30": "15.90%", "2019-03-31": "13.49%", "2018-12-31": "3.43%", "2018-09-30": "12.07%", "2018-06-30": "6.76%", "2018-03-31": "5.30%", "2017-12-31": "9.27%", "2017-09-30": "8.76%", "2017-06-30": "10.41%", "2017-03-31": "11.02%", "2016-12-31": "11.06%", "2016-09-30": "12.42%", "2016-06-30": "12.61%", "2016-03-31": "13.92%", "2015-12-31": "12.73%", "2015-09-30": "12.93%", "2015-06-30": "13.12%", "2015-03-31": "11.26%", "2014-12-31": "10.67%", "2014-09-30": "9.88%", "2014-06-30": "8.96%", "2014-03-31": "9.76%", "2013-12-31": "11.33%", "2013-09-30": "13.18%", "2013-06-30": "12.97%", "2013-03-31": "11.37%", "2012-12-31": "9.96%", "2012-09-30": "8.73%", "2012-06-30": "6.57%", "2012-03-31": "4.48%", "2011-12-31": "3.87%", "2011-09-30": "3.62%", "2011-06-30": "7.16%", "2011-03-31": "9.30%", "2010-12-31": "9.59%", "2010-09-30": "12.92%", "2010-06-30": "13.57%", "2010-03-31": "12.65%", "2009-12-31": "12.27%", "2009-09-30": "9.57%", "2009-06-30": "11.74%", "2009-03-31": "13.58%", "2008-12-31": "10.57%", "2008-09-30": "9.73%", "2008-06-30": "6.29%", "2008-03-31": "12.40%", "2007-12-31": "16.92%", "2007-09-30": "16.40%", "2007-06-30": "16.31%", "2007-03-31": "12.13%", "2006-12-31": "20.23%", "2006-09-30": "22.04%", "2006-06-30": "22.45%", "2006-03-31": "23.07%", "2005-12-31": "13.81%"}, "return on tangible equity": {"2020-09-30": "8.59%", "2020-06-30": "6.10%", "2020-03-31": "0.83%", "2019-12-31": "21.59%", "2019-09-30": "10.51%", "2019-06-30": "14.43%", "2019-03-31": "12.39%", "2018-12-31": "3.58%", "2018-09-30": "17.03%", "2018-06-30": "11.76%", "2018-03-31": "10.46%", "2017-12-31": "13.75%", "2017-09-30": "6.89%", "2017-06-30": "8.07%", "2017-03-31": "8.50%", "2016-12-31": "8.48%", "2016-09-30": "9.50%", "2016-06-30": "9.68%", "2016-03-31": "10.67%", "2015-12-31": "9.80%", "2015-09-30": "9.91%", "2015-06-30": "10.04%", "2015-03-31": "8.68%", "2014-12-31": "8.25%", "2014-09-30": "7.69%", "2014-06-30": "7.02%", "2014-03-31": "7.65%", "2013-12-31": "8.85%", "2013-09-30": "10.32%", "2013-06-30": "10.17%", "2013-03-31": "9.00%", "2012-12-31": "7.96%", "2012-09-30": "7.00%", "2012-06-30": "5.37%", "2012-03-31": "3.76%", "2011-12-31": "3.28%", "2011-09-30": "3.08%", "2011-06-30": "5.76%", "2011-03-31": "7.40%", "2010-12-31": "7.64%", "2010-09-30": "10.24%", "2010-06-30": "10.76%", "2010-03-31": "10.11%", "2009-12-31": "9.92%", "2009-09-30": "8.27%", "2009-06-30": "10.04%", "2009-03-31": "11.59%", "2008-12-31": "9.02%", "2008-09-30": "8.74%", "2008-06-30": "5.85%", "2008-03-31": "10.01%", "2007-12-31": "13.15%", "2007-09-30": "11.90%", "2007-06-30": "11.80%", "2007-03-31": "8.78%", "2006-12-31": "14.56%", "2006-09-30": "15.83%", "2006-06-30": "16.15%", "2006-03-31": "16.53%", "2005-12-31": "9.93%"}, "dividend yield history": {"last payout": "$2.40", "last yield": "2.77%"}}