{"ticker": "CNK", "price": {"title": "Cinemark Holdings Inc Historical Annual Stock Price Data", "value": 19.82, "historical": {"2020": {"Average Stock Price": "15.9992", "Year Open": "34.0700", "Year High": "34.0700", "Year Low": "6.5800", "Year Close": "17.4100", "Annual % Change": "-48.57%"}, "2019": {"Average Stock Price": "38.0166", "Year Open": "36.8900", "Year High": "42.3900", "Year Low": "33.0500", "Year Close": "33.8500", "Annual % Change": "-5.45%"}, "2018": {"Average Stock Price": "37.8355", "Year Open": "35.1300", "Year High": "43.3100", "Year Low": "33.7300", "Year Close": "35.8000", "Annual % Change": "2.81%"}, "2017": {"Average Stock Price": "38.8063", "Year Open": "39.5200", "Year High": "44.5800", "Year Low": "32.2900", "Year Close": "34.8200", "Annual % Change": "-9.23%"}, "2016": {"Average Stock Price": "36.1366", "Year Open": "31.8900", "Year High": "42.2300", "Year Low": "27.1500", "Year Close": "38.3600", "Annual % Change": "14.75%"}, "2015": {"Average Stock Price": "38.1971", "Year Open": "34.9100", "Year High": "45.5200", "Year Low": "31.5600", "Year Close": "33.4300", "Annual % Change": "-6.04%"}, "2014": {"Average Stock Price": "32.5329", "Year Open": "32.9600", "Year High": "36.3700", "Year Low": "27.7300", "Year Close": "35.5800", "Annual % Change": "6.75%"}, "2013": {"Average Stock Price": "30.0918", "Year Open": "26.5800", "Year High": "34.1700", "Year Low": "26.5800", "Year Close": "33.3300", "Annual % Change": "28.29%"}, "2012": {"Average Stock Price": "22.9706", "Year Open": "18.5600", "Year High": "27.2000", "Year Low": "18.0400", "Year Close": "25.9800", "Annual % Change": "40.51%"}, "2011": {"Average Stock Price": "19.5127", "Year Open": "17.3400", "Year High": "21.7500", "Year Low": "16.8200", "Year Close": "18.4900", "Annual % Change": "7.25%"}, "2010": {"Average Stock Price": "16.3588", "Year Open": "14.7100", "Year High": "19.3500", "Year Low": "12.9500", "Year Close": "17.2400", "Annual % Change": "19.97%"}, "2009": {"Average Stock Price": "10.3217", "Year Open": "7.6300", "Year High": "14.5300", "Year Low": "6.8300", "Year Close": "14.3700", "Annual % Change": "93.41%"}, "2008": {"Average Stock Price": "12.7629", "Year Open": "17.0000", "Year High": "17.0000", "Year Low": "6.8800", "Year Close": "7.4300", "Annual % Change": "-56.29%"}, "2007": {"Average Stock Price": "17.7876", "Year Open": "18.9100", "Year High": "19.7000", "Year Low": "15.7000", "Year Close": "17.0000", "Annual % Change": "0.00%"}}}, "market cap": {"value": "$2.34B"}, "income statement": {"Revenue": {"2019-12-31": "3283.09900", "2018-12-31": "3221.73500", "2017-12-31": "2991.54700", "2016-12-31": "2918.76500", "2015-12-31": "2852.60900", "2014-12-31": "2626.99000", "2013-12-31": "2682.89400", "2012-12-31": "2473.53100", "2011-12-31": "2279.61300", "2010-12-31": "2141.14400", "2009-12-31": "1976.50000", "2008-12-31": "1742.28700", "2007-12-31": "1682.84100", "2006-12-31": "1220.59400", "2005-12-31": "1020.59700"}, "Cost Of Goods Sold": {"2019-12-31": "2031.07800", "2018-12-31": "1952.11500", "2017-12-31": "1816.06800", "2016-12-31": "1794.34400", "2015-12-31": "1765.47200", "2014-12-31": "1640.57800", "2013-12-31": "1668.78000", "2012-12-31": "1530.86300", "2011-12-31": "1446.70900", "2010-12-31": "1362.36900", "2009-12-31": "1261.51700", "2008-12-31": "1130.27500", "2007-12-31": "1074.80000", "2006-12-31": "771.18900", "2005-12-31": "662.54200"}, "Gross Profit": {"2019-12-31": "1252.02100", "2018-12-31": "1269.62000", "2017-12-31": "1175.47900", "2016-12-31": "1124.42100", "2015-12-31": "1087.13700", "2014-12-31": "986.41200", "2013-12-31": "1014.11400", "2012-12-31": "942.66800", "2011-12-31": "832.90410", "2010-12-31": "778.77500", "2009-12-31": "714.98290", "2008-12-31": "612.01210", "2007-12-31": "608.04100", "2006-12-31": "449.40500", "2005-12-31": "358.05500"}, "Research And Development Expenses": {"2019-12-31": "", "2018-12-31": "", "2017-12-31": "", "2016-12-31": "", "2015-12-31": "", "2014-12-31": "", "2013-12-31": "", "2012-12-31": "", "2011-12-31": "", "2010-12-31": "", "2009-12-31": "", "2008-12-31": "", "2007-12-31": "", "2006-12-31": "", "2005-12-31": ""}, "SG&A Expenses": {"2019-12-31": "583.47000", "2018-12-31": "549.03300", "2017-12-31": "507.78800", "2016-12-31": "469.12000", "2015-12-31": "457.83500", "2014-12-31": "425.32400", "2013-12-31": "434.70400", "2012-12-31": "396.09200", "2011-12-31": "354.09600", "2010-12-31": "330.29100", "2009-12-31": "299.93400", "2008-12-31": "271.73800", "2007-12-31": "252.80800", "2006-12-31": "186.38400", "2005-12-31": "152.31500"}, "Other Operating Income Or Expenses": {"2019-12-31": "-69.00900", "2018-12-31": "-71.07400", "2017-12-31": "-37.89600", "2016-12-31": "-23.29500", "2015-12-31": "-16.94400", "2014-12-31": "-22.36200", "2013-12-31": "0.05100", "2012-12-31": "-15.19900", "2011-12-31": "-15.82500", "2010-12-31": "-12.10700", "2009-12-31": "-15.06000", "2008-12-31": "-122.02000", "2007-12-31": "-90.55700", "2006-12-31": "-36.18200", "2005-12-31": "-56.11300"}, "Operating Expenses": {"2019-12-31": "2944.71200", "2018-12-31": "2833.38400", "2017-12-31": "2599.26500", "2016-12-31": "2495.83000", "2015-12-31": "2429.45700", "2014-12-31": "2263.92000", "2013-12-31": "2267.40300", "2012-12-31": "2089.82900", "2011-12-31": "1971.07900", "2010-12-31": "1848.27500", "2009-12-31": "1726.02600", "2008-12-31": "1682.06700", "2007-12-31": "1569.88100", "2006-12-31": "1093.22500", "2005-12-31": "957.09590"}, "Operating Income": {"2019-12-31": "338.38720", "2018-12-31": "388.35130", "2017-12-31": "392.28200", "2016-12-31": "422.93480", "2015-12-31": "423.15190", "2014-12-31": "363.06980", "2013-12-31": "415.49120", "2012-12-31": "383.70190", "2011-12-31": "308.53420", "2010-12-31": "292.86900", "2009-12-31": "250.47390", "2008-12-31": "60.22010", "2007-12-31": "112.96010", "2006-12-31": "127.36900", "2005-12-31": "63.50100"}, "Total Non-Operating Income/Expense": {"2019-12-31": "-64.62700", "2018-12-31": "-77.61700", "2017-12-31": "-46.90500", "2016-12-31": "-62.28900", "2015-12-31": "-75.48500", "2014-12-31": "-73.00700", "2013-12-31": "-151.62700", "2012-12-31": "-86.88400", "2011-12-31": "-102.90200", "2010-12-31": "-85.36800", "2009-12-31": "-104.87300", "2008-12-31": "-83.59500", "2007-12-31": "88.71400", "2006-12-31": "-113.84300", "2005-12-31": "-79.50100"}, "Pre-Tax Income": {"2019-12-31": "273.76000", "2018-12-31": "310.73400", "2017-12-31": "345.37700", "2016-12-31": "360.64600", "2015-12-31": "347.66700", "2014-12-31": "290.06300", "2013-12-31": "263.86400", "2012-12-31": "296.81800", "2011-12-31": "205.63200", "2010-12-31": "207.50100", "2009-12-31": "145.60100", "2008-12-31": "-23.37500", "2007-12-31": "201.67400", "2006-12-31": "13.52600", "2005-12-31": "-16.00000"}, "Income Taxes": {"2019-12-31": "79.91200", "2018-12-31": "95.42900", "2017-12-31": "79.35800", "2016-12-31": "103.81900", "2015-12-31": "128.93900", "2014-12-31": "96.06400", "2013-12-31": "113.31600", "2012-12-31": "125.39800", "2011-12-31": "73.05000", "2010-12-31": "57.83800", "2009-12-31": "44.84500", "2008-12-31": "21.05500", "2007-12-31": "111.96200", "2006-12-31": "12.68500", "2005-12-31": "9.40800"}, "Income After Taxes": {"2019-12-31": "193.84800", "2018-12-31": "215.30500", "2017-12-31": "266.01900", "2016-12-31": "256.82700", "2015-12-31": "218.72800", "2014-12-31": "193.99900", "2013-12-31": "150.54800", "2012-12-31": "171.42000", "2011-12-31": "132.58200", "2010-12-31": "149.66300", "2009-12-31": "100.75600", "2008-12-31": "-44.43000", "2007-12-31": "89.71200", "2006-12-31": "0.84100", "2005-12-31": "-25.40800"}, "Other Income": {"2019-12-31": "", "2018-12-31": "", "2017-12-31": "", "2016-12-31": "", "2015-12-31": "", "2014-12-31": "", "2013-12-31": "", "2012-12-31": "", "2011-12-31": "", "2010-12-31": "", "2009-12-31": "", "2008-12-31": "", "2007-12-31": "", "2006-12-31": "", "2005-12-31": ""}, "Income From Continuous Operations": {"2019-12-31": "193.84800", "2018-12-31": "215.30500", "2017-12-31": "266.01900", "2016-12-31": "256.82700", "2015-12-31": "218.72800", "2014-12-31": "193.99900", "2013-12-31": "150.54800", "2012-12-31": "171.42000", "2011-12-31": "132.58200", "2010-12-31": "149.66300", "2009-12-31": "100.75600", "2008-12-31": "-44.43000", "2007-12-31": "89.71200", "2006-12-31": "0.84100", "2005-12-31": "-25.40800"}, "Income From Discontinued Operations": {"2019-12-31": "", "2018-12-31": "", "2017-12-31": "", "2016-12-31": "", "2015-12-31": "", "2014-12-31": "", "2013-12-31": "", "2012-12-31": "", "2011-12-31": "", "2010-12-31": "", "2009-12-31": "", "2008-12-31": "", "2007-12-31": "", "2006-12-31": "", "2005-12-31": ""}, "Net Income": {"2019-12-31": "191.38600", "2018-12-31": "213.82700", "2017-12-31": "264.18000", "2016-12-31": "253.90400", "2015-12-31": "215.56300", "2014-12-31": "192.61000", "2013-12-31": "146.94000", "2012-12-31": "166.88800", "2011-12-31": "129.09900", "2010-12-31": "144.72100", "2009-12-31": "97.10800", "2008-12-31": "-48.32500", "2007-12-31": "88.92000", "2006-12-31": "0.84100", "2005-12-31": "-25.40800"}, "EBITDA": {"2019-12-31": "591.18820", "2018-12-31": "635.75030", "2017-12-31": "622.05500", "2016-12-31": "622.59280", "2015-12-31": "602.70680", "2014-12-31": "531.84780", "2013-12-31": "576.33220", "2012-12-31": "532.90190", "2011-12-31": "465.84420", "2010-12-31": "441.32400", "2009-12-31": "414.42590", "2008-12-31": "262.57710", "2007-12-31": "308.78610", "2006-12-31": "268.09900", "2005-12-31": "188.40900"}, "EBIT": {"2019-12-31": "338.38720", "2018-12-31": "388.35130", "2017-12-31": "392.28200", "2016-12-31": "422.93480", "2015-12-31": "423.15190", "2014-12-31": "363.06980", "2013-12-31": "415.49120", "2012-12-31": "383.70190", "2011-12-31": "308.53420", "2010-12-31": "292.86900", "2009-12-31": "250.47390", "2008-12-31": "60.22010", "2007-12-31": "112.96010", "2006-12-31": "127.36900", "2005-12-31": "63.50100"}, "Basic Shares Outstanding": {"2019-12-31": "116.30600", "2018-12-31": "116.05400", "2017-12-31": "115.76600", "2016-12-31": "115.50800", "2015-12-31": "115.08000", "2014-12-31": "114.65300", "2013-12-31": "113.89600", "2012-12-31": "113.21600", "2011-12-31": "112.73600", "2010-12-31": "111.56500", "2009-12-31": "108.56300", "2008-12-31": "107.34100", "2007-12-31": "102.17700", "2006-12-31": "84.94800", "2005-12-31": "82.19900"}, "Shares Outstanding": {"2019-12-31": "116.60600", "2018-12-31": "116.34200", "2017-12-31": "116.05900", "2016-12-31": "115.78300", "2015-12-31": "115.39900", "2014-12-31": "114.96600", "2013-12-31": "114.39600", "2012-12-31": "113.82400", "2011-12-31": "113.22400", "2010-12-31": "112.15100", "2009-12-31": "110.25500", "2008-12-31": "107.34100", "2007-12-31": "104.72000", "2006-12-31": "86.61800", "2005-12-31": "82.19900"}, "Basic EPS": {"2019-12-31": "1.63000", "2018-12-31": "1.83000", "2017-12-31": "2.26000", "2016-12-31": "2.19000", "2015-12-31": "1.87000", "2014-12-31": "1.66000", "2013-12-31": "1.28000", "2012-12-31": "1.47000", "2011-12-31": "1.15000", "2010-12-31": "1.30000", "2009-12-31": "0.89000", "2008-12-31": "-0.45000", "2007-12-31": "0.87000", "2006-12-31": "0.01000", "2005-12-31": "-0.31000"}, "EPS - Earnings Per Share": {"2019-12-31": "1.63000", "2018-12-31": "1.83000", "2017-12-31": "2.26000", "2016-12-31": "2.19000", "2015-12-31": "1.87000", "2014-12-31": "1.66000", "2013-12-31": "1.28000", "2012-12-31": "1.47000", "2011-12-31": "1.14000", "2010-12-31": "1.29000", "2009-12-31": "0.87000", "2008-12-31": "-0.45000", "2007-12-31": "0.85000", "2006-12-31": "0.01000", "2005-12-31": "-0.31000"}}, "income statement, quarterly": {"Revenue": {"2020-09-30": "35.47800", "2020-06-30": "8.97400", "2020-03-31": "543.61600", "2019-12-31": "788.80320", "2019-09-30": "821.81700", "2019-06-30": "957.75600", "2019-03-31": "714.72300", "2018-12-31": "798.47600", "2018-09-30": "754.23500", "2018-06-30": "889.05300", "2018-03-31": "779.97100", "2017-12-31": "749.99400", "2017-09-30": "710.74800", "2017-06-30": "751.19500", "2017-03-31": "779.61000", "2016-12-31": "700.91780", "2016-09-30": "768.57400", "2016-06-30": "744.40400", "2016-03-31": "704.86900", "2015-12-31": "707.22270", "2015-09-30": "700.05600", "2015-06-30": "799.93200", "2015-03-31": "645.39800", "2014-12-31": "659.94380", "2014-09-30": "646.90300", "2014-06-30": "717.86300", "2014-03-31": "602.28000", "2013-12-31": "651.93300", "2013-09-30": "757.56600", "2013-06-30": "725.62200", "2013-03-31": "547.77300", "2012-12-31": "611.53410", "2012-09-30": "633.57300", "2012-06-30": "649.60600", "2012-03-31": "578.81800", "2011-12-31": "535.87110", "2011-09-30": "640.01300", "2011-06-30": "620.59300", "2011-03-31": "483.13600", "2010-12-31": "524.90910", "2010-09-30": "560.23500", "2010-06-30": "539.36900", "2010-03-31": "516.63100", "2009-12-31": "536.36710", "2009-09-30": "496.82500", "2009-06-30": "517.50800", "2009-03-31": "425.80000", "2008-12-31": "407.81400", "2008-09-30": "476.22300", "2008-06-30": "457.23400", "2008-03-31": "401.01600", "2007-12-31": "393.28390", "2007-09-30": "471.49900", "2007-06-30": "440.03600", "2007-03-31": "378.02200", "2006-12-31": "391.50500", "2006-09-30": "287.99500", "2006-06-30": "295.10500", "2006-03-31": "245.98900"}, "Cost Of Goods Sold": {"2020-09-30": "121.40400", "2020-06-30": "102.84000", "2020-03-31": "374.19300", "2019-12-31": "494.28500", "2019-09-30": "517.79700", "2019-06-30": "569.59800", "2019-03-31": "449.39800", "2018-12-31": "477.55700", "2018-09-30": "466.26500", "2018-06-30": "535.03100", "2018-03-31": "473.26200", "2017-12-31": "446.02800", "2017-09-30": "440.66700", "2017-06-30": "461.83600", "2017-03-31": "467.53700", "2016-12-31": "436.83400", "2016-09-30": "469.50100", "2016-06-30": "459.01100", "2016-03-31": "428.99800", "2015-12-31": "430.95710", "2015-09-30": "437.64400", "2015-06-30": "493.73500", "2015-03-31": "403.13600", "2014-12-31": "402.74600", "2014-09-30": "409.08200", "2014-06-30": "443.75100", "2014-03-31": "384.99900", "2013-12-31": "411.90700", "2013-09-30": "463.57100", "2013-06-30": "446.94000", "2013-03-31": "346.36200", "2012-12-31": "377.50500", "2012-09-30": "394.14500", "2012-06-30": "400.27600", "2012-03-31": "358.93700", "2011-12-31": "342.23600", "2011-09-30": "402.59400", "2011-06-30": "387.19100", "2011-03-31": "314.68800", "2010-12-31": "337.56900", "2010-09-30": "357.95700", "2010-06-30": "337.68200", "2010-03-31": "329.16100", "2009-12-31": "339.62810", "2009-09-30": "322.36400", "2009-06-30": "328.21600", "2009-03-31": "271.30900", "2008-12-31": "265.39490", "2008-09-30": "309.96500", "2008-06-30": "293.53900", "2008-03-31": "261.37600", "2007-12-31": "254.07900", "2007-09-30": "295.90800", "2007-06-30": "283.22400", "2007-03-31": "241.58900", "2006-12-31": "240.26890", "2006-09-30": "184.51000", "2006-06-30": "186.27000", "2006-03-31": "160.14000"}, "Gross Profit": {"2020-09-30": "-85.92600", "2020-06-30": "-93.86600", "2020-03-31": "169.42300", "2019-12-31": "294.51820", "2019-09-30": "304.02000", "2019-06-30": "388.15800", "2019-03-31": "265.32500", "2018-12-31": "320.91900", "2018-09-30": "287.97000", "2018-06-30": "354.02200", "2018-03-31": "306.70900", "2017-12-31": "303.96600", "2017-09-30": "270.08100", "2017-06-30": "289.35900", "2017-03-31": "312.07300", "2016-12-31": "264.08380", "2016-09-30": "299.07300", "2016-06-30": "285.39300", "2016-03-31": "275.87100", "2015-12-31": "276.26560", "2015-09-30": "262.41200", "2015-06-30": "306.19700", "2015-03-31": "242.26200", "2014-12-31": "257.19780", "2014-09-30": "237.82100", "2014-06-30": "274.11200", "2014-03-31": "217.28100", "2013-12-31": "240.02600", "2013-09-30": "293.99500", "2013-06-30": "278.68200", "2013-03-31": "201.41100", "2012-12-31": "234.02910", "2012-09-30": "239.42800", "2012-06-30": "249.33000", "2012-03-31": "219.88100", "2011-12-31": "193.63510", "2011-09-30": "237.41900", "2011-06-30": "233.40200", "2011-03-31": "168.44800", "2010-12-31": "187.34010", "2010-09-30": "202.27800", "2010-06-30": "201.68700", "2010-03-31": "187.47000", "2009-12-31": "196.73900", "2009-09-30": "174.46100", "2009-06-30": "189.29200", "2009-03-31": "154.49100", "2008-12-31": "142.41900", "2008-09-30": "166.25800", "2008-06-30": "163.69500", "2008-03-31": "139.64000", "2007-12-31": "139.20490", "2007-09-30": "175.59100", "2007-06-30": "156.81200", "2007-03-31": "136.43300", "2006-12-31": "151.23610", "2006-09-30": "103.48500", "2006-06-30": "108.83500", "2006-03-31": "85.84900"}, "Research And Development Expenses": {"2020-09-30": "", "2020-06-30": "", "2020-03-31": "", "2019-12-31": "", "2019-09-30": "", "2019-06-30": "", "2019-03-31": "", "2018-12-31": "", "2018-09-30": "", "2018-06-30": "", "2018-03-31": "", "2017-12-31": "", "2017-09-30": "", "2017-06-30": "", "2017-03-31": "", "2016-12-31": "", "2016-09-30": "", "2016-06-30": "", "2016-03-31": "", "2015-12-31": "", "2015-09-30": "", "2015-06-30": "", "2015-03-31": "", "2014-12-31": "", "2014-09-30": "", "2014-06-30": "", "2014-03-31": "", "2013-12-31": "", "2013-09-30": "", "2013-06-30": "", "2013-03-31": "", "2012-12-31": "", "2012-09-30": "", "2012-06-30": "", "2012-03-31": "", "2011-12-31": "", "2011-09-30": "", "2011-06-30": "", "2011-03-31": "", "2010-12-31": "", "2010-09-30": "", "2010-06-30": "", "2010-03-31": "", "2009-12-31": "", "2009-09-30": "", "2009-06-30": "", "2009-03-31": "", "2008-12-31": "", "2008-09-30": "", "2008-06-30": "", "2008-03-31": "", "2007-12-31": "", "2007-09-30": "", "2007-06-30": "", "2007-03-31": "", "2006-12-31": "", "2006-09-30": "", "2006-06-30": "", "2006-03-31": ""}, "SG&A Expenses": {"2020-09-30": "50.52300", "2020-06-30": "36.86500", "2020-03-31": "128.56200", "2019-12-31": "148.15200", "2019-09-30": "147.97200", "2019-06-30": "153.23400", "2019-03-31": "134.11200", "2018-12-31": "139.32200", "2018-09-30": "130.79400", "2018-06-30": "143.37500", "2018-03-31": "135.54200", "2017-12-31": "133.47300", "2017-09-30": "124.25200", "2017-06-30": "127.64600", "2017-03-31": "122.41700", "2016-12-31": "116.14400", "2016-09-30": "119.75000", "2016-06-30": "120.22400", "2016-03-31": "113.00200", "2015-12-31": "119.27300", "2015-09-30": "115.60900", "2015-06-30": "115.80500", "2015-03-31": "107.14800", "2014-12-31": "108.23600", "2014-09-30": "103.70600", "2014-06-30": "109.65900", "2014-03-31": "103.72300", "2013-12-31": "115.16300", "2013-09-30": "115.66200", "2013-06-30": "107.63100", "2013-03-31": "96.24800", "2012-12-31": "104.53300", "2012-09-30": "100.70300", "2012-06-30": "98.30000", "2012-03-31": "92.55600", "2011-12-31": "93.04900", "2011-09-30": "92.76600", "2011-06-30": "89.21600", "2011-03-31": "79.06500", "2010-12-31": "86.08700", "2010-09-30": "84.93600", "2010-06-30": "81.19600", "2010-03-31": "78.07200", "2009-12-31": "81.85900", "2009-09-30": "76.19200", "2009-06-30": "75.74500", "2009-03-31": "66.13800", "2008-12-31": "68.61700", "2008-09-30": "70.14600", "2008-06-30": "69.81600", "2008-03-31": "63.15900", "2007-12-31": "63.76000", "2007-09-30": "66.30800", "2007-06-30": "63.82500", "2007-03-31": "58.91500", "2006-12-31": "61.42400", "2006-09-30": "43.96400", "2006-06-30": "42.38700", "2006-03-31": "38.60900"}, "Other Operating Income Or Expenses": {"2020-09-30": "-11.26800", "2020-06-30": "-0.42500", "2020-03-31": "-18.52400", "2019-12-31": "-15.57000", "2019-09-30": "-29.75700", "2019-06-30": "-14.29900", "2019-03-31": "-9.38300", "2018-12-31": "-37.38800", "2018-09-30": "-9.46700", "2018-06-30": "-19.68900", "2018-03-31": "-4.53000", "2017-12-31": "-18.83200", "2017-09-30": "-13.60200", "2017-06-30": "-4.35500", "2017-03-31": "-1.10700", "2016-12-31": "-9.98700", "2016-09-30": "-7.34600", "2016-06-30": "-7.24900", "2016-03-31": "1.28700", "2015-12-31": "-8.13700", "2015-09-30": "-0.13300", "2015-06-30": "-9.33000", "2015-03-31": "0.65600", "2014-12-31": "-8.34900", "2014-09-30": "-7.10000", "2014-06-30": "-3.70600", "2014-03-31": "-3.20700", "2013-12-31": "-0.40500", "2013-09-30": "-0.74200", "2013-06-30": "1.70000", "2013-03-31": "-0.50200", "2012-12-31": "-5.72300", "2012-09-30": "-7.67500", "2012-06-30": "-0.78000", "2012-03-31": "-1.02100", "2011-12-31": "-4.24900", "2011-09-30": "-2.80100", "2011-06-30": "-7.28800", "2011-03-31": "-1.48700", "2010-12-31": "5.85600", "2010-09-30": "-8.57000", "2010-06-30": "-5.87900", "2010-03-31": "-3.51400", "2009-12-31": "-4.54300", "2009-09-30": "-4.09000", "2009-06-30": "-5.11600", "2009-03-31": "-1.31100", "2008-12-31": "-110.66400", "2008-09-30": "-4.61700", "2008-06-30": "-2.45100", "2008-03-31": "-4.28800", "2007-12-31": "-23.83200", "2007-09-30": "-4.56600", "2007-06-30": "-12.12400", "2007-03-31": "-50.03500", "2006-12-31": "-25.68300", "2006-09-30": "-8.03300", "2006-06-30": "-1.46200", "2006-03-31": "-1.00400"}, "Operating Expenses": {"2020-09-30": "246.26200", "2020-06-30": "223.24900", "2020-03-31": "586.53500", "2019-12-31": "722.36670", "2019-09-30": "763.28600", "2019-06-30": "801.70400", "2019-03-31": "657.35500", "2018-12-31": "721.77270", "2018-09-30": "671.49700", "2018-06-30": "762.38500", "2018-03-31": "677.72900", "2017-12-31": "661.30110", "2017-09-30": "636.57300", "2017-06-30": "652.97400", "2017-03-31": "648.41700", "2016-12-31": "616.16200", "2016-09-30": "650.78400", "2016-06-30": "638.84200", "2016-03-31": "590.04210", "2015-12-31": "608.12910", "2015-09-30": "600.92900", "2015-06-30": "665.43900", "2015-03-31": "554.96000", "2014-12-31": "563.87920", "2014-09-30": "564.61900", "2014-06-30": "600.99700", "2014-03-31": "534.42500", "2013-12-31": "571.27980", "2013-09-30": "622.37400", "2013-06-30": "591.60500", "2013-03-31": "482.14400", "2012-12-31": "525.38210", "2012-09-30": "539.42000", "2012-06-30": "535.69700", "2012-03-31": "489.33000", "2011-12-31": "474.40390", "2011-09-30": "538.70300", "2011-06-30": "523.59200", "2011-03-31": "434.38000", "2010-12-31": "457.31800", "2010-09-30": "486.44700", "2010-06-30": "459.67200", "2010-03-31": "444.83800", "2009-12-31": "462.70000", "2009-09-30": "441.15400", "2009-06-30": "446.95800", "2009-03-31": "375.21400", "2008-12-31": "487.24300", "2008-09-30": "423.54500", "2008-06-30": "404.34500", "2008-03-31": "366.93400", "2007-12-31": "379.95980", "2007-09-30": "405.05500", "2007-06-30": "396.51800", "2007-03-31": "388.34800", "2006-12-31": "362.32290", "2006-09-30": "257.86400", "2006-06-30": "251.62300", "2006-03-31": "221.41500"}, "Operating Income": {"2020-09-30": "-210.78400", "2020-06-30": "-214.27500", "2020-03-31": "-42.91900", "2019-12-31": "66.43650", "2019-09-30": "58.53100", "2019-06-30": "156.05190", "2019-03-31": "57.36800", "2018-12-31": "76.70330", "2018-09-30": "82.73800", "2018-06-30": "126.66800", "2018-03-31": "102.24200", "2017-12-31": "88.69290", "2017-09-30": "74.17500", "2017-06-30": "98.22100", "2017-03-31": "131.19300", "2016-12-31": "84.75580", "2016-09-30": "117.79000", "2016-06-30": "105.56200", "2016-03-31": "114.82700", "2015-12-31": "99.09360", "2015-09-30": "99.12710", "2015-06-30": "134.49300", "2015-03-31": "90.43800", "2014-12-31": "96.06460", "2014-09-30": "82.28410", "2014-06-30": "116.86600", "2014-03-31": "67.85500", "2013-12-31": "80.65330", "2013-09-30": "135.19200", "2013-06-30": "134.01700", "2013-03-31": "65.62900", "2012-12-31": "86.15190", "2012-09-30": "94.15300", "2012-06-30": "113.90900", "2012-03-31": "89.48800", "2011-12-31": "61.46720", "2011-09-30": "101.31000", "2011-06-30": "97.00100", "2011-03-31": "48.75600", "2010-12-31": "67.59110", "2010-09-30": "73.78800", "2010-06-30": "79.69700", "2010-03-31": "71.79300", "2009-12-31": "73.66700", "2009-09-30": "55.67100", "2009-06-30": "70.55000", "2009-03-31": "50.58600", "2008-12-31": "-79.42910", "2008-09-30": "52.67800", "2008-06-30": "52.88900", "2008-03-31": "34.08200", "2007-12-31": "13.32410", "2007-09-30": "66.44400", "2007-06-30": "43.51800", "2007-03-31": "-10.32600", "2006-12-31": "29.18210", "2006-09-30": "30.13100", "2006-06-30": "43.48200", "2006-03-31": "24.57400"}, "Total Non-Operating Income/Expense": {"2020-09-30": "-58.39700", "2020-06-30": "-54.68600", "2020-03-31": "-19.61100", "2019-12-31": "-23.83700", "2019-09-30": "-12.52300", "2019-06-30": "-16.00900", "2019-03-31": "-12.25800", "2018-12-31": "-20.82300", "2018-09-30": "-15.94800", "2018-06-30": "-25.87800", "2018-03-31": "-14.96800", "2017-12-31": "-12.33500", "2017-09-30": "-11.00500", "2017-06-30": "-16.96600", "2017-03-31": "-6.59900", "2016-12-31": "-9.65200", "2016-09-30": "-10.73800", "2016-06-30": "-19.57700", "2016-03-31": "-22.32200", "2015-12-31": "-11.18300", "2015-09-30": "-22.31700", "2015-06-30": "-20.82900", "2015-03-31": "-21.15600", "2014-12-31": "-22.84100", "2014-09-30": "-18.21800", "2014-06-30": "-20.65100", "2014-03-31": "-11.29700", "2013-12-31": "-14.15900", "2013-09-30": "-11.06100", "2013-06-30": "-104.45800", "2013-03-31": "-21.94900", "2012-12-31": "-20.54500", "2012-09-30": "-16.73300", "2012-06-30": "-30.92600", "2012-03-31": "-18.68000", "2011-12-31": "-31.46000", "2011-09-30": "-24.32500", "2011-06-30": "-32.72000", "2011-03-31": "-14.39700", "2010-12-31": "-17.36100", "2010-09-30": "-24.02800", "2010-06-30": "-28.72700", "2010-03-31": "-15.25200", "2009-12-31": "-19.42800", "2009-09-30": "-21.43000", "2009-06-30": "-46.42300", "2009-03-31": "-17.59200", "2008-12-31": "-14.79100", "2008-09-30": "-20.33200", "2008-06-30": "-24.43400", "2008-03-31": "-24.03800", "2007-12-31": "-24.09900", "2007-09-30": "-29.78600", "2007-06-30": "-21.33100", "2007-03-31": "163.93000", "2006-12-31": "-46.40200", "2006-09-30": "-22.16700", "2006-06-30": "-23.39900", "2006-03-31": "-21.87500"}, "Pre-Tax Income": {"2020-09-30": "-269.18100", "2020-06-30": "-268.96100", "2020-03-31": "-62.53000", "2019-12-31": "42.59900", "2019-09-30": "46.00800", "2019-06-30": "140.04300", "2019-03-31": "45.11000", "2018-12-31": "55.88000", "2018-09-30": "66.79000", "2018-06-30": "100.79000", "2018-03-31": "87.27400", "2017-12-31": "76.35800", "2017-09-30": "63.17000", "2017-06-30": "81.25500", "2017-03-31": "124.59400", "2016-12-31": "75.10400", "2016-09-30": "107.05200", "2016-06-30": "85.98500", "2016-03-31": "92.50500", "2015-12-31": "87.91100", "2015-09-30": "76.81000", "2015-06-30": "113.66400", "2015-03-31": "69.28200", "2014-12-31": "73.22400", "2014-09-30": "64.06600", "2014-06-30": "96.21500", "2014-03-31": "56.55800", "2013-12-31": "66.49400", "2013-09-30": "124.13100", "2013-06-30": "29.55900", "2013-03-31": "43.68000", "2012-12-31": "65.60700", "2012-09-30": "77.42000", "2012-06-30": "82.98300", "2012-03-31": "70.80800", "2011-12-31": "30.00700", "2011-09-30": "76.98500", "2011-06-30": "64.28100", "2011-03-31": "34.35900", "2010-12-31": "50.23000", "2010-09-30": "49.76000", "2010-06-30": "50.97000", "2010-03-31": "56.54100", "2009-12-31": "54.23900", "2009-09-30": "34.24100", "2009-06-30": "24.12700", "2009-03-31": "32.99400", "2008-12-31": "-94.22000", "2008-09-30": "32.34600", "2008-06-30": "28.45500", "2008-03-31": "10.04400", "2007-12-31": "-10.77500", "2007-09-30": "36.65800", "2007-06-30": "22.18700", "2007-03-31": "153.60400", "2006-12-31": "-17.22000", "2006-09-30": "7.96400", "2006-06-30": "20.08300", "2006-03-31": "2.69900"}, "Income Taxes": {"2020-09-30": "-121.14500", "2020-06-30": "-98.14500", "2020-03-31": "-3.10800", "2019-12-31": "15.76000", "2019-09-30": "14.05300", "2019-06-30": "38.18200", "2019-03-31": "11.91700", "2018-12-31": "35.83700", "2018-09-30": "16.16900", "2018-06-30": "18.32600", "2018-03-31": "25.09700", "2017-12-31": "-19.11700", "2017-09-30": "24.63000", "2017-06-30": "29.44500", "2017-03-31": "44.40000", "2016-12-31": "-2.18300", "2016-09-30": "40.92600", "2016-06-30": "31.61700", "2016-03-31": "33.45900", "2015-12-31": "29.67600", "2015-09-30": "30.10900", "2015-06-30": "42.77400", "2015-03-31": "26.38000", "2014-12-31": "25.58700", "2014-09-30": "25.53400", "2014-06-30": "24.08100", "2014-03-31": "20.86200", "2013-12-31": "50.59000", "2013-09-30": "43.38600", "2013-06-30": "8.72200", "2013-03-31": "10.61800", "2012-12-31": "37.16900", "2012-09-30": "29.45300", "2012-06-30": "30.84400", "2012-03-31": "27.93200", "2011-12-31": "11.40400", "2011-09-30": "29.33700", "2011-06-30": "23.27200", "2011-03-31": "9.03700", "2010-12-31": "11.92000", "2010-09-30": "15.87700", "2010-06-30": "10.21100", "2010-03-31": "19.83000", "2009-12-31": "13.69600", "2009-09-30": "12.18600", "2009-06-30": "4.32000", "2009-03-31": "14.64300", "2008-12-31": "-4.79300", "2008-09-30": "10.36700", "2008-06-30": "11.84000", "2008-03-31": "3.64100", "2007-12-31": "42.19800", "2007-09-30": "60.05400", "2007-06-30": "-25.68300", "2007-03-31": "35.39300", "2006-12-31": "3.10900", "2006-09-30": "5.68800", "2006-06-30": "6.97900", "2006-03-31": "-3.09100"}, "Income After Taxes": {"2020-09-30": "-148.03600", "2020-06-30": "-170.81600", "2020-03-31": "-59.42200", "2019-12-31": "26.83900", "2019-09-30": "31.95500", "2019-06-30": "101.86100", "2019-03-31": "33.19300", "2018-12-31": "20.04300", "2018-09-30": "50.62100", "2018-06-30": "82.46400", "2018-03-31": "62.17700", "2017-12-31": "95.47500", "2017-09-30": "38.54000", "2017-06-30": "51.81000", "2017-03-31": "80.19400", "2016-12-31": "77.28700", "2016-09-30": "66.12600", "2016-06-30": "54.36800", "2016-03-31": "59.04600", "2015-12-31": "58.23500", "2015-09-30": "46.70100", "2015-06-30": "70.89000", "2015-03-31": "42.90200", "2014-12-31": "47.63700", "2014-09-30": "38.53200", "2014-06-30": "72.13400", "2014-03-31": "35.69600", "2013-12-31": "15.90400", "2013-09-30": "80.74500", "2013-06-30": "20.83700", "2013-03-31": "33.06200", "2012-12-31": "28.43800", "2012-09-30": "47.96700", "2012-06-30": "52.13900", "2012-03-31": "42.87600", "2011-12-31": "18.60300", "2011-09-30": "47.64800", "2011-06-30": "41.00900", "2011-03-31": "25.32200", "2010-12-31": "38.31000", "2010-09-30": "33.88300", "2010-06-30": "40.75900", "2010-03-31": "36.71100", "2009-12-31": "40.54300", "2009-09-30": "22.05500", "2009-06-30": "19.80700", "2009-03-31": "18.35100", "2008-12-31": "-89.42700", "2008-09-30": "21.97900", "2008-06-30": "16.61500", "2008-03-31": "6.40300", "2007-12-31": "-52.97300", "2007-09-30": "-23.39600", "2007-06-30": "47.87000", "2007-03-31": "118.21100", "2006-12-31": "-20.32900", "2006-09-30": "2.27600", "2006-06-30": "13.10400", "2006-03-31": "5.79000"}, "Other Income": {"2020-09-30": "", "2020-06-30": "", "2020-03-31": "", "2019-12-31": "", "2019-09-30": "", "2019-06-30": "", "2019-03-31": "", "2018-12-31": "", "2018-09-30": "", "2018-06-30": "", "2018-03-31": "", "2017-12-31": "", "2017-09-30": "", "2017-06-30": "", "2017-03-31": "", "2016-12-31": "", "2016-09-30": "", "2016-06-30": "", "2016-03-31": "", "2015-12-31": "", "2015-09-30": "", "2015-06-30": "", "2015-03-31": "", "2014-12-31": "", "2014-09-30": "", "2014-06-30": "", "2014-03-31": "", "2013-12-31": "", "2013-09-30": "", "2013-06-30": "", "2013-03-31": "", "2012-12-31": "", "2012-09-30": "", "2012-06-30": "", "2012-03-31": "", "2011-12-31": "", "2011-09-30": "", "2011-06-30": "", "2011-03-31": "", "2010-12-31": "", "2010-09-30": "", "2010-06-30": "", "2010-03-31": "", "2009-12-31": "", "2009-09-30": "", "2009-06-30": "", "2009-03-31": "", "2008-12-31": "", "2008-09-30": "", "2008-06-30": "", "2008-03-31": "", "2007-12-31": "", "2007-09-30": "", "2007-06-30": "", "2007-03-31": "", "2006-12-31": "", "2006-09-30": "", "2006-06-30": "", "2006-03-31": ""}, "Income From Continuous Operations": {"2020-09-30": "-148.03600", "2020-06-30": "-170.81600", "2020-03-31": "-59.42200", "2019-12-31": "26.83900", "2019-09-30": "31.95500", "2019-06-30": "101.86100", "2019-03-31": "33.19300", "2018-12-31": "20.04300", "2018-09-30": "50.62100", "2018-06-30": "82.46400", "2018-03-31": "62.17700", "2017-12-31": "95.47500", "2017-09-30": "38.54000", "2017-06-30": "51.81000", "2017-03-31": "80.19400", "2016-12-31": "77.28700", "2016-09-30": "66.12600", "2016-06-30": "54.36800", "2016-03-31": "59.04600", "2015-12-31": "58.23500", "2015-09-30": "46.70100", "2015-06-30": "70.89000", "2015-03-31": "42.90200", "2014-12-31": "47.63700", "2014-09-30": "38.53200", "2014-06-30": "72.13400", "2014-03-31": "35.69600", "2013-12-31": "15.90400", "2013-09-30": "80.74500", "2013-06-30": "20.83700", "2013-03-31": "33.06200", "2012-12-31": "28.43800", "2012-09-30": "47.96700", "2012-06-30": "52.13900", "2012-03-31": "42.87600", "2011-12-31": "18.60300", "2011-09-30": "47.64800", "2011-06-30": "41.00900", "2011-03-31": "25.32200", "2010-12-31": "38.31000", "2010-09-30": "33.88300", "2010-06-30": "40.75900", "2010-03-31": "36.71100", "2009-12-31": "40.54300", "2009-09-30": "22.05500", "2009-06-30": "19.80700", "2009-03-31": "18.35100", "2008-12-31": "-89.42700", "2008-09-30": "21.97900", "2008-06-30": "16.61500", "2008-03-31": "6.40300", "2007-12-31": "-52.97300", "2007-09-30": "-23.39600", "2007-06-30": "47.87000", "2007-03-31": "118.21100", "2006-12-31": "-20.32900", "2006-09-30": "2.27600", "2006-06-30": "13.10400", "2006-03-31": "5.79000"}, "Income From Discontinued Operations": {"2020-09-30": "", "2020-06-30": "", "2020-03-31": "", "2019-12-31": "", "2019-09-30": "", "2019-06-30": "", "2019-03-31": "", "2018-12-31": "", "2018-09-30": "", "2018-06-30": "", "2018-03-31": "", "2017-12-31": "", "2017-09-30": "", "2017-06-30": "", "2017-03-31": "", "2016-12-31": "", "2016-09-30": "", "2016-06-30": "", "2016-03-31": "", "2015-12-31": "", "2015-09-30": "", "2015-06-30": "", "2015-03-31": "", "2014-12-31": "", "2014-09-30": "", "2014-06-30": "", "2014-03-31": "", "2013-12-31": "", "2013-09-30": "", "2013-06-30": "", "2013-03-31": "", "2012-12-31": "", "2012-09-30": "", "2012-06-30": "", "2012-03-31": "", "2011-12-31": "", "2011-09-30": "", "2011-06-30": "", "2011-03-31": "", "2010-12-31": "", "2010-09-30": "", "2010-06-30": "", "2010-03-31": "", "2009-12-31": "", "2009-09-30": "", "2009-06-30": "", "2009-03-31": "", "2008-12-31": "", "2008-09-30": "", "2008-06-30": "", "2008-03-31": "", "2007-12-31": "", "2007-09-30": "", "2007-06-30": "", "2007-03-31": "", "2006-12-31": "", "2006-09-30": "", "2006-06-30": "", "2006-03-31": ""}, "Net Income": {"2020-09-30": "-147.59200", "2020-06-30": "-170.38900", "2020-03-31": "-59.59100", "2019-12-31": "26.33400", "2019-09-30": "31.35300", "2019-06-30": "100.97100", "2019-03-31": "32.72800", "2018-12-31": "20.50900", "2018-09-30": "49.92400", "2018-06-30": "81.67000", "2018-03-31": "61.72400", "2017-12-31": "95.45600", "2017-09-30": "38.13900", "2017-06-30": "51.23900", "2017-03-31": "79.34600", "2016-12-31": "75.81800", "2016-09-30": "65.65500", "2016-06-30": "53.90600", "2016-03-31": "58.52500", "2015-12-31": "56.88600", "2015-09-30": "46.33900", "2015-06-30": "69.81700", "2015-03-31": "42.52100", "2014-12-31": "47.30700", "2014-09-30": "38.12900", "2014-06-30": "71.73100", "2014-03-31": "35.44300", "2013-12-31": "14.94200", "2013-09-30": "79.13900", "2013-06-30": "20.26500", "2013-03-31": "32.59400", "2012-12-31": "26.90000", "2012-09-30": "47.38500", "2012-06-30": "50.94000", "2012-03-31": "41.66300", "2011-12-31": "18.07900", "2011-09-30": "46.35100", "2011-06-30": "39.93100", "2011-03-31": "24.73800", "2010-12-31": "36.61400", "2010-09-30": "33.33200", "2010-06-30": "39.68200", "2010-03-31": "35.09300", "2009-12-31": "39.86200", "2009-09-30": "21.01100", "2009-06-30": "18.67000", "2009-03-31": "17.56500", "2008-12-31": "-89.54700", "2008-09-30": "20.44800", "2008-06-30": "15.52300", "2008-03-31": "5.25100", "2007-12-31": "-53.76500", "2007-09-30": "-23.39600", "2007-06-30": "47.87000", "2007-03-31": "118.21100", "2006-12-31": "-20.32900", "2006-09-30": "2.27600", "2006-06-30": "13.10400", "2006-03-31": "5.79000"}, "EBITDA": {"2020-09-30": "-149.66000", "2020-06-30": "-154.37900", "2020-03-31": "15.81300", "2019-12-31": "130.66250", "2019-09-30": "123.43600", "2019-06-30": "217.95290", "2019-03-31": "119.13700", "2018-12-31": "140.66030", "2018-09-30": "144.10800", "2018-06-30": "187.45900", "2018-03-31": "163.52300", "2017-12-31": "149.79890", "2017-09-30": "130.22000", "2017-06-30": "155.28700", "2017-03-31": "186.74900", "2016-12-31": "136.13180", "2016-09-30": "170.07500", "2016-06-30": "155.71590", "2016-03-31": "160.67000", "2015-12-31": "145.38660", "2015-09-30": "143.26510", "2015-06-30": "179.51500", "2015-03-31": "134.54000", "2014-12-31": "138.21360", "2014-09-30": "125.86010", "2014-06-30": "159.02200", "2014-03-31": "108.75200", "2013-12-31": "123.05630", "2013-09-30": "176.41300", "2013-06-30": "172.47100", "2013-03-31": "104.39200", "2012-12-31": "123.46290", "2012-09-30": "131.30100", "2012-06-30": "151.10100", "2012-03-31": "127.03700", "2011-12-31": "97.00520", "2011-09-30": "142.51200", "2011-06-30": "137.55500", "2011-03-31": "88.77200", "2010-12-31": "108.06700", "2010-09-30": "109.93200", "2010-06-30": "115.97200", "2010-03-31": "107.35300", "2009-12-31": "111.85600", "2009-09-30": "95.71300", "2009-06-30": "109.99100", "2009-03-31": "96.86600", "2008-12-31": "-25.12110", "2008-09-30": "102.61900", "2008-06-30": "102.15800", "2008-03-31": "82.92100", "2007-12-31": "62.21410", "2007-09-30": "115.75500", "2007-06-30": "92.40200", "2007-03-31": "38.41500", "2006-12-31": "74.88010", "2006-09-30": "61.49200", "2006-06-30": "75.16800", "2006-03-31": "56.55900"}, "EBIT": {"2020-09-30": "-210.78400", "2020-06-30": "-214.27500", "2020-03-31": "-42.91900", "2019-12-31": "66.43620", "2019-09-30": "58.53100", "2019-06-30": "156.05190", "2019-03-31": "57.36800", "2018-12-31": "76.70340", "2018-09-30": "82.73800", "2018-06-30": "126.66800", "2018-03-31": "102.24200", "2017-12-31": "88.69300", "2017-09-30": "74.17500", "2017-06-30": "98.22100", "2017-03-31": "131.19300", "2016-12-31": "84.75590", "2016-09-30": "117.79000", "2016-06-30": "105.56200", "2016-03-31": "114.82700", "2015-12-31": "99.09380", "2015-09-30": "99.12710", "2015-06-30": "134.49300", "2015-03-31": "90.43800", "2014-12-31": "96.06480", "2014-09-30": "82.28410", "2014-06-30": "116.86600", "2014-03-31": "67.85500", "2013-12-31": "80.65320", "2013-09-30": "135.19200", "2013-06-30": "134.01700", "2013-03-31": "65.62900", "2012-12-31": "86.15190", "2012-09-30": "94.15300", "2012-06-30": "113.90900", "2012-03-31": "89.48800", "2011-12-31": "61.46720", "2011-09-30": "101.31000", "2011-06-30": "97.00100", "2011-03-31": "48.75600", "2010-12-31": "67.59110", "2010-09-30": "73.78800", "2010-06-30": "79.69700", "2010-03-31": "71.79300", "2009-12-31": "73.66690", "2009-09-30": "55.67100", "2009-06-30": "70.55000", "2009-03-31": "50.58600", "2008-12-31": "-79.42890", "2008-09-30": "52.67800", "2008-06-30": "52.88900", "2008-03-31": "34.08200", "2007-12-31": "13.32410", "2007-09-30": "66.44400", "2007-06-30": "43.51800", "2007-03-31": "-10.32600", "2006-12-31": "29.18200", "2006-09-30": "30.13100", "2006-06-30": "43.48200", "2006-03-31": "24.57400"}, "Basic Shares Outstanding": {"2020-09-30": "116.70700", "2020-06-30": "116.66600", "2020-03-31": "116.49600", "2019-12-31": "116.30600", "2019-09-30": "116.35600", "2019-06-30": "116.32500", "2019-03-31": "116.17900", "2018-12-31": "116.05400", "2018-09-30": "116.11900", "2018-06-30": "116.09100", "2018-03-31": "115.88300", "2017-12-31": "115.76600", "2017-09-30": "115.82300", "2017-06-30": "115.78500", "2017-03-31": "115.62900", "2016-12-31": "115.50800", "2016-09-30": "115.60100", "2016-06-30": "115.57600", "2016-03-31": "115.24500", "2015-12-31": "115.08000", "2015-09-30": "115.16400", "2015-06-30": "115.14800", "2015-03-31": "114.83700", "2014-12-31": "114.65300", "2014-09-30": "114.81400", "2014-06-30": "114.78600", "2014-03-31": "114.18200", "2013-12-31": "113.89600", "2013-09-30": "114.05000", "2013-06-30": "114.00700", "2013-03-31": "113.44700", "2012-12-31": "113.21600", "2012-09-30": "113.35500", "2012-06-30": "113.30100", "2012-03-31": "112.82500", "2011-12-31": "112.73600", "2011-09-30": "112.81700", "2011-06-30": "112.76400", "2011-03-31": "112.54200", "2010-12-31": "111.56500", "2010-09-30": "112.17900", "2010-06-30": "111.20700", "2010-03-31": "110.54700", "2009-12-31": "108.56300", "2009-09-30": "108.54900", "2009-06-30": "108.48300", "2009-03-31": "108.46300", "2008-12-31": "107.34100", "2008-09-30": "107.10100", "2008-06-30": "106.99900", "2008-03-31": "106.96500", "2007-12-31": "102.17700", "2007-09-30": "106.46500", "2007-06-30": "102.95000", "2007-03-31": "92.56100", "2006-12-31": "84.94800", "2006-09-30": "82.53100", "2006-06-30": "82.53100", "2006-03-31": "82.53000"}, "Shares Outstanding": {"2020-09-30": "116.70700", "2020-06-30": "116.66600", "2020-03-31": "116.49600", "2019-12-31": "116.60600", "2019-09-30": "116.60000", "2019-06-30": "116.54800", "2019-03-31": "116.41800", "2018-12-31": "116.34200", "2018-09-30": "116.32200", "2018-06-30": "116.26800", "2018-03-31": "116.14300", "2017-12-31": "116.05900", "2017-09-30": "116.10400", "2017-06-30": "116.07200", "2017-03-31": "115.91500", "2016-12-31": "115.78300", "2016-09-30": "115.79300", "2016-06-30": "115.75800", "2016-03-31": "115.52700", "2015-12-31": "115.39900", "2015-09-30": "115.35600", "2015-06-30": "115.32800", "2015-03-31": "115.05800", "2014-12-31": "114.96600", "2014-09-30": "115.02100", "2014-06-30": "114.96100", "2014-03-31": "114.61000", "2013-12-31": "114.39600", "2013-09-30": "114.44900", "2013-06-30": "114.38700", "2013-03-31": "113.97900", "2012-12-31": "113.82400", "2012-09-30": "113.81400", "2012-06-30": "113.73700", "2012-03-31": "113.36800", "2011-12-31": "113.22400", "2011-09-30": "113.29800", "2011-06-30": "113.20900", "2011-03-31": "112.89900", "2010-12-31": "112.15100", "2010-09-30": "112.51600", "2010-06-30": "111.55200", "2010-03-31": "110.88000", "2009-12-31": "110.25500", "2009-09-30": "110.37200", "2009-06-30": "110.26600", "2009-03-31": "109.56600", "2008-12-31": "107.34100", "2008-09-30": "109.33600", "2008-06-30": "109.21800", "2008-03-31": "109.19700", "2007-12-31": "104.72000", "2007-09-30": "106.46500", "2007-06-30": "105.29200", "2007-03-31": "94.91200", "2006-12-31": "86.61800", "2006-09-30": "84.72800", "2006-06-30": "84.72800", "2006-03-31": "84.72800"}, "Basic EPS": {"2020-09-30": "-1.25000", "2020-06-30": "-1.45000", "2020-03-31": "-0.51000", "2019-12-31": "0.22000", "2019-09-30": "0.27000", "2019-06-30": "0.86000", "2019-03-31": "0.28000", "2018-12-31": "0.17000", "2018-09-30": "0.43000", "2018-06-30": "0.70000", "2018-03-31": "0.53000", "2017-12-31": "0.81000", "2017-09-30": "0.33000", "2017-06-30": "0.44000", "2017-03-31": "0.68000", "2016-12-31": "0.67000", "2016-09-30": "0.56000", "2016-06-30": "0.46000", "2016-03-31": "0.50000", "2015-12-31": "0.49000", "2015-09-30": "0.40000", "2015-06-30": "0.61000", "2015-03-31": "0.37000", "2014-12-31": "0.40000", "2014-09-30": "0.33000", "2014-06-30": "0.62000", "2014-03-31": "0.31000", "2013-12-31": "0.13000", "2013-09-30": "0.69000", "2013-06-30": "0.18000", "2013-03-31": "0.28000", "2012-12-31": "0.24000", "2012-09-30": "0.41000", "2012-06-30": "0.45000", "2012-03-31": "0.37000", "2011-12-31": "0.17000", "2011-09-30": "0.41000", "2011-06-30": "0.35000", "2011-03-31": "0.22000", "2010-12-31": "0.34000", "2010-09-30": "0.29000", "2010-06-30": "0.35000", "2010-03-31": "0.32000", "2009-12-31": "0.37000", "2009-09-30": "0.19000", "2009-06-30": "0.17000", "2009-03-31": "0.16000", "2008-12-31": "-0.83000", "2008-09-30": "0.19000", "2008-06-30": "0.14000", "2008-03-31": "0.05000", "2007-12-31": "-0.65000", "2007-09-30": "-0.22000", "2007-06-30": "0.46000", "2007-03-31": "1.28000", "2006-12-31": "-0.25000", "2006-09-30": "0.03000", "2006-06-30": "0.16000", "2006-03-31": "0.07000"}, "EPS - Earnings Per Share": {"2020-09-30": "-1.25000", "2020-06-30": "-1.45000", "2020-03-31": "-0.51000", "2019-12-31": "0.22000", "2019-09-30": "0.27000", "2019-06-30": "0.86000", "2019-03-31": "0.28000", "2018-12-31": "0.17000", "2018-09-30": "0.43000", "2018-06-30": "0.70000", "2018-03-31": "0.53000", "2017-12-31": "0.81000", "2017-09-30": "0.33000", "2017-06-30": "0.44000", "2017-03-31": "0.68000", "2016-12-31": "0.67000", "2016-09-30": "0.56000", "2016-06-30": "0.46000", "2016-03-31": "0.50000", "2015-12-31": "0.49000", "2015-09-30": "0.40000", "2015-06-30": "0.61000", "2015-03-31": "0.37000", "2014-12-31": "0.40000", "2014-09-30": "0.33000", "2014-06-30": "0.62000", "2014-03-31": "0.31000", "2013-12-31": "0.13000", "2013-09-30": "0.69000", "2013-06-30": "0.18000", "2013-03-31": "0.28000", "2012-12-31": "0.24000", "2012-09-30": "0.41000", "2012-06-30": "0.45000", "2012-03-31": "0.37000", "2011-12-31": "0.16000", "2011-09-30": "0.41000", "2011-06-30": "0.35000", "2011-03-31": "0.22000", "2010-12-31": "0.34000", "2010-09-30": "0.29000", "2010-06-30": "0.35000", "2010-03-31": "0.31000", "2009-12-31": "0.35000", "2009-09-30": "0.19000", "2009-06-30": "0.17000", "2009-03-31": "0.16000", "2008-12-31": "-0.83000", "2008-09-30": "0.19000", "2008-06-30": "0.14000", "2008-03-31": "0.05000", "2007-12-31": "-0.63000", "2007-09-30": "-0.22000", "2007-06-30": "0.45000", "2007-03-31": "1.25000", "2006-12-31": "-0.24000", "2006-09-30": "0.03000", "2006-06-30": "0.15000", "2006-03-31": "0.07000"}}, "balance sheet": {"Cash On Hand": {"2019-12-31": "488.31300", "2018-12-31": "426.22200", "2017-12-31": "522.54700", "2016-12-31": "561.23500", "2015-12-31": "588.53900", "2014-12-31": "638.86900", "2013-12-31": "599.92900", "2012-12-31": "742.66400", "2011-12-31": "521.40800", "2010-12-31": "464.99700", "2009-12-31": "437.93600", "2008-12-31": "349.60300", "2007-12-31": "338.04300", "2006-12-31": "147.09900", "2005-12-31": ""}, "Receivables": {"2019-12-31": "87.80400", "2018-12-31": "98.37200", "2017-12-31": "100.98000", "2016-12-31": "82.36000", "2015-12-31": "97.16400", "2014-12-31": "67.26700", "2013-12-31": "82.18800", "2012-12-31": "64.25100", "2011-12-31": "72.54300", "2010-12-31": "81.34000", "2009-12-31": "46.13500", "2008-12-31": "33.63600", "2007-12-31": "53.70700", "2006-12-31": "40.11100", "2005-12-31": ""}, "Inventory": {"2019-12-31": "21.68600", "2018-12-31": "19.31900", "2017-12-31": "17.50700", "2016-12-31": "16.96100", "2015-12-31": "15.95400", "2014-12-31": "13.41900", "2013-12-31": "13.73500", "2012-12-31": "12.57100", "2011-12-31": "11.28400", "2010-12-31": "11.68600", "2009-12-31": "9.85400", "2008-12-31": "8.02400", "2007-12-31": "7.00000", "2006-12-31": "6.05800", "2005-12-31": ""}, "Pre-Paid Expenses": {"2019-12-31": "37.18700", "2018-12-31": "15.11700", "2017-12-31": "16.53600", "2016-12-31": "15.76100", "2015-12-31": "13.49400", "2014-12-31": "10.93700", "2013-12-31": "14.94000", "2012-12-31": "11.27800", "2011-12-31": "11.30000", "2010-12-31": "10.93100", "2009-12-31": "10.05100", "2008-12-31": "9.31900", "2007-12-31": "10.07000", "2006-12-31": "8.42400", "2005-12-31": ""}, "Other Current Assets": {"2019-12-31": "", "2018-12-31": "", "2017-12-31": "", "2016-12-31": "", "2015-12-31": "", "2014-12-31": "", "2013-12-31": "", "2012-12-31": "", "2011-12-31": "", "2010-12-31": "", "2009-12-31": "", "2008-12-31": "", "2007-12-31": "", "2006-12-31": "", "2005-12-31": ""}, "Total Current Assets": {"2019-12-31": "634.99000", "2018-12-31": "559.03000", "2017-12-31": "657.57000", "2016-12-31": "676.31700", "2015-12-31": "715.15100", "2014-12-31": "741.01000", "2013-12-31": "729.59900", "2012-12-31": "845.16100", "2011-12-31": "627.11800", "2010-12-31": "577.05300", "2009-12-31": "507.29700", "2008-12-31": "403.38100", "2007-12-31": "414.03500", "2006-12-31": "206.35300", "2005-12-31": ""}, "Property, Plant, And Equipment": {"2019-12-31": "1735.24700", "2018-12-31": "1833.13300", "2017-12-31": "1828.05400", "2016-12-31": "1704.53600", "2015-12-31": "1505.06900", "2014-12-31": "1450.81200", "2013-12-31": "1427.19000", "2012-12-31": "1304.95800", "2011-12-31": "1238.85000", "2010-12-31": "1215.44600", "2009-12-31": "1219.58800", "2008-12-31": "1208.28300", "2007-12-31": "1314.06600", "2006-12-31": "1324.57200", "2005-12-31": ""}, "Long-Term Investments": {"2019-12-31": "421.07700", "2018-12-31": "432.35800", "2017-12-31": "320.59500", "2016-12-31": "288.31200", "2015-12-31": "278.72800", "2014-12-31": "256.59700", "2013-12-31": "238.51000", "2012-12-31": "116.32400", "2011-12-31": "96.09000", "2010-12-31": "105.82600", "2009-12-31": "37.76100", "2008-12-31": "23.42500", "2007-12-31": "3.66200", "2006-12-31": "11.39000", "2005-12-31": ""}, "Goodwill And Intangible Assets": {"2019-12-31": "1605.14000", "2018-12-31": "1607.23400", "2017-12-31": "1620.84000", "2016-12-31": "1597.86200", "2015-12-31": "1587.19200", "2014-12-31": "1625.40700", "2013-12-31": "1644.23400", "2012-12-31": "1481.55200", "2011-12-31": "1487.54400", "2010-12-31": "1452.17500", "2009-12-31": "1459.30000", "2008-12-31": "1381.58600", "2007-12-31": "1487.73600", "2006-12-31": "1566.17500", "2005-12-31": ""}, "Other Long-Term Assets": {"2019-12-31": "", "2018-12-31": "", "2017-12-31": "", "2016-12-31": "", "2015-12-31": "", "2014-12-31": "", "2013-12-31": "", "2012-12-31": "", "2011-12-31": "", "2010-12-31": "", "2009-12-31": "", "2008-12-31": "", "2007-12-31": "", "2006-12-31": "", "2005-12-31": ""}, "Total Long-Term Assets": {"2019-12-31": "5193.02700", "2018-12-31": "3922.80800", "2017-12-31": "3813.32300", "2016-12-31": "3630.31600", "2015-12-31": "3411.34600", "2014-12-31": "3379.55100", "2013-12-31": "3414.56400", "2012-12-31": "3018.06500", "2011-12-31": "2895.29000", "2010-12-31": "2844.42500", "2009-12-31": "2769.15100", "2008-12-31": "2662.32700", "2007-12-31": "2882.85700", "2006-12-31": "2965.22900", "2005-12-31": ""}, "Total Assets": {"2019-12-31": "5828.01700", "2018-12-31": "4481.83800", "2017-12-31": "4470.89300", "2016-12-31": "4306.63300", "2015-12-31": "4126.49700", "2014-12-31": "4120.56100", "2013-12-31": "4144.16300", "2012-12-31": "3863.22600", "2011-12-31": "3522.40800", "2010-12-31": "3421.47800", "2009-12-31": "3276.44800", "2008-12-31": "3065.70800", "2007-12-31": "3296.89200", "2006-12-31": "3171.58200", "2005-12-31": "0.00000"}, "Total Current Liabilities": {"2019-12-31": "708.80000", "2018-12-31": "474.68900", "2017-12-31": "468.91300", "2016-12-31": "443.22500", "2015-12-31": "439.79300", "2014-12-31": "414.40700", "2013-12-31": "395.71200", "2012-12-31": "338.20400", "2011-12-31": "305.02700", "2010-12-31": "271.94000", "2009-12-31": "280.83200", "2008-12-31": "231.17000", "2007-12-31": "218.32200", "2006-12-31": "230.82200", "2005-12-31": ""}, "Long Term Debt": {"2019-12-31": "1912.35900", "2018-12-31": "2005.09400", "2017-12-31": "2031.53200", "2016-12-31": "2016.72200", "2015-12-31": "1981.88200", "2014-12-31": "1985.13300", "2013-12-31": "2025.45300", "2012-12-31": "1893.57100", "2011-12-31": "1691.60900", "2010-12-31": "1654.41700", "2009-12-31": "1664.50600", "2008-12-31": "1614.19200", "2007-12-31": "1631.06500", "2006-12-31": "2009.57200", "2005-12-31": ""}, "Other Non-Current Liabilities": {"2019-12-31": "44.88400", "2018-12-31": "63.72800", "2017-12-31": "50.33800", "2016-12-31": "52.40600", "2015-12-31": "68.63700", "2014-12-31": "75.69700", "2013-12-31": "93.85400", "2012-12-31": "78.90500", "2011-12-31": "68.90800", "2010-12-31": "71.64900", "2009-12-31": "60.95500", "2008-12-31": "47.48400", "2007-12-31": "51.71400", "2006-12-31": "", "2005-12-31": ""}, "Total Long Term Liabilities": {"2019-12-31": "3670.89500", "2018-12-31": "2598.57900", "2017-12-31": "2596.29200", "2016-12-31": "2590.44800", "2015-12-31": "2575.89100", "2014-12-31": "2583.02500", "2013-12-31": "2646.03400", "2012-12-31": "2430.03800", "2011-12-31": "2193.74200", "2010-12-31": "2116.38600", "2009-12-31": "2080.98800", "2008-12-31": "2010.31100", "2007-12-31": "2059.36700", "2006-12-31": "2251.46300", "2005-12-31": ""}, "Total Liabilities": {"2019-12-31": "4379.69500", "2018-12-31": "3073.26800", "2017-12-31": "3065.20500", "2016-12-31": "3033.67300", "2015-12-31": "3015.68400", "2014-12-31": "2997.43200", "2013-12-31": "3041.74600", "2012-12-31": "2768.24200", "2011-12-31": "2498.76900", "2010-12-31": "2388.32600", "2009-12-31": "2361.82000", "2008-12-31": "2241.48100", "2007-12-31": "2277.68900", "2006-12-31": "2482.28500", "2005-12-31": ""}, "Common Stock Net": {"2019-12-31": "0.12200", "2018-12-31": "0.12100", "2017-12-31": "0.12100", "2016-12-31": "0.12100", "2015-12-31": "0.12000", "2014-12-31": "0.12000", "2013-12-31": "0.11900", "2012-12-31": "0.11800", "2011-12-31": "0.11800", "2010-12-31": "0.11700", "2009-12-31": "0.11400", "2008-12-31": "0.10900", "2007-12-31": "0.10700", "2006-12-31": "0.09300", "2005-12-31": ""}, "Retained Earnings (Accumulated Deficit)": {"2019-12-31": "687.33200", "2018-12-31": "638.91200", "2017-12-31": "582.22200", "2016-12-31": "453.67900", "2015-12-31": "324.63200", "2014-12-31": "224.21900", "2013-12-31": "147.76400", "2012-12-31": "106.11100", "2011-12-31": "34.42300", "2010-12-31": "0.38800", "2009-12-31": "-60.59500", "2008-12-31": "-78.85900", "2007-12-31": "47.07400", "2006-12-31": "-7.69200", "2005-12-31": ""}, "Comprehensive Income": {"2019-12-31": "-340.11200", "2018-12-31": "-319.00700", "2017-12-31": "-253.28200", "2016-12-31": "-247.01300", "2015-12-31": "-271.68600", "2014-12-31": "-144.77200", "2013-12-31": "-81.81900", "2012-12-31": "-37.69800", "2011-12-31": "-23.68200", "2010-12-31": "28.18100", "2009-12-31": "-7.45900", "2008-12-31": "-72.34700", "2007-12-31": "32.69500", "2006-12-31": "11.46300", "2005-12-31": ""}, "Other Share Holders Equity": {"2019-12-31": "", "2018-12-31": "", "2017-12-31": "", "2016-12-31": "", "2015-12-31": "", "2014-12-31": "", "2013-12-31": "", "2012-12-31": "", "2011-12-31": "", "2010-12-31": "", "2009-12-31": "", "2008-12-31": "", "2007-12-31": "", "2006-12-31": "", "2005-12-31": ""}, "Share Holder Equity": {"2019-12-31": "1448.32200", "2018-12-31": "1408.57000", "2017-12-31": "1405.68800", "2016-12-31": "1272.96000", "2015-12-31": "1110.81300", "2014-12-31": "1123.12900", "2013-12-31": "1102.41700", "2012-12-31": "1094.98400", "2011-12-31": "1023.63900", "2010-12-31": "1033.15200", "2009-12-31": "914.62800", "2008-12-31": "824.22700", "2007-12-31": "1019.20300", "2006-12-31": "689.29700", "2005-12-31": ""}, "Total Liabilities And Share Holders Equity": {"2019-12-31": "5828.01700", "2018-12-31": "4481.83800", "2017-12-31": "4470.89300", "2016-12-31": "4306.63300", "2015-12-31": "4126.49700", "2014-12-31": "4120.56100", "2013-12-31": "4144.16300", "2012-12-31": "3863.22600", "2011-12-31": "3522.40800", "2010-12-31": "3421.47800", "2009-12-31": "3276.44800", "2008-12-31": "3065.70800", "2007-12-31": "3296.89200", "2006-12-31": "3171.58200", "2005-12-31": ""}}, "balance sheet, quarterly": {"Cash On Hand": {"2020-09-30": "825.70600", "2020-06-30": "571.75500", "2020-03-31": "479.39900", "2019-12-31": "488.31300", "2019-09-30": "482.77200", "2019-06-30": "511.39200", "2019-03-31": "425.19400", "2018-12-31": "426.22200", "2018-09-30": "366.79600", "2018-06-30": "504.71200", "2018-03-31": "474.04600", "2017-12-31": "522.54700", "2017-09-30": "469.44600", "2017-06-30": "504.17900", "2017-03-31": "584.31800", "2016-12-31": "561.23500", "2016-09-30": "527.11100", "2016-06-30": "583.60000", "2016-03-31": "583.89200", "2015-12-31": "588.53900", "2015-09-30": "502.91400", "2015-06-30": "576.28900", "2015-03-31": "532.84500", "2014-12-31": "638.86900", "2014-09-30": "546.66500", "2014-06-30": "578.14100", "2014-03-31": "562.70300", "2013-12-31": "599.92900", "2013-09-30": "479.77900", "2013-06-30": "515.47400", "2013-03-31": "724.30300", "2012-12-31": "742.66400", "2012-09-30": "540.75900", "2012-06-30": "524.28200", "2012-03-31": "528.56600", "2011-12-31": "521.40800", "2011-09-30": "511.39500", "2011-06-30": "550.90400", "2011-03-31": "463.30800", "2010-12-31": "464.99700", "2010-09-30": "430.46700", "2010-06-30": "435.77000", "2010-03-31": "433.22900", "2009-12-31": "437.93600", "2009-09-30": "359.10300", "2009-06-30": "382.73700", "2009-03-31": "305.50400", "2008-12-31": "349.60300", "2008-09-30": "371.29700", "2008-06-30": "396.27000", "2008-03-31": "305.00400", "2007-12-31": "338.04300", "2007-09-30": "333.07600", "2007-06-30": "386.53700", "2007-03-31": "163.09500", "2006-12-31": "147.09900", "2006-09-30": "", "2006-06-30": "", "2006-03-31": ""}, "Receivables": {"2020-09-30": "108.75000", "2020-06-30": "135.10100", "2020-03-31": "76.93500", "2019-12-31": "87.80400", "2019-09-30": "71.79100", "2019-06-30": "108.25200", "2019-03-31": "89.27500", "2018-12-31": "98.37200", "2018-09-30": "80.79700", "2018-06-30": "85.12300", "2018-03-31": "81.20200", "2017-12-31": "100.98000", "2017-09-30": "87.03100", "2017-06-30": "76.50900", "2017-03-31": "72.24600", "2016-12-31": "82.36000", "2016-09-30": "66.28000", "2016-06-30": "82.69500", "2016-03-31": "68.75700", "2015-12-31": "97.16400", "2015-09-30": "88.68100", "2015-06-30": "98.72600", "2015-03-31": "56.25100", "2014-12-31": "67.26700", "2014-09-30": "78.70200", "2014-06-30": "82.73600", "2014-03-31": "76.80400", "2013-12-31": "82.18800", "2013-09-30": "76.87100", "2013-06-30": "84.47500", "2013-03-31": "58.79200", "2012-12-31": "64.25100", "2012-09-30": "60.28600", "2012-06-30": "69.76100", "2012-03-31": "59.82400", "2011-12-31": "72.54300", "2011-09-30": "42.84300", "2011-06-30": "55.53900", "2011-03-31": "50.04600", "2010-12-31": "81.34000", "2010-09-30": "52.53800", "2010-06-30": "54.59900", "2010-03-31": "30.52600", "2009-12-31": "46.13500", "2009-09-30": "29.87000", "2009-06-30": "40.85700", "2009-03-31": "23.32900", "2008-12-31": "33.63600", "2008-09-30": "28.20500", "2008-06-30": "33.35300", "2008-03-31": "31.20700", "2007-12-31": "53.70700", "2007-09-30": "34.84400", "2007-06-30": "33.42100", "2007-03-31": "24.95900", "2006-12-31": "40.11100", "2006-09-30": "", "2006-06-30": "", "2006-03-31": ""}, "Inventory": {"2020-09-30": "15.15900", "2020-06-30": "15.58400", "2020-03-31": "17.97200", "2019-12-31": "21.68600", "2019-09-30": "19.34600", "2019-06-30": "21.76100", "2019-03-31": "18.14200", "2018-12-31": "19.31900", "2018-09-30": "16.31900", "2018-06-30": "17.68500", "2018-03-31": "17.08300", "2017-12-31": "17.50700", "2017-09-30": "16.84400", "2017-06-30": "18.38800", "2017-03-31": "17.39400", "2016-12-31": "16.96100", "2016-09-30": "15.48200", "2016-06-30": "15.97700", "2016-03-31": "15.30000", "2015-12-31": "15.95400", "2015-09-30": "13.23600", "2015-06-30": "13.96900", "2015-03-31": "13.46000", "2014-12-31": "13.41900", "2014-09-30": "11.61000", "2014-06-30": "13.31600", "2014-03-31": "11.68700", "2013-12-31": "13.73500", "2013-09-30": "12.32400", "2013-06-30": "13.07500", "2013-03-31": "10.82500", "2012-12-31": "12.57100", "2012-09-30": "10.66200", "2012-06-30": "12.49500", "2012-03-31": "11.27300", "2011-12-31": "11.28400", "2011-09-30": "11.74600", "2011-06-30": "12.92500", "2011-03-31": "10.50500", "2010-12-31": "11.68600", "2010-09-30": "9.59400", "2010-06-30": "10.30200", "2010-03-31": "9.81700", "2009-12-31": "9.85400", "2009-09-30": "8.53200", "2009-06-30": "9.17900", "2009-03-31": "7.70500", "2008-12-31": "8.02400", "2008-09-30": "7.28300", "2008-06-30": "8.19500", "2008-03-31": "7.67000", "2007-12-31": "7.00000", "2007-09-30": "6.53900", "2007-06-30": "6.78600", "2007-03-31": "6.38800", "2006-12-31": "6.05800", "2006-09-30": "", "2006-06-30": "", "2006-03-31": ""}, "Pre-Paid Expenses": {"2020-09-30": "34.39400", "2020-06-30": "22.29900", "2020-03-31": "13.36100", "2019-12-31": "37.18700", "2019-09-30": "20.85900", "2019-06-30": "21.14600", "2019-03-31": "11.89500", "2018-12-31": "15.11700", "2018-09-30": "21.48200", "2018-06-30": "20.66700", "2018-03-31": "19.40900", "2017-12-31": "16.53600", "2017-09-30": "17.01000", "2017-06-30": "19.33300", "2017-03-31": "33.91000", "2016-12-31": "15.76100", "2016-09-30": "18.04700", "2016-06-30": "16.91300", "2016-03-31": "17.95800", "2015-12-31": "13.49400", "2015-09-30": "17.00700", "2015-06-30": "15.31600", "2015-03-31": "16.33700", "2014-12-31": "10.93700", "2014-09-30": "14.46400", "2014-06-30": "12.96700", "2014-03-31": "12.38700", "2013-12-31": "14.94000", "2013-09-30": "14.57800", "2013-06-30": "11.68700", "2013-03-31": "9.25400", "2012-12-31": "11.27800", "2012-09-30": "11.42800", "2012-06-30": "10.49500", "2012-03-31": "8.91200", "2011-12-31": "11.30000", "2011-09-30": "10.56000", "2011-06-30": "10.45000", "2011-03-31": "8.47900", "2010-12-31": "10.93100", "2010-09-30": "11.01300", "2010-06-30": "9.45300", "2010-03-31": "9.37600", "2009-12-31": "10.05100", "2009-09-30": "9.77900", "2009-06-30": "8.76200", "2009-03-31": "7.34800", "2008-12-31": "9.31900", "2008-09-30": "9.05100", "2008-06-30": "7.19400", "2008-03-31": "6.90800", "2007-12-31": "10.07000", "2007-09-30": "9.32800", "2007-06-30": "8.12400", "2007-03-31": "6.73200", "2006-12-31": "8.42400", "2006-09-30": "", "2006-06-30": "", "2006-03-31": ""}, "Other Current Assets": {"2020-09-30": "", "2020-06-30": "", "2020-03-31": "", "2019-12-31": "", "2019-09-30": "", "2019-06-30": "", "2019-03-31": "", "2018-12-31": "", "2018-09-30": "", "2018-06-30": "", "2018-03-31": "", "2017-12-31": "", "2017-09-30": "", "2017-06-30": "", "2017-03-31": "", "2016-12-31": "", "2016-09-30": "", "2016-06-30": "", "2016-03-31": "", "2015-12-31": "", "2015-09-30": "", "2015-06-30": "", "2015-03-31": "", "2014-12-31": "", "2014-09-30": "", "2014-06-30": "", "2014-03-31": "", "2013-12-31": "", "2013-09-30": "", "2013-06-30": "", "2013-03-31": "", "2012-12-31": "", "2012-09-30": "", "2012-06-30": "", "2012-03-31": "", "2011-12-31": "", "2011-09-30": "", "2011-06-30": "", "2011-03-31": "", "2010-12-31": "", "2010-09-30": "", "2010-06-30": "", "2010-03-31": "", "2009-12-31": "", "2009-09-30": "", "2009-06-30": "", "2009-03-31": "", "2008-12-31": "", "2008-09-30": "", "2008-06-30": "", "2008-03-31": "", "2007-12-31": "", "2007-09-30": "", "2007-06-30": "", "2007-03-31": "", "2006-12-31": "", "2006-09-30": "", "2006-06-30": "", "2006-03-31": ""}, "Total Current Assets": {"2020-09-30": "984.00900", "2020-06-30": "744.73900", "2020-03-31": "587.66700", "2019-12-31": "634.99000", "2019-09-30": "594.76800", "2019-06-30": "662.55100", "2019-03-31": "544.50600", "2018-12-31": "559.03000", "2018-09-30": "485.39400", "2018-06-30": "628.18700", "2018-03-31": "591.74000", "2017-12-31": "657.57000", "2017-09-30": "590.33100", "2017-06-30": "618.40900", "2017-03-31": "707.86800", "2016-12-31": "676.31700", "2016-09-30": "626.92000", "2016-06-30": "699.18500", "2016-03-31": "685.90700", "2015-12-31": "715.15100", "2015-09-30": "631.11700", "2015-06-30": "714.28100", "2015-03-31": "628.82100", "2014-12-31": "741.01000", "2014-09-30": "667.83800", "2014-06-30": "704.04800", "2014-03-31": "680.33400", "2013-12-31": "729.59900", "2013-09-30": "600.46000", "2013-06-30": "641.71300", "2013-03-31": "820.74500", "2012-12-31": "845.16100", "2012-09-30": "633.42600", "2012-06-30": "627.24600", "2012-03-31": "619.31000", "2011-12-31": "627.11800", "2011-09-30": "583.57400", "2011-06-30": "634.08300", "2011-03-31": "536.46600", "2010-12-31": "577.05300", "2010-09-30": "506.95600", "2010-06-30": "513.41300", "2010-03-31": "486.24500", "2009-12-31": "507.29700", "2009-09-30": "410.09700", "2009-06-30": "444.32300", "2009-03-31": "346.61300", "2008-12-31": "403.38100", "2008-09-30": "421.02500", "2008-06-30": "450.45300", "2008-03-31": "356.05900", "2007-12-31": "414.03500", "2007-09-30": "388.54900", "2007-06-30": "439.57900", "2007-03-31": "205.83500", "2006-12-31": "206.35300", "2006-09-30": "", "2006-06-30": "", "2006-03-31": ""}, "Property, Plant, And Equipment": {"2020-09-30": "1545.82300", "2020-06-30": "1602.72100", "2020-03-31": "1658.32500", "2019-12-31": "1735.24700", "2019-09-30": "1682.40100", "2019-06-30": "1716.64700", "2019-03-31": "1724.45300", "2018-12-31": "1833.13300", "2018-09-30": "1820.48700", "2018-06-30": "1817.73700", "2018-03-31": "1835.65200", "2017-12-31": "1828.05400", "2017-09-30": "1791.60600", "2017-06-30": "1756.98600", "2017-03-31": "1729.23600", "2016-12-31": "1704.53600", "2016-09-30": "1613.10900", "2016-06-30": "1590.78000", "2016-03-31": "1525.85900", "2015-12-31": "1505.06900", "2015-09-30": "1461.01800", "2015-06-30": "1484.38900", "2015-03-31": "1452.74300", "2014-12-31": "1450.81200", "2014-09-30": "1427.78700", "2014-06-30": "1445.62600", "2014-03-31": "1435.10100", "2013-12-31": "1427.19000", "2013-09-30": "1417.02300", "2013-06-30": "1395.91100", "2013-03-31": "1304.63900", "2012-12-31": "1304.95800", "2012-09-30": "1262.91900", "2012-06-30": "1242.69500", "2012-03-31": "1256.97000", "2011-12-31": "1238.85000", "2011-09-30": "1208.75400", "2011-06-30": "1218.22100", "2011-03-31": "1206.79600", "2010-12-31": "1215.44600", "2010-09-30": "1189.19100", "2010-06-30": "1184.25400", "2010-03-31": "1191.21500", "2009-12-31": "1219.58800", "2009-09-30": "1218.65800", "2009-06-30": "1224.13200", "2009-03-31": "1227.04800", "2008-12-31": "1208.28300", "2008-09-30": "1271.36800", "2008-06-30": "1302.38000", "2008-03-31": "1309.94200", "2007-12-31": "1314.06600", "2007-09-30": "1332.31500", "2007-06-30": "1338.56600", "2007-03-31": "1333.99300", "2006-12-31": "1324.57200", "2006-09-30": "", "2006-06-30": "", "2006-03-31": ""}, "Long-Term Investments": {"2020-09-30": "369.02300", "2020-06-30": "389.83600", "2020-03-31": "416.60300", "2019-12-31": "421.07700", "2019-09-30": "438.78900", "2019-06-30": "432.88500", "2019-03-31": "429.87200", "2018-12-31": "432.35800", "2018-09-30": "432.55700", "2018-06-30": "344.10000", "2018-03-31": "321.24400", "2017-12-31": "320.59500", "2017-09-30": "317.22500", "2017-06-30": "308.06100", "2017-03-31": "304.95200", "2016-12-31": "288.31200", "2016-09-30": "293.48700", "2016-06-30": "281.54000", "2016-03-31": "275.68400", "2015-12-31": "278.72800", "2015-09-30": "275.72200", "2015-06-30": "272.50200", "2015-03-31": "272.34000", "2014-12-31": "256.59700", "2014-09-30": "256.11600", "2014-06-30": "252.41100", "2014-03-31": "247.44200", "2013-12-31": "238.51000", "2013-09-30": "227.09700", "2013-06-30": "224.89200", "2013-03-31": "129.85700", "2012-12-31": "116.32400", "2012-09-30": "112.84700", "2012-06-30": "114.48100", "2012-03-31": "111.48100", "2011-12-31": "96.09000", "2011-09-30": "96.78400", "2011-06-30": "114.56100", "2011-03-31": "121.16700", "2010-12-31": "105.82600", "2010-09-30": "94.42500", "2010-06-30": "88.12200", "2010-03-31": "83.90800", "2009-12-31": "37.76100", "2009-09-30": "38.75100", "2009-06-30": "38.39000", "2009-03-31": "37.90500", "2008-12-31": "23.42500", "2008-09-30": "22.97200", "2008-06-30": "22.05800", "2008-03-31": "3.83700", "2007-12-31": "3.66200", "2007-09-30": "4.17900", "2007-06-30": "4.93300", "2007-03-31": "6.20100", "2006-12-31": "11.39000", "2006-09-30": "", "2006-06-30": "", "2006-03-31": ""}, "Goodwill And Intangible Assets": {"2020-09-30": "1564.99600", "2020-06-30": "1584.05200", "2020-03-31": "1587.21600", "2019-12-31": "1605.14000", "2019-09-30": "1604.02500", "2019-06-30": "1610.73800", "2019-03-31": "1601.70500", "2018-12-31": "1607.23400", "2018-09-30": "1607.73800", "2018-06-30": "1613.67600", "2018-03-31": "1619.10900", "2017-12-31": "1620.84000", "2017-09-30": "1629.99900", "2017-06-30": "1627.93800", "2017-03-31": "1599.59700", "2016-12-31": "1597.86200", "2016-09-30": "1598.65200", "2016-06-30": "1600.76800", "2016-03-31": "1597.17700", "2015-12-31": "1587.19200", "2015-09-30": "1594.05400", "2015-06-30": "1610.10900", "2015-03-31": "1611.32400", "2014-12-31": "1625.40700", "2014-09-30": "1627.36000", "2014-06-30": "1638.74000", "2014-03-31": "1638.07500", "2013-12-31": "1644.23400", "2013-09-30": "1697.81400", "2013-06-30": "1714.19400", "2013-03-31": "1481.20900", "2012-12-31": "1481.55200", "2012-09-30": "1485.78300", "2012-06-30": "1484.95200", "2012-03-31": "1501.01600", "2011-12-31": "1487.54400", "2011-09-30": "1497.05900", "2011-06-30": "1458.38500", "2011-03-31": "1453.97300", "2010-12-31": "1452.17500", "2010-09-30": "1453.63600", "2010-06-30": "1453.55300", "2010-03-31": "1457.69900", "2009-12-31": "1459.30000", "2009-09-30": "1456.33800", "2009-06-30": "1445.71100", "2009-03-31": "1425.89200", "2008-12-31": "1381.58600", "2008-09-30": "1481.97400", "2008-06-30": "1500.31900", "2008-03-31": "1490.57700", "2007-12-31": "1487.73600", "2007-09-30": "1507.35400", "2007-06-30": "1507.15800", "2007-03-31": "1503.65800", "2006-12-31": "1566.17500", "2006-09-30": "", "2006-06-30": "", "2006-03-31": ""}, "Other Long-Term Assets": {"2020-09-30": "", "2020-06-30": "", "2020-03-31": "", "2019-12-31": "", "2019-09-30": "", "2019-06-30": "", "2019-03-31": "", "2018-12-31": "", "2018-09-30": "", "2018-06-30": "", "2018-03-31": "", "2017-12-31": "", "2017-09-30": "", "2017-06-30": "", "2017-03-31": "", "2016-12-31": "", "2016-09-30": "", "2016-06-30": "", "2016-03-31": "", "2015-12-31": "", "2015-09-30": "", "2015-06-30": "", "2015-03-31": "", "2014-12-31": "", "2014-09-30": "", "2014-06-30": "", "2014-03-31": "", "2013-12-31": "", "2013-09-30": "", "2013-06-30": "", "2013-03-31": "", "2012-12-31": "", "2012-09-30": "", "2012-06-30": "", "2012-03-31": "", "2011-12-31": "", "2011-09-30": "", "2011-06-30": "", "2011-03-31": "", "2010-12-31": "", "2010-09-30": "", "2010-06-30": "", "2010-03-31": "", "2009-12-31": "", "2009-09-30": "", "2009-06-30": "", "2009-03-31": "", "2008-12-31": "", "2008-09-30": "", "2008-06-30": "", "2008-03-31": "", "2007-12-31": "", "2007-09-30": "", "2007-06-30": "", "2007-03-31": "", "2006-12-31": "", "2006-09-30": "", "2006-06-30": "", "2006-03-31": ""}, "Total Long-Term Assets": {"2020-09-30": "4818.60400", "2020-06-30": "4945.37600", "2020-03-31": "5045.22600", "2019-12-31": "5193.02700", "2019-09-30": "5156.83500", "2019-06-30": "5239.69700", "2019-03-31": "5246.24200", "2018-12-31": "3922.80800", "2018-09-30": "3912.17900", "2018-06-30": "3827.05100", "2018-03-31": "3821.73100", "2017-12-31": "3813.32300", "2017-09-30": "3781.31900", "2017-06-30": "3736.11600", "2017-03-31": "3675.45800", "2016-12-31": "3630.31600", "2016-09-30": "3549.69900", "2016-06-30": "3516.50800", "2016-03-31": "3442.80800", "2015-12-31": "3411.34600", "2015-09-30": "3413.13900", "2015-06-30": "3449.78900", "2015-03-31": "3417.46600", "2014-12-31": "3379.55100", "2014-09-30": "3392.59100", "2014-06-30": "3412.42400", "2014-03-31": "3408.54400", "2013-12-31": "3414.56400", "2013-09-30": "3482.43800", "2013-06-30": "3469.90400", "2013-03-31": "3036.45400", "2012-12-31": "3018.06500", "2012-09-30": "2947.89200", "2012-06-30": "2915.11400", "2012-03-31": "2955.39300", "2011-12-31": "2895.29000", "2011-09-30": "2874.61400", "2011-06-30": "2869.42600", "2011-03-31": "2867.67300", "2010-12-31": "2844.42500", "2010-09-30": "2805.35500", "2010-06-30": "2791.73800", "2010-03-31": "2796.43500", "2009-12-31": "2769.15100", "2009-09-30": "2768.61900", "2009-06-30": "2763.72300", "2009-03-31": "2741.12800", "2008-12-31": "2662.32700", "2008-09-30": "2828.54800", "2008-06-30": "2882.58800", "2008-03-31": "2884.82600", "2007-12-31": "2882.85700", "2007-09-30": "2901.77100", "2007-06-30": "2921.88000", "2007-03-31": "2908.92500", "2006-12-31": "2965.22900", "2006-09-30": "", "2006-06-30": "", "2006-03-31": ""}, "Total Assets": {"2020-09-30": "5802.61300", "2020-06-30": "5690.11500", "2020-03-31": "5632.89300", "2019-12-31": "5828.01700", "2019-09-30": "5751.60300", "2019-06-30": "5902.24800", "2019-03-31": "5790.74800", "2018-12-31": "4481.83800", "2018-09-30": "4397.57300", "2018-06-30": "4455.23800", "2018-03-31": "4413.47100", "2017-12-31": "4470.89300", "2017-09-30": "4371.65000", "2017-06-30": "4354.52500", "2017-03-31": "4383.32600", "2016-12-31": "4306.63300", "2016-09-30": "4176.61900", "2016-06-30": "4215.69300", "2016-03-31": "4128.71500", "2015-12-31": "4126.49700", "2015-09-30": "4044.25600", "2015-06-30": "4164.07000", "2015-03-31": "4046.28700", "2014-12-31": "4120.56100", "2014-09-30": "4060.42900", "2014-06-30": "4116.47200", "2014-03-31": "4088.87800", "2013-12-31": "4144.16300", "2013-09-30": "4082.89800", "2013-06-30": "4111.61700", "2013-03-31": "3857.19900", "2012-12-31": "3863.22600", "2012-09-30": "3581.31800", "2012-06-30": "3542.36000", "2012-03-31": "3574.70300", "2011-12-31": "3522.40800", "2011-09-30": "3458.18800", "2011-06-30": "3503.50900", "2011-03-31": "3404.13900", "2010-12-31": "3421.47800", "2010-09-30": "3312.31100", "2010-06-30": "3305.15100", "2010-03-31": "3282.68000", "2009-12-31": "3276.44800", "2009-09-30": "3178.71600", "2009-06-30": "3208.04600", "2009-03-31": "3087.74100", "2008-12-31": "3065.70800", "2008-09-30": "3249.57300", "2008-06-30": "3333.04100", "2008-03-31": "3240.88500", "2007-12-31": "3296.89200", "2007-09-30": "3290.32000", "2007-06-30": "3361.45900", "2007-03-31": "3114.76000", "2006-12-31": "3171.58200", "2006-09-30": "0.00000", "2006-06-30": "0.00000", "2006-03-31": "0.00000"}, "Total Current Liabilities": {"2020-09-30": "623.87700", "2020-06-30": "596.11900", "2020-03-31": "600.42700", "2019-12-31": "708.80000", "2019-09-30": "639.77900", "2019-06-30": "700.19500", "2019-03-31": "656.97800", "2018-12-31": "474.68900", "2018-09-30": "391.35600", "2018-06-30": "439.83400", "2018-03-31": "387.34900", "2017-12-31": "468.91300", "2017-09-30": "392.67400", "2017-06-30": "405.88600", "2017-03-31": "439.51800", "2016-12-31": "443.22500", "2016-09-30": "347.20900", "2016-06-30": "426.33700", "2016-03-31": "389.89400", "2015-12-31": "439.79300", "2015-09-30": "351.53700", "2015-06-30": "419.14300", "2015-03-31": "351.62600", "2014-12-31": "414.40700", "2014-09-30": "319.04500", "2014-06-30": "341.83400", "2014-03-31": "353.33800", "2013-12-31": "395.71200", "2013-09-30": "325.27600", "2013-06-30": "385.50900", "2013-03-31": "321.72600", "2012-12-31": "338.20400", "2012-09-30": "282.06100", "2012-06-30": "290.26400", "2012-03-31": "295.81000", "2011-12-31": "305.02700", "2011-09-30": "261.37700", "2011-06-30": "264.03000", "2011-03-31": "239.66200", "2010-12-31": "271.94000", "2010-09-30": "216.14300", "2010-06-30": "250.44600", "2010-03-31": "246.88000", "2009-12-31": "280.83200", "2009-09-30": "212.44600", "2009-06-30": "243.20300", "2009-03-31": "203.47200", "2008-12-31": "231.17000", "2008-09-30": "211.40600", "2008-06-30": "225.41200", "2008-03-31": "167.84600", "2007-12-31": "218.32200", "2007-09-30": "189.93600", "2007-06-30": "243.01300", "2007-03-31": "293.14900", "2006-12-31": "230.82200", "2006-09-30": "", "2006-06-30": "", "2006-03-31": ""}, "Long Term Debt": {"2020-09-30": "2495.10700", "2020-06-30": "2250.15600", "2020-03-31": "2006.78800", "2019-12-31": "1912.35900", "2019-09-30": "1898.00700", "2019-06-30": "1902.29500", "2019-03-31": "1906.52000", "2018-12-31": "2005.09400", "2018-09-30": "2002.61800", "2018-06-30": "2013.78700", "2018-03-31": "2021.05000", "2017-12-31": "2031.53200", "2017-09-30": "2033.99900", "2017-06-30": "2010.95800", "2017-03-31": "2012.34100", "2016-12-31": "2016.72200", "2016-09-30": "1995.56900", "2016-06-30": "1999.32800", "2016-03-31": "2000.27500", "2015-12-31": "1981.88200", "2015-09-30": "2006.89600", "2015-06-30": "2012.54900", "2015-03-31": "2008.67200", "2014-12-31": "1985.13300", "2014-09-30": "2017.30300", "2014-06-30": "2019.51900", "2014-03-31": "2024.46600", "2013-12-31": "2025.45300", "2013-09-30": "2025.66400", "2013-06-30": "2033.26100", "2013-03-31": "1896.12000", "2012-12-31": "1893.57100", "2012-09-30": "1678.85000", "2012-06-30": "1683.96200", "2012-03-31": "1690.06300", "2011-12-31": "1691.60900", "2011-09-30": "1690.16800", "2011-06-30": "1690.86200", "2011-03-31": "1650.00300", "2010-12-31": "1654.41700", "2010-09-30": "1654.28400", "2010-06-30": "1658.48500", "2010-03-31": "1660.68000", "2009-12-31": "1664.50600", "2009-09-30": "1668.97600", "2009-06-30": "1690.65200", "2009-03-31": "1639.48600", "2008-12-31": "1614.19200", "2008-09-30": "1645.12200", "2008-06-30": "1639.47800", "2008-03-31": "1634.95600", "2007-12-31": "1631.06500", "2007-09-30": "1639.95500", "2007-06-30": "1674.29300", "2007-03-31": "1665.04700", "2006-12-31": "2009.57200", "2006-09-30": "", "2006-06-30": "", "2006-03-31": ""}, "Other Non-Current Liabilities": {"2020-09-30": "77.21600", "2020-06-30": "77.53600", "2020-03-31": "65.67500", "2019-12-31": "44.88400", "2019-09-30": "57.73500", "2019-06-30": "53.82300", "2019-03-31": "45.53800", "2018-12-31": "63.72800", "2018-09-30": "60.92900", "2018-06-30": "61.48600", "2018-03-31": "58.63800", "2017-12-31": "50.33800", "2017-09-30": "52.70700", "2017-06-30": "54.08400", "2017-03-31": "52.28300", "2016-12-31": "52.40600", "2016-09-30": "54.41300", "2016-06-30": "55.87100", "2016-03-31": "56.45500", "2015-12-31": "68.63700", "2015-09-30": "73.86700", "2015-06-30": "74.20800", "2015-03-31": "74.30100", "2014-12-31": "75.69700", "2014-09-30": "85.06300", "2014-06-30": "86.67100", "2014-03-31": "93.40700", "2013-12-31": "93.85400", "2013-09-30": "97.78600", "2013-06-30": "100.90900", "2013-03-31": "76.20700", "2012-12-31": "78.90500", "2012-09-30": "82.34600", "2012-06-30": "68.24000", "2012-03-31": "65.73400", "2011-12-31": "68.90800", "2011-09-30": "71.62400", "2011-06-30": "68.55200", "2011-03-31": "70.30000", "2010-12-31": "71.64900", "2010-09-30": "72.86500", "2010-06-30": "64.37600", "2010-03-31": "60.50000", "2009-12-31": "60.95500", "2009-09-30": "60.70100", "2009-06-30": "59.10300", "2009-03-31": "59.18800", "2008-12-31": "47.48400", "2008-09-30": "27.52800", "2008-06-30": "50.12400", "2008-03-31": "71.08100", "2007-12-31": "51.71400", "2007-09-30": "28.65500", "2007-06-30": "197.71100", "2007-03-31": "197.42500", "2006-12-31": "", "2006-09-30": "", "2006-06-30": "", "2006-03-31": ""}, "Total Long Term Liabilities": {"2020-09-30": "4160.28800", "2020-06-30": "3995.21600", "2020-03-31": "3766.90100", "2019-12-31": "3670.89500", "2019-09-30": "3615.37300", "2019-06-30": "3674.33400", "2019-03-31": "3669.98400", "2018-12-31": "2598.57900", "2018-09-30": "2536.69000", "2018-06-30": "2551.59400", "2018-03-31": "2554.13100", "2017-12-31": "2596.29200", "2017-09-30": "2627.15600", "2017-06-30": "2613.21800", "2017-03-31": "2610.77400", "2016-12-31": "2590.44800", "2016-09-30": "2595.79400", "2016-06-30": "2589.29000", "2016-03-31": "2587.84700", "2015-12-31": "2575.89100", "2015-09-30": "2596.61300", "2015-06-30": "2609.39000", "2015-03-31": "2601.42800", "2014-12-31": "2583.02500", "2014-09-30": "2612.00200", "2014-06-30": "2618.21700", "2014-03-31": "2635.47300", "2013-12-31": "2646.03400", "2013-09-30": "2647.51500", "2013-06-30": "2652.36800", "2013-03-31": "2424.49000", "2012-12-31": "2430.03800", "2012-09-30": "2211.15900", "2012-06-30": "2193.96000", "2012-03-31": "2212.90600", "2011-12-31": "2193.74200", "2011-09-30": "2167.21000", "2011-06-30": "2160.38800", "2011-03-31": "2114.73600", "2010-12-31": "2116.38600", "2010-09-30": "2100.77600", "2010-06-30": "2094.77100", "2010-03-31": "2096.66600", "2009-12-31": "2080.98800", "2009-09-30": "2083.55800", "2009-06-30": "2100.53400", "2009-03-31": "2060.97300", "2008-12-31": "2010.31100", "2008-09-30": "2056.22500", "2008-06-30": "2075.03700", "2008-03-31": "2070.01600", "2007-12-31": "2059.36700", "2007-09-30": "2012.83100", "2007-06-30": "1993.06800", "2007-03-31": "2013.80100", "2006-12-31": "2251.46300", "2006-09-30": "", "2006-06-30": "", "2006-03-31": ""}, "Total Liabilities": {"2020-09-30": "4784.16500", "2020-06-30": "4591.33500", "2020-03-31": "4367.32800", "2019-12-31": "4379.69500", "2019-09-30": "4255.15200", "2019-06-30": "4374.52900", "2019-03-31": "4326.96200", "2018-12-31": "3073.26800", "2018-09-30": "2928.04600", "2018-06-30": "2991.42800", "2018-03-31": "2941.48000", "2017-12-31": "3065.20500", "2017-09-30": "3019.83000", "2017-06-30": "3019.10400", "2017-03-31": "3050.29200", "2016-12-31": "3033.67300", "2016-09-30": "2943.00300", "2016-06-30": "3015.62700", "2016-03-31": "2977.74100", "2015-12-31": "3015.68400", "2015-09-30": "2948.15000", "2015-06-30": "3028.53300", "2015-03-31": "2953.05400", "2014-12-31": "2997.43200", "2014-09-30": "2931.04700", "2014-06-30": "2960.05100", "2014-03-31": "2988.81100", "2013-12-31": "3041.74600", "2013-09-30": "2972.79100", "2013-06-30": "3037.87700", "2013-03-31": "2746.21600", "2012-12-31": "2768.24200", "2012-09-30": "2493.22000", "2012-06-30": "2484.22400", "2012-03-31": "2508.71600", "2011-12-31": "2498.76900", "2011-09-30": "2428.58700", "2011-06-30": "2424.41800", "2011-03-31": "2354.39800", "2010-12-31": "2388.32600", "2010-09-30": "2316.91900", "2010-06-30": "2345.21700", "2010-03-31": "2343.54600", "2009-12-31": "2361.82000", "2009-09-30": "2296.00400", "2009-06-30": "2343.73700", "2009-03-31": "2264.44500", "2008-12-31": "2241.48100", "2008-09-30": "2267.63100", "2008-06-30": "2300.44900", "2008-03-31": "2237.86200", "2007-12-31": "2277.68900", "2007-09-30": "2202.76700", "2007-06-30": "2236.08100", "2007-03-31": "2306.95000", "2006-12-31": "2482.28500", "2006-09-30": "", "2006-06-30": "", "2006-03-31": ""}, "Common Stock Net": {"2020-09-30": "0.12300", "2020-06-30": "0.12200", "2020-03-31": "0.12200", "2019-12-31": "0.12200", "2019-09-30": "0.12200", "2019-06-30": "0.12200", "2019-03-31": "0.12100", "2018-12-31": "0.12100", "2018-09-30": "0.12100", "2018-06-30": "0.12100", "2018-03-31": "0.12100", "2017-12-31": "0.12100", "2017-09-30": "0.12100", "2017-06-30": "0.12100", "2017-03-31": "0.12100", "2016-12-31": "0.12100", "2016-09-30": "0.12100", "2016-06-30": "0.12100", "2016-03-31": "0.12100", "2015-12-31": "0.12000", "2015-09-30": "0.12000", "2015-06-30": "0.12000", "2015-03-31": "0.12000", "2014-12-31": "0.12000", "2014-09-30": "0.12000", "2014-06-30": "0.12000", "2014-03-31": "0.12000", "2013-12-31": "0.11900", "2013-09-30": "0.11900", "2013-06-30": "0.11900", "2013-03-31": "0.11900", "2012-12-31": "0.11800", "2012-09-30": "0.11800", "2012-06-30": "0.11800", "2012-03-31": "0.11800", "2011-12-31": "0.11800", "2011-09-30": "0.11800", "2011-06-30": "0.11800", "2011-03-31": "0.11800", "2010-12-31": "0.11700", "2010-09-30": "0.11700", "2010-06-30": "0.11700", "2010-03-31": "0.11600", "2009-12-31": "0.11400", "2009-09-30": "0.10900", "2009-06-30": "0.10900", "2009-03-31": "0.10900", "2008-12-31": "0.10900", "2008-09-30": "0.10800", "2008-06-30": "0.10700", "2008-03-31": "0.10700", "2007-12-31": "0.10700", "2007-09-30": "0.10600", "2007-06-30": "0.10600", "2007-03-31": "0.09300", "2006-12-31": "0.09300", "2006-09-30": "", "2006-06-30": "", "2006-03-31": ""}, "Retained Earnings (Accumulated Deficit)": {"2020-09-30": "267.19300", "2020-06-30": "414.78500", "2020-03-31": "585.17400", "2019-12-31": "687.33200", "2019-09-30": "748.55800", "2019-06-30": "757.22600", "2019-03-31": "696.26700", "2018-12-31": "638.91200", "2018-09-30": "704.60800", "2018-06-30": "691.91000", "2018-03-31": "647.29800", "2017-12-31": "582.22200", "2017-09-30": "521.05800", "2017-06-30": "516.83000", "2017-03-31": "499.49400", "2016-12-31": "453.67900", "2016-09-30": "408.24100", "2016-06-30": "374.05900", "2016-03-31": "351.61100", "2015-12-31": "324.63200", "2015-09-30": "296.15700", "2015-06-30": "278.89800", "2015-03-31": "237.71600", "2014-12-31": "224.21900", "2014-09-30": "205.99000", "2014-06-30": "196.89200", "2014-03-31": "154.19100", "2013-12-31": "147.76400", "2013-09-30": "161.32400", "2013-06-30": "110.29600", "2013-03-31": "114.38000", "2012-12-31": "106.11100", "2012-09-30": "102.85400", "2012-06-30": "79.74900", "2012-03-31": "52.38600", "2011-12-31": "34.42300", "2011-09-30": "40.31700", "2011-06-30": "17.55500", "2011-03-31": "1.29400", "2010-12-31": "0.38800", "2010-09-30": "-13.42300", "2010-06-30": "-26.23700", "2010-03-31": "-45.60600", "2009-12-31": "-60.59500", "2009-09-30": "-80.70400", "2009-06-30": "-81.97800", "2009-03-31": "-80.91400", "2008-12-31": "-78.85900", "2008-09-30": "30.30300", "2008-06-30": "29.22500", "2008-03-31": "33.05500", "2007-12-31": "47.07400", "2007-09-30": "120.06000", "2007-06-30": "157.29600", "2007-03-31": "109.42600", "2006-12-31": "-7.69200", "2006-09-30": "", "2006-06-30": "", "2006-03-31": ""}, "Comprehensive Income": {"2020-09-30": "-414.39800", "2020-06-30": "-422.09200", "2020-03-31": "-421.90800", "2019-12-31": "-340.11200", "2019-09-30": "-349.38100", "2019-06-30": "-322.63300", "2019-03-31": "-321.63400", "2018-12-31": "-319.00700", "2018-09-30": "-320.16600", "2018-06-30": "-309.30600", "2018-03-31": "-252.94200", "2017-12-31": "-253.28200", "2017-09-30": "-242.89400", "2017-06-30": "-251.96900", "2017-03-31": "-233.47300", "2016-12-31": "-247.01300", "2016-09-30": "-238.67200", "2016-06-30": "-234.99200", "2016-03-31": "-260.04700", "2015-12-31": "-271.68600", "2015-09-30": "-252.27600", "2015-06-30": "-191.73200", "2015-03-31": "-189.54600", "2014-12-31": "-144.77200", "2014-09-30": "-117.38400", "2014-06-30": "-77.87200", "2014-03-31": "-88.23200", "2013-12-31": "-81.81900", "2013-09-30": "-83.51700", "2013-06-30": "-70.73900", "2013-03-31": "-34.02400", "2012-12-31": "-37.69800", "2012-09-30": "-36.38700", "2012-06-30": "-39.54400", "2012-03-31": "-1.84600", "2011-12-31": "-23.68200", "2011-09-30": "-21.66500", "2011-06-30": "53.44400", "2011-03-31": "40.82700", "2010-12-31": "28.18100", "2010-09-30": "9.75200", "2010-06-30": "-10.37000", "2010-03-31": "-7.08700", "2009-12-31": "-7.45900", "2009-09-30": "-18.96200", "2009-06-30": "-33.01100", "2009-03-31": "-72.86500", "2008-12-31": "-72.34700", "2008-09-30": "7.63500", "2008-06-30": "61.22200", "2008-03-31": "29.62400", "2007-12-31": "32.69500", "2007-09-30": "33.83600", "2007-06-30": "35.01300", "2007-03-31": "12.12500", "2006-12-31": "11.46300", "2006-09-30": "", "2006-06-30": "", "2006-03-31": ""}, "Other Share Holders Equity": {"2020-09-30": "", "2020-06-30": "", "2020-03-31": "", "2019-12-31": "", "2019-09-30": "", "2019-06-30": "", "2019-03-31": "", "2018-12-31": "", "2018-09-30": "", "2018-06-30": "", "2018-03-31": "", "2017-12-31": "", "2017-09-30": "", "2017-06-30": "", "2017-03-31": "", "2016-12-31": "", "2016-09-30": "", "2016-06-30": "", "2016-03-31": "", "2015-12-31": "", "2015-09-30": "", "2015-06-30": "", "2015-03-31": "", "2014-12-31": "", "2014-09-30": "", "2014-06-30": "", "2014-03-31": "", "2013-12-31": "", "2013-09-30": "", "2013-06-30": "", "2013-03-31": "", "2012-12-31": "", "2012-09-30": "", "2012-06-30": "", "2012-03-31": "", "2011-12-31": "", "2011-09-30": "", "2011-06-30": "", "2011-03-31": "", "2010-12-31": "", "2010-09-30": "", "2010-06-30": "", "2010-03-31": "", "2009-12-31": "", "2009-09-30": "", "2009-06-30": "", "2009-03-31": "", "2008-12-31": "", "2008-09-30": "", "2008-06-30": "", "2008-03-31": "", "2007-12-31": "", "2007-09-30": "", "2007-06-30": "", "2007-03-31": "", "2006-12-31": "", "2006-09-30": "", "2006-06-30": "", "2006-03-31": ""}, "Share Holder Equity": {"2020-09-30": "1018.44800", "2020-06-30": "1098.78000", "2020-03-31": "1265.56500", "2019-12-31": "1448.32200", "2019-09-30": "1496.45100", "2019-06-30": "1527.71900", "2019-03-31": "1463.78600", "2018-12-31": "1408.57000", "2018-09-30": "1469.52700", "2018-06-30": "1463.81000", "2018-03-31": "1471.99100", "2017-12-31": "1405.68800", "2017-09-30": "1351.82000", "2017-06-30": "1335.42100", "2017-03-31": "1333.03400", "2016-12-31": "1272.96000", "2016-09-30": "1233.61600", "2016-06-30": "1200.06600", "2016-03-31": "1150.97400", "2015-12-31": "1110.81300", "2015-09-30": "1096.10600", "2015-06-30": "1135.53700", "2015-03-31": "1093.23300", "2014-12-31": "1123.12900", "2014-09-30": "1129.38200", "2014-06-30": "1156.42100", "2014-03-31": "1100.06700", "2013-12-31": "1102.41700", "2013-09-30": "1110.10700", "2013-06-30": "1073.74000", "2013-03-31": "1110.98300", "2012-12-31": "1094.98400", "2012-09-30": "1088.09800", "2012-06-30": "1058.13600", "2012-03-31": "1065.98700", "2011-12-31": "1023.63900", "2011-09-30": "1029.60100", "2011-06-30": "1079.09100", "2011-03-31": "1049.74100", "2010-12-31": "1033.15200", "2010-09-30": "995.39200", "2010-06-30": "959.93400", "2010-03-31": "939.13400", "2009-12-31": "914.62800", "2009-09-30": "882.71200", "2009-06-30": "864.30900", "2009-03-31": "823.29600", "2008-12-31": "824.22700", "2008-09-30": "981.94200", "2008-06-30": "1032.59200", "2008-03-31": "1003.02300", "2007-12-31": "1019.20300", "2007-09-30": "1087.55300", "2007-06-30": "1125.37800", "2007-03-31": "807.81000", "2006-12-31": "689.29700", "2006-09-30": "", "2006-06-30": "", "2006-03-31": ""}, "Total Liabilities And Share Holders Equity": {"2020-09-30": "5802.61300", "2020-06-30": "5690.11500", "2020-03-31": "5632.89300", "2019-12-31": "5828.01700", "2019-09-30": "5751.60300", "2019-06-30": "5902.24800", "2019-03-31": "5790.74800", "2018-12-31": "4481.83800", "2018-09-30": "4397.57300", "2018-06-30": "4455.23800", "2018-03-31": "4413.47100", "2017-12-31": "4470.89300", "2017-09-30": "4371.65000", "2017-06-30": "4354.52500", "2017-03-31": "4383.32600", "2016-12-31": "4306.63300", "2016-09-30": "4176.61900", "2016-06-30": "4215.69300", "2016-03-31": "4128.71500", "2015-12-31": "4126.49700", "2015-09-30": "4044.25600", "2015-06-30": "4164.07000", "2015-03-31": "4046.28700", "2014-12-31": "4120.56100", "2014-09-30": "4060.42900", "2014-06-30": "4116.47200", "2014-03-31": "4088.87800", "2013-12-31": "4144.16300", "2013-09-30": "4082.89800", "2013-06-30": "4111.61700", "2013-03-31": "3857.19900", "2012-12-31": "3863.22600", "2012-09-30": "3581.31800", "2012-06-30": "3542.36000", "2012-03-31": "3574.70300", "2011-12-31": "3522.40800", "2011-09-30": "3458.18800", "2011-06-30": "3503.50900", "2011-03-31": "3404.13900", "2010-12-31": "3421.47800", "2010-09-30": "3312.31100", "2010-06-30": "3305.15100", "2010-03-31": "3282.68000", "2009-12-31": "3276.44800", "2009-09-30": "3178.71600", "2009-06-30": "3208.04600", "2009-03-31": "3087.74100", "2008-12-31": "3065.70800", "2008-09-30": "3249.57300", "2008-06-30": "3333.04100", "2008-03-31": "3240.88500", "2007-12-31": "3296.89200", "2007-09-30": "3290.32000", "2007-06-30": "3361.45900", "2007-03-31": "3114.76000", "2006-12-31": "3171.58200", "2006-09-30": "", "2006-06-30": "", "2006-03-31": ""}}, "cash flow statement": {"Net Income/Loss": {"2019-12-31": "193.84800", "2018-12-31": "215.30500", "2017-12-31": "266.01900", "2016-12-31": "256.82700", "2015-12-31": "218.72800", "2014-12-31": "193.99900", "2013-12-31": "150.54800", "2012-12-31": "171.42000", "2011-12-31": "132.58200", "2010-12-31": "149.66300", "2009-12-31": "100.75600", "2008-12-31": "-44.43000", "2007-12-31": "89.71200", "2006-12-31": "0.84100", "2005-12-31": "-25.40800"}, "Total Depreciation And Amortization - Cash Flow": {"2019-12-31": "252.80100", "2018-12-31": "247.39900", "2017-12-31": "229.77300", "2016-12-31": "199.65800", "2015-12-31": "179.55500", "2014-12-31": "168.77800", "2013-12-31": "160.84100", "2012-12-31": "149.20000", "2011-12-31": "157.31000", "2010-12-31": "148.45500", "2009-12-31": "163.95200", "2008-12-31": "202.35700", "2007-12-31": "195.82600", "2006-12-31": "140.73000", "2005-12-31": "124.90800"}, "Other Non-Cash Items": {"2019-12-31": "88.91700", "2018-12-31": "100.18000", "2017-12-31": "23.25200", "2016-12-31": "33.63100", "2015-12-31": "32.89200", "2014-12-31": "34.67100", "2013-12-31": "-8.59000", "2012-12-31": "33.20600", "2011-12-31": "69.24700", "2010-12-31": "27.40000", "2009-12-31": "28.19800", "2008-12-31": "104.41600", "2007-12-31": "-173.77300", "2006-12-31": "45.67800", "2005-12-31": "47.86300"}, "Total Non-Cash Items": {"2019-12-31": "341.71800", "2018-12-31": "347.57900", "2017-12-31": "253.02500", "2016-12-31": "233.28900", "2015-12-31": "212.44700", "2014-12-31": "203.44900", "2013-12-31": "152.25100", "2012-12-31": "182.40600", "2011-12-31": "226.55700", "2010-12-31": "175.85500", "2009-12-31": "192.15000", "2008-12-31": "306.77300", "2007-12-31": "22.05300", "2006-12-31": "186.40800", "2005-12-31": "172.77100"}, "Change In Accounts Receivable": {"2019-12-31": "11.32600", "2018-12-31": "-4.58400", "2017-12-31": "-13.19500", "2016-12-31": "-0.70600", "2015-12-31": "-26.37000", "2014-12-31": "33.80400", "2013-12-31": "-15.93800", "2012-12-31": "-2.36500", "2011-12-31": "", "2010-12-31": "", "2009-12-31": "", "2008-12-31": "", "2007-12-31": "", "2006-12-31": "", "2005-12-31": "-4.10200"}, "Change In Inventories": {"2019-12-31": "-2.36700", "2018-12-31": "-1.81300", "2017-12-31": "-0.54100", "2016-12-31": "-1.00700", "2015-12-31": "-2.53500", "2014-12-31": "0.40000", "2013-12-31": "-1.53900", "2012-12-31": "-1.28700", "2011-12-31": "", "2010-12-31": "", "2009-12-31": "", "2008-12-31": "", "2007-12-31": "", "2006-12-31": "", "2005-12-31": "-0.30900"}, "Change In Accounts Payable": {"2019-12-31": "", "2018-12-31": "", "2017-12-31": "", "2016-12-31": "", "2015-12-31": "", "2014-12-31": "", "2013-12-31": "", "2012-12-31": "", "2011-12-31": "", "2010-12-31": "", "2009-12-31": "", "2008-12-31": "", "2007-12-31": "", "2006-12-31": "", "2005-12-31": ""}, "Change In Assets/Liabilities": {"2019-12-31": "-10.85800", "2018-12-31": "-3.27600", "2017-12-31": "4.21000", "2016-12-31": "-8.22600", "2015-12-31": "12.36500", "2014-12-31": "24.77800", "2013-12-31": "-43.71400", "2012-12-31": "-5.69200", "2011-12-31": "32.06200", "2010-12-31": "-60.76700", "2009-12-31": "-116.14300", "2008-12-31": "-5.04900", "2007-12-31": "164.27100", "2006-12-31": "-31.58700", "2005-12-31": "-11.94500"}, "Total Change In Assets/Liabilities": {"2019-12-31": "26.42900", "2018-12-31": "-5.96900", "2017-12-31": "9.95400", "2016-12-31": "-27.20600", "2015-12-31": "24.69600", "2014-12-31": "57.18600", "2013-12-31": "6.86700", "2012-12-31": "41.37900", "2011-12-31": "32.06200", "2010-12-31": "-60.76700", "2009-12-31": "-116.14300", "2008-12-31": "-5.04900", "2007-12-31": "164.27100", "2006-12-31": "-31.58700", "2005-12-31": "17.90700"}, "Cash Flow From Operating Activities": {"2019-12-31": "561.99500", "2018-12-31": "556.91500", "2017-12-31": "528.99800", "2016-12-31": "462.91000", "2015-12-31": "455.87100", "2014-12-31": "454.63400", "2013-12-31": "309.66600", "2012-12-31": "395.20500", "2011-12-31": "391.20100", "2010-12-31": "264.75100", "2009-12-31": "176.76300", "2008-12-31": "257.29400", "2007-12-31": "276.03600", "2006-12-31": "155.66200", "2005-12-31": "165.27000"}, "Net Change In Property, Plant, And Equipment": {"2019-12-31": "-300.47200", "2018-12-31": "-342.15300", "2017-12-31": "-365.76400", "2016-12-31": "-323.33800", "2015-12-31": "-321.76000", "2014-12-31": "-242.16000", "2013-12-31": "-225.39900", "2012-12-31": "-218.75100", "2011-12-31": "-178.58900", "2010-12-31": "-134.31100", "2009-12-31": "-122.61900", "2008-12-31": "-103.57000", "2007-12-31": "-108.77200", "2006-12-31": "-100.63500", "2005-12-31": "-74.28800"}, "Net Change In Intangible Assets": {"2019-12-31": "", "2018-12-31": "", "2017-12-31": "", "2016-12-31": "", "2015-12-31": "", "2014-12-31": "", "2013-12-31": "", "2012-12-31": "", "2011-12-31": "", "2010-12-31": "", "2009-12-31": "", "2008-12-31": "", "2007-12-31": "", "2006-12-31": "", "2005-12-31": ""}, "Net Acquisitions/Divestitures": {"2019-12-31": "-10.17000", "2018-12-31": "-89.68200", "2017-12-31": "-40.99700", "2016-12-31": "-16.75000", "2015-12-31": "-2.65100", "2014-12-31": "-8.99100", "2013-12-31": "-133.08000", "2012-12-31": "-14.08000", "2011-12-31": "-66.95800", "2010-12-31": "", "2009-12-31": "-58.01100", "2008-12-31": "-10.11100", "2007-12-31": "", "2006-12-31": "-531.38300", "2005-12-31": ""}, "Net Change In Short-term Investments": {"2019-12-31": "", "2018-12-31": "", "2017-12-31": "", "2016-12-31": "13.45100", "2015-12-31": "0.00000", "2014-12-31": "", "2013-12-31": "", "2012-12-31": "", "2011-12-31": "", "2010-12-31": "", "2009-12-31": "", "2008-12-31": "", "2007-12-31": "", "2006-12-31": "", "2005-12-31": ""}, "Net Change In Long-Term Investments": {"2019-12-31": "", "2018-12-31": "-19.53500", "2017-12-31": "-3.71500", "2016-12-31": "-1.13200", "2015-12-31": "-3.71100", "2014-12-31": "-2.18800", "2013-12-31": "-6.22200", "2012-12-31": "-1.48000", "2011-12-31": "-1.52000", "2010-12-31": "-1.75600", "2009-12-31": "-2.50000", "2008-12-31": "-4.00000", "2007-12-31": "224.68900", "2006-12-31": "", "2005-12-31": "-7.32900"}, "Net Change In Investments - Total": {"2019-12-31": "", "2018-12-31": "-19.53500", "2017-12-31": "-3.71500", "2016-12-31": "12.31900", "2015-12-31": "-3.71100", "2014-12-31": "-2.18800", "2013-12-31": "-6.22200", "2012-12-31": "-1.48000", "2011-12-31": "-1.52000", "2010-12-31": "-1.75600", "2009-12-31": "-2.50000", "2008-12-31": "-4.00000", "2007-12-31": "224.68900", "2006-12-31": "", "2005-12-31": "-7.32900"}, "Investing Activities - Other": {"2019-12-31": "", "2018-12-31": "", "2017-12-31": "", "2016-12-31": "", "2015-12-31": "", "2014-12-31": "", "2013-12-31": "", "2012-12-31": "", "2011-12-31": "", "2010-12-31": "", "2009-12-31": "", "2008-12-31": "22.73900", "2007-12-31": "-22.73900", "2006-12-31": "0.27100", "2005-12-31": ""}, "Cash Flow From Investing Activities": {"2019-12-31": "-310.64200", "2018-12-31": "-451.37000", "2017-12-31": "-410.47600", "2016-12-31": "-327.76900", "2015-12-31": "-328.12200", "2014-12-31": "-253.33900", "2013-12-31": "-364.70100", "2012-12-31": "-234.31100", "2011-12-31": "-247.06700", "2010-12-31": "-136.06700", "2009-12-31": "-183.13000", "2008-12-31": "-94.94200", "2007-12-31": "93.17800", "2006-12-31": "-631.74700", "2005-12-31": "-81.61700"}, "Net Long-Term Debt": {"2019-12-31": "-22.58400", "2018-12-31": "-33.33700", "2017-12-31": "-17.19600", "2016-12-31": "-13.19800", "2015-12-31": "-24.93300", "2014-12-31": "-23.88100", "2013-12-31": "46.70000", "2012-12-31": "181.88300", "2011-12-31": "25.57600", "2010-12-31": "-19.36100", "2009-12-31": "178.80900", "2008-12-31": "-44.89300", "2007-12-31": "-398.39900", "2006-12-31": "464.14600", "2005-12-31": "-7.31300"}, "Net Current Debt": {"2019-12-31": "", "2018-12-31": "", "2017-12-31": "", "2016-12-31": "", "2015-12-31": "", "2014-12-31": "", "2013-12-31": "1.47300", "2012-12-31": "", "2011-12-31": "", "2010-12-31": "", "2009-12-31": "", "2008-12-31": "", "2007-12-31": "", "2006-12-31": "", "2005-12-31": ""}, "Debt Issuance/Retirement Net - Total": {"2019-12-31": "-22.58400", "2018-12-31": "-33.33700", "2017-12-31": "-17.19600", "2016-12-31": "-13.19800", "2015-12-31": "-24.93300", "2014-12-31": "-23.88100", "2013-12-31": "48.17300", "2012-12-31": "181.88300", "2011-12-31": "25.57600", "2010-12-31": "-19.36100", "2009-12-31": "178.80900", "2008-12-31": "-44.89300", "2007-12-31": "-398.39900", "2006-12-31": "464.14600", "2005-12-31": "-7.31300"}, "Net Common Equity Issued/Repurchased": {"2019-12-31": "", "2018-12-31": "", "2017-12-31": "", "2016-12-31": "", "2015-12-31": "", "2014-12-31": "0.11200", "2013-12-31": "0.05700", "2012-12-31": "0.45900", "2011-12-31": "0.44400", "2010-12-31": "7.91400", "2009-12-31": "2.52400", "2008-12-31": "1.29200", "2007-12-31": "249.47400", "2006-12-31": "0.03500", "2005-12-31": "5.00000"}, "Net Total Equity Issued/Repurchased": {"2019-12-31": "", "2018-12-31": "", "2017-12-31": "", "2016-12-31": "", "2015-12-31": "", "2014-12-31": "0.11200", "2013-12-31": "0.05700", "2012-12-31": "0.45900", "2011-12-31": "0.44400", "2010-12-31": "7.91400", "2009-12-31": "2.52400", "2008-12-31": "1.29200", "2007-12-31": "249.47400", "2006-12-31": "0.03500", "2005-12-31": "5.00000"}, "Total Common And Preferred Stock Dividends Paid": {"2019-12-31": "-159.28100", "2018-12-31": "-149.49200", "2017-12-31": "-135.07900", "2016-12-31": "-125.49000", "2015-12-31": "-115.86300", "2014-12-31": "-115.62500", "2013-12-31": "-106.04500", "2012-12-31": "-96.36700", "2011-12-31": "-95.83800", "2010-12-31": "-84.50200", "2009-12-31": "-78.64300", "2008-12-31": "-77.53400", "2007-12-31": "-33.06100", "2006-12-31": "", "2005-12-31": ""}, "Financial Activities - Other": {"2019-12-31": "-4.64100", "2018-12-31": "-9.81900", "2017-12-31": "-5.73300", "2016-12-31": "-25.02300", "2015-12-31": "-10.35100", "2014-12-31": "-7.43900", "2013-12-31": "-18.36900", "2012-12-31": "-22.55100", "2011-12-31": "-8.59600", "2010-12-31": "-10.70100", "2009-12-31": "-24.39100", "2008-12-31": "-13.95600", "2007-12-31": "-1.72900", "2006-12-31": "-24.20400", "2005-12-31": "-1.43700"}, "Cash Flow From Financial Activities": {"2019-12-31": "-186.50600", "2018-12-31": "-192.64800", "2017-12-31": "-158.00800", "2016-12-31": "-163.71100", "2015-12-31": "-151.14700", "2014-12-31": "-146.83300", "2013-12-31": "-76.18400", "2012-12-31": "63.42400", "2011-12-31": "-78.41400", "2010-12-31": "-106.65000", "2009-12-31": "78.29900", "2008-12-31": "-135.09100", "2007-12-31": "-183.71500", "2006-12-31": "439.97700", "2005-12-31": "-3.75000"}, "Net Cash Flow": {"2019-12-31": "62.09100", "2018-12-31": "-96.32500", "2017-12-31": "-38.68800", "2016-12-31": "-27.30400", "2015-12-31": "-50.33000", "2014-12-31": "38.94000", "2013-12-31": "-142.73500", "2012-12-31": "221.25600", "2011-12-31": "56.41100", "2010-12-31": "27.06100", "2009-12-31": "88.33300", "2008-12-31": "11.56000", "2007-12-31": "190.94400", "2006-12-31": "-35.10000", "2005-12-31": "81.95100"}, "Stock-Based Compensation": {"2019-12-31": "14.61500", "2018-12-31": "14.33600", "2017-12-31": "12.68100", "2016-12-31": "13.39400", "2015-12-31": "15.75800", "2014-12-31": "12.81800", "2013-12-31": "16.88600", "2012-12-31": "15.07000", "2011-12-31": "9.69200", "2010-12-31": "8.35200", "2009-12-31": "4.30400", "2008-12-31": "5.11300", "2007-12-31": "3.08100", "2006-12-31": "2.86400", "2005-12-31": ""}, "Common Stock Dividends Paid": {"2019-12-31": "-159.28100", "2018-12-31": "-149.49200", "2017-12-31": "-135.07900", "2016-12-31": "-125.49000", "2015-12-31": "-115.86300", "2014-12-31": "-115.62500", "2013-12-31": "-106.04500", "2012-12-31": "-96.36700", "2011-12-31": "-95.83800", "2010-12-31": "-84.50200", "2009-12-31": "-78.64300", "2008-12-31": "-77.53400", "2007-12-31": "-33.06100", "2006-12-31": "", "2005-12-31": ""}}, "cash flow statement, quarterly": {"Net Income/Loss": {"2020-09-30": -148.036, "2020-06-30": -170.816, "2020-03-31": "-59.42200", "2019-12-31": 26.839, "2019-09-30": 31.955, "2019-06-30": 101.861, "2019-03-31": "33.19300", "2018-12-31": 20.043, "2018-09-30": 50.621, "2018-06-30": 82.464, "2018-03-31": "62.17700", "2017-12-31": 95.475, "2017-09-30": 38.54, "2017-06-30": 51.81, "2017-03-31": "80.19400", "2016-12-31": 77.287, "2016-09-30": 66.126, "2016-06-30": 54.368, "2016-03-31": "59.04600", "2015-12-31": 58.235, "2015-09-30": 46.701, "2015-06-30": 70.89, "2015-03-31": "42.90200", "2014-12-31": 47.637, "2014-09-30": 38.532, "2014-06-30": 72.134, "2014-03-31": "35.69600", "2013-12-31": 15.904, "2013-09-30": 80.745, "2013-06-30": 20.837, "2013-03-31": "33.06200", "2012-12-31": 28.438, "2012-09-30": 47.967, "2012-06-30": 52.139, "2012-03-31": "42.87600", "2011-12-31": 18.603, "2011-09-30": 47.648, "2011-06-30": 41.009, "2011-03-31": "25.32200", "2010-12-31": 38.31, "2010-09-30": 33.883, "2010-06-30": 40.759, "2010-03-31": "36.71100", "2009-12-31": 40.543, "2009-09-30": 22.055, "2009-06-30": 19.807, "2009-03-31": "18.35100", "2008-12-31": -89.427, "2008-09-30": 21.979, "2008-06-30": 16.615, "2008-03-31": "6.40300", "2007-12-31": -52.973, "2007-09-30": -23.396, "2007-06-30": 47.87, "2007-03-31": "118.21100", "2006-12-31": -20.329, "2006-09-30": 2.276, "2006-06-30": 13.104, "2006-03-31": "5.79000"}, "Total Depreciation And Amortization - Cash Flow": {"2020-09-30": 61.124, "2020-06-30": 59.896, "2020-03-31": "58.73200", "2019-12-31": 64.226, "2019-09-30": 64.905, "2019-06-30": 61.901, "2019-03-31": "61.76900", "2018-12-31": 63.957, "2018-09-30": 61.37, "2018-06-30": 60.791, "2018-03-31": "61.28100", "2017-12-31": 61.106, "2017-09-30": 56.045, "2017-06-30": 57.066, "2017-03-31": "55.55600", "2016-12-31": 51.376, "2016-09-30": 52.285, "2016-06-30": 50.154, "2016-03-31": "45.84300", "2015-12-31": 46.293, "2015-09-30": 44.138, "2015-06-30": 45.022, "2015-03-31": "44.10200", "2014-12-31": 42.149, "2014-09-30": 43.576, "2014-06-30": 42.156, "2014-03-31": "40.89700", "2013-12-31": 42.403, "2013-09-30": 41.221, "2013-06-30": 38.454, "2013-03-31": "38.76300", "2012-12-31": 37.311, "2012-09-30": 37.148, "2012-06-30": 37.192, "2012-03-31": "37.54900", "2011-12-31": 35.538, "2011-09-30": 41.202, "2011-06-30": 40.554, "2011-03-31": "40.01600", "2010-12-31": 40.476, "2010-09-30": 36.144, "2010-06-30": 36.275, "2010-03-31": "35.56000", "2009-12-31": 38.189, "2009-09-30": 40.042, "2009-06-30": 39.441, "2009-03-31": "46.28000", "2008-12-31": 54.308, "2008-09-30": 49.941, "2008-06-30": 49.269, "2008-03-31": "48.83900", "2007-12-31": 48.89, "2007-09-30": 49.311, "2007-06-30": 48.884, "2007-03-31": "48.74100", "2006-12-31": 45.698, "2006-09-30": 31.361, "2006-06-30": 31.686, "2006-03-31": "31.98500"}, "Other Non-Cash Items": {"2020-09-30": 7.314, "2020-06-30": 26.918, "2020-03-31": "51.41900", "2019-12-31": 39.377, "2019-09-30": 14.7, "2019-06-30": 30.332, "2019-03-31": "4.50800", "2018-12-31": 54.669, "2018-09-30": 4.988, "2018-06-30": 27.951, "2018-03-31": "12.57200", "2017-12-31": -4.621, "2017-09-30": 2.874, "2017-06-30": 10.12, "2017-03-31": "14.87900", "2016-12-31": 7.071, "2016-09-30": 13.052, "2016-06-30": 9.737, "2016-03-31": "3.77100", "2015-12-31": 33.307, "2015-09-30": -5.318, "2015-06-30": 15.088, "2015-03-31": "-10.18500", "2014-12-31": 36.228, "2014-09-30": 3.964, "2014-06-30": -1.122, "2014-03-31": "-4.39900", "2013-12-31": 4.075, "2013-09-30": 8.138, "2013-06-30": -6.349, "2013-03-31": "-14.45400", "2012-12-31": 9.123, "2012-09-30": 17.619, "2012-06-30": 2.763, "2012-03-31": "3.70100", "2011-12-31": 30.656, "2011-09-30": 10.895, "2011-06-30": 26.35, "2011-03-31": "1.34600", "2010-12-31": 4.294, "2010-09-30": 15.82, "2010-06-30": 8.89, "2010-03-31": "-1.60400", "2009-12-31": 15.65, "2009-09-30": 10.144, "2009-06-30": -0.18, "2009-03-31": "2.58400", "2008-12-31": 109.099, "2008-09-30": -2.66, "2008-06-30": -1.191, "2008-03-31": "-0.83200", "2007-12-31": 65.138, "2007-09-30": 62.25, "2007-06-30": -36.159, "2007-03-31": "-265.00200", "2006-12-31": 32.448, "2006-09-30": 10.504, "2006-06-30": 4.665, "2006-03-31": "-1.93900"}, "Total Non-Cash Items": {"2020-09-30": 68.438, "2020-06-30": 86.814, "2020-03-31": "110.15100", "2019-12-31": 103.603, "2019-09-30": 79.605, "2019-06-30": 92.233, "2019-03-31": "66.27700", "2018-12-31": 118.626, "2018-09-30": 66.358, "2018-06-30": 88.742, "2018-03-31": "73.85300", "2017-12-31": 56.485, "2017-09-30": 58.919, "2017-06-30": 67.186, "2017-03-31": "70.43500", "2016-12-31": 58.447, "2016-09-30": 65.337, "2016-06-30": 59.891, "2016-03-31": "49.61400", "2015-12-31": 79.6, "2015-09-30": 38.82, "2015-06-30": 60.11, "2015-03-31": "33.91700", "2014-12-31": 78.377, "2014-09-30": 47.54, "2014-06-30": 41.034, "2014-03-31": "36.49800", "2013-12-31": 46.478, "2013-09-30": 49.359, "2013-06-30": 32.105, "2013-03-31": "24.30900", "2012-12-31": 46.434, "2012-09-30": 54.767, "2012-06-30": 39.955, "2012-03-31": "41.25000", "2011-12-31": 66.194, "2011-09-30": 52.097, "2011-06-30": 66.904, "2011-03-31": "41.36200", "2010-12-31": 44.77, "2010-09-30": 51.964, "2010-06-30": 45.165, "2010-03-31": "33.95600", "2009-12-31": 53.839, "2009-09-30": 50.186, "2009-06-30": 39.261, "2009-03-31": "48.86400", "2008-12-31": 163.407, "2008-09-30": 47.281, "2008-06-30": 48.078, "2008-03-31": "48.00700", "2007-12-31": 114.028, "2007-09-30": 111.561, "2007-06-30": 12.725, "2007-03-31": "-216.26100", "2006-12-31": 78.146, "2006-09-30": 41.865, "2006-06-30": 36.351, "2006-03-31": "30.04600"}, "Change In Accounts Receivable": {"2020-09-30": 0, "2020-06-30": 0, "2020-03-31": "", "2019-12-31": 11.326, "2019-09-30": 0, "2019-06-30": 0, "2019-03-31": "", "2018-12-31": -4.584, "2018-09-30": 0, "2018-06-30": 0, "2018-03-31": "", "2017-12-31": -13.195, "2017-09-30": 0, "2017-06-30": 0, "2017-03-31": "", "2016-12-31": -0.706, "2016-09-30": 0, "2016-06-30": 0, "2016-03-31": "", "2015-12-31": -26.37, "2015-09-30": 0, "2015-06-30": 0, "2015-03-31": "", "2014-12-31": 33.804, "2014-09-30": 0, "2014-06-30": 0, "2014-03-31": "", "2013-12-31": -15.938, "2013-09-30": 0, "2013-06-30": 0, "2013-03-31": "", "2012-12-31": -2.365, "2012-09-30": 0, "2012-06-30": 0, "2012-03-31": "", "2011-12-31": 0, "2011-09-30": 0, "2011-06-30": 0, "2011-03-31": "", "2010-12-31": 0, "2010-09-30": 0, "2010-06-30": 0, "2010-03-31": "", "2009-12-31": 0, "2009-09-30": 0, "2009-06-30": 0, "2009-03-31": "", "2008-12-31": 0, "2008-09-30": 0, "2008-06-30": 0, "2008-03-31": "", "2007-12-31": 3.679, "2007-09-30": -1.423, "2007-06-30": -8.462, "2007-03-31": "6.20600", "2006-12-31": 9.174, "2006-09-30": -1.727, "2006-06-30": -6.28, "2006-03-31": "-1.16700"}, "Change In Inventories": {"2020-09-30": 0, "2020-06-30": 0, "2020-03-31": "", "2019-12-31": -2.367, "2019-09-30": 0, "2019-06-30": 0, "2019-03-31": "", "2018-12-31": -1.813, "2018-09-30": 0, "2018-06-30": 0, "2018-03-31": "", "2017-12-31": -0.541, "2017-09-30": 0, "2017-06-30": 0, "2017-03-31": "", "2016-12-31": -1.007, "2016-09-30": 0, "2016-06-30": 0, "2016-03-31": "", "2015-12-31": -2.535, "2015-09-30": 0, "2015-06-30": 0, "2015-03-31": "", "2014-12-31": 0.4, "2014-09-30": 0, "2014-06-30": 0, "2014-03-31": "", "2013-12-31": -1.539, "2013-09-30": 0, "2013-06-30": 0, "2013-03-31": "", "2012-12-31": -1.287, "2012-09-30": 0, "2012-06-30": 0, "2012-03-31": "", "2011-12-31": 0, "2011-09-30": 0, "2011-06-30": 0, "2011-03-31": "", "2010-12-31": 0, "2010-09-30": 0, "2010-06-30": 0, "2010-03-31": "", "2009-12-31": 0, "2009-09-30": 0, "2009-06-30": 0, "2009-03-31": "", "2008-12-31": 0, "2008-09-30": 0, "2008-06-30": 0, "2008-03-31": "", "2007-12-31": 0.481, "2007-09-30": 0.247, "2007-06-30": -0.398, "2007-03-31": "-0.33000", "2006-12-31": -0.274, "2006-09-30": 0.758, "2006-06-30": -0.545, "2006-03-31": "0.06100"}, "Change In Accounts Payable": {"2020-09-30": 0, "2020-06-30": 0, "2020-03-31": "", "2019-12-31": 0, "2019-09-30": 0, "2019-06-30": 0, "2019-03-31": "", "2018-12-31": 0, "2018-09-30": 0, "2018-06-30": 0, "2018-03-31": "", "2017-12-31": 0, "2017-09-30": 0, "2017-06-30": 0, "2017-03-31": "", "2016-12-31": 0, "2016-09-30": 0, "2016-06-30": 0, "2016-03-31": "", "2015-12-31": 0, "2015-09-30": 0, "2015-06-30": 0, "2015-03-31": "", "2014-12-31": 0, "2014-09-30": 0, "2014-06-30": 0, "2014-03-31": "", "2013-12-31": 0, "2013-09-30": 0, "2013-06-30": 0, "2013-03-31": "", "2012-12-31": 0, "2012-09-30": 0, "2012-06-30": 0, "2012-03-31": "", "2011-12-31": 0, "2011-09-30": 0, "2011-06-30": 0, "2011-03-31": "", "2010-12-31": 0, "2010-09-30": 0, "2010-06-30": 0, "2010-03-31": "", "2009-12-31": 0, "2009-09-30": 0, "2009-06-30": 0, "2009-03-31": "", "2008-12-31": 0, "2008-09-30": 0, "2008-06-30": 0, "2008-03-31": "", "2007-12-31": 0, "2007-09-30": 0, "2007-06-30": 0, "2007-03-31": "", "2006-12-31": 0, "2006-09-30": 0, "2006-06-30": 0, "2006-03-31": ""}, "Change In Assets/Liabilities": {"2020-09-30": 65.815, "2020-06-30": -54.307, "2020-03-31": "-66.29000", "2019-12-31": -2.949, "2019-09-30": -17.924, "2019-06-30": 5.201, "2019-03-31": "4.81400", "2018-12-31": 70.885, "2018-09-30": -46.828, "2018-06-30": 25.045, "2018-03-31": "-52.37800", "2017-12-31": 59.643, "2017-09-30": -21.498, "2017-06-30": -33.871, "2017-03-31": "-0.06400", "2016-12-31": 67.876, "2016-09-30": -54.106, "2016-06-30": 18.951, "2016-03-31": "-40.94700", "2015-12-31": 79.368, "2015-09-30": -39.986, "2015-06-30": 24.688, "2015-03-31": "-51.70500", "2014-12-31": 73.063, "2014-09-30": -22.67, "2014-06-30": -15.298, "2014-03-31": "-10.31700", "2013-12-31": 18.21, "2013-09-30": -65.094, "2013-06-30": 17.954, "2013-03-31": "-14.78400", "2012-12-31": -0.913, "2012-09-30": -3.935, "2012-06-30": -14.458, "2012-03-31": "13.61400", "2011-12-31": 14.742, "2011-09-30": 10.169, "2011-06-30": 12.793, "2011-03-31": "-5.64200", "2010-12-31": 27.796, "2010-09-30": -40.11, "2010-06-30": -21.887, "2010-03-31": "-26.56600", "2009-12-31": 51.71, "2009-09-30": -30.835, "2009-06-30": -121.278, "2009-03-31": "-15.74000", "2008-12-31": 13.591, "2008-09-30": -38.505, "2008-06-30": 49.587, "2008-03-31": "-29.72200", "2007-12-31": 1.504, "2007-09-30": -9.469, "2007-06-30": 2.496, "2007-03-31": "169.74000", "2006-12-31": -16.664, "2006-09-30": -5.998, "2006-06-30": -4.636, "2006-03-31": "-4.28900"}, "Total Change In Assets/Liabilities": {"2020-09-30": 65.815, "2020-06-30": -54.307, "2020-03-31": "-66.29000", "2019-12-31": 34.338, "2019-09-30": -17.924, "2019-06-30": 5.201, "2019-03-31": "4.81400", "2018-12-31": 68.192, "2018-09-30": -46.828, "2018-06-30": 25.045, "2018-03-31": "-52.37800", "2017-12-31": 65.387, "2017-09-30": -21.498, "2017-06-30": -33.871, "2017-03-31": "-0.06400", "2016-12-31": 48.896, "2016-09-30": -54.106, "2016-06-30": 18.951, "2016-03-31": "-40.94700", "2015-12-31": 91.699, "2015-09-30": -39.986, "2015-06-30": 24.688, "2015-03-31": "-51.70500", "2014-12-31": 105.471, "2014-09-30": -22.67, "2014-06-30": -15.298, "2014-03-31": "-10.31700", "2013-12-31": 68.791, "2013-09-30": -65.094, "2013-06-30": 17.954, "2013-03-31": "-14.78400", "2012-12-31": 46.158, "2012-09-30": -3.935, "2012-06-30": -14.458, "2012-03-31": "13.61400", "2011-12-31": 14.742, "2011-09-30": 10.169, "2011-06-30": 12.793, "2011-03-31": "-5.64200", "2010-12-31": 27.796, "2010-09-30": -40.11, "2010-06-30": -21.887, "2010-03-31": "-26.56600", "2009-12-31": 51.71, "2009-09-30": -30.835, "2009-06-30": -121.278, "2009-03-31": "-15.74000", "2008-12-31": 13.591, "2008-09-30": -38.505, "2008-06-30": 49.587, "2008-03-31": "-29.72200", "2007-12-31": 10.856, "2007-09-30": -50.634, "2007-06-30": -55.167, "2007-03-31": "259.21600", "2006-12-31": 22.801, "2006-09-30": -20.828, "2006-06-30": 3.911, "2006-03-31": "-37.47100"}, "Cash Flow From Operating Activities": {"2020-09-30": -13.783, "2020-06-30": -138.309, "2020-03-31": "-15.56100", "2019-12-31": 164.78, "2019-09-30": 93.636, "2019-06-30": 199.295, "2019-03-31": "104.28400", "2018-12-31": 206.861, "2018-09-30": 70.151, "2018-06-30": 196.251, "2018-03-31": "83.65200", "2017-12-31": 217.347, "2017-09-30": 75.961, "2017-06-30": 85.125, "2017-03-31": "150.56500", "2016-12-31": 184.63, "2016-09-30": 77.357, "2016-06-30": 133.21, "2016-03-31": "67.71300", "2015-12-31": 229.534, "2015-09-30": 45.535, "2015-06-30": 155.688, "2015-03-31": "25.11400", "2014-12-31": 231.485, "2014-09-30": 63.402, "2014-06-30": 97.87, "2014-03-31": "61.87700", "2013-12-31": 131.173, "2013-09-30": 65.01, "2013-06-30": 70.896, "2013-03-31": "42.58700", "2012-12-31": 121.03, "2012-09-30": 98.799, "2012-06-30": 77.636, "2012-03-31": "97.74000", "2011-12-31": 99.539, "2011-09-30": 109.914, "2011-06-30": 120.706, "2011-03-31": "61.04200", "2010-12-31": 110.876, "2010-09-30": 45.737, "2010-06-30": 64.037, "2010-03-31": "44.10100", "2009-12-31": 146.092, "2009-09-30": 41.406, "2009-06-30": -62.21, "2009-03-31": "51.47500", "2008-12-31": 87.571, "2008-09-30": 30.755, "2008-06-30": 114.28, "2008-03-31": "24.68800", "2007-12-31": 71.911, "2007-09-30": 37.531, "2007-06-30": 5.428, "2007-03-31": "161.16600", "2006-12-31": 80.618, "2006-09-30": 23.313, "2006-06-30": 53.366, "2006-03-31": "-1.63500"}, "Net Change In Property, Plant, And Equipment": {"2020-09-30": -20.645, "2020-06-30": -12.673, "2020-03-31": "-34.08800", "2019-12-31": -114.337, "2019-09-30": -71.119, "2019-06-30": -57.504, "2019-03-31": "-57.51200", "2018-12-31": -99.748, "2018-09-30": -81.951, "2018-06-30": -80.768, "2018-03-31": "-79.68600", "2017-12-31": -117.85, "2017-09-30": -79.635, "2017-06-30": -80.927, "2017-03-31": "-87.35200", "2016-12-31": -96.39, "2016-09-30": -95.865, "2016-06-30": -83.685, "2016-03-31": "-47.39800", "2015-12-31": -95.692, "2015-09-30": -75.329, "2015-06-30": -67.38, "2015-03-31": "-83.35900", "2014-12-31": -87.965, "2014-09-30": -53.179, "2014-06-30": -48.261, "2014-03-31": "-52.75500", "2013-12-31": -95.791, "2013-09-30": -57.698, "2013-06-30": -43.027, "2013-03-31": "-28.88300", "2012-12-31": -72.961, "2012-09-30": -52.87, "2012-06-30": -45.975, "2012-03-31": "-46.94500", "2011-12-31": -57.537, "2011-09-30": -40.221, "2011-06-30": -45.547, "2011-03-31": "-35.28400", "2010-12-31": -50.049, "2010-09-30": -29.45, "2010-06-30": -35.786, "2010-03-31": "-19.02600", "2009-12-31": -37.737, "2009-09-30": -24.617, "2009-06-30": -37.903, "2009-03-31": "-22.36200", "2008-12-31": -34.696, "2008-09-30": -19.182, "2008-06-30": -21.33, "2008-03-31": "-28.36200", "2007-12-31": -12.727, "2007-09-30": -36.812, "2007-06-30": -35.527, "2007-03-31": "-23.70600", "2006-12-31": -23.969, "2006-09-30": -21.78, "2006-06-30": -26.698, "2006-03-31": "-28.18800"}, "Net Change In Intangible Assets": {"2020-09-30": 0, "2020-06-30": 0, "2020-03-31": "", "2019-12-31": 0, "2019-09-30": 0, "2019-06-30": 0, "2019-03-31": "", "2018-12-31": 0, "2018-09-30": 0, "2018-06-30": 0, "2018-03-31": "", "2017-12-31": 0, "2017-09-30": 0, "2017-06-30": 0, "2017-03-31": "", "2016-12-31": 0, "2016-09-30": 0, "2016-06-30": 0, "2016-03-31": "", "2015-12-31": 0, "2015-09-30": 0, "2015-06-30": 0, "2015-03-31": "", "2014-12-31": 0, "2014-09-30": 0, "2014-06-30": 0, "2014-03-31": "", "2013-12-31": 0, "2013-09-30": 0, "2013-06-30": 0, "2013-03-31": "", "2012-12-31": 0, "2012-09-30": 0, "2012-06-30": 0, "2012-03-31": "", "2011-12-31": 0, "2011-09-30": 0, "2011-06-30": 0, "2011-03-31": "", "2010-12-31": 0, "2010-09-30": 0, "2010-06-30": 0, "2010-03-31": "", "2009-12-31": 0, "2009-09-30": 0, "2009-06-30": 0, "2009-03-31": "", "2008-12-31": 0, "2008-09-30": 0, "2008-06-30": 0, "2008-03-31": "", "2007-12-31": 0, "2007-09-30": 0, "2007-06-30": 0, "2007-03-31": "", "2006-12-31": 0, "2006-09-30": 0, "2006-06-30": 0, "2006-03-31": ""}, "Net Acquisitions/Divestitures": {"2020-09-30": 0, "2020-06-30": 0, "2020-03-31": "", "2019-12-31": 0, "2019-09-30": 0, "2019-06-30": -10.17, "2019-03-31": "", "2018-12-31": 0, "2018-09-30": -78.174, "2018-06-30": -11.508, "2018-03-31": "", "2017-12-31": 0.003, "2017-09-30": -0.171, "2017-06-30": -40.829, "2017-03-31": "", "2016-12-31": -1.45, "2016-09-30": 0, "2016-06-30": 0, "2016-03-31": "-15.30000", "2015-12-31": 0, "2015-09-30": 0, "2015-06-30": 0, "2015-03-31": "-2.65100", "2014-12-31": -8.991, "2014-09-30": 0, "2014-06-30": 0, "2014-03-31": "", "2013-12-31": 126.167, "2013-09-30": 0, "2013-06-30": -259.247, "2013-03-31": "", "2012-12-31": 0, "2012-09-30": 0, "2012-06-30": 0, "2012-03-31": "-14.08000", "2011-12-31": 0, "2011-09-30": -66.958, "2011-06-30": 0, "2011-03-31": "", "2010-12-31": 0, "2010-09-30": 0, "2010-06-30": 0, "2010-03-31": "", "2009-12-31": 0, "2009-09-30": -9.061, "2009-06-30": 0, "2009-03-31": "-48.95000", "2008-12-31": 0, "2008-09-30": -5.1, "2008-06-30": -5.011, "2008-03-31": "", "2007-12-31": 0, "2007-09-30": 0, "2007-06-30": 0, "2007-03-31": "", "2006-12-31": -531.383, "2006-09-30": 0, "2006-06-30": 0, "2006-03-31": ""}, "Net Change In Short-term Investments": {"2020-09-30": 0, "2020-06-30": 0, "2020-03-31": "", "2019-12-31": 0, "2019-09-30": 0, "2019-06-30": 0, "2019-03-31": "", "2018-12-31": 0, "2018-09-30": 0, "2018-06-30": 0, "2018-03-31": "", "2017-12-31": 0, "2017-09-30": 0, "2017-06-30": 0, "2017-03-31": "", "2016-12-31": 0, "2016-09-30": 0, "2016-06-30": 0, "2016-03-31": "13.45100", "2015-12-31": 0, "2015-09-30": 0, "2015-06-30": 0, "2015-03-31": "", "2014-12-31": 0, "2014-09-30": 0, "2014-06-30": 0, "2014-03-31": "", "2013-12-31": 0, "2013-09-30": 0, "2013-06-30": 0, "2013-03-31": "", "2012-12-31": 0, "2012-09-30": 0, "2012-06-30": 0, "2012-03-31": "", "2011-12-31": 0, "2011-09-30": 0, "2011-06-30": 0, "2011-03-31": "", "2010-12-31": 0, "2010-09-30": 0, "2010-06-30": 0, "2010-03-31": "", "2009-12-31": 0, "2009-09-30": 0, "2009-06-30": 0, "2009-03-31": "", "2008-12-31": 0, "2008-09-30": 0, "2008-06-30": 0, "2008-03-31": "", "2007-12-31": 0, "2007-09-30": 0, "2007-06-30": 0, "2007-03-31": "", "2006-12-31": 0, "2006-09-30": 0, "2006-06-30": 0, "2006-03-31": ""}, "Net Change In Long-Term Investments": {"2020-09-30": 0, "2020-06-30": 0, "2020-03-31": "-0.05000", "2019-12-31": 0, "2019-09-30": 0, "2019-06-30": 0, "2019-03-31": "", "2018-12-31": 0.907, "2018-09-30": -0.975, "2018-06-30": -20.231, "2018-03-31": "0.76400", "2017-12-31": -2.537, "2017-09-30": -0.712, "2017-06-30": -0.238, "2017-03-31": "-0.22800", "2016-12-31": 0.571, "2016-09-30": -1.003, "2016-06-30": -0.688, "2016-03-31": "-0.01200", "2015-12-31": -0.531, "2015-09-30": -1.403, "2015-06-30": -1.064, "2015-03-31": "-0.71300", "2014-12-31": -0.263, "2014-09-30": -0.029, "2014-06-30": -0.95, "2014-03-31": "-0.94600", "2013-12-31": -1.142, "2013-09-30": -1.816, "2013-06-30": -0.952, "2013-03-31": "-2.31200", "2012-12-31": -0.105, "2012-09-30": -0.969, "2012-06-30": -0.097, "2012-03-31": "-0.30900", "2011-12-31": -0.252, "2011-09-30": -0.275, "2011-06-30": -0.421, "2011-03-31": "-0.57200", "2010-12-31": -0.246, "2010-09-30": -0.866, "2010-06-30": 0, "2010-03-31": "-0.64400", "2009-12-31": 0, "2009-09-30": -1, "2009-06-30": -1.5, "2009-03-31": "", "2008-12-31": -1.5, "2008-09-30": -1.5, "2008-06-30": 0, "2008-03-31": "-1.00000", "2007-12-31": 0, "2007-09-30": 0, "2007-06-30": 9.847, "2007-03-31": "214.84200", "2006-12-31": 0, "2006-09-30": 0, "2006-06-30": 0, "2006-03-31": ""}, "Net Change In Investments - Total": {"2020-09-30": 0, "2020-06-30": 0, "2020-03-31": "-0.05000", "2019-12-31": 0, "2019-09-30": 0, "2019-06-30": 0, "2019-03-31": "", "2018-12-31": 0.907, "2018-09-30": -0.975, "2018-06-30": -20.231, "2018-03-31": "0.76400", "2017-12-31": -2.537, "2017-09-30": -0.712, "2017-06-30": -0.238, "2017-03-31": "-0.22800", "2016-12-31": 0.571, "2016-09-30": -1.003, "2016-06-30": -0.688, "2016-03-31": "13.43900", "2015-12-31": -0.531, "2015-09-30": -1.403, "2015-06-30": -1.064, "2015-03-31": "-0.71300", "2014-12-31": -0.263, "2014-09-30": -0.029, "2014-06-30": -0.95, "2014-03-31": "-0.94600", "2013-12-31": -1.142, "2013-09-30": -1.816, "2013-06-30": -0.952, "2013-03-31": "-2.31200", "2012-12-31": -0.105, "2012-09-30": -0.969, "2012-06-30": -0.097, "2012-03-31": "-0.30900", "2011-12-31": -0.252, "2011-09-30": -0.275, "2011-06-30": -0.421, "2011-03-31": "-0.57200", "2010-12-31": -0.246, "2010-09-30": -0.866, "2010-06-30": 0, "2010-03-31": "-0.64400", "2009-12-31": 0, "2009-09-30": -1, "2009-06-30": -1.5, "2009-03-31": "", "2008-12-31": -1.5, "2008-09-30": -1.5, "2008-06-30": 0, "2008-03-31": "-1.00000", "2007-12-31": 0, "2007-09-30": 0, "2007-06-30": 9.847, "2007-03-31": "214.84200", "2006-12-31": 0, "2006-09-30": 0, "2006-06-30": 0, "2006-03-31": ""}, "Investing Activities - Other": {"2020-09-30": 0, "2020-06-30": 0, "2020-03-31": "", "2019-12-31": 0, "2019-09-30": 0, "2019-06-30": 0, "2019-03-31": "", "2018-12-31": 0, "2018-09-30": 0, "2018-06-30": 0, "2018-03-31": "", "2017-12-31": 0, "2017-09-30": 0, "2017-06-30": 0, "2017-03-31": "", "2016-12-31": 0, "2016-09-30": 0, "2016-06-30": 0, "2016-03-31": "", "2015-12-31": 0, "2015-09-30": 0, "2015-06-30": 0, "2015-03-31": "", "2014-12-31": 0, "2014-09-30": 0, "2014-06-30": 0, "2014-03-31": "", "2013-12-31": 0, "2013-09-30": 0, "2013-06-30": 0, "2013-03-31": "", "2012-12-31": 0, "2012-09-30": 0, "2012-06-30": 0, "2012-03-31": "", "2011-12-31": 0, "2011-09-30": 0, "2011-06-30": 0, "2011-03-31": "", "2010-12-31": 0, "2010-09-30": 0, "2010-06-30": 0, "2010-03-31": "", "2009-12-31": 0, "2009-09-30": 0, "2009-06-30": 0, "2009-03-31": "", "2008-12-31": -0.231, "2008-09-30": 1.62, "2008-06-30": 23.439, "2008-03-31": "-2.08900", "2007-12-31": -22.739, "2007-09-30": 0, "2007-06-30": 0, "2007-03-31": "", "2006-12-31": 0, "2006-09-30": 0, "2006-06-30": 0, "2006-03-31": "0.27100"}, "Cash Flow From Investing Activities": {"2020-09-30": -20.645, "2020-06-30": -12.673, "2020-03-31": "-34.13800", "2019-12-31": -114.337, "2019-09-30": -71.119, "2019-06-30": -67.674, "2019-03-31": "-57.51200", "2018-12-31": -98.841, "2018-09-30": -161.1, "2018-06-30": -112.507, "2018-03-31": "-78.92200", "2017-12-31": -120.384, "2017-09-30": -80.518, "2017-06-30": -121.994, "2017-03-31": "-87.58000", "2016-12-31": -97.269, "2016-09-30": -96.868, "2016-06-30": -84.373, "2016-03-31": "-49.25900", "2015-12-31": -96.223, "2015-09-30": -76.732, "2015-06-30": -68.444, "2015-03-31": "-86.72300", "2014-12-31": -97.219, "2014-09-30": -53.208, "2014-06-30": -49.211, "2014-03-31": "-53.70100", "2013-12-31": 29.234, "2013-09-30": -59.514, "2013-06-30": -303.226, "2013-03-31": "-31.19500", "2012-12-31": -73.066, "2012-09-30": -53.839, "2012-06-30": -46.072, "2012-03-31": "-61.33400", "2011-12-31": -57.789, "2011-09-30": -107.454, "2011-06-30": -45.968, "2011-03-31": "-35.85600", "2010-12-31": -50.295, "2010-09-30": -30.316, "2010-06-30": -35.786, "2010-03-31": "-19.67000", "2009-12-31": -37.737, "2009-09-30": -34.678, "2009-06-30": -39.403, "2009-03-31": "-71.31200", "2008-12-31": -36.427, "2008-09-30": -24.162, "2008-06-30": -2.902, "2008-03-31": "-31.45100", "2007-12-31": -35.466, "2007-09-30": -36.812, "2007-06-30": -25.68, "2007-03-31": "191.13600", "2006-12-31": -555.352, "2006-09-30": -21.78, "2006-06-30": -26.698, "2006-03-31": "-27.91700"}, "Net Long-Term Debt": {"2020-09-30": 214.611, "2020-06-30": 349.456, "2020-03-31": "-5.43800", "2019-12-31": -6.807, "2019-09-30": -5.348, "2019-06-30": -5.263, "2019-03-31": "-5.16600", "2018-12-31": -9.613, "2018-09-30": -8.049, "2018-06-30": -7.936, "2018-03-31": "-7.73900", "2017-12-31": -8.727, "2017-09-30": 3.101, "2017-06-30": -6.581, "2017-03-31": "-4.98900", "2016-12-31": -6.076, "2016-09-30": -5.126, "2016-06-30": -18.416, "2016-03-31": "16.42000", "2015-12-31": -7.458, "2015-09-30": -6, "2015-06-30": -5.804, "2015-03-31": "-5.67100", "2014-12-31": -6.886, "2014-09-30": -5.216, "2014-06-30": -5.333, "2014-03-31": "-6.44600", "2013-12-31": -5.814, "2013-09-30": -5.43, "2013-06-30": 62.97, "2013-03-31": "-5.02600", "2012-12-31": 197.892, "2012-09-30": -5.359, "2012-06-30": -5.339, "2012-03-31": "-5.31100", "2011-12-31": -4.523, "2011-09-30": -4.152, "2011-06-30": 38.682, "2011-03-31": "-4.43100", "2010-12-31": -4.795, "2010-09-30": -4.824, "2010-06-30": -4.933, "2010-03-31": "-4.80900", "2009-12-31": -4.823, "2009-09-30": -15.274, "2009-06-30": 203.352, "2009-03-31": "-4.44600", "2008-12-31": -27.839, "2008-09-30": -4.467, "2008-06-30": -4.01, "2008-03-31": "-8.57700", "2007-12-31": -16.361, "2007-09-30": -41.012, "2007-06-30": -4.582, "2007-03-31": "-336.44400", "2006-12-31": 501.832, "2006-09-30": -0.129, "2006-06-30": -35.894, "2006-03-31": "-1.66300"}, "Net Current Debt": {"2020-09-30": 0, "2020-06-30": 0, "2020-03-31": "", "2019-12-31": 0, "2019-09-30": 0, "2019-06-30": 0, "2019-03-31": "", "2018-12-31": 0, "2018-09-30": 0, "2018-06-30": 0, "2018-03-31": "", "2017-12-31": 0, "2017-09-30": 0, "2017-06-30": 0, "2017-03-31": "", "2016-12-31": 0, "2016-09-30": 0, "2016-06-30": 0, "2016-03-31": "", "2015-12-31": 0, "2015-09-30": 0, "2015-06-30": 0, "2015-03-31": "", "2014-12-31": 0, "2014-09-30": 0, "2014-06-30": 0, "2014-03-31": "", "2013-12-31": 0, "2013-09-30": 1.473, "2013-06-30": 0, "2013-03-31": "", "2012-12-31": 0, "2012-09-30": 0, "2012-06-30": 0, "2012-03-31": "", "2011-12-31": 0, "2011-09-30": 0, "2011-06-30": 0, "2011-03-31": "", "2010-12-31": 0, "2010-09-30": 0, "2010-06-30": 0, "2010-03-31": "", "2009-12-31": 0, "2009-09-30": 0, "2009-06-30": 0, "2009-03-31": "", "2008-12-31": 0, "2008-09-30": 0, "2008-06-30": 0, "2008-03-31": "", "2007-12-31": 0, "2007-09-30": 0, "2007-06-30": 0, "2007-03-31": "", "2006-12-31": 0, "2006-09-30": 0, "2006-06-30": 0, "2006-03-31": ""}, "Debt Issuance/Retirement Net - Total": {"2020-09-30": 214.611, "2020-06-30": 349.456, "2020-03-31": "-5.43800", "2019-12-31": -6.807, "2019-09-30": -5.348, "2019-06-30": -5.263, "2019-03-31": "-5.16600", "2018-12-31": -9.613, "2018-09-30": -8.049, "2018-06-30": -7.936, "2018-03-31": "-7.73900", "2017-12-31": -8.727, "2017-09-30": 3.101, "2017-06-30": -6.581, "2017-03-31": "-4.98900", "2016-12-31": -6.076, "2016-09-30": -5.126, "2016-06-30": -18.416, "2016-03-31": "16.42000", "2015-12-31": -7.458, "2015-09-30": -6, "2015-06-30": -5.804, "2015-03-31": "-5.67100", "2014-12-31": -6.886, "2014-09-30": -5.216, "2014-06-30": -5.333, "2014-03-31": "-6.44600", "2013-12-31": -5.814, "2013-09-30": -3.957, "2013-06-30": 62.97, "2013-03-31": "-5.02600", "2012-12-31": 197.892, "2012-09-30": -5.359, "2012-06-30": -5.339, "2012-03-31": "-5.31100", "2011-12-31": -4.523, "2011-09-30": -4.152, "2011-06-30": 38.682, "2011-03-31": "-4.43100", "2010-12-31": -4.795, "2010-09-30": -4.824, "2010-06-30": -4.933, "2010-03-31": "-4.80900", "2009-12-31": -4.823, "2009-09-30": -15.274, "2009-06-30": 203.352, "2009-03-31": "-4.44600", "2008-12-31": -27.839, "2008-09-30": -4.467, "2008-06-30": -4.01, "2008-03-31": "-8.57700", "2007-12-31": -16.361, "2007-09-30": -41.012, "2007-06-30": -4.582, "2007-03-31": "-336.44400", "2006-12-31": 501.832, "2006-09-30": -0.129, "2006-06-30": -35.894, "2006-03-31": "-1.66300"}, "Net Common Equity Issued/Repurchased": {"2020-09-30": 89.424, "2020-06-30": 0, "2020-03-31": "", "2019-12-31": 0, "2019-09-30": 0, "2019-06-30": 0, "2019-03-31": "", "2018-12-31": 0, "2018-09-30": 0, "2018-06-30": 0, "2018-03-31": "", "2017-12-31": 0, "2017-09-30": 0, "2017-06-30": 0, "2017-03-31": "", "2016-12-31": 0, "2016-09-30": 0, "2016-06-30": 0, "2016-03-31": "", "2015-12-31": 0, "2015-09-30": 0, "2015-06-30": 0, "2015-03-31": "", "2014-12-31": 0, "2014-09-30": 0, "2014-06-30": 0, "2014-03-31": "0.11200", "2013-12-31": -0.001, "2013-09-30": 0, "2013-06-30": 0.052, "2013-03-31": "0.00600", "2012-12-31": 0.455, "2012-09-30": 0.002, "2012-06-30": 0, "2012-03-31": "0.00200", "2011-12-31": 0, "2011-09-30": 0, "2011-06-30": 0.096, "2011-03-31": "0.34800", "2010-12-31": 2.355, "2010-09-30": 0.077, "2010-06-30": 0.401, "2010-03-31": "5.08100", "2009-12-31": 2.152, "2009-09-30": 0.166, "2009-06-30": 0.014, "2009-03-31": "0.19200", "2008-12-31": 0.06, "2008-09-30": 0.599, "2008-06-30": 0.584, "2008-03-31": "0.04900", "2007-12-31": 3.508, "2007-09-30": -0.129, "2007-06-30": 246.095, "2007-03-31": "", "2006-12-31": 0.035, "2006-09-30": 0, "2006-06-30": 0, "2006-03-31": ""}, "Net Total Equity Issued/Repurchased": {"2020-09-30": 89.424, "2020-06-30": 0, "2020-03-31": "", "2019-12-31": 0, "2019-09-30": 0, "2019-06-30": 0, "2019-03-31": "", "2018-12-31": 0, "2018-09-30": 0, "2018-06-30": 0, "2018-03-31": "", "2017-12-31": 0, "2017-09-30": 0, "2017-06-30": 0, "2017-03-31": "", "2016-12-31": 0, "2016-09-30": 0, "2016-06-30": 0, "2016-03-31": "", "2015-12-31": 0, "2015-09-30": 0, "2015-06-30": 0, "2015-03-31": "", "2014-12-31": 0, "2014-09-30": 0, "2014-06-30": 0, "2014-03-31": "0.11200", "2013-12-31": -0.001, "2013-09-30": 0, "2013-06-30": 0.052, "2013-03-31": "0.00600", "2012-12-31": 0.455, "2012-09-30": 0.002, "2012-06-30": 0, "2012-03-31": "0.00200", "2011-12-31": 0, "2011-09-30": 0, "2011-06-30": 0.096, "2011-03-31": "0.34800", "2010-12-31": 2.355, "2010-09-30": 0.077, "2010-06-30": 0.401, "2010-03-31": "5.08100", "2009-12-31": 2.152, "2009-09-30": 0.166, "2009-06-30": 0.014, "2009-03-31": "0.19200", "2008-12-31": 0.06, "2008-09-30": 0.599, "2008-06-30": 0.584, "2008-03-31": "0.04900", "2007-12-31": 3.508, "2007-09-30": -0.129, "2007-06-30": 246.095, "2007-03-31": "", "2006-12-31": 0.035, "2006-09-30": 0, "2006-06-30": 0, "2006-03-31": ""}, "Total Common And Preferred Stock Dividends Paid": {"2020-09-30": 0, "2020-06-30": 0, "2020-03-31": "-42.31100", "2019-12-31": -39.829, "2019-09-30": -39.832, "2019-06-30": -39.823, "2019-03-31": "-39.79700", "2018-12-31": -37.384, "2018-09-30": -37.385, "2018-06-30": -37.377, "2018-03-31": "-37.34600", "2017-12-31": -33.775, "2017-09-30": -33.776, "2017-06-30": -33.768, "2017-03-31": "-33.76000", "2016-12-31": -31.373, "2016-09-30": -31.377, "2016-06-30": -31.373, "2016-03-31": "-31.36700", "2015-12-31": -28.981, "2015-09-30": -28.982, "2015-06-30": -28.977, "2015-03-31": "-28.92300", "2014-12-31": -28.925, "2014-09-30": -28.928, "2014-06-30": -28.927, "2014-03-31": "-28.84500", "2013-12-31": -28.854, "2013-09-30": -28.827, "2013-06-30": -24.216, "2013-03-31": "-24.14800", "2012-12-31": -24.131, "2012-09-30": -24.13, "2012-06-30": -24.124, "2012-03-31": "-23.98200", "2011-12-31": -23.982, "2011-09-30": -23.983, "2011-06-30": -23.976, "2011-03-31": "-23.89700", "2010-12-31": -23.831, "2010-09-30": -20.416, "2010-06-30": -20.209, "2010-03-31": "-20.04600", "2009-12-31": -19.694, "2009-09-30": -19.68, "2009-06-30": -19.674, "2009-03-31": "-19.59500", "2008-12-31": -19.59, "2008-09-30": -19.346, "2008-06-30": -19.328, "2008-03-31": "-19.27000", "2007-12-31": -19.221, "2007-09-30": -13.84, "2007-06-30": 0, "2007-03-31": "", "2006-12-31": 0, "2006-09-30": 0, "2006-06-30": 0, "2006-03-31": ""}, "Financial Activities - Other": {"2020-09-30": -17.19, "2020-06-30": -106.765, "2020-03-31": "95.71700", "2019-12-31": -0.806, "2019-09-30": -0.294, "2019-06-30": -0.594, "2019-03-31": "-2.94700", "2018-12-31": -1.107, "2018-09-30": 0, "2018-06-30": -0.351, "2018-03-31": "-8.36100", "2017-12-31": -1.107, "2017-09-30": -0.627, "2017-06-30": -1.011, "2017-03-31": "-2.98800", "2016-12-31": -14.973, "2016-09-30": -0.014, "2016-06-30": -2.254, "2016-03-31": "-7.78200", "2015-12-31": -0.747, "2015-09-30": 0.151, "2015-06-30": -7.251, "2015-03-31": "-2.50400", "2014-12-31": -1.012, "2014-09-30": 0.009, "2014-06-30": -0.178, "2014-03-31": "-6.25800", "2013-12-31": -2.817, "2013-09-30": -6.181, "2013-06-30": -9.458, "2013-03-31": "0.08700", "2012-12-31": -19.327, "2012-09-30": -0.192, "2012-06-30": -0.105, "2012-03-31": "-2.92700", "2011-12-31": -1.819, "2011-09-30": -0.128, "2011-06-30": -5.971, "2011-03-31": "-0.67800", "2010-12-31": -1.049, "2010-09-30": -0.42, "2010-06-30": -0.227, "2010-03-31": "-9.00500", "2009-12-31": -10.916, "2009-09-30": -0.257, "2009-06-30": -13.124, "2009-03-31": "-0.09400", "2008-12-31": -12.857, "2008-09-30": -0.759, "2008-06-30": -0.221, "2008-03-31": "-0.11900", "2007-12-31": -1.2, "2007-09-30": -0.321, "2007-06-30": -0.16, "2007-03-31": "-0.04800", "2006-12-31": -22.978, "2006-09-30": 0.375, "2006-06-30": -1.062, "2006-03-31": "-0.53900"}, "Cash Flow From Financial Activities": {"2020-09-30": 286.845, "2020-06-30": 242.691, "2020-03-31": "47.96800", "2019-12-31": -47.442, "2019-09-30": -45.474, "2019-06-30": -45.68, "2019-03-31": "-47.91000", "2018-12-31": -48.104, "2018-09-30": -45.434, "2018-06-30": -45.664, "2018-03-31": "-53.44600", "2017-12-31": -43.609, "2017-09-30": -31.302, "2017-06-30": -41.36, "2017-03-31": "-41.73700", "2016-12-31": -52.422, "2016-09-30": -36.517, "2016-06-30": -52.043, "2016-03-31": "-22.72900", "2015-12-31": -37.186, "2015-09-30": -34.831, "2015-06-30": -42.032, "2015-03-31": "-37.09800", "2014-12-31": -36.823, "2014-09-30": -34.135, "2014-06-30": -34.438, "2014-03-31": "-41.43700", "2013-12-31": -37.486, "2013-09-30": -38.965, "2013-06-30": 29.348, "2013-03-31": "-29.08100", "2012-12-31": 154.889, "2012-09-30": -29.679, "2012-06-30": -29.568, "2012-03-31": "-32.21800", "2011-12-31": -30.324, "2011-09-30": -28.263, "2011-06-30": 8.831, "2011-03-31": "-28.65800", "2010-12-31": -27.32, "2010-09-30": -25.583, "2010-06-30": -24.968, "2010-03-31": "-28.77900", "2009-12-31": -33.281, "2009-09-30": -35.045, "2009-06-30": 170.568, "2009-03-31": "-23.94300", "2008-12-31": -60.226, "2008-09-30": -23.973, "2008-06-30": -22.975, "2008-03-31": "-27.91700", "2007-12-31": -33.274, "2007-09-30": -55.302, "2007-06-30": 241.353, "2007-03-31": "-336.49200", "2006-12-31": 478.889, "2006-09-30": 0.246, "2006-06-30": -36.956, "2006-03-31": "-2.20200"}, "Net Cash Flow": {"2020-09-30": 253.951, "2020-06-30": 92.356, "2020-03-31": "-8.91400", "2019-12-31": 5.541, "2019-09-30": -28.62, "2019-06-30": 86.198, "2019-03-31": "-1.02800", "2018-12-31": 59.426, "2018-09-30": -137.916, "2018-06-30": 30.666, "2018-03-31": "-48.50100", "2017-12-31": 53.101, "2017-09-30": -34.733, "2017-06-30": -80.139, "2017-03-31": "23.08300", "2016-12-31": 34.124, "2016-09-30": -56.489, "2016-06-30": -0.292, "2016-03-31": "-4.64700", "2015-12-31": 85.625, "2015-09-30": -73.375, "2015-06-30": 43.444, "2015-03-31": "-106.02400", "2014-12-31": 92.204, "2014-09-30": -31.476, "2014-06-30": 15.438, "2014-03-31": "-37.22600", "2013-12-31": 120.15, "2013-09-30": -35.695, "2013-06-30": -208.829, "2013-03-31": "-18.36100", "2012-12-31": 201.905, "2012-09-30": 16.477, "2012-06-30": -4.284, "2012-03-31": "7.15800", "2011-12-31": 10.013, "2011-09-30": -39.509, "2011-06-30": 87.596, "2011-03-31": "-1.68900", "2010-12-31": 34.53, "2010-09-30": -5.303, "2010-06-30": 2.541, "2010-03-31": "-4.70700", "2009-12-31": 78.833, "2009-09-30": -23.634, "2009-06-30": 77.233, "2009-03-31": "-44.09900", "2008-12-31": -21.694, "2008-09-30": -24.973, "2008-06-30": 91.266, "2008-03-31": "-33.03900", "2007-12-31": 4.967, "2007-09-30": -53.461, "2007-06-30": 223.442, "2007-03-31": "15.99600", "2006-12-31": 4.895, "2006-09-30": 2.823, "2006-06-30": -10.908, "2006-03-31": "-31.91000"}, "Stock-Based Compensation": {"2020-09-30": 4.427, "2020-06-30": 4.321, "2020-03-31": "4.11100", "2019-12-31": 4.129, "2019-09-30": 3.84, "2019-06-30": 3.676, "2019-03-31": "2.97000", "2018-12-31": 3.972, "2018-09-30": 3.486, "2018-06-30": 3.452, "2018-03-31": "3.42600", "2017-12-31": 3.194, "2017-09-30": 3.043, "2017-06-30": 3.203, "2017-03-31": "3.24100", "2016-12-31": 3.147, "2016-09-30": 2.587, "2016-06-30": 2.542, "2016-03-31": "5.11800", "2015-12-31": 5.908, "2015-09-30": 3.375, "2015-06-30": 2.977, "2015-03-31": "3.49800", "2014-12-31": 3.254, "2014-09-30": 2.975, "2014-06-30": 3.066, "2014-03-31": "3.52300", "2013-12-31": 6.54, "2013-09-30": 3.558, "2013-06-30": 3.338, "2013-03-31": "3.45000", "2012-12-31": 4.905, "2012-09-30": 3.297, "2012-06-30": 3.553, "2012-03-31": "3.31500", "2011-12-31": 2.56, "2011-09-30": 2.56, "2011-06-30": 2.559, "2011-03-31": "2.01300", "2010-12-31": 3.173, "2010-09-30": 1.925, "2010-06-30": 1.941, "2010-03-31": "1.31300", "2009-12-31": 0.885, "2009-09-30": 1.016, "2009-06-30": 0.825, "2009-03-31": "1.57800", "2008-12-31": 1.775, "2008-09-30": 1.26, "2008-06-30": 1.217, "2008-03-31": "0.86100", "2007-12-31": 0.916, "2007-09-30": 0.716, "2007-06-30": 0.716, "2007-03-31": "0.73300", "2006-12-31": 0.716, "2006-09-30": 0.716, "2006-06-30": 0.716, "2006-03-31": "0.71600"}, "Common Stock Dividends Paid": {"2020-09-30": 0, "2020-06-30": 0, "2020-03-31": "-42.31100", "2019-12-31": -39.829, "2019-09-30": -39.832, "2019-06-30": -39.823, "2019-03-31": "-39.79700", "2018-12-31": -37.384, "2018-09-30": -37.385, "2018-06-30": -37.377, "2018-03-31": "-37.34600", "2017-12-31": -33.775, "2017-09-30": -33.776, "2017-06-30": -33.768, "2017-03-31": "-33.76000", "2016-12-31": -31.373, "2016-09-30": -31.377, "2016-06-30": -31.373, "2016-03-31": "-31.36700", "2015-12-31": -28.981, "2015-09-30": -28.982, "2015-06-30": -28.977, "2015-03-31": "-28.92300", "2014-12-31": -28.925, "2014-09-30": -28.928, "2014-06-30": -28.927, "2014-03-31": "-28.84500", "2013-12-31": -28.854, "2013-09-30": -28.827, "2013-06-30": -24.216, "2013-03-31": "-24.14800", "2012-12-31": -24.131, "2012-09-30": -24.13, "2012-06-30": -24.124, "2012-03-31": "-23.98200", "2011-12-31": -23.982, "2011-09-30": -23.983, "2011-06-30": -23.976, "2011-03-31": "-23.89700", "2010-12-31": -23.831, "2010-09-30": -20.416, "2010-06-30": -20.209, "2010-03-31": "-20.04600", "2009-12-31": -19.694, "2009-09-30": -19.68, "2009-06-30": -19.674, "2009-03-31": "-19.59500", "2008-12-31": -19.59, "2008-09-30": -19.346, "2008-06-30": -19.328, "2008-03-31": "-19.27000", "2007-12-31": -19.221, "2007-09-30": -13.84, "2007-06-30": 0, "2007-03-31": "", "2006-12-31": 0, "2006-09-30": 0, "2006-06-30": 0, "2006-03-31": ""}}, "financial ratios": {"Current Ratio": {"2019-12-31": "0.89590", "2018-12-31": "1.17770", "2017-12-31": "1.40230", "2016-12-31": "1.52590", "2015-12-31": "1.62610", "2014-12-31": "1.78810", "2013-12-31": "1.84380", "2012-12-31": "2.49900", "2011-12-31": "2.05590", "2010-12-31": "2.12200", "2009-12-31": "1.80640", "2008-12-31": "1.74500", "2007-12-31": "1.89640", "2006-12-31": "0.89400", "2005-12-31": ""}, "Long-term Debt / Capital": {"2019-12-31": "0.56900", "2018-12-31": "0.58740", "2017-12-31": "0.59100", "2016-12-31": "0.61300", "2015-12-31": "0.64080", "2014-12-31": "0.63870", "2013-12-31": "0.64760", "2012-12-31": "0.63360", "2011-12-31": "0.62300", "2010-12-31": "0.61560", "2009-12-31": "0.64540", "2008-12-31": "0.66200", "2007-12-31": "0.61540", "2006-12-31": "0.74460", "2005-12-31": ""}, "Debt/Equity Ratio": {"2019-12-31": "1.33560", "2018-12-31": "1.44840", "2017-12-31": "1.46840", "2016-12-31": "1.60530", "2015-12-31": "1.80860", "2014-12-31": "1.78970", "2013-12-31": "1.85880", "2012-12-31": "1.74810", "2011-12-31": "1.67380", "2010-12-31": "1.61890", "2009-12-31": "1.84130", "2008-12-31": "1.98020", "2007-12-31": "1.61390", "2006-12-31": "2.94140", "2005-12-31": ""}, "Gross Margin": {"2019-12-31": "38.13540", "2018-12-31": "39.40800", "2017-12-31": "39.29340", "2016-12-31": "38.52390", "2015-12-31": "38.11030", "2014-12-31": "37.54910", "2013-12-31": "37.79930", "2012-12-31": "38.11020", "2011-12-31": "36.53710", "2010-12-31": "36.37190", "2009-12-31": "36.17420", "2008-12-31": "35.12690", "2007-12-31": "36.13180", "2006-12-31": "36.81860", "2005-12-31": "35.08290"}, "Operating Margin": {"2019-12-31": "10.30690", "2018-12-31": "12.05410", "2017-12-31": "13.11300", "2016-12-31": "14.49020", "2015-12-31": "14.83390", "2014-12-31": "13.82080", "2013-12-31": "15.48670", "2012-12-31": "15.51230", "2011-12-31": "13.53450", "2010-12-31": "13.67820", "2009-12-31": "12.67260", "2008-12-31": "3.45640", "2007-12-31": "6.71250", "2006-12-31": "10.43500", "2005-12-31": "6.22200"}, "EBIT Margin": {"2019-12-31": "10.30690", "2018-12-31": "12.05410", "2017-12-31": "13.11300", "2016-12-31": "14.49020", "2015-12-31": "14.83390", "2014-12-31": "13.82080", "2013-12-31": "15.48670", "2012-12-31": "15.51230", "2011-12-31": "13.53450", "2010-12-31": "13.67820", "2009-12-31": "12.67260", "2008-12-31": "3.45640", "2007-12-31": "6.71250", "2006-12-31": "10.43500", "2005-12-31": "6.22200"}, "EBITDA Margin": {"2019-12-31": "18.00700", "2018-12-31": "19.73320", "2017-12-31": "20.79380", "2016-12-31": "21.33070", "2015-12-31": "21.12830", "2014-12-31": "20.24550", "2013-12-31": "21.48170", "2012-12-31": "21.54420", "2011-12-31": "20.43520", "2010-12-31": "20.61160", "2009-12-31": "20.96770", "2008-12-31": "15.07080", "2007-12-31": "18.34910", "2006-12-31": "21.96460", "2005-12-31": "18.46070"}, "Pre-Tax Profit Margin": {"2019-12-31": "8.33850", "2018-12-31": "9.64490", "2017-12-31": "11.54510", "2016-12-31": "12.35610", "2015-12-31": "12.18770", "2014-12-31": "11.04170", "2013-12-31": "9.83510", "2012-12-31": "11.99980", "2011-12-31": "9.02050", "2010-12-31": "9.69110", "2009-12-31": "7.36660", "2008-12-31": "-1.34160", "2007-12-31": "11.98410", "2006-12-31": "1.10810", "2005-12-31": "-1.56770"}, "Net Profit Margin": {"2019-12-31": "5.82940", "2018-12-31": "6.63700", "2017-12-31": "8.83090", "2016-12-31": "8.69900", "2015-12-31": "7.55670", "2014-12-31": "7.33200", "2013-12-31": "5.47690", "2012-12-31": "6.74700", "2011-12-31": "5.66320", "2010-12-31": "6.75910", "2009-12-31": "4.91310", "2008-12-31": "-2.77370", "2007-12-31": "5.28390", "2006-12-31": "0.06890", "2005-12-31": "-2.48950"}, "Asset Turnover": {"2019-12-31": "0.56330", "2018-12-31": "0.71880", "2017-12-31": "0.66910", "2016-12-31": "0.67770", "2015-12-31": "0.69130", "2014-12-31": "0.63750", "2013-12-31": "0.64740", "2012-12-31": "0.64030", "2011-12-31": "0.64720", "2010-12-31": "0.62580", "2009-12-31": "0.60320", "2008-12-31": "0.56830", "2007-12-31": "0.51040", "2006-12-31": "0.38490", "2005-12-31": ""}, "Inventory Turnover Ratio": {"2019-12-31": "93.65850", "2018-12-31": "101.04640", "2017-12-31": "103.73380", "2016-12-31": "105.79230", "2015-12-31": "110.66010", "2014-12-31": "122.25780", "2013-12-31": "121.49840", "2012-12-31": "121.77730", "2011-12-31": "128.20890", "2010-12-31": "116.58130", "2009-12-31": "128.02080", "2008-12-31": "140.86180", "2007-12-31": "153.54280", "2006-12-31": "127.30090", "2005-12-31": ""}, "Receiveable Turnover": {"2019-12-31": "37.39120", "2018-12-31": "32.75050", "2017-12-31": "29.62520", "2016-12-31": "35.43910", "2015-12-31": "29.35870", "2014-12-31": "39.05320", "2013-12-31": "32.64340", "2012-12-31": "38.49790", "2011-12-31": "31.42430", "2010-12-31": "26.32340", "2009-12-31": "42.84170", "2008-12-31": "51.79830", "2007-12-31": "31.33370", "2006-12-31": "30.43040", "2005-12-31": ""}, "Days Sales In Receivables": {"2019-12-31": "9.76160", "2018-12-31": "11.14490", "2017-12-31": "12.32060", "2016-12-31": "10.29940", "2015-12-31": "12.43240", "2014-12-31": "9.34620", "2013-12-31": "11.18140", "2012-12-31": "9.48100", "2011-12-31": "11.61520", "2010-12-31": "13.86600", "2009-12-31": "8.51970", "2008-12-31": "7.04660", "2007-12-31": "11.64880", "2006-12-31": "11.99460", "2005-12-31": ""}, "ROE - Return On Equity": {"2019-12-31": "13.38430", "2018-12-31": "15.28540", "2017-12-31": "18.92450", "2016-12-31": "20.17560", "2015-12-31": "19.69080", "2014-12-31": "17.27310", "2013-12-31": "13.65620", "2012-12-31": "15.65500", "2011-12-31": "12.95200", "2010-12-31": "14.48610", "2009-12-31": "11.01610", "2008-12-31": "-5.39050", "2007-12-31": "8.80220", "2006-12-31": "0.12200", "2005-12-31": ""}, "Return On Tangible Equity": {"2019-12-31": "-123.61360", "2018-12-31": "-108.37640", "2017-12-31": "-123.64240", "2016-12-31": "-79.04740", "2015-12-31": "-45.91470", "2014-12-31": "-38.62380", "2013-12-31": "-27.78580", "2012-12-31": "-44.34410", "2011-12-31": "-28.57960", "2010-12-31": "-35.71720", "2009-12-31": "-18.49850", "2008-12-31": "7.97150", "2007-12-31": "-19.14740", "2006-12-31": "-0.09590", "2005-12-31": ""}, "ROA - Return On Assets": {"2019-12-31": "3.32610", "2018-12-31": "4.80390", "2017-12-31": "5.95000", "2016-12-31": "5.96350", "2015-12-31": "5.30060", "2014-12-31": "4.70810", "2013-12-31": "3.63280", "2012-12-31": "4.43720", "2011-12-31": "3.76400", "2010-12-31": "4.37420", "2009-12-31": "3.07520", "2008-12-31": "-1.44930", "2007-12-31": "2.72110", "2006-12-31": "0.02650", "2005-12-31": ""}, "ROI - Return On Investment": {"2019-12-31": "5.76810", "2018-12-31": "6.30720", "2017-12-31": "7.73940", "2016-12-31": "7.80700", "2015-12-31": "7.07240", "2014-12-31": "6.24140", "2013-12-31": "4.81310", "2012-12-31": "5.73590", "2011-12-31": "4.88290", "2010-12-31": "5.56870", "2009-12-31": "3.90660", "2008-12-31": "-1.82210", "2007-12-31": "3.38500", "2006-12-31": "0.03120", "2005-12-31": ""}, "Book Value Per Share": {"2019-12-31": "12.36280", "2018-12-31": "12.05650", "2017-12-31": "12.06860", "2016-12-31": "10.95400", "2015-12-31": "9.58230", "2014-12-31": "9.70730", "2013-12-31": "9.55440", "2012-12-31": "9.52580", "2011-12-31": "8.96340", "2010-12-31": "9.08260", "2009-12-31": "8.24610", "2008-12-31": "7.57320", "2007-12-31": "9.52670", "2006-12-31": "7.44690", "2005-12-31": ""}, "Operating Cash Flow Per Share": {"2019-12-31": 0.0327, "2018-12-31": 0.2289, "2017-12-31": 0.5599, "2016-12-31": 0.0477, "2015-12-31": -0.0041, "2014-12-31": 1.2475, "2013-12-31": -0.7651, "2012-12-31": 0.017, "2011-12-31": 1.0944, "2010-12-31": 0.7575, "2009-12-31": -0.7938, "2008-12-31": -0.2389, "2007-12-31": 0.8388, "2006-12-31": -0.2135, "2005-12-31": 2.0106}, "Free Cash Flow Per Share": {"2019-12-31": 0.3968, "2018-12-31": 0.4395, "2017-12-31": 0.201, "2016-12-31": 0.0433, "2015-12-31": -0.6859, "2014-12-31": 1.1115, "2013-12-31": -0.8136, "2012-12-31": -0.3276, "2011-12-31": 0.7147, "2010-12-31": 0.672, "2009-12-31": -0.941, "2008-12-31": -0.1652, "2007-12-31": 0.962, "2006-12-31": -0.4716, "2005-12-31": 1.1069}}, "financial ratios, quarterly": {"Current Ratio": {"2020-09-30": "1.57720", "2020-06-30": "1.24930", "2020-03-31": "0.97870", "2019-12-31": "0.89590", "2019-09-30": "0.92960", "2019-06-30": "0.94620", "2019-03-31": "0.82880", "2018-12-31": "1.17770", "2018-09-30": "1.24030", "2018-06-30": "1.42820", "2018-03-31": "1.52770", "2017-12-31": "1.40230", "2017-09-30": "1.50340", "2017-06-30": "1.52360", "2017-03-31": "1.61060", "2016-12-31": "1.52590", "2016-09-30": "1.80560", "2016-06-30": "1.64000", "2016-03-31": "1.75920", "2015-12-31": "1.62610", "2015-09-30": "1.79530", "2015-06-30": "1.70410", "2015-03-31": "1.78830", "2014-12-31": "1.78810", "2014-09-30": "2.09320", "2014-06-30": "2.05960", "2014-03-31": "1.92540", "2013-12-31": "1.84380", "2013-09-30": "1.84600", "2013-06-30": "1.66460", "2013-03-31": "2.55110", "2012-12-31": "2.49900", "2012-09-30": "2.24570", "2012-06-30": "2.16100", "2012-03-31": "2.09360", "2011-12-31": "2.05590", "2011-09-30": "2.23270", "2011-06-30": "2.40160", "2011-03-31": "2.23840", "2010-12-31": "2.12200", "2010-09-30": "2.34550", "2010-06-30": "2.05000", "2010-03-31": "1.96960", "2009-12-31": "1.80640", "2009-09-30": "1.93040", "2009-06-30": "1.82700", "2009-03-31": "1.70350", "2008-12-31": "1.74500", "2008-09-30": "1.99150", "2008-06-30": "1.99840", "2008-03-31": "2.12130", "2007-12-31": "1.89640", "2007-09-30": "2.04570", "2007-06-30": "1.80890", "2007-03-31": "0.70220", "2006-12-31": "0.89400", "2006-09-30": "", "2006-06-30": "", "2006-03-31": ""}, "Long-term Debt / Capital": {"2020-09-30": "0.71010", "2020-06-30": "0.67190", "2020-03-31": "0.61330", "2019-12-31": "0.56900", "2019-09-30": "0.55910", "2019-06-30": "0.55460", "2019-03-31": "0.56570", "2018-12-31": "0.58740", "2018-09-30": "0.57680", "2018-06-30": "0.57910", "2018-03-31": "0.57860", "2017-12-31": "0.59100", "2017-09-30": "0.60070", "2017-06-30": "0.60090", "2017-03-31": "0.60150", "2016-12-31": "0.61300", "2016-09-30": "0.61800", "2016-06-30": "0.62490", "2016-03-31": "0.63480", "2015-12-31": "0.64080", "2015-09-30": "0.64680", "2015-06-30": "0.63930", "2015-03-31": "0.64760", "2014-12-31": "0.63870", "2014-09-30": "0.64110", "2014-06-30": "0.63590", "2014-03-31": "0.64790", "2013-12-31": "0.64760", "2013-09-30": "0.64600", "2013-06-30": "0.65440", "2013-03-31": "0.63050", "2012-12-31": "0.63360", "2012-09-30": "0.60680", "2012-06-30": "0.61410", "2012-03-31": "0.61320", "2011-12-31": "0.62300", "2011-09-30": "0.62140", "2011-06-30": "0.61040", "2011-03-31": "0.61120", "2010-12-31": "0.61560", "2010-09-30": "0.62430", "2010-06-30": "0.63340", "2010-03-31": "0.63880", "2009-12-31": "0.64540", "2009-09-30": "0.65410", "2009-06-30": "0.66170", "2009-03-31": "0.66570", "2008-12-31": "0.66200", "2008-09-30": "0.62620", "2008-06-30": "0.61360", "2008-03-31": "0.61980", "2007-12-31": "0.61540", "2007-09-30": "0.60130", "2007-06-30": "0.59800", "2007-03-31": "0.67330", "2006-12-31": "0.74460", "2006-09-30": "", "2006-06-30": "", "2006-03-31": ""}, "Debt/Equity Ratio": {"2020-09-30": "2.47370", "2020-06-30": "2.06910", "2020-03-31": "1.60330", "2019-12-31": "1.33560", "2019-09-30": "1.28400", "2019-06-30": "1.26040", "2019-03-31": "1.31810", "2018-12-31": "1.44840", "2018-09-30": "1.38620", "2018-06-30": "1.39940", "2018-03-31": "1.39620", "2017-12-31": "1.46840", "2017-09-30": "1.52830", "2017-06-30": "1.52840", "2017-03-31": "1.53140", "2016-12-31": "1.60530", "2016-09-30": "1.63700", "2016-06-30": "1.68470", "2016-03-31": "1.76160", "2015-12-31": "1.80860", "2015-09-30": "1.85530", "2015-06-30": "1.79550", "2015-03-31": "1.86040", "2014-12-31": "1.78970", "2014-09-30": "1.80750", "2014-06-30": "1.76680", "2014-03-31": "1.86190", "2013-12-31": "1.85880", "2013-09-30": "1.84560", "2013-06-30": "1.91450", "2013-03-31": "1.72510", "2012-12-31": "1.74810", "2012-09-30": "1.56330", "2012-06-30": "1.61230", "2012-03-31": "1.60610", "2011-12-31": "1.67380", "2011-09-30": "1.66050", "2011-06-30": "1.58280", "2011-03-31": "1.58940", "2010-12-31": "1.61890", "2010-09-30": "1.68010", "2010-06-30": "1.74690", "2010-03-31": "1.78830", "2009-12-31": "1.84130", "2009-09-30": "1.91300", "2009-06-30": "1.97870", "2009-03-31": "2.01470", "2008-12-31": "1.98020", "2008-09-30": "1.69370", "2008-06-30": "1.60510", "2008-03-31": "1.64710", "2007-12-31": "1.61390", "2007-09-30": "1.51780", "2007-06-30": "1.50370", "2007-03-31": "2.08320", "2006-12-31": "2.94140", "2006-09-30": "", "2006-06-30": "", "2006-03-31": ""}, "Gross Margin": {"2020-09-30": "-242.19520", "2020-06-30": "-1045.97700", "2020-03-31": "31.16590", "2019-12-31": "37.33730", "2019-09-30": "36.99360", "2019-06-30": "40.52790", "2019-03-31": "37.12280", "2018-12-31": "40.19150", "2018-09-30": "38.18040", "2018-06-30": "39.82010", "2018-03-31": "39.32310", "2017-12-31": "40.52920", "2017-09-30": "37.99950", "2017-06-30": "38.51980", "2017-03-31": "40.02940", "2016-12-31": "37.67690", "2016-09-30": "38.91270", "2016-06-30": "38.33850", "2016-03-31": "39.13790", "2015-12-31": "39.06350", "2015-09-30": "37.48440", "2015-06-30": "38.27790", "2015-03-31": "37.53680", "2014-12-31": "38.97270", "2014-09-30": "36.76300", "2014-06-30": "38.18440", "2014-03-31": "36.07640", "2013-12-31": "36.81760", "2013-09-30": "38.80780", "2013-06-30": "38.40600", "2013-03-31": "36.76910", "2012-12-31": "38.26920", "2012-09-30": "37.79010", "2012-06-30": "38.38170", "2012-03-31": "37.98790", "2011-12-31": "36.13460", "2011-09-30": "37.09600", "2011-06-30": "37.60950", "2011-03-31": "34.86560", "2010-12-31": "35.69000", "2010-09-30": "36.10590", "2010-06-30": "37.39310", "2010-03-31": "36.28700", "2009-12-31": "36.67990", "2009-09-30": "35.11520", "2009-06-30": "36.57760", "2009-03-31": "36.28250", "2008-12-31": "34.92260", "2008-09-30": "34.91180", "2008-06-30": "35.80110", "2008-03-31": "34.82160", "2007-12-31": "35.39560", "2007-09-30": "37.24100", "2007-06-30": "35.63620", "2007-03-31": "36.09130", "2006-12-31": "38.62940", "2006-09-30": "35.93290", "2006-06-30": "36.88010", "2006-03-31": "34.89950"}, "Operating Margin": {"2020-09-30": "-594.12590", "2020-06-30": "-2387.73100", "2020-03-31": "-7.89510", "2019-12-31": "8.42240", "2019-09-30": "7.12210", "2019-06-30": "16.29350", "2019-03-31": "8.02660", "2018-12-31": "9.60620", "2018-09-30": "10.96980", "2018-06-30": "14.24750", "2018-03-31": "13.10840", "2017-12-31": "11.82580", "2017-09-30": "10.43620", "2017-06-30": "13.07530", "2017-03-31": "16.82800", "2016-12-31": "12.09210", "2016-09-30": "15.32580", "2016-06-30": "14.18070", "2016-03-31": "16.29050", "2015-12-31": "14.01170", "2015-09-30": "14.15990", "2015-06-30": "16.81310", "2015-03-31": "14.01280", "2014-12-31": "14.55650", "2014-09-30": "12.71970", "2014-06-30": "16.27970", "2014-03-31": "11.26640", "2013-12-31": "12.37140", "2013-09-30": "17.84560", "2013-06-30": "18.46930", "2013-03-31": "11.98110", "2012-12-31": "14.08780", "2012-09-30": "14.86060", "2012-06-30": "17.53510", "2012-03-31": "15.46050", "2011-12-31": "11.47050", "2011-09-30": "15.82940", "2011-06-30": "15.63040", "2011-03-31": "10.09160", "2010-12-31": "12.87670", "2010-09-30": "13.17090", "2010-06-30": "14.77600", "2010-03-31": "13.89640", "2009-12-31": "13.73440", "2009-09-30": "11.20540", "2009-06-30": "13.63260", "2009-03-31": "11.88020", "2008-12-31": "-19.47680", "2008-09-30": "11.06160", "2008-06-30": "11.56720", "2008-03-31": "8.49890", "2007-12-31": "3.38790", "2007-09-30": "14.09210", "2007-06-30": "9.88960", "2007-03-31": "-2.73160", "2006-12-31": "7.45380", "2006-09-30": "10.46230", "2006-06-30": "14.73440", "2006-03-31": "9.98990"}, "EBIT Margin": {"2020-09-30": "-594.12590", "2020-06-30": "-2387.73100", "2020-03-31": "-7.89510", "2019-12-31": "8.42240", "2019-09-30": "7.12210", "2019-06-30": "16.29350", "2019-03-31": "8.02660", "2018-12-31": "9.60620", "2018-09-30": "10.96980", "2018-06-30": "14.24750", "2018-03-31": "13.10840", "2017-12-31": "11.82580", "2017-09-30": "10.43620", "2017-06-30": "13.07530", "2017-03-31": "16.82800", "2016-12-31": "12.09210", "2016-09-30": "15.32580", "2016-06-30": "14.18070", "2016-03-31": "16.29050", "2015-12-31": "14.01170", "2015-09-30": "14.15990", "2015-06-30": "16.81310", "2015-03-31": "14.01280", "2014-12-31": "14.55650", "2014-09-30": "12.71970", "2014-06-30": "16.27970", "2014-03-31": "11.26640", "2013-12-31": "12.37140", "2013-09-30": "17.84560", "2013-06-30": "18.46930", "2013-03-31": "11.98110", "2012-12-31": "14.08780", "2012-09-30": "14.86060", "2012-06-30": "17.53510", "2012-03-31": "15.46050", "2011-12-31": "11.47050", "2011-09-30": "15.82940", "2011-06-30": "15.63040", "2011-03-31": "10.09160", "2010-12-31": "12.87670", "2010-09-30": "13.17090", "2010-06-30": "14.77600", "2010-03-31": "13.89640", "2009-12-31": "13.73440", "2009-09-30": "11.20540", "2009-06-30": "13.63260", "2009-03-31": "11.88020", "2008-12-31": "-19.47680", "2008-09-30": "11.06160", "2008-06-30": "11.56720", "2008-03-31": "8.49890", "2007-12-31": "3.38790", "2007-09-30": "14.09210", "2007-06-30": "9.88960", "2007-03-31": "-2.73160", "2006-12-31": "7.45380", "2006-09-30": "10.46230", "2006-06-30": "14.73440", "2006-03-31": "9.98990"}, "EBITDA Margin": {"2020-09-30": "", "2020-06-30": "", "2020-03-31": "", "2019-12-31": "", "2019-09-30": "", "2019-06-30": "", "2019-03-31": "", "2018-12-31": "", "2018-09-30": "", "2018-06-30": "", "2018-03-31": "", "2017-12-31": "", "2017-09-30": "", "2017-06-30": "", "2017-03-31": "", "2016-12-31": "", "2016-09-30": "", "2016-06-30": "", "2016-03-31": "", "2015-12-31": "", "2015-09-30": "", "2015-06-30": "", "2015-03-31": "", "2014-12-31": "", "2014-09-30": "", "2014-06-30": "", "2014-03-31": "", "2013-12-31": "", "2013-09-30": "", "2013-06-30": "", "2013-03-31": "", "2012-12-31": "", "2012-09-30": "", "2012-06-30": "", "2012-03-31": "", "2011-12-31": "", "2011-09-30": "", "2011-06-30": "", "2011-03-31": "", "2010-12-31": "", "2010-09-30": "", "2010-06-30": "", "2010-03-31": "", "2009-12-31": "", "2009-09-30": "", "2009-06-30": "", "2009-03-31": "", "2008-12-31": "", "2008-09-30": "", "2008-06-30": "", "2008-03-31": "", "2007-12-31": "", "2007-09-30": "", "2007-06-30": "", "2007-03-31": "", "2006-12-31": "", "2006-09-30": "", "2006-06-30": "", "2006-03-31": ""}, "Pre-Tax Profit Margin": {"2020-09-30": "-758.72650", "2020-06-30": "-2997.11400", "2020-03-31": "-11.50260", "2019-12-31": "5.40050", "2019-09-30": "5.59830", "2019-06-30": "14.62200", "2019-03-31": "6.31150", "2018-12-31": "6.99830", "2018-09-30": "8.85530", "2018-06-30": "11.33680", "2018-03-31": "11.18940", "2017-12-31": "10.18120", "2017-09-30": "8.88780", "2017-06-30": "10.81680", "2017-03-31": "15.98160", "2016-12-31": "10.71510", "2016-09-30": "13.92870", "2016-06-30": "11.55090", "2016-03-31": "13.12370", "2015-12-31": "12.43050", "2015-09-30": "10.97200", "2015-06-30": "14.20920", "2015-03-31": "10.73480", "2014-12-31": "11.09550", "2014-09-30": "9.90350", "2014-06-30": "13.40300", "2014-03-31": "9.39060", "2013-12-31": "10.19950", "2013-09-30": "16.38550", "2013-06-30": "4.07360", "2013-03-31": "7.97410", "2012-12-31": "10.72830", "2012-09-30": "12.21960", "2012-06-30": "12.77440", "2012-03-31": "12.23320", "2011-12-31": "5.59970", "2011-09-30": "12.02870", "2011-06-30": "10.35800", "2011-03-31": "7.11170", "2010-12-31": "9.56930", "2010-09-30": "8.88200", "2010-06-30": "9.44990", "2010-03-31": "10.94420", "2009-12-31": "10.11230", "2009-09-30": "6.89200", "2009-06-30": "4.66220", "2009-03-31": "7.74870", "2008-12-31": "-23.10370", "2008-09-30": "6.79220", "2008-06-30": "6.22330", "2008-03-31": "2.50460", "2007-12-31": "-2.73980", "2007-09-30": "7.77480", "2007-06-30": "5.04210", "2007-03-31": "40.63360", "2006-12-31": "-4.39840", "2006-09-30": "2.76530", "2006-06-30": "6.80540", "2006-03-31": "1.09720"}, "Net Profit Margin": {"2020-09-30": "-416.00990", "2020-06-30": "-1898.69600", "2020-03-31": "-10.96200", "2019-12-31": "3.33850", "2019-09-30": "3.81510", "2019-06-30": "10.54250", "2019-03-31": "4.57910", "2018-12-31": "2.56850", "2018-09-30": "6.61920", "2018-06-30": "9.18620", "2018-03-31": "7.91360", "2017-12-31": "12.72760", "2017-09-30": "5.36600", "2017-06-30": "6.82100", "2017-03-31": "10.17770", "2016-12-31": "10.81700", "2016-09-30": "8.54240", "2016-06-30": "7.24150", "2016-03-31": "8.30300", "2015-12-31": "8.04360", "2015-09-30": "6.61930", "2015-06-30": "8.72790", "2015-03-31": "6.58830", "2014-12-31": "7.16830", "2014-09-30": "5.89410", "2014-06-30": "9.99230", "2014-03-31": "5.88480", "2013-12-31": "2.29200", "2013-09-30": "10.44650", "2013-06-30": "2.79280", "2013-03-31": "5.95030", "2012-12-31": "4.39880", "2012-09-30": "7.47900", "2012-06-30": "7.84170", "2012-03-31": "7.19790", "2011-12-31": "3.37380", "2011-09-30": "7.24220", "2011-06-30": "6.43430", "2011-03-31": "5.12030", "2010-12-31": "6.97530", "2010-09-30": "5.94960", "2010-06-30": "7.35710", "2010-03-31": "6.79270", "2009-12-31": "7.43190", "2009-09-30": "4.22910", "2009-06-30": "3.60770", "2009-03-31": "4.12520", "2008-12-31": "-21.95780", "2008-09-30": "4.29380", "2008-06-30": "3.39500", "2008-03-31": "1.30940", "2007-12-31": "-13.67080", "2007-09-30": "-4.96200", "2007-06-30": "10.87870", "2007-03-31": "31.27090", "2006-12-31": "-5.19250", "2006-09-30": "0.79030", "2006-06-30": "4.44050", "2006-03-31": "2.35380"}, "Asset Turnover": {"2020-09-30": "0.00610", "2020-06-30": "0.00160", "2020-03-31": "0.09650", "2019-12-31": "0.13530", "2019-09-30": "0.14290", "2019-06-30": "0.16230", "2019-03-31": "0.12340", "2018-12-31": "0.17820", "2018-09-30": "0.17150", "2018-06-30": "0.19960", "2018-03-31": "0.17670", "2017-12-31": "0.16780", "2017-09-30": "0.16260", "2017-06-30": "0.17250", "2017-03-31": "0.17790", "2016-12-31": "0.16280", "2016-09-30": "0.18400", "2016-06-30": "0.17660", "2016-03-31": "0.17070", "2015-12-31": "0.17140", "2015-09-30": "0.17310", "2015-06-30": "0.19210", "2015-03-31": "0.15950", "2014-12-31": "0.16020", "2014-09-30": "0.15930", "2014-06-30": "0.17440", "2014-03-31": "0.14730", "2013-12-31": "0.15730", "2013-09-30": "0.18550", "2013-06-30": "0.17650", "2013-03-31": "0.14200", "2012-12-31": "0.15830", "2012-09-30": "0.17690", "2012-06-30": "0.18340", "2012-03-31": "0.16190", "2011-12-31": "0.15210", "2011-09-30": "0.18510", "2011-06-30": "0.17710", "2011-03-31": "0.14190", "2010-12-31": "0.15340", "2010-09-30": "0.16910", "2010-06-30": "0.16320", "2010-03-31": "0.15740", "2009-12-31": "0.16370", "2009-09-30": "0.15630", "2009-06-30": "0.16130", "2009-03-31": "0.13790", "2008-12-31": "0.13300", "2008-09-30": "0.14650", "2008-06-30": "0.13720", "2008-03-31": "0.12370", "2007-12-31": "0.11930", "2007-09-30": "0.14330", "2007-06-30": "0.13090", "2007-03-31": "0.12140", "2006-12-31": "0.12340", "2006-09-30": "", "2006-06-30": "", "2006-03-31": ""}, "Inventory Turnover Ratio": {"2020-09-30": "8.00870", "2020-06-30": "6.59910", "2020-03-31": "20.82090", "2019-12-31": "22.79280", "2019-09-30": "26.76510", "2019-06-30": "26.17520", "2019-03-31": "24.77110", "2018-12-31": "24.71960", "2018-09-30": "28.57190", "2018-06-30": "30.25340", "2018-03-31": "27.70370", "2017-12-31": "25.47710", "2017-09-30": "26.16170", "2017-06-30": "25.11620", "2017-03-31": "26.87920", "2016-12-31": "25.75520", "2016-09-30": "30.32560", "2016-06-30": "28.72950", "2016-03-31": "28.03910", "2015-12-31": "27.01250", "2015-09-30": "33.06470", "2015-06-30": "35.34510", "2015-03-31": "29.95070", "2014-12-31": "30.01310", "2014-09-30": "35.23530", "2014-06-30": "33.32470", "2014-03-31": "32.94250", "2013-12-31": "29.98960", "2013-09-30": "37.61530", "2013-06-30": "34.18280", "2013-03-31": "31.99650", "2012-12-31": "30.02980", "2012-09-30": "36.96730", "2012-06-30": "32.03490", "2012-03-31": "31.84040", "2011-12-31": "30.32930", "2011-09-30": "34.27500", "2011-06-30": "29.95680", "2011-03-31": "29.95600", "2010-12-31": "28.88660", "2010-09-30": "37.31050", "2010-06-30": "32.77830", "2010-03-31": "33.52970", "2009-12-31": "34.46600", "2009-09-30": "37.78290", "2009-06-30": "35.75730", "2009-03-31": "35.21210", "2008-12-31": "33.07510", "2008-09-30": "42.56010", "2008-06-30": "35.81930", "2008-03-31": "34.07770", "2007-12-31": "36.29700", "2007-09-30": "45.25280", "2007-06-30": "41.73650", "2007-03-31": "37.81920", "2006-12-31": "39.66140", "2006-09-30": "", "2006-06-30": "", "2006-03-31": ""}, "Receiveable Turnover": {"2020-09-30": "0.32620", "2020-06-30": "0.06640", "2020-03-31": "7.06590", "2019-12-31": "8.98370", "2019-09-30": "11.44740", "2019-06-30": "8.84750", "2019-03-31": "8.00590", "2018-12-31": "8.11690", "2018-09-30": "9.33490", "2018-06-30": "10.44430", "2018-03-31": "9.60530", "2017-12-31": "7.42720", "2017-09-30": "8.16660", "2017-06-30": "9.81840", "2017-03-31": "10.79110", "2016-12-31": "8.51040", "2016-09-30": "11.59590", "2016-06-30": "9.00180", "2016-03-31": "10.25160", "2015-12-31": "7.27860", "2015-09-30": "7.89410", "2015-06-30": "8.10250", "2015-03-31": "11.47350", "2014-12-31": "9.81080", "2014-09-30": "8.21970", "2014-06-30": "8.67650", "2014-03-31": "7.84180", "2013-12-31": "7.93220", "2013-09-30": "9.85500", "2013-06-30": "8.58980", "2013-03-31": "9.31710", "2012-12-31": "9.51790", "2012-09-30": "10.50950", "2012-06-30": "9.31190", "2012-03-31": "9.67530", "2011-12-31": "7.38690", "2011-09-30": "14.93860", "2011-06-30": "11.17400", "2011-03-31": "9.65380", "2010-12-31": "6.45330", "2010-09-30": "10.66340", "2010-06-30": "9.87870", "2010-03-31": "16.92430", "2009-12-31": "11.62600", "2009-09-30": "16.63290", "2009-06-30": "12.66630", "2009-03-31": "18.25200", "2008-12-31": "12.12430", "2008-09-30": "16.88440", "2008-06-30": "13.70890", "2008-03-31": "12.85020", "2007-12-31": "7.32280", "2007-09-30": "13.53170", "2007-06-30": "13.16650", "2007-03-31": "15.14570", "2006-12-31": "9.76050", "2006-09-30": "", "2006-06-30": "", "2006-03-31": ""}, "Days Sales In Receivables": {"2020-09-30": "275.87520", "2020-06-30": "1354.92400", "2020-03-31": "12.73720", "2019-12-31": "10.01820", "2019-09-30": "7.86210", "2019-06-30": "10.17240", "2019-03-31": "11.24180", "2018-12-31": "11.08800", "2018-09-30": "9.64120", "2018-06-30": "8.61710", "2018-03-31": "9.36980", "2017-12-31": "12.11770", "2017-09-30": "11.02050", "2017-06-30": "9.16650", "2017-03-31": "8.34020", "2016-12-31": "10.57530", "2016-09-30": "7.76140", "2016-06-30": "9.99800", "2016-03-31": "8.77910", "2015-12-31": "12.36490", "2015-09-30": "11.40090", "2015-06-30": "11.10760", "2015-03-31": "7.84410", "2014-12-31": "9.17360", "2014-09-30": "10.94940", "2014-06-30": "10.37280", "2014-03-31": "11.47700", "2013-12-31": "11.34610", "2013-09-30": "9.13240", "2013-06-30": "10.47760", "2013-03-31": "9.65960", "2012-12-31": "9.45590", "2012-09-30": "8.56370", "2012-06-30": "9.66510", "2012-03-31": "9.30200", "2011-12-31": "12.18370", "2011-09-30": "6.02470", "2011-06-30": "8.05440", "2011-03-31": "9.32270", "2010-12-31": "13.94640", "2010-09-30": "8.44010", "2010-06-30": "9.11050", "2010-03-31": "5.31780", "2009-12-31": "7.74120", "2009-09-30": "5.41100", "2009-06-30": "7.10550", "2009-03-31": "4.93100", "2008-12-31": "7.42310", "2008-09-30": "5.33040", "2008-06-30": "6.56510", "2008-03-31": "7.00380", "2007-12-31": "12.29040", "2007-09-30": "6.65100", "2007-06-30": "6.83560", "2007-03-31": "5.94230", "2006-12-31": "9.22080", "2006-09-30": "", "2006-06-30": "", "2006-03-31": ""}, "ROE - Return On Equity": {"2020-09-30": "-14.53550", "2020-06-30": "-15.54600", "2020-03-31": "-4.69530", "2019-12-31": "1.85310", "2019-09-30": "2.13540", "2019-06-30": "6.66750", "2019-03-31": "2.26760", "2018-12-31": "1.42290", "2018-09-30": "3.44470", "2018-06-30": "5.63350", "2018-03-31": "4.22400", "2017-12-31": "6.79200", "2017-09-30": "2.85100", "2017-06-30": "3.87970", "2017-03-31": "6.01590", "2016-12-31": "6.07140", "2016-09-30": "5.36030", "2016-06-30": "4.53040", "2016-03-31": "5.13010", "2015-12-31": "5.24260", "2015-09-30": "4.26060", "2015-06-30": "6.24290", "2015-03-31": "3.92430", "2014-12-31": "4.24150", "2014-09-30": "3.41180", "2014-06-30": "6.23770", "2014-03-31": "3.24490", "2013-12-31": "1.44260", "2013-09-30": "7.27360", "2013-06-30": "1.94060", "2013-03-31": "2.97590", "2012-12-31": "2.59710", "2012-09-30": "4.40830", "2012-06-30": "4.92740", "2012-03-31": "4.02220", "2011-12-31": "1.81730", "2011-09-30": "4.62780", "2011-06-30": "3.80030", "2011-03-31": "2.41220", "2010-12-31": "3.70810", "2010-09-30": "3.40400", "2010-06-30": "4.24600", "2010-03-31": "3.90900", "2009-12-31": "4.43270", "2009-09-30": "2.49860", "2009-06-30": "2.29170", "2009-03-31": "2.22900", "2008-12-31": "-10.84980", "2008-09-30": "2.23830", "2008-06-30": "1.60910", "2008-03-31": "0.63840", "2007-12-31": "-5.19750", "2007-09-30": "-2.15130", "2007-06-30": "4.25370", "2007-03-31": "14.63350", "2006-12-31": "-2.94920", "2006-09-30": "", "2006-06-30": "", "2006-03-31": ""}, "Return On Tangible Equity": {"2020-09-30": "27.08560", "2020-06-30": "35.20010", "2020-03-31": "18.47410", "2019-12-31": "-17.11480", "2019-09-30": "-29.70520", "2019-06-30": "-122.69650", "2019-03-31": "-24.06700", "2018-12-31": "-10.08890", "2018-09-30": "-36.62600", "2018-06-30": "-55.02510", "2018-03-31": "-42.26350", "2017-12-31": "-44.37560", "2017-09-30": "-13.85440", "2017-06-30": "-17.71180", "2017-03-31": "-30.08450", "2016-12-31": "-23.78780", "2016-09-30": "-18.11490", "2016-06-30": "-13.56820", "2016-03-31": "-13.23300", "2015-12-31": "-12.22450", "2015-09-30": "-9.37870", "2015-06-30": "-14.93770", "2015-03-31": "-8.28080", "2014-12-31": "-9.48420", "2014-09-30": "-7.73770", "2014-06-30": "-14.95570", "2014-03-31": "-6.63480", "2013-12-31": "-2.93530", "2013-09-30": "-13.73900", "2013-06-30": "-3.25350", "2013-03-31": "-8.93020", "2012-12-31": "-7.35650", "2012-09-30": "-12.06160", "2012-06-30": "-12.21580", "2012-03-31": "-9.85590", "2011-12-31": "-4.01010", "2011-09-30": "-10.19300", "2011-06-30": "-10.81190", "2011-03-31": "-6.26420", "2010-12-31": "-9.14270", "2010-09-30": "-7.39410", "2010-06-30": "-8.25720", "2010-03-31": "-7.07930", "2009-12-31": "-7.44360", "2009-09-30": "-3.84480", "2009-06-30": "-3.40680", "2009-03-31": "-3.04530", "2008-12-31": "16.04480", "2008-09-30": "-4.39550", "2008-06-30": "-3.55230", "2008-03-31": "-1.31330", "2007-12-31": "11.30610", "2007-09-30": "5.57310", "2007-06-30": "-12.53860", "2007-03-31": "-16.98810", "2006-12-31": "2.31830", "2006-09-30": "", "2006-06-30": "", "2006-03-31": ""}, "ROA - Return On Assets": {"2020-09-30": "-2.55120", "2020-06-30": "-3.00200", "2020-03-31": "-1.05490", "2019-12-31": "0.46050", "2019-09-30": "0.55560", "2019-06-30": "1.72580", "2019-03-31": "0.57320", "2018-12-31": "0.44720", "2018-09-30": "1.15110", "2018-06-30": "1.85090", "2018-03-31": "1.40880", "2017-12-31": "2.13550", "2017-09-30": "0.88160", "2017-06-30": "1.18980", "2017-03-31": "1.82950", "2016-12-31": "1.79460", "2016-09-30": "1.58320", "2016-06-30": "1.28970", "2016-03-31": "1.43010", "2015-12-31": "1.41120", "2015-09-30": "1.15470", "2015-06-30": "1.70240", "2015-03-31": "1.06030", "2014-12-31": "1.15610", "2014-09-30": "0.94900", "2014-06-30": "1.75230", "2014-03-31": "0.87300", "2013-12-31": "0.38380", "2013-09-30": "1.97760", "2013-06-30": "0.50680", "2013-03-31": "0.85720", "2012-12-31": "0.73610", "2012-09-30": "1.33940", "2012-06-30": "1.47190", "2012-03-31": "1.19940", "2011-12-31": "0.52810", "2011-09-30": "1.37780", "2011-06-30": "1.17050", "2011-03-31": "0.74390", "2010-12-31": "1.11970", "2010-09-30": "1.02290", "2010-06-30": "1.23320", "2010-03-31": "1.11830", "2009-12-31": "1.23740", "2009-09-30": "0.69380", "2009-06-30": "0.61740", "2009-03-31": "0.59430", "2008-12-31": "-2.91700", "2008-09-30": "0.67640", "2008-06-30": "0.49850", "2008-03-31": "0.19760", "2007-12-31": "-1.60680", "2007-09-30": "-0.71110", "2007-06-30": "1.42410", "2007-03-31": "3.79520", "2006-12-31": "-0.64100", "2006-09-30": "", "2006-06-30": "", "2006-03-31": ""}, "ROI - Return On Investment": {"2020-09-30": "-4.21330", "2020-06-30": "-5.10060", "2020-03-31": "-1.81590", "2019-12-31": "0.79860", "2019-09-30": "0.94140", "2019-06-30": "2.96970", "2019-03-31": "0.98490", "2018-12-31": "0.58710", "2018-09-30": "1.45790", "2018-06-30": "2.37130", "2018-03-31": "1.78000", "2017-12-31": "2.77770", "2017-09-30": "1.13830", "2017-06-30": "1.54820", "2017-03-31": "2.39720", "2016-12-31": "2.34940", "2016-09-30": "2.04780", "2016-06-30": "1.69930", "2016-03-31": "1.87370", "2015-12-31": "1.88300", "2015-09-30": "1.50500", "2015-06-30": "2.25180", "2015-03-31": "1.38310", "2014-12-31": "1.53260", "2014-09-30": "1.22450", "2014-06-30": "2.27130", "2014-03-31": "1.14240", "2013-12-31": "0.50850", "2013-09-30": "2.57500", "2013-06-30": "0.67060", "2013-03-31": "1.09950", "2012-12-31": "0.95160", "2012-09-30": "1.73360", "2012-06-30": "1.90140", "2012-03-31": "1.55570", "2011-12-31": "0.68510", "2011-09-30": "1.75190", "2011-06-30": "1.48050", "2011-03-31": "0.93790", "2010-12-31": "1.42550", "2010-09-30": "1.27880", "2010-06-30": "1.55660", "2010-03-31": "1.41210", "2009-12-31": "1.57200", "2009-09-30": "0.86430", "2009-06-30": "0.77520", "2009-03-31": "0.74510", "2008-12-31": "-3.66740", "2008-09-30": "0.83660", "2008-06-30": "0.62180", "2008-03-31": "0.24270", "2007-12-31": "-1.99880", "2007-09-30": "-0.85780", "2007-06-30": "1.70980", "2007-03-31": "4.78030", "2006-12-31": "-0.75320", "2006-09-30": "", "2006-06-30": "", "2006-03-31": ""}, "Book Value Per Share": {"2020-09-30": "8.61920", "2020-06-30": "9.33690", "2020-03-31": "10.76900", "2019-12-31": "12.36280", "2019-09-30": "12.77380", "2019-06-30": "13.04050", "2019-03-31": "12.49960", "2018-12-31": "12.05650", "2018-09-30": "12.57870", "2018-06-30": "12.52950", "2018-03-31": "12.60490", "2017-12-31": "12.06860", "2017-09-30": "11.60690", "2017-06-30": "11.46600", "2017-03-31": "11.45000", "2016-12-31": "10.95400", "2016-09-30": "10.61630", "2016-06-30": "10.32550", "2016-03-31": "9.91020", "2015-12-31": "9.58230", "2015-09-30": "9.45510", "2015-06-30": "9.79520", "2015-03-31": "9.43460", "2014-12-31": "9.70730", "2014-09-30": "9.76070", "2014-06-30": "9.99460", "2014-03-31": "9.50870", "2013-12-31": "9.55440", "2013-09-30": "9.62530", "2013-06-30": "9.31140", "2013-03-31": "9.63530", "2012-12-31": "9.52580", "2012-09-30": "9.47090", "2012-06-30": "9.21130", "2012-03-31": "9.28460", "2011-12-31": "8.96340", "2011-09-30": "9.01550", "2011-06-30": "9.44890", "2011-03-31": "9.19570", "2010-12-31": "9.08260", "2010-09-30": "8.77480", "2010-06-30": "8.46300", "2010-03-31": "8.36880", "2009-12-31": "8.24610", "2009-09-30": "8.07340", "2009-06-30": "7.90650", "2009-03-31": "7.53480", "2008-12-31": "7.57320", "2008-09-30": "9.17850", "2008-06-30": "9.65180", "2008-03-31": "9.37550", "2007-12-31": "9.52670", "2007-09-30": "10.21510", "2007-06-30": "10.57040", "2007-03-31": "8.72740", "2006-12-31": "7.44690", "2006-09-30": "", "2006-06-30": "", "2006-03-31": ""}, "Operating Cash Flow Per Share": {"2020-09-30": -0.1176, "2020-06-30": -1.1853, "2020-03-31": "-0.13360", "2019-12-31": 1.413, "2019-09-30": 0.8018, "2019-06-30": 1.709, "2019-03-31": "0.89580", "2018-12-31": 1.7775, "2018-09-30": 0.602, "2018-06-30": 1.6871, "2018-03-31": "0.72030", "2017-12-31": 1.8738, "2017-09-30": 0.6536, "2017-06-30": 0.7317, "2017-03-31": "1.29890", "2016-12-31": 1.5948, "2016-09-30": 0.6676, "2016-06-30": 1.1496, "2016-03-31": "0.58610", "2015-12-31": 1.9883, "2015-09-30": 0.3944, "2015-06-30": 1.3494, "2015-03-31": "0.21830", "2014-12-31": 2.0144, "2014-09-30": 0.5505, "2014-06-30": 0.8497, "2014-03-31": "0.53990", "2013-12-31": 1.1474, "2013-09-30": 0.5675, "2013-06-30": 0.6185, "2013-03-31": "0.37360", "2012-12-31": 1.0631, "2012-09-30": 0.8671, "2012-06-30": 0.6798, "2012-03-31": "0.86210", "2011-12-31": 0.8808, "2011-09-30": 0.9689, "2011-06-30": 1.0647, "2011-03-31": "0.54070", "2010-12-31": 0.9931, "2010-09-30": 0.3982, "2010-06-30": 0.5717, "2010-03-31": "0.39770", "2009-12-31": 1.3253, "2009-09-30": 0.3753, "2009-06-30": -0.5672, "2009-03-31": "0.46980", "2008-12-31": 0.8447, "2008-09-30": 0.2799, "2008-06-30": 1.0463, "2008-03-31": "0.22610", "2007-12-31": 0.7186, "2007-09-30": 0.3351, "2007-06-30": -0.1159, "2007-03-31": "1.69810", "2006-12-31": 0.9114, "2006-09-30": 0.2751, "2006-06-30": 0.6299, "2006-03-31": "-0.01930"}, "Free Cash Flow Per Share": {"2020-09-30": -0.2944, "2020-06-30": -1.2935, "2020-03-31": "-0.42620", "2019-12-31": 0.4325, "2019-09-30": 0.1924, "2019-06-30": 1.2161, "2019-03-31": "0.40180", "2018-12-31": 0.9206, "2018-09-30": -0.102, "2018-06-30": 0.9933, "2018-03-31": "0.03410", "2017-12-31": 0.8575, "2017-09-30": -0.0318, "2017-06-30": 0.0355, "2017-03-31": "0.54530", "2016-12-31": 0.7622, "2016-09-30": -0.16, "2016-06-30": 0.4275, "2016-03-31": "0.17580", "2015-12-31": 1.1599, "2015-09-30": -0.2584, "2015-06-30": 0.7669, "2015-03-31": "-0.50620", "2014-12-31": 1.2486, "2014-09-30": 0.0886, "2014-06-30": 0.4313, "2014-03-31": "0.07960", "2013-12-31": 0.3095, "2013-09-30": 0.0637, "2013-06-30": 0.2432, "2013-03-31": "0.12020", "2012-12-31": 0.4222, "2012-09-30": 0.403, "2012-06-30": 0.2769, "2012-03-31": "0.44810", "2011-12-31": 0.3719, "2011-09-30": 0.6145, "2011-06-30": 0.6632, "2011-03-31": "0.22820", "2010-12-31": 0.5444, "2010-09-30": 0.1407, "2010-06-30": 0.2519, "2010-03-31": "0.22610", "2009-12-31": 0.9823, "2009-09-30": 0.1527, "2009-06-30": -0.9096, "2009-03-31": "0.26570", "2008-12-31": 0.5097, "2008-09-30": 0.105, "2008-06-30": 0.851, "2008-03-31": "-0.03360", "2007-12-31": 0.5821, "2007-09-30": -0.0045, "2007-06-30": -0.4286, "2007-03-31": "1.44830", "2006-12-31": 0.6544, "2006-09-30": 0.0181, "2006-06-30": 0.3148, "2006-03-31": "-0.35200"}}, "revenue": {"Cinemark Holdings Inc Annual Revenue (Millions of US $)": {"2019": "$3,283", "2018": "$3,222", "2017": "$2,992", "2016": "$2,919", "2015": "$2,853", "2014": "$2,627", "2013": "$2,683", "2012": "$2,474", "2011": "$2,280", "2010": "$2,141", "2009": "$1,977", "2008": "$1,742", "2007": "$1,683", "2006": "$1,221", "2005": "$1,021"}, "Cinemark Holdings Inc Quarterly Revenue (Millions of US $)": {"2020-09-30": "$35", "2020-06-30": "$9", "2020-03-31": "$544", "2019-12-31": "$789", "2019-09-30": "$822", "2019-06-30": "$958", "2019-03-31": "$715", "2018-12-31": "$798", "2018-09-30": "$754", "2018-06-30": "$889", "2018-03-31": "$780", "2017-12-31": "$750", "2017-09-30": "$711", "2017-06-30": "$751", "2017-03-31": "$780", "2016-12-31": "$701", "2016-09-30": "$769", "2016-06-30": "$744", "2016-03-31": "$705", "2015-12-31": "$707", "2015-09-30": "$700", "2015-06-30": "$800", "2015-03-31": "$645", "2014-12-31": "$660", "2014-09-30": "$647", "2014-06-30": "$718", "2014-03-31": "$602", "2013-12-31": "$652", "2013-09-30": "$758", "2013-06-30": "$726", "2013-03-31": "$548", "2012-12-31": "$612", "2012-09-30": "$634", "2012-06-30": "$650", "2012-03-31": "$579", "2011-12-31": "$536", "2011-09-30": "$640", "2011-06-30": "$621", "2011-03-31": "$483", "2010-12-31": "$525", "2010-09-30": "$560", "2010-06-30": "$539", "2010-03-31": "$517", "2009-12-31": "$536", "2009-09-30": "$497", "2009-06-30": "$518", "2009-03-31": "$426", "2008-12-31": "$408", "2008-09-30": "$476", "2008-06-30": "$457", "2008-03-31": "$401", "2007-12-31": "$393", "2007-09-30": "$471", "2007-06-30": "$440", "2007-03-31": "$378", "2006-12-31": "$392", "2006-09-30": "$288", "2006-06-30": "$295", "2006-03-31": "$246"}}, "gross-profit": {"Cinemark Holdings Inc Annual Gross Profit (Millions of US $)": {"2019": "$1,252", "2018": "$1,270", "2017": "$1,175", "2016": "$1,124", "2015": "$1,087", "2014": "$986", "2013": "$1,014", "2012": "$943", "2011": "$833", "2010": "$779", "2009": "$715", "2008": "$612", "2007": "$608", "2006": "$449", "2005": "$358"}, "Cinemark Holdings Inc Quarterly Gross Profit (Millions of US $)": {"2020-09-30": "$-86", "2020-06-30": "$-94", "2020-03-31": "$169", "2019-12-31": "$295", "2019-09-30": "$304", "2019-06-30": "$388", "2019-03-31": "$265", "2018-12-31": "$321", "2018-09-30": "$288", "2018-06-30": "$354", "2018-03-31": "$307", "2017-12-31": "$304", "2017-09-30": "$270", "2017-06-30": "$289", "2017-03-31": "$312", "2016-12-31": "$264", "2016-09-30": "$299", "2016-06-30": "$285", "2016-03-31": "$276", "2015-12-31": "$276", "2015-09-30": "$262", "2015-06-30": "$306", "2015-03-31": "$242", "2014-12-31": "$257", "2014-09-30": "$238", "2014-06-30": "$274", "2014-03-31": "$217", "2013-12-31": "$240", "2013-09-30": "$294", "2013-06-30": "$279", "2013-03-31": "$201", "2012-12-31": "$234", "2012-09-30": "$239", "2012-06-30": "$249", "2012-03-31": "$220", "2011-12-31": "$194", "2011-09-30": "$237", "2011-06-30": "$233", "2011-03-31": "$168", "2010-12-31": "$187", "2010-09-30": "$202", "2010-06-30": "$202", "2010-03-31": "$187", "2009-12-31": "$197", "2009-09-30": "$174", "2009-06-30": "$189", "2009-03-31": "$154", "2008-12-31": "$142", "2008-09-30": "$166", "2008-06-30": "$164", "2008-03-31": "$140", "2007-12-31": "$139", "2007-09-30": "$176", "2007-06-30": "$157", "2007-03-31": "$136", "2006-12-31": "$151", "2006-09-30": "$103", "2006-06-30": "$109", "2006-03-31": "$86"}}, "operating-income": {"Cinemark Holdings Inc Annual Operating Income (Millions of US $)": {"2019": "$338", "2018": "$388", "2017": "$392", "2016": "$423", "2015": "$423", "2014": "$363", "2013": "$415", "2012": "$384", "2011": "$309", "2010": "$293", "2009": "$250", "2008": "$60", "2007": "$113", "2006": "$127", "2005": "$64"}, "Cinemark Holdings Inc Quarterly Operating Income (Millions of US $)": {"2020-09-30": "$-211", "2020-06-30": "$-214", "2020-03-31": "$-43", "2019-12-31": "$66", "2019-09-30": "$59", "2019-06-30": "$156", "2019-03-31": "$57", "2018-12-31": "$77", "2018-09-30": "$83", "2018-06-30": "$127", "2018-03-31": "$102", "2017-12-31": "$89", "2017-09-30": "$74", "2017-06-30": "$98", "2017-03-31": "$131", "2016-12-31": "$85", "2016-09-30": "$118", "2016-06-30": "$106", "2016-03-31": "$115", "2015-12-31": "$99", "2015-09-30": "$99", "2015-06-30": "$134", "2015-03-31": "$90", "2014-12-31": "$96", "2014-09-30": "$82", "2014-06-30": "$117", "2014-03-31": "$68", "2013-12-31": "$81", "2013-09-30": "$135", "2013-06-30": "$134", "2013-03-31": "$66", "2012-12-31": "$86", "2012-09-30": "$94", "2012-06-30": "$114", "2012-03-31": "$89", "2011-12-31": "$61", "2011-09-30": "$101", "2011-06-30": "$97", "2011-03-31": "$49", "2010-12-31": "$68", "2010-09-30": "$74", "2010-06-30": "$80", "2010-03-31": "$72", "2009-12-31": "$74", "2009-09-30": "$56", "2009-06-30": "$71", "2009-03-31": "$51", "2008-12-31": "$-79", "2008-09-30": "$53", "2008-06-30": "$53", "2008-03-31": "$34", "2007-12-31": "$13", "2007-09-30": "$66", "2007-06-30": "$44", "2007-03-31": "$-10", "2006-12-31": "$29", "2006-09-30": "$30", "2006-06-30": "$43", "2006-03-31": "$25"}}, "ebitda": {"Cinemark Holdings Inc Annual EBITDA (Millions of US $)": {"2019": "$591", "2018": "$636", "2017": "$622", "2016": "$623", "2015": "$603", "2014": "$532", "2013": "$576", "2012": "$533", "2011": "$466", "2010": "$441", "2009": "$414", "2008": "$263", "2007": "$309", "2006": "$268", "2005": "$188"}, "Cinemark Holdings Inc Quarterly EBITDA (Millions of US $)": {"2020-09-30": "$-150", "2020-06-30": "$-154", "2020-03-31": "$16", "2019-12-31": "$131", "2019-09-30": "$123", "2019-06-30": "$218", "2019-03-31": "$119", "2018-12-31": "$141", "2018-09-30": "$144", "2018-06-30": "$187", "2018-03-31": "$164", "2017-12-31": "$150", "2017-09-30": "$130", "2017-06-30": "$155", "2017-03-31": "$187", "2016-12-31": "$136", "2016-09-30": "$170", "2016-06-30": "$156", "2016-03-31": "$161", "2015-12-31": "$145", "2015-09-30": "$143", "2015-06-30": "$180", "2015-03-31": "$135", "2014-12-31": "$138", "2014-09-30": "$126", "2014-06-30": "$159", "2014-03-31": "$109", "2013-12-31": "$123", "2013-09-30": "$176", "2013-06-30": "$172", "2013-03-31": "$104", "2012-12-31": "$123", "2012-09-30": "$131", "2012-06-30": "$151", "2012-03-31": "$127", "2011-12-31": "$97", "2011-09-30": "$143", "2011-06-30": "$138", "2011-03-31": "$89", "2010-12-31": "$108", "2010-09-30": "$110", "2010-06-30": "$116", "2010-03-31": "$107", "2009-12-31": "$112", "2009-09-30": "$96", "2009-06-30": "$110", "2009-03-31": "$97", "2008-12-31": "$-25", "2008-09-30": "$103", "2008-06-30": "$102", "2008-03-31": "$83", "2007-12-31": "$62", "2007-09-30": "$116", "2007-06-30": "$92", "2007-03-31": "$38", "2006-12-31": "$75", "2006-09-30": "$61", "2006-06-30": "$75", "2006-03-31": "$57"}}, "net-income": {"Cinemark Holdings Inc Annual Net Income (Millions of US $)": {"2019": "$191", "2018": "$214", "2017": "$264", "2016": "$254", "2015": "$216", "2014": "$193", "2013": "$147", "2012": "$167", "2011": "$129", "2010": "$145", "2009": "$97", "2008": "$-48", "2007": "$89", "2006": "$1", "2005": "$-25"}, "Cinemark Holdings Inc Quarterly Net Income (Millions of US $)": {"2020-09-30": "$-148", "2020-06-30": "$-170", "2020-03-31": "$-60", "2019-12-31": "$26", "2019-09-30": "$31", "2019-06-30": "$101", "2019-03-31": "$33", "2018-12-31": "$21", "2018-09-30": "$50", "2018-06-30": "$82", "2018-03-31": "$62", "2017-12-31": "$95", "2017-09-30": "$38", "2017-06-30": "$51", "2017-03-31": "$79", "2016-12-31": "$76", "2016-09-30": "$66", "2016-06-30": "$54", "2016-03-31": "$59", "2015-12-31": "$57", "2015-09-30": "$46", "2015-06-30": "$70", "2015-03-31": "$43", "2014-12-31": "$47", "2014-09-30": "$38", "2014-06-30": "$72", "2014-03-31": "$35", "2013-12-31": "$15", "2013-09-30": "$79", "2013-06-30": "$20", "2013-03-31": "$33", "2012-12-31": "$27", "2012-09-30": "$47", "2012-06-30": "$51", "2012-03-31": "$42", "2011-12-31": "$18", "2011-09-30": "$46", "2011-06-30": "$40", "2011-03-31": "$25", "2010-12-31": "$37", "2010-09-30": "$33", "2010-06-30": "$40", "2010-03-31": "$35", "2009-12-31": "$40", "2009-09-30": "$21", "2009-06-30": "$19", "2009-03-31": "$18", "2008-12-31": "$-90", "2008-09-30": "$20", "2008-06-30": "$16", "2008-03-31": "$5", "2007-12-31": "$-54", "2007-09-30": "$-23", "2007-06-30": "$48", "2007-03-31": "$118", "2006-12-31": "$-20", "2006-09-30": "$2", "2006-06-30": "$13", "2006-03-31": "$6"}}, "eps-earnings-per-share-diluted": {"Cinemark Holdings Inc Annual EPS": {"2019": "$1.63", "2018": "$1.83", "2017": "$2.26", "2016": "$2.19", "2015": "$1.87", "2014": "$1.66", "2013": "$1.28", "2012": "$1.47", "2011": "$1.14", "2010": "$1.29", "2009": "$0.87", "2008": "$-0.45", "2007": "$0.85", "2006": "$0.01", "2005": "$-0.31"}, "Cinemark Holdings Inc Quarterly EPS": {"2020-09-30": "$-1.25", "2020-06-30": "$-1.45", "2020-03-31": "$-0.51", "2019-12-31": "$0.22", "2019-09-30": "$0.27", "2019-06-30": "$0.86", "2019-03-31": "$0.28", "2018-12-31": "$0.17", "2018-09-30": "$0.43", "2018-06-30": "$0.70", "2018-03-31": "$0.53", "2017-12-31": "$0.81", "2017-09-30": "$0.33", "2017-06-30": "$0.44", "2017-03-31": "$0.68", "2016-12-31": "$0.67", "2016-09-30": "$0.56", "2016-06-30": "$0.46", "2016-03-31": "$0.50", "2015-12-31": "$0.49", "2015-09-30": "$0.40", "2015-06-30": "$0.61", "2015-03-31": "$0.37", "2014-12-31": "$0.40", "2014-09-30": "$0.33", "2014-06-30": "$0.62", "2014-03-31": "$0.31", "2013-12-31": "$0.13", "2013-09-30": "$0.69", "2013-06-30": "$0.18", "2013-03-31": "$0.28", "2012-12-31": "$0.24", "2012-09-30": "$0.41", "2012-06-30": "$0.45", "2012-03-31": "$0.37", "2011-12-31": "$0.16", "2011-09-30": "$0.41", "2011-06-30": "$0.35", "2011-03-31": "$0.22", "2010-12-31": "$0.34", "2010-09-30": "$0.29", "2010-06-30": "$0.35", "2010-03-31": "$0.31", "2009-12-31": "$0.35", "2009-09-30": "$0.19", "2009-06-30": "$0.17", "2009-03-31": "$0.16", "2008-12-31": "$-0.83", "2008-09-30": "$0.19", "2008-06-30": "$0.14", "2008-03-31": "$0.05", "2007-12-31": "$-0.63", "2007-09-30": "$-0.22", "2007-06-30": "$0.45", "2007-03-31": "$1.25", "2006-12-31": "$-0.24", "2006-09-30": "$0.03", "2006-06-30": "$0.15", "2006-03-31": "$0.07"}}, "shares-outstanding": {"Cinemark Holdings Inc Annual Shares Outstanding (Millions of Shares)": {"2019": "117", "2018": "116", "2017": "116", "2016": "116", "2015": "115", "2014": "115", "2013": "114", "2012": "114", "2011": "113", "2010": "112", "2009": "110", "2008": "107", "2007": "105", "2006": "87", "2005": "82"}, "Cinemark Holdings Inc Quarterly Shares Outstanding (Millions of Shares)": {"2020-09-30": "117", "2020-06-30": "117", "2020-03-31": "116", "2019-12-31": "117", "2019-09-30": "117", "2019-06-30": "117", "2019-03-31": "116", "2018-12-31": "116", "2018-09-30": "116", "2018-06-30": "116", "2018-03-31": "116", "2017-12-31": "116", "2017-09-30": "116", "2017-06-30": "116", "2017-03-31": "116", "2016-12-31": "116", "2016-09-30": "116", "2016-06-30": "116", "2016-03-31": "116", "2015-12-31": "115", "2015-09-30": "115", "2015-06-30": "115", "2015-03-31": "115", "2014-12-31": "115", "2014-09-30": "115", "2014-06-30": "115", "2014-03-31": "115", "2013-12-31": "114", "2013-09-30": "114", "2013-06-30": "114", "2013-03-31": "114", "2012-12-31": "114", "2012-09-30": "114", "2012-06-30": "114", "2012-03-31": "113", "2011-12-31": "113", "2011-09-30": "113", "2011-06-30": "113", "2011-03-31": "113", "2010-12-31": "112", "2010-09-30": "113", "2010-06-30": "112", "2010-03-31": "111", "2009-12-31": "110", "2009-09-30": "110", "2009-06-30": "110", "2009-03-31": "110", "2008-12-31": "107", "2008-09-30": "109", "2008-06-30": "109", "2008-03-31": "109", "2007-12-31": "105", "2007-09-30": "106", "2007-06-30": "105", "2007-03-31": "95", "2006-12-31": "87", "2006-09-30": "85", "2006-06-30": "85", "2006-03-31": "85"}}, "total-assets": {"Cinemark Holdings Inc Annual Total Assets (Millions of US $)": {"2019": "$5,828", "2018": "$4,482", "2017": "$4,471", "2016": "$4,307", "2015": "$4,126", "2014": "$4,121", "2013": "$4,144", "2012": "$3,863", "2011": "$3,522", "2010": "$3,421", "2009": "$3,276", "2008": "$3,066", "2007": "$3,297", "2006": "$3,172", "2005": "$0"}, "Cinemark Holdings Inc Quarterly Total Assets (Millions of US $)": {"2020-09-30": "$5,803", "2020-06-30": "$5,690", "2020-03-31": "$5,633", "2019-12-31": "$5,828", "2019-09-30": "$5,752", "2019-06-30": "$5,902", "2019-03-31": "$5,791", "2018-12-31": "$4,482", "2018-09-30": "$4,398", "2018-06-30": "$4,455", "2018-03-31": "$4,413", "2017-12-31": "$4,471", "2017-09-30": "$4,372", "2017-06-30": "$4,355", "2017-03-31": "$4,383", "2016-12-31": "$4,307", "2016-09-30": "$4,177", "2016-06-30": "$4,216", "2016-03-31": "$4,129", "2015-12-31": "$4,126", "2015-09-30": "$4,044", "2015-06-30": "$4,164", "2015-03-31": "$4,046", "2014-12-31": "$4,121", "2014-09-30": "$4,060", "2014-06-30": "$4,116", "2014-03-31": "$4,089", "2013-12-31": "$4,144", "2013-09-30": "$4,083", "2013-06-30": "$4,112", "2013-03-31": "$3,857", "2012-12-31": "$3,863", "2012-09-30": "$3,581", "2012-06-30": "$3,542", "2012-03-31": "$3,575", "2011-12-31": "$3,522", "2011-09-30": "$3,458", "2011-06-30": "$3,504", "2011-03-31": "$3,404", "2010-12-31": "$3,421", "2010-09-30": "$3,312", "2010-06-30": "$3,305", "2010-03-31": "$3,283", "2009-12-31": "$3,276", "2009-09-30": "$3,179", "2009-06-30": "$3,208", "2009-03-31": "$3,088", "2008-12-31": "$3,066", "2008-09-30": "$3,250", "2008-06-30": "$3,333", "2008-03-31": "$3,241", "2007-12-31": "$3,297", "2007-09-30": "$3,290", "2007-06-30": "$3,361", "2007-03-31": "$3,115", "2006-12-31": "$3,172", "2006-09-30": "$0", "2006-06-30": "$0", "2006-03-31": "$0"}}, "cash-on-hand": {"Cinemark Holdings Inc Annual Cash on Hand (Millions of US $)": {"2019": "$488", "2018": "$426", "2017": "$523", "2016": "$561", "2015": "$589", "2014": "$639", "2013": "$600", "2012": "$743", "2011": "$521", "2010": "$465", "2009": "$438", "2008": "$350", "2007": "$338", "2006": "$147", "2005": "$"}, "Cinemark Holdings Inc Quarterly Cash on Hand (Millions of US $)": {"2020-09-30": "$826", "2020-06-30": "$572", "2020-03-31": "$479", "2019-12-31": "$488", "2019-09-30": "$483", "2019-06-30": "$511", "2019-03-31": "$425", "2018-12-31": "$426", "2018-09-30": "$367", "2018-06-30": "$505", "2018-03-31": "$474", "2017-12-31": "$523", "2017-09-30": "$469", "2017-06-30": "$504", "2017-03-31": "$584", "2016-12-31": "$561", "2016-09-30": "$527", "2016-06-30": "$584", "2016-03-31": "$584", "2015-12-31": "$589", "2015-09-30": "$503", "2015-06-30": "$576", "2015-03-31": "$533", "2014-12-31": "$639", "2014-09-30": "$547", "2014-06-30": "$578", "2014-03-31": "$563", "2013-12-31": "$600", "2013-09-30": "$480", "2013-06-30": "$515", "2013-03-31": "$724", "2012-12-31": "$743", "2012-09-30": "$541", "2012-06-30": "$524", "2012-03-31": "$529", "2011-12-31": "$521", "2011-09-30": "$511", "2011-06-30": "$551", "2011-03-31": "$463", "2010-12-31": "$465", "2010-09-30": "$430", "2010-06-30": "$436", "2010-03-31": "$433", "2009-12-31": "$438", "2009-09-30": "$359", "2009-06-30": "$383", "2009-03-31": "$306", "2008-12-31": "$350", "2008-09-30": "$371", "2008-06-30": "$396", "2008-03-31": "$305", "2007-12-31": "$338", "2007-09-30": "$333", "2007-06-30": "$387", "2007-03-31": "$163", "2006-12-31": "$147", "2006-09-30": "", "2006-06-30": "", "2006-03-31": ""}}, "long-term-debt": {"Cinemark Holdings Inc Annual Long Term Debt (Millions of US $)": {"2019": "$1,912", "2018": "$2,005", "2017": "$2,032", "2016": "$2,017", "2015": "$1,982", "2014": "$1,985", "2013": "$2,025", "2012": "$1,894", "2011": "$1,692", "2010": "$1,654", "2009": "$1,665", "2008": "$1,614", "2007": "$1,631", "2006": "$2,010", "2005": "$"}, "Cinemark Holdings Inc Quarterly Long Term Debt (Millions of US $)": {"2020-09-30": "$2,495", "2020-06-30": "$2,250", "2020-03-31": "$2,007", "2019-12-31": "$1,912", "2019-09-30": "$1,898", "2019-06-30": "$1,902", "2019-03-31": "$1,907", "2018-12-31": "$2,005", "2018-09-30": "$2,003", "2018-06-30": "$2,014", "2018-03-31": "$2,021", "2017-12-31": "$2,032", "2017-09-30": "$2,034", "2017-06-30": "$2,011", "2017-03-31": "$2,012", "2016-12-31": "$2,017", "2016-09-30": "$1,996", "2016-06-30": "$1,999", "2016-03-31": "$2,000", "2015-12-31": "$1,982", "2015-09-30": "$2,007", "2015-06-30": "$2,013", "2015-03-31": "$2,009", "2014-12-31": "$1,985", "2014-09-30": "$2,017", "2014-06-30": "$2,020", "2014-03-31": "$2,024", "2013-12-31": "$2,025", "2013-09-30": "$2,026", "2013-06-30": "$2,033", "2013-03-31": "$1,896", "2012-12-31": "$1,894", "2012-09-30": "$1,679", "2012-06-30": "$1,684", "2012-03-31": "$1,690", "2011-12-31": "$1,692", "2011-09-30": "$1,690", "2011-06-30": "$1,691", "2011-03-31": "$1,650", "2010-12-31": "$1,654", "2010-09-30": "$1,654", "2010-06-30": "$1,658", "2010-03-31": "$1,661", "2009-12-31": "$1,665", "2009-09-30": "$1,669", "2009-06-30": "$1,691", "2009-03-31": "$1,639", "2008-12-31": "$1,614", "2008-09-30": "$1,645", "2008-06-30": "$1,639", "2008-03-31": "$1,635", "2007-12-31": "$1,631", "2007-09-30": "$1,640", "2007-06-30": "$1,674", "2007-03-31": "$1,665", "2006-12-31": "$2,010", "2006-09-30": "", "2006-06-30": "", "2006-03-31": ""}}, "total-liabilities": {"Cinemark Holdings Inc Annual Total Liabilities (Millions of US $)": {"2019": "$4,380", "2018": "$3,073", "2017": "$3,065", "2016": "$3,034", "2015": "$3,016", "2014": "$2,997", "2013": "$3,042", "2012": "$2,768", "2011": "$2,499", "2010": "$2,388", "2009": "$2,362", "2008": "$2,241", "2007": "$2,278", "2006": "$2,482", "2005": "$"}, "Cinemark Holdings Inc Quarterly Total Liabilities (Millions of US $)": {"2020-09-30": "$4,784", "2020-06-30": "$4,591", "2020-03-31": "$4,367", "2019-12-31": "$4,380", "2019-09-30": "$4,255", "2019-06-30": "$4,375", "2019-03-31": "$4,327", "2018-12-31": "$3,073", "2018-09-30": "$2,928", "2018-06-30": "$2,991", "2018-03-31": "$2,941", "2017-12-31": "$3,065", "2017-09-30": "$3,020", "2017-06-30": "$3,019", "2017-03-31": "$3,050", "2016-12-31": "$3,034", "2016-09-30": "$2,943", "2016-06-30": "$3,016", "2016-03-31": "$2,978", "2015-12-31": "$3,016", "2015-09-30": "$2,948", "2015-06-30": "$3,029", "2015-03-31": "$2,953", "2014-12-31": "$2,997", "2014-09-30": "$2,931", "2014-06-30": "$2,960", "2014-03-31": "$2,989", "2013-12-31": "$3,042", "2013-09-30": "$2,973", "2013-06-30": "$3,038", "2013-03-31": "$2,746", "2012-12-31": "$2,768", "2012-09-30": "$2,493", "2012-06-30": "$2,484", "2012-03-31": "$2,509", "2011-12-31": "$2,499", "2011-09-30": "$2,429", "2011-06-30": "$2,424", "2011-03-31": "$2,354", "2010-12-31": "$2,388", "2010-09-30": "$2,317", "2010-06-30": "$2,345", "2010-03-31": "$2,344", "2009-12-31": "$2,362", "2009-09-30": "$2,296", "2009-06-30": "$2,344", "2009-03-31": "$2,264", "2008-12-31": "$2,241", "2008-09-30": "$2,268", "2008-06-30": "$2,300", "2008-03-31": "$2,238", "2007-12-31": "$2,278", "2007-09-30": "$2,203", "2007-06-30": "$2,236", "2007-03-31": "$2,307", "2006-12-31": "$2,482", "2006-09-30": "", "2006-06-30": "", "2006-03-31": ""}}, "total-share-holder-equity": {"Cinemark Holdings Inc Annual Share Holder Equity (Millions of US $)": {"2019": "$1,448", "2018": "$1,409", "2017": "$1,406", "2016": "$1,273", "2015": "$1,111", "2014": "$1,123", "2013": "$1,102", "2012": "$1,095", "2011": "$1,024", "2010": "$1,033", "2009": "$915", "2008": "$824", "2007": "$1,019", "2006": "$689", "2005": "$"}, "Cinemark Holdings Inc Quarterly Share Holder Equity (Millions of US $)": {"2020-09-30": "$1,018", "2020-06-30": "$1,099", "2020-03-31": "$1,266", "2019-12-31": "$1,448", "2019-09-30": "$1,496", "2019-06-30": "$1,528", "2019-03-31": "$1,464", "2018-12-31": "$1,409", "2018-09-30": "$1,470", "2018-06-30": "$1,464", "2018-03-31": "$1,472", "2017-12-31": "$1,406", "2017-09-30": "$1,352", "2017-06-30": "$1,335", "2017-03-31": "$1,333", "2016-12-31": "$1,273", "2016-09-30": "$1,234", "2016-06-30": "$1,200", "2016-03-31": "$1,151", "2015-12-31": "$1,111", "2015-09-30": "$1,096", "2015-06-30": "$1,136", "2015-03-31": "$1,093", "2014-12-31": "$1,123", "2014-09-30": "$1,129", "2014-06-30": "$1,156", "2014-03-31": "$1,100", "2013-12-31": "$1,102", "2013-09-30": "$1,110", "2013-06-30": "$1,074", "2013-03-31": "$1,111", "2012-12-31": "$1,095", "2012-09-30": "$1,088", "2012-06-30": "$1,058", "2012-03-31": "$1,066", "2011-12-31": "$1,024", "2011-09-30": "$1,030", "2011-06-30": "$1,079", "2011-03-31": "$1,050", "2010-12-31": "$1,033", "2010-09-30": "$995", "2010-06-30": "$960", "2010-03-31": "$939", "2009-12-31": "$915", "2009-09-30": "$883", "2009-06-30": "$864", "2009-03-31": "$823", "2008-12-31": "$824", "2008-09-30": "$982", "2008-06-30": "$1,033", "2008-03-31": "$1,003", "2007-12-31": "$1,019", "2007-09-30": "$1,088", "2007-06-30": "$1,125", "2007-03-31": "$808", "2006-12-31": "$689", "2006-09-30": "", "2006-06-30": "", "2006-03-31": ""}}, "profit-margins": {"current": "-25.51%"}, "gross margin": {"2020-09-30": "20.62%", "2020-06-30": "31.15%", "2020-03-31": "37.13%", "2019-12-31": "38.12%", "2019-09-30": "38.81%", "2019-06-30": "39.13%", "2019-03-31": "38.91%", "2018-12-31": "39.43%", "2018-09-30": "39.49%", "2018-06-30": "39.46%", "2018-03-31": "39.10%", "2017-12-31": "39.27%", "2017-09-30": "38.57%", "2017-06-30": "38.79%", "2017-03-31": "38.74%", "2016-12-31": "38.51%", "2016-09-30": "38.84%", "2016-06-30": "38.48%", "2016-03-31": "38.46%", "2015-12-31": "38.08%", "2015-09-30": "38.04%", "2015-06-30": "37.90%", "2015-03-31": "37.87%", "2014-12-31": "37.53%", "2014-09-30": "37.00%", "2014-06-30": "37.55%", "2014-03-31": "37.62%", "2013-12-31": "37.78%", "2013-09-30": "38.12%", "2013-06-30": "37.82%", "2013-03-31": "37.77%", "2012-12-31": "38.06%", "2012-09-30": "37.60%", "2012-06-30": "37.42%", "2012-03-31": "37.21%", "2011-12-31": "36.49%", "2011-09-30": "36.36%", "2011-06-30": "36.09%", "2011-03-31": "36.02%", "2010-12-31": "36.34%", "2010-09-30": "36.62%", "2010-06-30": "36.38%", "2010-03-31": "36.12%", "2009-12-31": "36.12%", "2009-09-30": "35.64%", "2009-06-30": "35.61%", "2009-03-31": "35.43%", "2008-12-31": "35.13%", "2008-09-30": "35.26%", "2008-06-30": "35.95%", "2008-03-31": "35.89%", "2007-12-31": "36.15%", "2007-09-30": "36.88%", "2007-06-30": "36.52%", "2007-03-31": "36.88%", "2006-12-31": "36.77%"}, "operating margin": {"2020-09-30": "-29.19%", "2020-06-30": "-6.10%", "2020-03-31": "7.65%", "2019-12-31": "10.29%", "2019-09-30": "10.60%", "2019-06-30": "11.57%", "2019-03-31": "10.90%", "2018-12-31": "12.08%", "2018-09-30": "12.64%", "2018-06-30": "12.52%", "2018-03-31": "12.13%", "2017-12-31": "13.10%", "2017-09-30": "13.18%", "2017-06-30": "14.40%", "2017-03-31": "14.70%", "2016-12-31": "14.53%", "2016-09-30": "14.97%", "2016-06-30": "14.67%", "2016-03-31": "15.35%", "2015-12-31": "14.80%", "2015-09-30": "14.94%", "2015-06-30": "14.61%", "2015-03-31": "14.42%", "2014-12-31": "13.82%", "2014-09-30": "13.29%", "2014-06-30": "14.69%", "2014-03-31": "15.27%", "2013-12-31": "15.50%", "2013-09-30": "15.92%", "2013-06-30": "15.08%", "2013-03-31": "14.73%", "2012-12-31": "15.47%", "2012-09-30": "14.92%", "2012-06-30": "15.18%", "2012-03-31": "14.65%", "2011-12-31": "13.51%", "2011-09-30": "13.88%", "2011-06-30": "13.16%", "2011-03-31": "12.86%", "2010-12-31": "13.73%", "2010-09-30": "13.94%", "2010-06-30": "13.50%", "2010-03-31": "13.20%", "2009-12-31": "12.75%", "2009-09-30": "5.35%", "2009-06-30": "5.25%", "2009-03-31": "4.41%", "2008-12-31": "3.50%", "2008-09-30": "8.86%", "2008-06-30": "9.64%", "2008-03-31": "9.21%", "2007-12-31": "6.72%", "2007-09-30": "7.67%", "2007-06-30": "6.21%", "2007-03-31": "6.80%", "2006-12-31": "10.40%"}, "ebitda margin": {"2020-09-30": "-11.40%", "2020-06-30": "5.36%", "2020-03-31": "15.68%", "2019-12-31": "18.00%", "2019-09-30": "18.25%", "2019-06-30": "19.29%", "2019-03-31": "18.73%", "2018-12-31": "19.75%", "2018-09-30": "20.33%", "2018-06-30": "20.16%", "2018-03-31": "20.02%", "2017-12-31": "20.79%", "2017-09-30": "20.66%", "2017-06-30": "21.59%", "2017-03-31": "21.68%", "2016-12-31": "21.34%", "2016-09-30": "21.61%", "2016-06-30": "21.18%", "2016-03-31": "21.60%", "2015-12-31": "21.14%", "2015-09-30": "21.25%", "2015-06-30": "21.04%", "2015-03-31": "20.90%", "2014-12-31": "20.25%", "2014-09-30": "19.74%", "2014-06-30": "20.77%", "2014-03-31": "21.18%", "2013-12-31": "21.42%", "2013-09-30": "21.75%", "2013-06-30": "21.03%", "2013-03-31": "20.83%", "2012-12-31": "21.49%", "2012-09-30": "21.09%", "2012-06-30": "21.54%", "2012-03-31": "21.25%", "2011-12-31": "20.48%", "2011-09-30": "21.07%", "2011-06-30": "20.33%", "2011-03-31": "20.08%", "2010-12-31": "20.60%", "2010-09-30": "20.68%", "2010-06-30": "20.63%", "2010-03-31": "20.55%", "2009-12-31": "20.99%", "2009-09-30": "15.04%", "2009-06-30": "15.59%", "2009-03-31": "15.68%", "2008-12-31": "15.10%", "2008-09-30": "20.27%", "2008-06-30": "21.08%", "2008-03-31": "20.70%", "2007-12-31": "18.31%", "2007-09-30": "19.10%", "2007-06-30": "17.76%", "2007-03-31": "18.40%", "2006-12-31": "21.95%"}, "pre tax profit margin": {"2020-09-30": "-40.52%", "2020-06-30": "-11.23%", "2020-03-31": "5.33%", "2019-12-31": "8.34%", "2019-09-30": "8.72%", "2019-06-30": "9.55%", "2019-03-31": "8.52%", "2018-12-31": "9.66%", "2018-09-30": "10.43%", "2018-06-30": "10.45%", "2018-03-31": "10.26%", "2017-12-31": "11.53%", "2017-09-30": "11.69%", "2017-06-30": "12.93%", "2017-03-31": "13.13%", "2016-12-31": "12.37%", "2016-09-30": "12.79%", "2016-06-30": "12.04%", "2016-03-31": "12.77%", "2015-12-31": "12.20%", "2015-09-30": "11.87%", "2015-06-30": "11.63%", "2015-03-31": "11.31%", "2014-12-31": "11.04%", "2014-09-30": "10.81%", "2014-06-30": "12.56%", "2014-03-31": "10.12%", "2013-12-31": "9.84%", "2013-09-30": "9.98%", "2013-06-30": "8.61%", "2013-03-31": "11.05%", "2012-12-31": "12.00%", "2012-09-30": "10.88%", "2012-06-30": "10.85%", "2012-03-31": "10.19%", "2011-12-31": "8.99%", "2011-09-30": "9.92%", "2011-06-30": "9.05%", "2011-03-31": "8.78%", "2010-12-31": "9.72%", "2010-09-30": "9.85%", "2010-06-30": "9.38%", "2010-03-31": "8.17%", "2009-12-31": "7.33%", "2009-09-30": "-0.16%", "2009-06-30": "-0.27%", "2009-03-31": "-0.06%", "2008-12-31": "-1.38%", "2008-09-30": "3.42%", "2008-06-30": "3.72%", "2008-03-31": "3.40%", "2007-12-31": "12.01%", "2007-09-30": "11.66%", "2007-06-30": "11.15%", "2007-03-31": "12.20%", "2006-12-31": "1.15%"}, "net profit margin": {"2020-09-30": "-25.56%", "2020-06-30": "-7.99%", "2020-03-31": "3.15%", "2019-12-31": "5.82%", "2019-09-30": "5.65%", "2019-06-30": "6.36%", "2019-03-31": "5.89%", "2018-12-31": "6.67%", "2018-09-30": "9.11%", "2018-06-30": "8.85%", "2018-03-31": "8.22%", "2017-12-31": "8.79%", "2017-09-30": "8.29%", "2017-06-30": "9.06%", "2017-03-31": "9.19%", "2016-12-31": "8.74%", "2016-09-30": "8.07%", "2016-06-30": "7.56%", "2016-03-31": "7.97%", "2015-12-31": "7.57%", "2015-09-30": "7.34%", "2015-06-30": "7.19%", "2015-03-31": "7.49%", "2014-12-31": "7.31%", "2014-09-30": "6.11%", "2014-06-30": "7.36%", "2014-03-31": "5.44%", "2013-12-31": "5.48%", "2013-09-30": "6.01%", "2013-06-30": "5.04%", "2013-03-31": "6.46%", "2012-12-31": "6.75%", "2012-09-30": "6.59%", "2012-06-30": "6.53%", "2012-03-31": "6.14%", "2011-12-31": "5.66%", "2011-09-30": "6.52%", "2011-06-30": "6.17%", "2011-03-31": "6.41%", "2010-12-31": "6.77%", "2010-09-30": "6.88%", "2010-06-30": "6.51%", "2010-03-31": "5.56%", "2009-12-31": "4.96%", "2009-09-30": "-1.73%", "2009-06-30": "-1.81%", "2009-03-31": "-2.04%", "2008-12-31": "-2.81%", "2008-09-30": "-0.75%", "2008-06-30": "-3.25%", "2008-03-31": "-1.41%", "2007-12-31": "5.29%", "2007-09-30": "7.32%", "2007-06-30": "9.88%", "2007-03-31": "8.35%", "2006-12-31": "0.08%"}, "pe ratio": {"current": "0.00", "2021-02-05": "0.00", "2020-09-30": "0.00", "2020-06-30": "0.00", "2020-03-31": "12.13", "2019-12-31": "20.45", "2019-09-30": "23.84", "2019-06-30": "20.05", "2019-03-31": "24.23", "2018-12-31": "18.57", "2018-09-30": "15.26", "2018-06-30": "13.75", "2018-03-31": "16.43", "2017-12-31": "14.07", "2017-09-30": "15.62", "2017-06-30": "14.98", "2017-03-31": "16.83", "2016-12-31": "15.65", "2016-09-30": "16.74", "2016-06-30": "17.19", "2016-03-31": "15.52", "2015-12-31": "15.35", "2015-09-30": "15.56", "2015-06-30": "19.88", "2015-03-31": "22.04", "2014-12-31": "17.91", "2014-09-30": "20.45", "2014-06-30": "16.76", "2014-03-31": "18.22", "2013-12-31": "21.24", "2013-09-30": "18.49", "2013-06-30": "20.20", "2013-03-31": "17.01", "2012-12-31": "13.98", "2012-09-30": "12.67", "2012-06-30": "12.79", "2012-03-31": "13.11", "2011-12-31": "12.38", "2011-09-30": "10.88", "2011-06-30": "13.00", "2011-03-31": "12.03", "2010-12-31": "9.85", "2010-09-30": "8.89", "2010-06-30": "7.77", "2010-03-31": "12.57", "2009-12-31": "11.41", "2009-09-30": "0.00", "2009-06-30": "0.00", "2009-03-31": "0.00", "2008-12-31": "0.00", "2008-09-30": "0.00", "2008-06-30": "0.00", "2008-03-31": "0.00"}, "price sales": {"2021-02-05": "1.68", "2020-09-30": "0.85", "2020-06-30": "0.62", "2020-03-31": "0.38", "2019-12-31": "1.18", "2019-09-30": "1.33", "2019-06-30": "1.26", "2019-03-31": "1.41", "2018-12-31": "1.23", "2018-09-30": "1.39", "2018-06-30": "1.21", "2018-03-31": "1.35", "2017-12-31": "1.24", "2017-09-30": "1.30", "2017-06-30": "1.35", "2017-03-31": "1.54", "2016-12-31": "1.35", "2016-09-30": "1.34", "2016-06-30": "1.29", "2016-03-31": "1.24", "2015-12-31": "1.17", "2015-09-30": "1.14", "2015-06-30": "1.43", "2015-03-31": "1.64", "2014-12-31": "1.31", "2014-09-30": "1.25", "2014-06-30": "1.23", "2014-03-31": "1.00", "2013-12-31": "1.16", "2013-09-30": "1.11", "2013-06-30": "1.02", "2013-03-31": "1.09", "2012-12-31": "0.94", "2012-09-30": "0.83", "2012-06-30": "0.84", "2012-03-31": "0.81", "2011-12-31": "0.70", "2011-09-30": "0.71", "2011-06-30": "0.80", "2011-03-31": "0.76", "2010-12-31": "0.66", "2010-09-30": "0.60", "2010-06-30": "0.50", "2010-03-31": "0.69", "2009-12-31": "0.56", "2009-09-30": "0.42", "2009-06-30": "0.46", "2009-03-31": "0.38", "2008-12-31": "0.30", "2008-09-30": "0.54", "2008-06-30": "0.51", "2008-03-31": "0.49"}, "price book": {"current": "2.30", "2021-02-05": "2.30", "2020-09-30": "1.16", "2020-06-30": "1.24", "2020-03-31": "0.95", "2019-12-31": "2.70", "2019-09-30": "2.95", "2019-06-30": "2.67", "2019-03-31": "3.06", "2018-12-31": "2.82", "2018-09-30": "3.01", "2018-06-30": "2.61", "2018-03-31": "2.76", "2017-12-31": "2.65", "2017-09-30": "2.84", "2017-06-30": "3.06", "2017-03-31": "3.47", "2016-12-31": "3.11", "2016-09-30": "3.19", "2016-06-30": "3.10", "2016-03-31": "3.15", "2015-12-31": "3.01", "2015-09-30": "2.95", "2015-06-30": "3.49", "2015-03-31": "4.04", "2014-12-31": "3.08", "2014-09-30": "2.91", "2014-06-30": "2.93", "2014-03-31": "2.51", "2013-12-31": "2.85", "2013-09-30": "2.67", "2013-06-30": "2.41", "2013-03-31": "2.44", "2012-12-31": "2.16", "2012-09-30": "1.86", "2012-06-30": "1.93", "2012-03-31": "1.82", "2011-12-31": "1.57", "2011-09-30": "1.58", "2011-06-30": "1.64", "2011-03-31": "1.56", "2010-12-31": "1.39", "2010-09-30": "1.33", "2010-06-30": "1.11", "2010-03-31": "1.55", "2009-12-31": "1.22", "2009-09-30": "0.88", "2009-06-30": "0.97", "2009-03-31": "0.83", "2008-12-31": "0.64", "2008-09-30": "0.94", "2008-06-30": "0.85", "2008-03-31": "0.84", "2007-12-31": "1.09", "2007-09-30": "1.09", "2007-06-30": "1.01"}, "price fcf": {"2021-02-05": "", "2020-09-30": "$-1.58", "2020-06-30": "$-1.09", "2020-03-31": "$1.41", "2019-12-31": "$2.24", "2019-09-30": "$2.73", "2019-06-30": "$2.44", "2019-03-31": "$2.21", "2018-12-31": "$1.85", "2018-09-30": "$1.78", "2018-06-30": "$1.85", "2018-03-31": "$0.90", "2017-12-31": "$1.41", "2017-09-30": "$1.31", "2017-06-30": "$1.18", "2017-03-31": "$1.58", "2016-12-31": "$1.21", "2016-09-30": "$1.60", "2016-06-30": "$1.50", "2016-03-31": "$1.84", "2015-12-31": "$1.16", "2015-09-30": "$1.25", "2015-06-30": "$1.60", "2015-03-31": "$1.26", "2014-12-31": "$1.85", "2014-09-30": "$0.91", "2014-06-30": "$0.88", "2014-03-31": "$0.70", "2013-12-31": "$0.74", "2013-09-30": "$0.85", "2013-06-30": "$1.19", "2013-03-31": "$1.22", "2012-12-31": "$1.55", "2012-09-30": "$1.50", "2012-06-30": "$1.71", "2012-03-31": "$2.10", "2011-12-31": "$1.88", "2011-09-30": "$2.05", "2011-06-30": "$1.58", "2011-03-31": "$1.17", "2010-12-31": "$1.16", "2010-09-30": "$1.60", "2010-06-30": "$1.61", "2010-03-31": "$0.45", "2009-12-31": "$0.49", "2009-09-30": "$0.02", "2009-06-30": "$-0.03", "2009-03-31": "$1.73", "2008-12-31": "$1.43", "2008-09-30": "$1.50", "2008-06-30": "$1.40", "2008-03-31": "$1.56"}, "net worth": {"value": "$2.34B"}, "current ratio": {"2020-09-30": "1.58", "2020-06-30": "1.25", "2020-03-31": "0.98", "2019-12-31": "0.90", "2019-09-30": "0.93", "2019-06-30": "0.95", "2019-03-31": "0.83", "2018-12-31": "1.18", "2018-09-30": "1.24", "2018-06-30": "1.43", "2018-03-31": "1.53", "2017-12-31": "1.40", "2017-09-30": "1.50", "2017-06-30": "1.52", "2017-03-31": "1.61", "2016-12-31": "1.53", "2016-09-30": "1.81", "2016-06-30": "1.64", "2016-03-31": "1.76", "2015-12-31": "1.63", "2015-09-30": "1.80", "2015-06-30": "1.70", "2015-03-31": "1.79", "2014-12-31": "1.79", "2014-09-30": "2.09", "2014-06-30": "2.06", "2014-03-31": "1.93", "2013-12-31": "1.84", "2013-09-30": "1.85", "2013-06-30": "1.67", "2013-03-31": "2.55", "2012-12-31": "2.50", "2012-09-30": "2.25", "2012-06-30": "2.16", "2012-03-31": "2.09", "2011-12-31": "2.06", "2011-09-30": "2.23", "2011-06-30": "2.40", "2011-03-31": "2.24", "2010-12-31": "2.12", "2010-09-30": "2.35", "2010-06-30": "2.05", "2010-03-31": "1.97", "2009-12-31": "1.81", "2009-09-30": "1.93", "2009-06-30": "1.83", "2009-03-31": "1.70", "2008-12-31": "1.75", "2008-09-30": "1.99", "2008-06-30": "2.00", "2008-03-31": "2.12", "2007-12-31": "1.90", "2007-09-30": "2.05", "2007-06-30": "1.81", "2007-03-31": "0.70", "2006-12-31": "0.89", "2006-09-30": "0.00", "2006-06-30": "0.00", "2006-03-31": "0.00"}, "quick ratio": {"2020-09-30": "1.55", "2020-06-30": "1.22", "2020-03-31": "0.95", "2019-12-31": "0.87", "2019-09-30": "0.90", "2019-06-30": "0.92", "2019-03-31": "0.80", "2018-12-31": "1.14", "2018-09-30": "1.20", "2018-06-30": "1.39", "2018-03-31": "1.48", "2017-12-31": "1.37", "2017-09-30": "1.46", "2017-06-30": "1.48", "2017-03-31": "1.57", "2016-12-31": "1.49", "2016-09-30": "1.76", "2016-06-30": "1.60", "2016-03-31": "1.72", "2015-12-31": "1.59", "2015-09-30": "1.76", "2015-06-30": "1.67", "2015-03-31": "1.75", "2014-12-31": "1.76", "2014-09-30": "2.06", "2014-06-30": "2.02", "2014-03-31": "1.89", "2013-12-31": "1.81", "2013-09-30": "1.81", "2013-06-30": "1.63", "2013-03-31": "2.52", "2012-12-31": "2.46", "2012-09-30": "2.21", "2012-06-30": "2.12", "2012-03-31": "2.06", "2011-12-31": "2.02", "2011-09-30": "2.19", "2011-06-30": "2.35", "2011-03-31": "2.20", "2010-12-31": "2.08", "2010-09-30": "2.30", "2010-06-30": "2.01", "2010-03-31": "1.93", "2009-12-31": "1.77", "2009-09-30": "1.89", "2009-06-30": "1.79", "2009-03-31": "1.67", "2008-12-31": "1.71", "2008-09-30": "1.96", "2008-06-30": "1.96", "2008-03-31": "2.08", "2007-12-31": "1.86", "2007-09-30": "2.01", "2007-06-30": "1.78", "2007-03-31": "0.68", "2006-12-31": "0.87", "2006-09-30": "0.00", "2006-06-30": "0.00", "2006-03-31": "0.00"}, "debt equity ratio": {"current": "2.45", "2020-09-30": "4.70", "2020-06-30": "4.18", "2020-03-31": "3.45", "2019-12-31": "3.02", "2019-09-30": "2.84", "2019-06-30": "2.86", "2019-03-31": "2.96", "2018-12-31": "2.18", "2018-09-30": "1.99", "2018-06-30": "2.04", "2018-03-31": "2.00", "2017-12-31": "2.18", "2017-09-30": "2.23", "2017-06-30": "2.26", "2017-03-31": "2.29", "2016-12-31": "2.38", "2016-09-30": "2.39", "2016-06-30": "2.51", "2016-03-31": "2.59", "2015-12-31": "2.72", "2015-09-30": "2.69", "2015-06-30": "2.67", "2015-03-31": "2.70", "2014-12-31": "2.67", "2014-09-30": "2.60", "2014-06-30": "2.56", "2014-03-31": "2.72", "2013-12-31": "2.76", "2013-09-30": "2.68", "2013-06-30": "2.83", "2013-03-31": "2.47", "2012-12-31": "2.53", "2012-09-30": "2.29", "2012-06-30": "2.35", "2012-03-31": "2.35", "2011-12-31": "2.44", "2011-09-30": "2.36", "2011-06-30": "2.25", "2011-03-31": "2.24", "2010-12-31": "2.31", "2010-09-30": "2.33", "2010-06-30": "2.44", "2010-03-31": "2.50", "2009-12-31": "2.58", "2009-09-30": "2.60", "2009-06-30": "2.71", "2009-03-31": "2.75", "2008-12-31": "2.72", "2008-09-30": "2.31", "2008-06-30": "2.23", "2008-03-31": "2.23", "2007-12-31": "2.24", "2007-09-30": "2.03", "2007-06-30": "1.99", "2007-03-31": "2.86", "2006-12-31": "3.60", "2006-09-30": "0.00", "2006-06-30": "0.00", "2006-03-31": "0.00"}, "return on equity": {"2020-09-30": "-29.15%", "2020-06-30": "-13.03%", "2020-03-31": "6.83%", "2019-12-31": "12.87%", "2019-09-30": "12.62%", "2019-06-30": "13.97%", "2019-03-31": "12.81%", "2018-12-31": "14.79%", "2018-09-30": "19.89%", "2018-06-30": "19.46%", "2018-03-31": "17.68%", "2017-12-31": "19.39%", "2017-09-30": "18.44%", "2017-06-30": "21.02%", "2017-03-31": "21.83%", "2016-12-31": "21.00%", "2016-09-30": "20.10%", "2016-06-30": "18.96%", "2016-03-31": "20.65%", "2015-12-31": "19.48%", "2015-09-30": "18.53%", "2015-06-30": "17.67%", "2015-03-31": "17.77%", "2014-12-31": "17.04%", "2014-09-30": "14.26%", "2014-06-30": "17.99%", "2014-03-31": "13.59%", "2013-12-31": "13.37%", "2013-09-30": "14.49%", "2013-06-30": "11.63%", "2013-03-31": "14.52%", "2012-12-31": "15.51%", "2012-09-30": "14.92%", "2012-06-30": "15.03%", "2012-03-31": "13.91%", "2011-12-31": "12.34%", "2011-09-30": "14.12%", "2011-06-30": "12.99%", "2011-03-31": "13.37%", "2010-12-31": "14.77%", "2010-09-30": "15.54%", "2010-06-30": "14.71%", "2010-03-31": "12.77%", "2009-12-31": "11.25%", "2009-09-30": "-3.77%", "2009-06-30": "-3.78%", "2009-03-31": "-3.93%", "2008-12-31": "-5.10%", "2008-09-30": "-1.29%", "2008-06-30": "-5.41%", "2008-03-31": "-2.27%", "2007-12-31": "8.81%", "2007-09-30": "13.26%", "2007-06-30": "22.58%", "2007-03-31": "30.19%", "2006-12-31": "0.58%"}, "return on assets": {"2020-09-30": "-6.13%", "2020-06-30": "-3.02%", "2020-03-31": "1.70%", "2019-12-31": "3.28%", "2019-09-30": "3.39%", "2019-06-30": "3.99%", "2019-03-31": "3.89%", "2018-12-31": "4.85%", "2018-09-30": "6.52%", "2018-06-30": "6.26%", "2018-03-31": "5.59%", "2017-12-31": "5.98%", "2017-09-30": "5.60%", "2017-06-30": "6.32%", "2017-03-31": "6.44%", "2016-12-31": "6.06%", "2016-09-30": "5.67%", "2016-06-30": "5.23%", "2016-03-31": "5.64%", "2015-12-31": "5.27%", "2015-09-30": "5.03%", "2015-06-30": "4.83%", "2015-03-31": "4.90%", "2014-12-31": "4.69%", "2014-09-30": "3.90%", "2014-06-30": "4.89%", "2014-03-31": "3.63%", "2013-12-31": "3.63%", "2013-09-30": "4.00%", "2013-06-30": "3.30%", "2013-03-31": "4.26%", "2012-12-31": "4.59%", "2012-09-30": "4.44%", "2012-06-30": "4.45%", "2012-03-31": "4.15%", "2011-12-31": "3.72%", "2011-09-30": "4.29%", "2011-06-30": "3.96%", "2011-03-31": "4.02%", "2010-12-31": "4.35%", "2010-09-30": "4.49%", "2010-06-30": "4.17%", "2010-03-31": "3.55%", "2009-12-31": "3.07%", "2009-09-30": "-1.02%", "2009-06-30": "-1.05%", "2009-03-31": "-1.13%", "2008-12-31": "-1.52%", "2008-09-30": "-0.40%", "2008-06-30": "-1.70%", "2008-03-31": "-0.73%", "2007-12-31": "2.73%", "2007-09-30": "3.80%", "2007-06-30": "6.14%", "2007-03-31": "7.19%", "2006-12-31": "0.13%"}, "return on investments": {"2020-09-30": "-11.91%", "2020-06-30": "-3.95%", "2020-03-31": "7.07%", "2019-12-31": "9.97%", "2019-09-30": "10.26%", "2019-06-30": "10.90%", "2019-03-31": "10.02%", "2018-12-31": "11.23%", "2018-09-30": "11.56%", "2018-06-30": "11.37%", "2018-03-31": "10.63%", "2017-12-31": "11.60%", "2017-09-30": "11.61%", "2017-06-30": "13.08%", "2017-03-31": "13.47%", "2016-12-31": "13.18%", "2016-09-30": "13.83%", "2016-06-30": "13.36%", "2016-03-31": "14.31%", "2015-12-31": "13.56%", "2015-09-30": "13.45%", "2015-06-30": "12.86%", "2015-03-31": "12.29%", "2014-12-31": "11.56%", "2014-09-30": "11.07%", "2014-06-30": "12.77%", "2014-03-31": "13.38%", "2013-12-31": "13.44%", "2013-09-30": "13.76%", "2013-06-30": "12.81%", "2013-03-31": "12.52%", "2012-12-31": "13.61%", "2012-09-30": "13.04%", "2012-06-30": "13.35%", "2012-03-31": "12.70%", "2011-12-31": "11.30%", "2011-09-30": "11.58%", "2011-06-30": "10.66%", "2011-03-31": "10.17%", "2010-12-31": "11.14%", "2010-09-30": "11.49%", "2010-06-30": "10.90%", "2010-03-31": "10.62%", "2009-12-31": "9.93%", "2009-09-30": "3.96%", "2009-06-30": "3.81%", "2009-03-31": "3.06%", "2008-12-31": "2.35%", "2008-09-30": "5.78%", "2008-06-30": "6.21%", "2008-03-31": "5.81%", "2007-12-31": "4.24%", "2007-09-30": "4.82%", "2007-06-30": "4.67%", "2007-03-31": "7.12%", "2006-12-31": "18.82%"}, "return on tangible equity": {"2020-09-30": "93.18%", "2020-06-30": "64.55%", "2020-03-31": "-58.51%", "2019-12-31": "-157.20%", "2019-09-30": "-140.91%", "2019-06-30": "-146.95%", "2019-03-31": "-119.04%", "2018-12-31": "-135.65%", "2018-09-30": "-177.85%", "2018-06-30": "-140.25%", "2018-03-31": "-105.47%", "2017-12-31": "-99.91%", "2017-09-30": "-83.92%", "2017-06-30": "-87.04%", "2017-03-31": "-81.00%", "2016-12-31": "-66.36%", "2016-09-30": "-55.92%", "2016-06-30": "-47.45%", "2016-03-31": "-48.97%", "2015-12-31": "-43.92%", "2015-09-30": "-41.34%", "2015-06-30": "-39.74%", "2015-03-31": "-40.00%", "2014-12-31": "-38.02%", "2014-09-30": "-31.07%", "2014-06-30": "-37.40%", "2014-03-31": "-25.82%", "2013-12-31": "-27.48%", "2013-09-30": "-32.04%", "2013-06-30": "-28.30%", "2013-03-31": "-39.95%", "2012-12-31": "-40.56%", "2012-09-30": "-36.66%", "2012-06-30": "-35.03%", "2012-03-31": "-33.47%", "2011-12-31": "-30.11%", "2011-09-30": "-35.47%", "2011-06-30": "-32.53%", "2011-03-31": "-30.42%", "2010-12-31": "-30.69%", "2010-09-30": "-29.37%", "2010-06-30": "-25.52%", "2010-03-31": "-20.73%", "2009-12-31": "-17.02%", "2009-09-30": "5.53%", "2009-06-30": "5.89%", "2009-03-31": "6.77%", "2008-12-31": "9.74%", "2008-09-30": "2.70%", "2008-06-30": "12.14%", "2008-03-31": "5.46%", "2007-12-31": "-18.10%", "2007-09-30": "-20.72%", "2007-06-30": "-30.28%", "2007-03-31": "-28.73%", "2006-12-31": "-0.46%"}, "dividend yield history": {"last payout": "$0.00", "last yield": "0.00%"}}