{"ticker": "CTAS", "price": {"title": "Cintas Historical Annual Stock Price Data", "value": 344.98, "historical": {"2021": {"Average Stock Price": "333.7667", "Year Open": "343.6000", "Year High": "355.0600", "Year Low": "318.1200", "Year Close": "344.9800", "Annual % Change": "-2.40%"}, "2020": {"Average Stock Price": "287.5300", "Year Open": "270.7900", "Year High": "368.6600", "Year Low": "157.0600", "Year Close": "353.4600", "Annual % Change": "31.36%"}, "2019": {"Average Stock Price": "234.0401", "Year Open": "167.4900", "Year High": "276.2600", "Year Low": "164.8100", "Year Close": "269.0800", "Annual % Change": "60.18%"}, "2018": {"Average Stock Price": "182.9754", "Year Open": "156.8500", "Year High": "216.4000", "Year Low": "149.3200", "Year Close": "167.9900", "Annual % Change": "7.80%"}, "2017": {"Average Stock Price": "132.0782", "Year Open": "116.3200", "Year High": "159.8800", "Year Low": "113.6700", "Year Close": "155.8300", "Annual % Change": "34.85%"}, "2016": {"Average Stock Price": "100.0646", "Year Open": "88.2900", "Year High": "120.7100", "Year Low": "80.3300", "Year Close": "115.5600", "Annual % Change": "26.92%"}, "2015": {"Average Stock Price": "85.5628", "Year Open": "78.4500", "Year High": "93.5300", "Year Low": "76.4650", "Year Close": "91.0500", "Annual % Change": "16.08%"}, "2014": {"Average Stock Price": "64.3204", "Year Open": "59.0600", "Year High": "79.8600", "Year Low": "55.6200", "Year Close": "78.4400", "Annual % Change": "31.63%"}, "2013": {"Average Stock Price": "47.8711", "Year Open": "41.9900", "Year High": "59.5900", "Year Low": "41.9200", "Year Close": "59.5900", "Annual % Change": "45.70%"}, "2012": {"Average Stock Price": "39.4818", "Year Open": "35.2400", "Year High": "42.7900", "Year Low": "35.2400", "Year Close": "40.9000", "Annual % Change": "17.49%"}, "2011": {"Average Stock Price": "30.2217", "Year Open": "27.9800", "Year High": "35.2100", "Year Low": "26.8800", "Year Close": "34.8100", "Annual % Change": "24.50%"}, "2010": {"Average Stock Price": "26.6712", "Year Open": "26.3900", "Year High": "29.4400", "Year Low": "23.6600", "Year Close": "27.9600", "Annual % Change": "7.25%"}, "2009": {"Average Stock Price": "25.5124", "Year Open": "23.8700", "Year High": "30.6900", "Year Low": "18.1500", "Year Close": "26.0700", "Annual % Change": "12.23%"}, "2008": {"Average Stock Price": "27.8596", "Year Open": "32.3500", "Year High": "33.3500", "Year Low": "19.8000", "Year Close": "23.2300", "Annual % Change": "-30.90%"}, "2007": {"Average Stock Price": "37.5860", "Year Open": "40.4300", "Year High": "42.8100", "Year Low": "31.5600", "Year Close": "33.6200", "Annual % Change": "-15.34%"}, "2006": {"Average Stock Price": "40.4662", "Year Open": "41.4800", "Year High": "43.9600", "Year Low": "34.9200", "Year Close": "39.7100", "Annual % Change": "-3.45%"}, "2005": {"Average Stock Price": "41.6552", "Year Open": "43.1600", "Year High": "45.3200", "Year Low": "37.5600", "Year Close": "41.1300", "Annual % Change": "-6.22%"}, "2004": {"Average Stock Price": "44.0491", "Year Open": "49.9300", "Year High": "49.9300", "Year Low": "39.7500", "Year Close": "43.8600", "Annual % Change": "-12.46%"}, "2003": {"Average Stock Price": "39.5833", "Year Open": "46.9400", "Year High": "50.2100", "Year Low": "30.9000", "Year Close": "50.1000", "Annual % Change": "9.51%"}, "2002": {"Average Stock Price": "47.6535", "Year Open": "48.6000", "Year High": "56.2800", "Year Low": "39.6000", "Year Close": "45.7500", "Annual % Change": "-4.69%"}, "2001": {"Average Stock Price": "44.4694", "Year Open": "50.3800", "Year High": "52.4200", "Year Low": "34.0000", "Year Close": "48.0000", "Annual % Change": "-9.76%"}, "2000": {"Average Stock Price": "40.2300", "Year Open": "34.7733", "Year High": "53.5600", "Year Low": "24.2533", "Year Close": "53.1900", "Annual % Change": "50.17%"}, "1999": {"Average Stock Price": "41.1892", "Year Open": "46.1267", "Year High": "51.6667", "Year Low": "30.5867", "Year Close": "35.4200", "Annual % Change": "-24.57%"}, "1998": {"Average Stock Price": "33.1624", "Year Open": "26.6667", "Year High": "46.9600", "Year Low": "26.6667", "Year Close": "46.9600", "Annual % Change": "80.62%"}, "1997": {"Average Stock Price": "21.9120", "Year Open": "19.1667", "Year High": "28.0000", "Year Low": "17.3333", "Year Close": "26.0000", "Annual % Change": "32.77%"}, "1996": {"Average Stock Price": "17.7467", "Year Open": "14.9167", "Year High": "20.9167", "Year Low": "14.0417", "Year Close": "19.5833", "Annual % Change": "32.02%"}, "1995": {"Average Stock Price": "13.1225", "Year Open": "12.0000", "Year High": "15.9167", "Year Low": "11.4600", "Year Close": "14.8333", "Annual % Change": "25.35%"}, "1994": {"Average Stock Price": "10.8707", "Year Open": "11.3333", "Year High": "12.0000", "Year Low": "9.9167", "Year Close": "11.8333", "Annual % Change": "4.41%"}, "1993": {"Average Stock Price": "9.4279", "Year Open": "9.4167", "Year High": "11.3333", "Year Low": "8.4167", "Year Close": "11.3333", "Annual % Change": "25.93%"}, "1992": {"Average Stock Price": "9.1523", "Year Open": "8.2917", "Year High": "10.6667", "Year Low": "8.0000", "Year Close": "9.0000", "Annual % Change": "8.00%"}, "1991": {"Average Stock Price": "7.3279", "Year Open": "5.5556", "Year High": "8.6250", "Year Low": "5.2500", "Year Close": "8.3333", "Annual % Change": "45.63%"}}}, "market cap": {"value": "$36.23B"}, "income statement": {"Revenue": {"2020-05-31": "7085.12000", "2019-05-31": "6892.30300", "2018-05-31": "6476.63200", "2017-05-31": "5323.38100", "2016-05-31": "4795.77200", "2015-05-31": "4369.67700", "2014-05-31": "4193.84400", "2013-05-31": "4245.96400", "2012-05-31": "4102.00000", "2011-05-31": "3810.38400", "2010-05-31": "3547.33900", "2009-05-31": "3774.68500", "2008-05-31": "3937.90000", "2007-05-31": "3706.90000", "2006-05-31": "3403.60800", "2005-05-31": "3067.28300"}, "Cost Of Goods Sold": {"2020-05-31": "3851.37200", "2019-05-31": "3763.71500", "2018-05-31": "3568.10900", "2017-05-31": "2943.08600", "2016-05-31": "2694.43200", "2015-05-31": "2476.75400", "2014-05-31": "2444.08500", "2013-05-31": "2492.65500", "2012-05-31": "2363.39200", "2011-05-31": "2201.09700", "2010-05-31": "2049.52200", "2009-05-31": "2223.81400", "2008-05-31": "2256.30000", "2007-05-31": "2125.54500", "2006-05-31": "1948.81600", "2005-05-31": "1762.52400"}, "Gross Profit": {"2020-05-31": "3233.74800", "2019-05-31": "3128.58800", "2018-05-31": "2908.52300", "2017-05-31": "2380.29500", "2016-05-31": "2101.34000", "2015-05-31": "1892.92300", "2014-05-31": "1749.75900", "2013-05-31": "1753.30900", "2012-05-31": "1738.60800", "2011-05-31": "1609.28700", "2010-05-31": "1497.81700", "2009-05-31": "1550.87100", "2008-05-31": "1681.60000", "2007-05-31": "1581.35500", "2006-05-31": "1454.79200", "2005-05-31": "1304.75900"}, "Research And Development Expenses": {"2020-05-31": "", "2019-05-31": "", "2018-05-31": "", "2017-05-31": "", "2016-05-31": "", "2015-05-31": "", "2014-05-31": "", "2013-05-31": "", "2012-05-31": "", "2011-05-31": "", "2010-05-31": "", "2009-05-31": "", "2008-05-31": "", "2007-05-31": "", "2006-05-31": "", "2005-05-31": ""}, "SG&A Expenses": {"2020-05-31": "2071.05200", "2019-05-31": "1980.64400", "2018-05-31": "1916.79200", "2017-05-31": "1527.38000", "2016-05-31": "1332.39900", "2015-05-31": "1209.28400", "2014-05-31": "1147.03900", "2013-05-31": "1187.33100", "2012-05-31": "1198.98100", "2011-05-31": "1168.94400", "2010-05-31": "1086.35900", "2009-05-31": "1082.70900", "2008-05-31": "1104.14500", "2007-05-31": "1003.95800", "2006-05-31": "911.75000", "2005-05-31": "818.20300"}, "Other Operating Income Or Expenses": {"2020-05-31": "", "2019-05-31": "", "2018-05-31": "", "2017-05-31": "", "2016-05-31": "", "2015-05-31": "", "2014-05-31": "", "2013-05-31": "0.00000", "2012-05-31": "0.00000", "2011-05-31": "", "2010-05-31": "-23.52900", "2009-05-31": "-48.88800", "2008-05-31": "", "2007-05-31": "", "2006-05-31": "", "2005-05-31": ""}, "Operating Expenses": {"2020-05-31": "5922.42400", "2019-05-31": "5758.77000", "2018-05-31": "5526.79800", "2017-05-31": "4549.69000", "2016-05-31": "4026.83100", "2015-05-31": "3686.03800", "2014-05-31": "3591.12400", "2013-05-31": "3679.98600", "2012-05-31": "3562.37300", "2011-05-31": "3370.04100", "2010-05-31": "3156.53000", "2009-05-31": "3365.62000", "2008-05-31": "3360.44500", "2007-05-31": "3129.50300", "2006-05-31": "2860.56600", "2005-05-31": "2580.72700"}, "Operating Income": {"2020-05-31": "1162.69600", "2019-05-31": "1133.53400", "2018-05-31": "949.83400", "2017-05-31": "773.69090", "2016-05-31": "768.94090", "2015-05-31": "683.63870", "2014-05-31": "602.72020", "2013-05-31": "565.97780", "2012-05-31": "539.62700", "2011-05-31": "440.34300", "2010-05-31": "390.80910", "2009-05-31": "409.06520", "2008-05-31": "577.45480", "2007-05-31": "577.39670", "2006-05-31": "543.04200", "2005-05-31": "486.55590"}, "Total Non-Operating Income/Expense": {"2020-05-31": "-104.40500", "2019-05-31": "-31.13500", "2018-05-31": "-108.83300", "2017-05-31": "-86.28700", "2016-05-31": "-63.62600", "2015-05-31": "-43.08300", "2014-05-31": "-65.59300", "2013-05-31": "-65.30300", "2012-05-31": "-68.68300", "2011-05-31": "-47.67400", "2010-05-31": "-46.91700", "2009-05-31": "-47.47200", "2008-05-31": "-46.75100", "2007-05-31": "-43.84400", "2006-05-31": "-25.02300", "2005-05-31": "-17.53400"}, "Pre-Tax Income": {"2020-05-31": "1058.29100", "2019-05-31": "1102.39900", "2018-05-31": "841.00100", "2017-05-31": "687.40400", "2016-05-31": "705.31500", "2015-05-31": "640.55600", "2014-05-31": "537.12700", "2013-05-31": "500.67500", "2012-05-31": "470.94400", "2011-05-31": "392.66900", "2010-05-31": "343.89200", "2009-05-31": "361.59300", "2008-05-31": "530.70400", "2007-05-31": "533.55300", "2006-05-31": "518.01900", "2005-05-31": "469.02200"}, "Income Taxes": {"2020-05-31": "181.93100", "2019-05-31": "219.76400", "2018-05-31": "57.06900", "2017-05-31": "230.11800", "2016-05-31": "256.71000", "2015-05-31": "238.00300", "2014-05-31": "199.35500", "2013-05-31": "184.08900", "2012-05-31": "173.30700", "2011-05-31": "145.68000", "2010-05-31": "128.27200", "2009-05-31": "135.23600", "2008-05-31": "195.29900", "2007-05-31": "199.01500", "2006-05-31": "194.63700", "2005-05-31": "176.47500"}, "Income After Taxes": {"2020-05-31": "876.36000", "2019-05-31": "882.63500", "2018-05-31": "783.93200", "2017-05-31": "457.28600", "2016-05-31": "448.60500", "2015-05-31": "402.55300", "2014-05-31": "337.77200", "2013-05-31": "316.58600", "2012-05-31": "297.63700", "2011-05-31": "246.98900", "2010-05-31": "215.62000", "2009-05-31": "226.35700", "2008-05-31": "335.40500", "2007-05-31": "334.53800", "2006-05-31": "323.38200", "2005-05-31": "292.54700"}, "Other Income": {"2020-05-31": "", "2019-05-31": "", "2018-05-31": "", "2017-05-31": "", "2016-05-31": "", "2015-05-31": "", "2014-05-31": "", "2013-05-31": "", "2012-05-31": "", "2011-05-31": "", "2010-05-31": "", "2009-05-31": "", "2008-05-31": "", "2007-05-31": "", "2006-05-31": "", "2005-05-31": ""}, "Income From Continuous Operations": {"2020-05-31": "876.36000", "2019-05-31": "882.63500", "2018-05-31": "783.93200", "2017-05-31": "457.28600", "2016-05-31": "448.60500", "2015-05-31": "402.55300", "2014-05-31": "337.77200", "2013-05-31": "316.58600", "2012-05-31": "297.63700", "2011-05-31": "246.98900", "2010-05-31": "215.62000", "2009-05-31": "226.35700", "2008-05-31": "335.40500", "2007-05-31": "334.53800", "2006-05-31": "323.38200", "2005-05-31": "292.54700"}, "Income From Discontinued Operations": {"2020-05-31": "-0.32300", "2019-05-31": "2.34600", "2018-05-31": "58.65400", "2017-05-31": "23.42200", "2016-05-31": "244.91500", "2015-05-31": "28.06500", "2014-05-31": "36.67000", "2013-05-31": "-1.14400", "2012-05-31": "", "2011-05-31": "", "2010-05-31": "", "2009-05-31": "", "2008-05-31": "", "2007-05-31": "", "2006-05-31": "", "2005-05-31": ""}, "Net Income": {"2020-05-31": "876.03700", "2019-05-31": "884.98100", "2018-05-31": "842.58600", "2017-05-31": "480.70800", "2016-05-31": "693.52000", "2015-05-31": "430.61800", "2014-05-31": "374.44200", "2013-05-31": "315.44200", "2012-05-31": "295.75700", "2011-05-31": "246.98900", "2010-05-31": "215.62000", "2009-05-31": "226.35700", "2008-05-31": "335.40500", "2007-05-31": "334.53800", "2006-05-31": "323.38200", "2005-05-31": "292.54700"}, "EBITDA": {"2020-05-31": "1541.74900", "2019-05-31": "1493.62700", "2018-05-31": "1229.25000", "2017-05-31": "970.28590", "2016-05-31": "934.21990", "2015-05-31": "838.72070", "2014-05-31": "793.58220", "2013-05-31": "755.35480", "2012-05-31": "733.79190", "2011-05-31": "633.81010", "2010-05-31": "583.95010", "2009-05-31": "609.17120", "2008-05-31": "769.35780", "2007-05-31": "753.32280", "2006-05-31": "703.69500", "2005-05-31": "634.73090"}, "EBIT": {"2020-05-31": "1162.69600", "2019-05-31": "1133.53400", "2018-05-31": "949.83400", "2017-05-31": "773.69090", "2016-05-31": "768.94090", "2015-05-31": "683.63870", "2014-05-31": "602.72020", "2013-05-31": "565.97780", "2012-05-31": "539.62700", "2011-05-31": "440.34300", "2010-05-31": "390.80910", "2009-05-31": "409.06520", "2008-05-31": "577.45480", "2007-05-31": "577.39670", "2006-05-31": "543.04200", "2005-05-31": "486.55590"}, "Basic Shares Outstanding": {"2020-05-31": "103.81600", "2019-05-31": "106.08000", "2018-05-31": "106.59300", "2017-05-31": "104.96400", "2016-05-31": "108.22100", "2015-05-31": "115.90000", "2014-05-31": "120.37700", "2013-05-31": "123.95600", "2012-05-31": "129.89100", "2011-05-31": "146.58600", "2010-05-31": "152.85800", "2009-05-31": "152.94200", "2008-05-31": "155.67800", "2007-05-31": "159.76900", "2006-05-31": "167.95100", "2005-05-31": "171.67900"}, "Shares Outstanding": {"2020-05-31": "107.01200", "2019-05-31": "109.49500", "2018-05-31": "109.81000", "2017-05-31": "107.78300", "2016-05-31": "109.95600", "2015-05-31": "117.54300", "2014-05-31": "121.64000", "2013-05-31": "124.53100", "2012-05-31": "130.03300", "2011-05-31": "146.58600", "2010-05-31": "152.85800", "2009-05-31": "152.94200", "2008-05-31": "155.67800", "2007-05-31": "160.18700", "2006-05-31": "168.54500", "2005-05-31": "172.64900"}, "Basic EPS": {"2020-05-31": "8.36000", "2019-05-31": "8.25000", "2018-05-31": "7.78000", "2017-05-31": "4.49000", "2016-05-31": "6.30000", "2015-05-31": "3.68000", "2014-05-31": "3.08000", "2013-05-31": "2.53000", "2012-05-31": "2.27000", "2011-05-31": "1.68000", "2010-05-31": "1.40000", "2009-05-31": "1.48000", "2008-05-31": "2.15000", "2007-05-31": "2.09000", "2006-05-31": "1.93000", "2005-05-31": "1.70000"}, "EPS - Earnings Per Share": {"2020-05-31": "8.11000", "2019-05-31": "7.99000", "2018-05-31": "7.56000", "2017-05-31": "4.38000", "2016-05-31": "6.21000", "2015-05-31": "3.63000", "2014-05-31": "3.05000", "2013-05-31": "2.52000", "2012-05-31": "2.27000", "2011-05-31": "1.68000", "2010-05-31": "1.40000", "2009-05-31": "1.48000", "2008-05-31": "2.15000", "2007-05-31": "2.09000", "2006-05-31": "1.92000", "2005-05-31": "1.69000"}}, "income statement, quarterly": {"Revenue": {"2020-11-30": "1757.04800", "2020-08-31": "1746.57500", "2020-05-31": "1619.58400", "2020-02-29": "1810.64800", "2019-11-30": "1843.74900", "2019-08-31": "1811.13900", "2019-05-31": "1793.73000", "2019-02-28": "1682.33000", "2018-11-30": "1718.26800", "2018-08-31": "1697.97500", "2018-05-31": "1669.55000", "2018-02-28": "1589.13800", "2017-11-30": "1606.44100", "2017-08-31": "1611.50300", "2017-05-31": "1530.28700", "2017-02-28": "1255.36700", "2016-11-30": "1271.07700", "2016-08-31": "1266.65000", "2016-05-31": "1161.71900", "2016-02-29": "1216.08300", "2015-11-30": "1219.08000", "2015-08-31": "1198.89000", "2015-05-31": "1035.37400", "2015-02-28": "1108.84700", "2014-11-30": "1123.37900", "2014-08-31": "1102.07700", "2014-05-31": "858.69410", "2014-02-28": "1110.97300", "2013-11-30": "1123.93100", "2013-08-31": "1100.24600", "2013-05-31": "1058.57900", "2013-02-28": "1075.67400", "2012-11-30": "1060.38600", "2012-08-31": "1051.32500", "2012-05-31": "1053.58200", "2012-02-29": "1012.11200", "2011-11-30": "1019.12600", "2011-08-31": "1017.18000", "2011-05-31": "1012.08700", "2011-02-28": "937.82700", "2010-11-30": "936.56600", "2010-08-31": "923.90400", "2010-05-31": "909.44910", "2010-02-28": "861.81200", "2009-11-30": "884.50900", "2009-08-31": "891.56900", "2009-05-31": "878.68300", "2009-02-28": "908.63900", "2008-11-30": "985.18400", "2008-08-31": "1002.17900", "2008-05-31": "1008.95500", "2008-02-29": "975.95200", "2007-11-30": "983.86500", "2007-08-31": "969.12800", "2007-05-31": "964.07500", "2007-02-28": "905.39800", "2006-11-30": "923.26600", "2006-08-31": "914.16100", "2006-05-31": "907.92710", "2006-02-28": "836.42100", "2005-11-30": "835.78500", "2005-08-31": "823.47500", "2005-05-31": "809.24590", "2005-02-28": "755.24100"}, "Cost Of Goods Sold": {"2020-11-30": "937.16400", "2020-08-31": "920.37400", "2020-05-31": "911.76410", "2020-02-29": "986.25300", "2019-11-30": "991.35800", "2019-08-31": "961.99700", "2019-05-31": "970.16500", "2019-02-28": "927.17700", "2018-11-30": "943.11000", "2018-08-31": "923.26300", "2018-05-31": "917.21190", "2018-02-28": "888.67500", "2017-11-30": "890.07200", "2017-08-31": "872.15000", "2017-05-31": "851.56110", "2017-02-28": "695.44300", "2016-11-30": "705.85900", "2016-08-31": "690.22300", "2016-05-31": "636.53110", "2016-02-29": "691.47500", "2015-11-30": "691.68000", "2015-08-31": "674.74600", "2015-05-31": "577.12810", "2015-02-28": "633.54000", "2014-11-30": "641.95500", "2014-08-31": "624.13100", "2014-05-31": "501.74300", "2014-02-28": "641.33900", "2013-11-30": "656.85200", "2013-08-31": "644.15100", "2013-05-31": "625.12200", "2013-02-28": "633.73300", "2012-11-30": "628.35000", "2012-08-31": "605.45000", "2012-05-31": "609.71410", "2012-02-29": "586.20900", "2011-11-30": "589.32900", "2011-08-31": "578.14000", "2011-05-31": "579.04020", "2011-02-28": "545.90600", "2010-11-30": "545.91800", "2010-08-31": "530.23300", "2010-05-31": "523.88100", "2010-02-28": "502.20500", "2009-11-30": "514.66200", "2009-08-31": "508.77400", "2009-05-31": "544.33200", "2009-02-28": "532.20200", "2008-11-30": "570.18400", "2008-08-31": "577.09600", "2008-05-31": "576.52000", "2008-02-29": "564.72700", "2007-11-30": "563.29700", "2007-08-31": "551.75600", "2007-05-31": "550.10110", "2007-02-28": "519.57100", "2006-11-30": "532.19300", "2006-08-31": "523.68000", "2006-05-31": "512.05400", "2006-02-28": "483.45100", "2005-11-30": "485.32400", "2005-08-31": "467.98700", "2005-05-31": "460.73390", "2005-02-28": "433.78700"}, "Gross Profit": {"2020-11-30": "819.88400", "2020-08-31": "826.20100", "2020-05-31": "707.82000", "2020-02-29": "824.39500", "2019-11-30": "852.39100", "2019-08-31": "849.14200", "2019-05-31": "823.56510", "2019-02-28": "755.15300", "2018-11-30": "775.15790", "2018-08-31": "774.71200", "2018-05-31": "752.33830", "2018-02-28": "700.46300", "2017-11-30": "716.36900", "2017-08-31": "739.35310", "2017-05-31": "678.72590", "2017-02-28": "559.92400", "2016-11-30": "565.21800", "2016-08-31": "576.42710", "2016-05-31": "525.18770", "2016-02-29": "524.60800", "2015-11-30": "527.40000", "2015-08-31": "524.14400", "2015-05-31": "458.24560", "2015-02-28": "475.30700", "2014-11-30": "481.42400", "2014-08-31": "477.94600", "2014-05-31": "356.95100", "2014-02-28": "469.63400", "2013-11-30": "467.07900", "2013-08-31": "456.09500", "2013-05-31": "433.45710", "2013-02-28": "441.94100", "2012-11-30": "432.03590", "2012-08-31": "445.87490", "2012-05-31": "443.86790", "2012-02-29": "425.90300", "2011-11-30": "429.79700", "2011-08-31": "439.04000", "2011-05-31": "433.04710", "2011-02-28": "391.92100", "2010-11-30": "390.64790", "2010-08-31": "393.67100", "2010-05-31": "385.56810", "2010-02-28": "359.60700", "2009-11-30": "369.84700", "2009-08-31": "382.79500", "2009-05-31": "334.35110", "2009-02-28": "376.43700", "2008-11-30": "415.00000", "2008-08-31": "425.08300", "2008-05-31": "432.43480", "2008-02-29": "411.22500", "2007-11-30": "420.56800", "2007-08-31": "417.37200", "2007-05-31": "413.97380", "2007-02-28": "385.82700", "2006-11-30": "391.07300", "2006-08-31": "390.48100", "2006-05-31": "395.87310", "2006-02-28": "352.97000", "2005-11-30": "350.46100", "2005-08-31": "355.48800", "2005-05-31": "348.51200", "2005-02-28": "321.45400"}, "Research And Development Expenses": {"2020-11-30": "", "2020-08-31": "", "2020-05-31": "", "2020-02-29": "", "2019-11-30": "", "2019-08-31": "", "2019-05-31": "", "2019-02-28": "", "2018-11-30": "", "2018-08-31": "", "2018-05-31": "", "2018-02-28": "", "2017-11-30": "", "2017-08-31": "", "2017-05-31": "", "2017-02-28": "", "2016-11-30": "", "2016-08-31": "", "2016-05-31": "", "2016-02-29": "", "2015-11-30": "", "2015-08-31": "", "2015-05-31": "", "2015-02-28": "", "2014-11-30": "", "2014-08-31": "", "2014-05-31": "", "2014-02-28": "", "2013-11-30": "", "2013-08-31": "", "2013-05-31": "", "2013-02-28": "", "2012-11-30": "", "2012-08-31": "", "2012-05-31": "", "2012-02-29": "", "2011-11-30": "", "2011-08-31": "", "2011-05-31": "", "2011-02-28": "", "2010-11-30": "", "2010-08-31": "", "2010-05-31": "", "2010-02-28": "", "2009-11-30": "", "2009-08-31": "", "2009-05-31": "", "2009-02-28": "", "2008-11-30": "", "2008-08-31": "", "2008-05-31": "", "2008-02-29": "", "2007-11-30": "", "2007-08-31": "", "2007-05-31": "", "2007-02-28": "", "2006-11-30": "", "2006-08-31": "", "2006-05-31": "", "2006-02-28": "", "2005-11-30": "", "2005-08-31": "", "2005-05-31": "", "2005-02-28": ""}, "SG&A Expenses": {"2020-11-30": "467.01200", "2020-08-31": "476.49500", "2020-05-31": "500.38600", "2020-02-29": "509.74300", "2019-11-30": "517.92700", "2019-08-31": "542.99600", "2019-05-31": "508.24000", "2019-02-28": "476.09900", "2018-11-30": "491.67100", "2018-08-31": "504.63400", "2018-05-31": "471.80700", "2018-02-28": "490.61800", "2017-11-30": "468.08400", "2017-08-31": "486.28300", "2017-05-31": "437.67300", "2017-02-28": "358.58900", "2016-11-30": "361.41500", "2016-08-31": "369.70300", "2016-05-31": "335.05500", "2016-02-29": "331.65600", "2015-11-30": "327.05100", "2015-08-31": "338.63700", "2015-05-31": "293.29500", "2015-02-28": "301.69000", "2014-11-30": "299.84100", "2014-08-31": "314.45800", "2014-05-31": "197.81500", "2014-02-28": "317.87300", "2013-11-30": "314.86800", "2013-08-31": "316.48300", "2013-05-31": "278.81910", "2013-02-28": "308.91800", "2012-11-30": "293.01300", "2012-08-31": "306.58100", "2012-05-31": "303.03590", "2012-02-29": "288.36700", "2011-11-30": "297.11200", "2011-08-31": "310.46600", "2011-05-31": "304.17000", "2011-02-28": "283.04500", "2010-11-30": "288.30400", "2010-08-31": "293.42500", "2010-05-31": "286.93000", "2010-02-28": "275.59600", "2009-11-30": "259.40600", "2009-08-31": "264.42700", "2009-05-31": "253.67690", "2009-02-28": "257.12900", "2008-11-30": "284.60800", "2008-08-31": "287.29500", "2008-05-31": "279.11610", "2008-02-29": "273.19400", "2007-11-30": "275.12500", "2007-08-31": "276.71000", "2007-05-31": "258.07400", "2007-02-28": "253.12800", "2006-11-30": "248.62800", "2006-08-31": "244.12800", "2006-05-31": "241.73600", "2006-02-28": "224.42000", "2005-11-30": "221.04400", "2005-08-31": "224.55000", "2005-05-31": "221.05100", "2005-02-28": "203.91200"}, "Other Operating Income Or Expenses": {"2020-11-30": "", "2020-08-31": "", "2020-05-31": "", "2020-02-29": "", "2019-11-30": "", "2019-08-31": "", "2019-05-31": "", "2019-02-28": "", "2018-11-30": "", "2018-08-31": "", "2018-05-31": "", "2018-02-28": "", "2017-11-30": "", "2017-08-31": "", "2017-05-31": "", "2017-02-28": "", "2016-11-30": "", "2016-08-31": "", "2016-05-31": "", "2016-02-29": "", "2015-11-30": "", "2015-08-31": "", "2015-05-31": "", "2015-02-28": "", "2014-11-30": "", "2014-08-31": "", "2014-05-31": "", "2014-02-28": "-2.15800", "2013-11-30": "", "2013-08-31": "", "2013-05-31": "", "2013-02-28": "", "2012-11-30": "", "2012-08-31": "", "2012-05-31": "", "2012-02-29": "", "2011-11-30": "", "2011-08-31": "", "2011-05-31": "", "2011-02-28": "", "2010-11-30": "", "2010-08-31": "", "2010-05-31": "", "2010-02-28": "", "2009-11-30": "-4.05200", "2009-08-31": "-19.47700", "2009-05-31": "", "2009-02-28": "", "2008-11-30": "", "2008-08-31": "", "2008-05-31": "", "2008-02-29": "", "2007-11-30": "", "2007-08-31": "", "2007-05-31": "", "2007-02-28": "", "2006-11-30": "", "2006-08-31": "", "2006-05-31": "", "2006-02-28": "", "2005-11-30": "", "2005-08-31": "", "2005-05-31": "", "2005-02-28": ""}, "Operating Expenses": {"2020-11-30": "1404.17600", "2020-08-31": "1396.86900", "2020-05-31": "1412.15000", "2020-02-29": "1495.99600", "2019-11-30": "1509.28500", "2019-08-31": "1504.99300", "2019-05-31": "1479.31900", "2019-02-28": "1404.07500", "2018-11-30": "1442.62800", "2018-08-31": "1432.74700", "2018-05-31": "1404.05000", "2018-02-28": "1389.11400", "2017-11-30": "1371.23000", "2017-08-31": "1362.40400", "2017-05-31": "1352.98000", "2017-02-28": "1063.37600", "2016-11-30": "1070.62100", "2016-08-31": "1062.71300", "2016-05-31": "971.58630", "2016-02-29": "1023.13100", "2015-11-30": "1018.73100", "2015-08-31": "1013.38300", "2015-05-31": "870.42310", "2015-02-28": "935.23000", "2014-11-30": "941.79600", "2014-08-31": "938.58900", "2014-05-31": "697.39990", "2014-02-28": "961.37000", "2013-11-30": "971.72000", "2013-08-31": "960.63400", "2013-05-31": "903.94090", "2013-02-28": "942.65100", "2012-11-30": "921.36300", "2012-08-31": "912.03100", "2012-05-31": "912.75020", "2012-02-29": "874.57600", "2011-11-30": "886.44100", "2011-08-31": "888.60600", "2011-05-31": "883.20980", "2011-02-28": "828.95100", "2010-11-30": "834.22200", "2010-08-31": "823.65800", "2010-05-31": "807.93100", "2010-02-28": "777.80100", "2009-11-30": "778.12000", "2009-08-31": "792.67800", "2009-05-31": "857.10580", "2009-02-28": "789.33110", "2008-11-30": "854.79200", "2008-08-31": "864.39100", "2008-05-31": "855.63600", "2008-02-29": "837.92100", "2007-11-30": "838.42200", "2007-08-31": "828.46590", "2007-05-31": "808.17520", "2007-02-28": "772.69900", "2006-11-30": "780.82100", "2006-08-31": "767.80800", "2006-05-31": "753.78990", "2006-02-28": "707.87100", "2005-11-30": "706.36800", "2005-08-31": "692.53700", "2005-05-31": "681.78500", "2005-02-28": "637.69900"}, "Operating Income": {"2020-11-30": "352.87190", "2020-08-31": "349.70610", "2020-05-31": "207.43440", "2020-02-29": "314.65200", "2019-11-30": "334.46400", "2019-08-31": "306.14610", "2019-05-31": "314.41060", "2019-02-28": "278.25500", "2018-11-30": "275.63990", "2018-08-31": "265.22800", "2018-05-31": "265.50050", "2018-02-28": "200.02390", "2017-11-30": "235.21110", "2017-08-31": "249.09910", "2017-05-31": "177.30710", "2017-02-28": "191.99100", "2016-11-30": "200.45590", "2016-08-31": "203.93700", "2016-05-31": "190.13260", "2016-02-29": "192.95200", "2015-11-30": "200.34900", "2015-08-31": "185.50710", "2015-05-31": "164.95060", "2015-02-28": "173.61700", "2014-11-30": "181.58300", "2014-08-31": "163.48800", "2014-05-31": "161.29420", "2014-02-28": "149.60300", "2013-11-30": "152.21110", "2013-08-31": "139.61190", "2013-05-31": "154.63820", "2013-02-28": "133.02290", "2012-11-30": "139.02290", "2012-08-31": "139.29390", "2012-05-31": "140.83180", "2012-02-29": "137.53600", "2011-11-30": "132.68500", "2011-08-31": "128.57400", "2011-05-31": "128.87740", "2011-02-28": "108.87600", "2010-11-30": "102.34390", "2010-08-31": "100.24600", "2010-05-31": "101.51810", "2010-02-28": "84.01100", "2009-11-30": "106.38900", "2009-08-31": "98.89100", "2009-05-31": "21.57720", "2009-02-28": "119.30790", "2008-11-30": "130.39200", "2008-08-31": "137.78800", "2008-05-31": "153.31880", "2008-02-29": "138.03100", "2007-11-30": "145.44300", "2007-08-31": "140.66200", "2007-05-31": "155.89980", "2007-02-28": "132.69900", "2006-11-30": "142.44500", "2006-08-31": "146.35300", "2006-05-31": "154.13720", "2006-02-28": "128.55000", "2005-11-30": "129.41700", "2005-08-31": "130.93800", "2005-05-31": "127.46090", "2005-02-28": "117.54210"}, "Total Non-Operating Income/Expense": {"2020-11-30": "-24.33900", "2020-08-31": "-24.48600", "2020-05-31": "-25.75600", "2020-02-29": "-25.59600", "2019-11-30": "-25.89400", "2019-08-31": "-27.15900", "2019-05-31": "-25.51100", "2019-02-28": "-26.70000", "2018-11-30": "44.88400", "2018-08-31": "-23.80800", "2018-05-31": "-24.45800", "2018-02-28": "-25.51700", "2017-11-30": "-28.83800", "2017-08-31": "-30.02000", "2017-05-31": "-45.25900", "2017-02-28": "-13.68500", "2016-11-30": "-13.23600", "2016-08-31": "-14.10700", "2016-05-31": "-15.44500", "2016-02-29": "-15.82800", "2015-11-30": "-16.06000", "2015-08-31": "-16.29300", "2015-05-31": "-16.22400", "2015-02-28": "-16.15800", "2014-11-30": "-15.91000", "2014-08-31": "5.20900", "2014-05-31": "-16.36300", "2014-02-28": "-16.37400", "2013-11-30": "-16.40100", "2013-08-31": "-16.45500", "2013-05-31": "-16.46700", "2013-02-28": "-16.17000", "2012-11-30": "-16.14500", "2012-08-31": "-16.52100", "2012-05-31": "-17.54300", "2012-02-29": "-16.84600", "2011-11-30": "-17.32500", "2011-08-31": "-16.96900", "2011-05-31": "-11.97100", "2011-02-28": "-12.24000", "2010-11-30": "-11.76700", "2010-08-31": "-11.69600", "2010-05-31": "-11.82000", "2010-02-28": "-11.15300", "2009-11-30": "-12.26500", "2009-08-31": "-11.67900", "2009-05-31": "-11.70100", "2009-02-28": "-11.86700", "2008-11-30": "-11.93800", "2008-08-31": "-11.96600", "2008-05-31": "-12.06700", "2008-02-29": "-12.11200", "2007-11-30": "-11.19700", "2007-08-31": "-11.37500", "2007-05-31": "-11.83300", "2007-02-28": "-10.24500", "2006-11-30": "-10.86000", "2006-08-31": "-10.90600", "2006-05-31": "-7.92300", "2006-02-28": "-5.31400", "2005-11-30": "-6.15200", "2005-08-31": "-5.63400", "2005-05-31": "-3.76900", "2005-02-28": "-4.35000"}, "Pre-Tax Income": {"2020-11-30": "328.53300", "2020-08-31": "325.22000", "2020-05-31": "181.67800", "2020-02-29": "289.05600", "2019-11-30": "308.57000", "2019-08-31": "278.98700", "2019-05-31": "288.90010", "2019-02-28": "251.55500", "2018-11-30": "320.52400", "2018-08-31": "241.42000", "2018-05-31": "241.04200", "2018-02-28": "174.50700", "2017-11-30": "206.37300", "2017-08-31": "219.07900", "2017-05-31": "132.04800", "2017-02-28": "178.30600", "2016-11-30": "187.22000", "2016-08-31": "189.83000", "2016-05-31": "174.68800", "2016-02-29": "177.12400", "2015-11-30": "184.28900", "2015-08-31": "169.21400", "2015-05-31": "148.72700", "2015-02-28": "157.45900", "2014-11-30": "165.67300", "2014-08-31": "168.69700", "2014-05-31": "144.93100", "2014-02-28": "133.22900", "2013-11-30": "135.81000", "2013-08-31": "123.15700", "2013-05-31": "138.17100", "2013-02-28": "116.85300", "2012-11-30": "122.87800", "2012-08-31": "122.77300", "2012-05-31": "123.28900", "2012-02-29": "120.69000", "2011-11-30": "115.36000", "2011-08-31": "111.60500", "2011-05-31": "116.90600", "2011-02-28": "96.63600", "2010-11-30": "90.57700", "2010-08-31": "88.55000", "2010-05-31": "89.69800", "2010-02-28": "72.85800", "2009-11-30": "94.12400", "2009-08-31": "87.21200", "2009-05-31": "9.87600", "2009-02-28": "107.44100", "2008-11-30": "118.45400", "2008-08-31": "125.82200", "2008-05-31": "141.25200", "2008-02-29": "125.91900", "2007-11-30": "134.24600", "2007-08-31": "129.28700", "2007-05-31": "144.06700", "2007-02-28": "122.45400", "2006-11-30": "131.58500", "2006-08-31": "135.44700", "2006-05-31": "146.21400", "2006-02-28": "123.23600", "2005-11-30": "123.26500", "2005-08-31": "125.30400", "2005-05-31": "123.69200", "2005-02-28": "113.19200"}, "Income Taxes": {"2020-11-30": "43.67600", "2020-08-31": "25.21500", "2020-05-31": "37.09300", "2020-02-29": "54.53600", "2019-11-30": "62.12700", "2019-08-31": "28.17500", "2019-05-31": "62.72900", "2019-02-28": "50.63200", "2018-11-30": "77.53000", "2018-08-31": "28.87300", "2018-05-31": "51.74400", "2018-02-28": "-121.28200", "2017-11-30": "68.63600", "2017-08-31": "57.97100", "2017-05-31": "49.87400", "2017-02-28": "61.35200", "2016-11-30": "65.27000", "2016-08-31": "53.62200", "2016-05-31": "65.01300", "2016-02-29": "59.84500", "2015-11-30": "68.83600", "2015-08-31": "63.01600", "2015-05-31": "56.11100", "2015-02-28": "57.12800", "2014-11-30": "61.97200", "2014-08-31": "62.79200", "2014-05-31": "53.33900", "2014-02-28": "48.90300", "2013-11-30": "51.35400", "2013-08-31": "45.75900", "2013-05-31": "51.05000", "2013-02-28": "42.14800", "2012-11-30": "44.85100", "2012-08-31": "46.04000", "2012-05-31": "44.67500", "2012-02-29": "44.65500", "2011-11-30": "41.01000", "2011-08-31": "42.96700", "2011-05-31": "46.13000", "2011-02-28": "37.56600", "2010-11-30": "34.71100", "2010-08-31": "27.27300", "2010-05-31": "34.22000", "2010-02-28": "23.87600", "2009-11-30": "36.94800", "2009-08-31": "33.22800", "2009-05-31": "5.80400", "2009-02-28": "35.63000", "2008-11-30": "46.61600", "2008-08-31": "47.18600", "2008-05-31": "51.59100", "2008-02-29": "44.09100", "2007-11-30": "51.39300", "2007-08-31": "48.22400", "2007-05-31": "53.74500", "2007-02-28": "45.72700", "2006-11-30": "49.05800", "2006-08-31": "50.48500", "2006-05-31": "54.68700", "2006-02-28": "46.64200", "2005-11-30": "46.42600", "2005-08-31": "46.88200", "2005-05-31": "48.70300", "2005-02-28": "41.86000"}, "Income After Taxes": {"2020-11-30": "284.85700", "2020-08-31": "300.00500", "2020-05-31": "144.58500", "2020-02-29": "234.52000", "2019-11-30": "246.44300", "2019-08-31": "250.81200", "2019-05-31": "226.17110", "2019-02-28": "200.92300", "2018-11-30": "242.99400", "2018-08-31": "212.54700", "2018-05-31": "189.29800", "2018-02-28": "295.78900", "2017-11-30": "137.73700", "2017-08-31": "161.10800", "2017-05-31": "82.17400", "2017-02-28": "116.95400", "2016-11-30": "121.95000", "2016-08-31": "136.20800", "2016-05-31": "109.67500", "2016-02-29": "117.27900", "2015-11-30": "115.45300", "2015-08-31": "106.19800", "2015-05-31": "92.61600", "2015-02-28": "100.33100", "2014-11-30": "103.70100", "2014-08-31": "105.90500", "2014-05-31": "91.59200", "2014-02-28": "84.32600", "2013-11-30": "84.45600", "2013-08-31": "77.39800", "2013-05-31": "87.12100", "2013-02-28": "74.70500", "2012-11-30": "78.02700", "2012-08-31": "76.73300", "2012-05-31": "78.61400", "2012-02-29": "76.03500", "2011-11-30": "74.35000", "2011-08-31": "68.63800", "2011-05-31": "70.77600", "2011-02-28": "59.07000", "2010-11-30": "55.86600", "2010-08-31": "61.27700", "2010-05-31": "55.47800", "2010-02-28": "48.98200", "2009-11-30": "57.17600", "2009-08-31": "53.98400", "2009-05-31": "4.07200", "2009-02-28": "71.81100", "2008-11-30": "71.83800", "2008-08-31": "78.63600", "2008-05-31": "89.66100", "2008-02-29": "81.82800", "2007-11-30": "82.85300", "2007-08-31": "81.06300", "2007-05-31": "90.32200", "2007-02-28": "76.72700", "2006-11-30": "82.52700", "2006-08-31": "84.96200", "2006-05-31": "91.52700", "2006-02-28": "76.59400", "2005-11-30": "76.83900", "2005-08-31": "78.42200", "2005-05-31": "74.98900", "2005-02-28": "71.33200"}, "Other Income": {"2020-11-30": "", "2020-08-31": "", "2020-05-31": "", "2020-02-29": "", "2019-11-30": "", "2019-08-31": "", "2019-05-31": "", "2019-02-28": "", "2018-11-30": "", "2018-08-31": "", "2018-05-31": "", "2018-02-28": "", "2017-11-30": "", "2017-08-31": "", "2017-05-31": "", "2017-02-28": "", "2016-11-30": "", "2016-08-31": "", "2016-05-31": "", "2016-02-29": "", "2015-11-30": "", "2015-08-31": "", "2015-05-31": "", "2015-02-28": "", "2014-11-30": "", "2014-08-31": "", "2014-05-31": "", "2014-02-28": "", "2013-11-30": "", "2013-08-31": "", "2013-05-31": "", "2013-02-28": "", "2012-11-30": "", "2012-08-31": "", "2012-05-31": "", "2012-02-29": "", "2011-11-30": "", "2011-08-31": "", "2011-05-31": "", "2011-02-28": "", "2010-11-30": "", "2010-08-31": "", "2010-05-31": "", "2010-02-28": "", "2009-11-30": "", "2009-08-31": "", "2009-05-31": "", "2009-02-28": "", "2008-11-30": "", "2008-08-31": "", "2008-05-31": "", "2008-02-29": "", "2007-11-30": "", "2007-08-31": "", "2007-05-31": "", "2007-02-28": "", "2006-11-30": "", "2006-08-31": "", "2006-05-31": "", "2006-02-28": "", "2005-11-30": "", "2005-08-31": "", "2005-05-31": "", "2005-02-28": ""}, "Income From Continuous Operations": {"2020-11-30": "284.85700", "2020-08-31": "300.00500", "2020-05-31": "144.58500", "2020-02-29": "234.52000", "2019-11-30": "246.44300", "2019-08-31": "250.81200", "2019-05-31": "226.17100", "2019-02-28": "200.92300", "2018-11-30": "242.99400", "2018-08-31": "212.54700", "2018-05-31": "189.29800", "2018-02-28": "295.78900", "2017-11-30": "137.73700", "2017-08-31": "161.10800", "2017-05-31": "82.17400", "2017-02-28": "116.95400", "2016-11-30": "121.95000", "2016-08-31": "136.20800", "2016-05-31": "109.67500", "2016-02-29": "117.27900", "2015-11-30": "115.45300", "2015-08-31": "106.19800", "2015-05-31": "92.61600", "2015-02-28": "100.33100", "2014-11-30": "103.70100", "2014-08-31": "105.90500", "2014-05-31": "91.59200", "2014-02-28": "84.32600", "2013-11-30": "84.45600", "2013-08-31": "77.39800", "2013-05-31": "87.12100", "2013-02-28": "74.70500", "2012-11-30": "78.02700", "2012-08-31": "76.73300", "2012-05-31": "78.61400", "2012-02-29": "76.03500", "2011-11-30": "74.35000", "2011-08-31": "68.63800", "2011-05-31": "70.77600", "2011-02-28": "59.07000", "2010-11-30": "55.86600", "2010-08-31": "61.27700", "2010-05-31": "55.47800", "2010-02-28": "48.98200", "2009-11-30": "57.17600", "2009-08-31": "53.98400", "2009-05-31": "4.07200", "2009-02-28": "71.81100", "2008-11-30": "71.83800", "2008-08-31": "78.63600", "2008-05-31": "89.66100", "2008-02-29": "81.82800", "2007-11-30": "82.85300", "2007-08-31": "81.06300", "2007-05-31": "90.32200", "2007-02-28": "76.72700", "2006-11-30": "82.52700", "2006-08-31": "84.96200", "2006-05-31": "91.52700", "2006-02-28": "76.59400", "2005-11-30": "76.83900", "2005-08-31": "78.42200", "2005-05-31": "74.98900", "2005-02-28": "71.33200"}, "Income From Discontinued Operations": {"2020-11-30": "", "2020-08-31": "", "2020-05-31": "", "2020-02-29": "", "2019-11-30": "", "2019-08-31": "", "2019-05-31": "-0.05200", "2019-02-28": "2.41100", "2018-11-30": "0.01900", "2018-08-31": "-0.03200", "2018-05-31": "-3.12700", "2018-02-28": "6.30600", "2017-11-30": "-0.62800", "2017-08-31": "56.10300", "2017-05-31": "2.06100", "2017-02-28": "1.05100", "2016-11-30": "18.42700", "2016-08-31": "1.88300", "2016-05-31": "21.22300", "2016-02-29": "0.06200", "2015-11-30": "229.64700", "2015-08-31": "-6.01700", "2015-05-31": "12.59900", "2015-02-28": "-5.44800", "2014-11-30": "16.71100", "2014-08-31": "4.20300", "2014-05-31": "35.63200", "2014-02-28": "0.27600", "2013-11-30": "0.40600", "2013-08-31": "0.35600", "2013-05-31": "", "2013-02-28": "", "2012-11-30": "", "2012-08-31": "", "2012-05-31": "", "2012-02-29": "", "2011-11-30": "", "2011-08-31": "", "2011-05-31": "", "2011-02-28": "", "2010-11-30": "", "2010-08-31": "", "2010-05-31": "", "2010-02-28": "", "2009-11-30": "", "2009-08-31": "", "2009-05-31": "", "2009-02-28": "", "2008-11-30": "", "2008-08-31": "", "2008-05-31": "", "2008-02-29": "", "2007-11-30": "", "2007-08-31": "", "2007-05-31": "", "2007-02-28": "", "2006-11-30": "", "2006-08-31": "", "2006-05-31": "", "2006-02-28": "", "2005-11-30": "", "2005-08-31": "", "2005-05-31": "", "2005-02-28": ""}, "Net Income": {"2020-11-30": "282.84200", "2020-08-31": "297.83200", "2020-05-31": "148.70300", "2020-02-29": "234.52000", "2019-11-30": "244.01800", "2019-08-31": "248.79600", "2019-05-31": "226.11900", "2019-02-28": "203.33400", "2018-11-30": "243.01300", "2018-08-31": "212.51500", "2018-05-31": "186.17100", "2018-02-28": "302.09500", "2017-11-30": "137.10900", "2017-08-31": "217.21100", "2017-05-31": "84.23500", "2017-02-28": "118.00500", "2016-11-30": "140.37700", "2016-08-31": "138.09100", "2016-05-31": "130.89800", "2016-02-29": "117.34100", "2015-11-30": "345.10000", "2015-08-31": "100.18100", "2015-05-31": "105.21500", "2015-02-28": "94.88300", "2014-11-30": "120.41200", "2014-08-31": "110.10800", "2014-05-31": "127.22400", "2014-02-28": "84.60200", "2013-11-30": "84.86200", "2013-08-31": "77.75400", "2013-05-31": "86.85900", "2013-02-28": "74.18800", "2012-11-30": "78.02700", "2012-08-31": "76.36800", "2012-05-31": "77.66000", "2012-02-29": "75.47900", "2011-11-30": "74.35000", "2011-08-31": "68.26800", "2011-05-31": "70.77600", "2011-02-28": "59.07000", "2010-11-30": "55.86600", "2010-08-31": "61.27700", "2010-05-31": "55.47800", "2010-02-28": "48.98200", "2009-11-30": "57.17600", "2009-08-31": "53.98400", "2009-05-31": "4.07200", "2009-02-28": "71.81100", "2008-11-30": "71.83800", "2008-08-31": "78.63600", "2008-05-31": "89.66100", "2008-02-29": "81.82800", "2007-11-30": "82.85300", "2007-08-31": "81.06300", "2007-05-31": "90.32200", "2007-02-28": "76.72700", "2006-11-30": "82.52700", "2006-08-31": "84.96200", "2006-05-31": "91.52700", "2006-02-28": "76.59400", "2005-11-30": "76.83900", "2005-08-31": "78.42200", "2005-05-31": "74.98900", "2005-02-28": "71.33200"}, "EBITDA": {"2020-11-30": "449.34690", "2020-08-31": "445.88510", "2020-05-31": "303.99440", "2020-02-29": "410.81500", "2019-11-30": "428.80000", "2019-08-31": "398.14010", "2019-05-31": "408.17470", "2019-02-28": "369.91300", "2018-11-30": "364.01590", "2018-08-31": "351.52300", "2018-05-31": "340.01450", "2018-02-28": "266.08690", "2017-11-30": "305.54110", "2017-08-31": "317.60810", "2017-05-31": "242.18810", "2017-02-28": "236.65500", "2016-11-30": "244.33790", "2016-08-31": "247.10500", "2016-05-31": "232.74060", "2016-02-29": "234.72900", "2015-11-30": "241.47500", "2015-08-31": "225.27510", "2015-05-31": "203.99260", "2015-02-28": "211.50400", "2014-11-30": "220.08200", "2014-08-31": "203.14200", "2014-05-31": "206.87120", "2014-02-28": "197.96700", "2013-11-30": "200.73810", "2013-08-31": "188.00590", "2013-05-31": "202.88920", "2013-02-28": "180.85490", "2012-11-30": "185.87500", "2012-08-31": "185.73590", "2012-05-31": "189.91080", "2012-02-29": "185.59600", "2011-11-30": "181.20100", "2011-08-31": "177.08400", "2011-05-31": "178.05250", "2011-02-28": "157.42300", "2010-11-30": "150.29790", "2010-08-31": "148.03700", "2010-05-31": "150.21910", "2010-02-28": "131.98400", "2009-11-30": "153.95100", "2009-08-31": "147.79600", "2009-05-31": "71.54120", "2009-02-28": "169.55590", "2008-11-30": "180.40100", "2008-08-31": "187.67300", "2008-05-31": "202.77480", "2008-02-29": "186.86600", "2007-11-30": "192.83300", "2007-08-31": "186.88400", "2007-05-31": "201.77480", "2007-02-28": "176.99700", "2006-11-30": "185.43000", "2006-08-31": "189.12100", "2006-05-31": "196.64620", "2006-02-28": "169.03410", "2005-11-30": "168.72400", "2005-08-31": "169.29100", "2005-05-31": "165.45090", "2005-02-28": "154.66310"}, "EBIT": {"2020-11-30": "352.87190", "2020-08-31": "349.70610", "2020-05-31": "207.43420", "2020-02-29": "314.65200", "2019-11-30": "334.46400", "2019-08-31": "306.14610", "2019-05-31": "314.41080", "2019-02-28": "278.25500", "2018-11-30": "275.63990", "2018-08-31": "265.22800", "2018-05-31": "265.49990", "2018-02-28": "200.02390", "2017-11-30": "235.21110", "2017-08-31": "249.09910", "2017-05-31": "177.30700", "2017-02-28": "191.99100", "2016-11-30": "200.45590", "2016-08-31": "203.93700", "2016-05-31": "190.13280", "2016-02-29": "192.95200", "2015-11-30": "200.34900", "2015-08-31": "185.50710", "2015-05-31": "164.95060", "2015-02-28": "173.61700", "2014-11-30": "181.58300", "2014-08-31": "163.48800", "2014-05-31": "161.29420", "2014-02-28": "149.60300", "2013-11-30": "152.21110", "2013-08-31": "139.61190", "2013-05-31": "154.63790", "2013-02-28": "133.02290", "2012-11-30": "139.02290", "2012-08-31": "139.29390", "2012-05-31": "140.83200", "2012-02-29": "137.53600", "2011-11-30": "132.68500", "2011-08-31": "128.57400", "2011-05-31": "128.87710", "2011-02-28": "108.87600", "2010-11-30": "102.34390", "2010-08-31": "100.24600", "2010-05-31": "101.51810", "2010-02-28": "84.01100", "2009-11-30": "106.38900", "2009-08-31": "98.89100", "2009-05-31": "21.57720", "2009-02-28": "119.30790", "2008-11-30": "130.39200", "2008-08-31": "137.78800", "2008-05-31": "153.31880", "2008-02-29": "138.03100", "2007-11-30": "145.44300", "2007-08-31": "140.66200", "2007-05-31": "155.89970", "2007-02-28": "132.69900", "2006-11-30": "142.44500", "2006-08-31": "146.35300", "2006-05-31": "154.13700", "2006-02-28": "128.55000", "2005-11-30": "129.41700", "2005-08-31": "130.93800", "2005-05-31": "127.46090", "2005-02-28": "117.54210"}, "Basic Shares Outstanding": {"2020-11-30": "104.99900", "2020-08-31": "104.11000", "2020-05-31": "103.81600", "2020-02-29": "104.24500", "2019-11-30": "103.95900", "2019-08-31": "103.54300", "2019-05-31": "106.08000", "2019-02-28": "105.08000", "2018-11-30": "106.47500", "2018-08-31": "106.83500", "2018-05-31": "106.59300", "2018-02-28": "106.55800", "2017-11-30": "106.34000", "2017-08-31": "105.74000", "2017-05-31": "104.96400", "2017-02-28": "105.09300", "2016-11-30": "104.95700", "2016-08-31": "104.48300", "2016-05-31": "108.22100", "2016-02-29": "107.84300", "2015-11-30": "108.30100", "2015-08-31": "110.59700", "2015-05-31": "115.90000", "2015-02-28": "116.17800", "2014-11-30": "117.11500", "2014-08-31": "116.65900", "2014-05-31": "120.37700", "2014-02-28": "119.91300", "2013-11-30": "119.90700", "2013-08-31": "122.13000", "2013-05-31": "123.95600", "2013-02-28": "123.12000", "2012-11-30": "124.18500", "2012-08-31": "126.11000", "2012-05-31": "129.89100", "2012-02-29": "129.73500", "2011-11-30": "129.72700", "2011-08-31": "131.30900", "2011-05-31": "146.58600", "2011-02-28": "145.30300", "2010-11-30": "145.51100", "2010-08-31": "152.16400", "2010-05-31": "152.85800", "2010-02-28": "152.86900", "2009-11-30": "152.86600", "2009-08-31": "152.82800", "2009-05-31": "152.94200", "2009-02-28": "152.99300", "2008-11-30": "152.78800", "2008-08-31": "153.39400", "2008-05-31": "155.67800", "2008-02-29": "153.67900", "2007-11-30": "156.56300", "2007-08-31": "158.77100", "2007-05-31": "159.76900", "2007-02-28": "159.31100", "2006-11-30": "160.31200", "2006-08-31": "160.77000", "2006-05-31": "167.95100", "2006-02-28": "168.03800", "2005-11-30": "167.97500", "2005-08-31": "168.93900", "2005-05-31": "171.67900", "2005-02-28": "171.80200"}, "Shares Outstanding": {"2020-11-30": "107.98100", "2020-08-31": "107.12900", "2020-05-31": "107.01200", "2020-02-29": "107.58800", "2019-11-30": "107.33500", "2019-08-31": "107.08300", "2019-05-31": "109.49500", "2019-02-28": "108.16200", "2018-11-30": "109.87400", "2018-08-31": "110.64800", "2018-05-31": "109.81000", "2018-02-28": "110.17500", "2017-11-30": "109.81800", "2017-08-31": "108.53700", "2017-05-31": "107.78300", "2017-02-28": "107.89200", "2016-11-30": "107.64700", "2016-08-31": "107.11400", "2016-05-31": "109.95600", "2016-02-29": "109.46300", "2015-11-30": "110.11300", "2015-08-31": "112.22900", "2015-05-31": "117.54300", "2015-02-28": "117.86700", "2014-11-30": "118.65500", "2014-08-31": "118.03000", "2014-05-31": "121.64000", "2014-02-28": "121.28000", "2013-11-30": "121.05000", "2013-08-31": "122.89200", "2013-05-31": "124.53100", "2013-02-28": "123.75700", "2012-11-30": "124.60900", "2012-08-31": "126.45800", "2012-05-31": "130.03300", "2012-02-29": "129.94500", "2011-11-30": "129.74000", "2011-08-31": "131.33800", "2011-05-31": "146.58600", "2011-02-28": "145.30300", "2010-11-30": "145.51100", "2010-08-31": "152.16400", "2010-05-31": "152.85800", "2010-02-28": "152.86900", "2009-11-30": "152.86600", "2009-08-31": "152.82800", "2009-05-31": "152.94200", "2009-02-28": "152.99300", "2008-11-30": "152.78800", "2008-08-31": "153.39400", "2008-05-31": "155.67800", "2008-02-29": "153.88200", "2007-11-30": "156.81300", "2007-08-31": "159.03800", "2007-05-31": "160.18700", "2007-02-28": "159.69900", "2006-11-30": "160.72100", "2006-08-31": "161.14700", "2006-05-31": "168.54500", "2006-02-28": "168.59900", "2005-11-30": "168.61100", "2005-08-31": "169.56400", "2005-05-31": "172.64900", "2005-02-28": "172.79000"}, "Basic EPS": {"2020-11-30": "2.69000", "2020-08-31": "2.86000", "2020-05-31": "1.38000", "2020-02-29": "2.23000", "2019-11-30": "2.35000", "2019-08-31": "2.40000", "2019-05-31": "2.13000", "2019-02-28": "1.91000", "2018-11-30": "2.25000", "2018-08-31": "1.96000", "2018-05-31": "1.71000", "2018-02-28": "2.79000", "2017-11-30": "1.26000", "2017-08-31": "2.02000", "2017-05-31": "0.78000", "2017-02-28": "1.10000", "2016-11-30": "1.32000", "2016-08-31": "1.29000", "2016-05-31": "1.23000", "2016-02-29": "1.07000", "2015-11-30": "3.11000", "2015-08-31": "0.89000", "2015-05-31": "0.91000", "2015-02-28": "0.81000", "2014-11-30": "1.02000", "2014-08-31": "0.94000", "2014-05-31": "1.04000", "2014-02-28": "0.70000", "2013-11-30": "0.71000", "2013-08-31": "0.63000", "2013-05-31": "0.69000", "2013-02-28": "0.60000", "2012-11-30": "0.63000", "2012-08-31": "0.61000", "2012-05-31": "0.60000", "2012-02-29": "0.58000", "2011-11-30": "0.57000", "2011-08-31": "0.52000", "2011-05-31": "0.49000", "2011-02-28": "0.41000", "2010-11-30": "0.38000", "2010-08-31": "0.40000", "2010-05-31": "0.36000", "2010-02-28": "0.32000", "2009-11-30": "0.37000", "2009-08-31": "0.35000", "2009-05-31": "0.03000", "2009-02-28": "0.47000", "2008-11-30": "0.47000", "2008-08-31": "0.51000", "2008-05-31": "0.58000", "2008-02-29": "0.53000", "2007-11-30": "0.53000", "2007-08-31": "0.51000", "2007-05-31": "0.57000", "2007-02-28": "0.48000", "2006-11-30": "0.51000", "2006-08-31": "0.53000", "2006-05-31": "0.55000", "2006-02-28": "0.46000", "2005-11-30": "0.46000", "2005-08-31": "0.46000", "2005-05-31": "0.43000", "2005-02-28": "0.42000"}, "EPS - Earnings Per Share": {"2020-11-30": "2.62000", "2020-08-31": "2.78000", "2020-05-31": "1.36000", "2020-02-29": "2.16000", "2019-11-30": "2.27000", "2019-08-31": "2.32000", "2019-05-31": "2.07000", "2019-02-28": "1.85000", "2018-11-30": "2.18000", "2018-08-31": "1.89000", "2018-05-31": "1.66000", "2018-02-28": "2.71000", "2017-11-30": "1.23000", "2017-08-31": "1.96000", "2017-05-31": "0.76000", "2017-02-28": "1.07000", "2016-11-30": "1.29000", "2016-08-31": "1.26000", "2016-05-31": "1.22000", "2016-02-29": "1.05000", "2015-11-30": "3.06000", "2015-08-31": "0.88000", "2015-05-31": "0.90000", "2015-02-28": "0.80000", "2014-11-30": "1.00000", "2014-08-31": "0.93000", "2014-05-31": "1.03000", "2014-02-28": "0.69000", "2013-11-30": "0.70000", "2013-08-31": "0.63000", "2013-05-31": "0.69000", "2013-02-28": "0.60000", "2012-11-30": "0.63000", "2012-08-31": "0.60000", "2012-05-31": "0.60000", "2012-02-29": "0.58000", "2011-11-30": "0.57000", "2011-08-31": "0.52000", "2011-05-31": "0.49000", "2011-02-28": "0.41000", "2010-11-30": "0.38000", "2010-08-31": "0.40000", "2010-05-31": "0.36000", "2010-02-28": "0.32000", "2009-11-30": "0.37000", "2009-08-31": "0.35000", "2009-05-31": "0.03000", "2009-02-28": "0.47000", "2008-11-30": "0.47000", "2008-08-31": "0.51000", "2008-05-31": "0.58000", "2008-02-29": "0.53000", "2007-11-30": "0.53000", "2007-08-31": "0.51000", "2007-05-31": "0.57000", "2007-02-28": "0.48000", "2006-11-30": "0.51000", "2006-08-31": "0.53000", "2006-05-31": "0.55000", "2006-02-28": "0.45000", "2005-11-30": "0.46000", "2005-08-31": "0.46000", "2005-05-31": "0.43000", "2005-02-28": "0.41000"}}, "balance sheet": {"Cash On Hand": {"2020-05-31": "145.40200", "2019-05-31": "96.64500", "2018-05-31": "138.72400", "2017-05-31": "191.48500", "2016-05-31": "209.76200", "2015-05-31": "433.15400", "2014-05-31": "513.28800", "2013-05-31": "357.95300", "2012-05-31": "339.82500", "2011-05-31": "525.32600", "2010-05-31": "566.08700", "2009-05-31": "250.13800", "2008-05-31": "191.69500", "2007-05-31": "155.41300", "2006-05-31": "241.45300", "2005-05-31": "309.42800"}, "Receivables": {"2020-05-31": "870.36900", "2019-05-31": "917.59500", "2018-05-31": "824.21700", "2017-05-31": "780.32800", "2016-05-31": "548.20000", "2015-05-31": "497.06600", "2014-05-31": "508.42700", "2013-05-31": "505.15100", "2012-05-31": "473.04900", "2011-05-31": "462.67300", "2010-05-31": "377.91000", "2009-05-31": "383.19000", "2008-05-31": "430.07800", "2007-05-31": "408.87000", "2006-05-31": "389.90500", "2005-05-31": "326.89600"}, "Inventory": {"2020-05-31": "408.89800", "2019-05-31": "334.58900", "2018-05-31": "280.34700", "2017-05-31": "278.21800", "2016-05-31": "249.36200", "2015-05-31": "226.21100", "2014-05-31": "251.23900", "2013-05-31": "240.44000", "2012-05-31": "251.20500", "2011-05-31": "249.65800", "2010-05-31": "169.48400", "2009-05-31": "202.35100", "2008-05-31": "238.66900", "2007-05-31": "231.74100", "2006-05-31": "198.00000", "2005-05-31": "216.41200"}, "Pre-Paid Expenses": {"2020-05-31": "114.61900", "2019-05-31": "103.31800", "2018-05-31": "32.38300", "2017-05-31": "30.13200", "2016-05-31": "25.94800", "2015-05-31": "24.03000", "2014-05-31": "26.19000", "2013-05-31": "24.53000", "2012-05-31": "21.22200", "2011-05-31": "23.48100", "2010-05-31": "22.86000", "2009-05-31": "17.03500", "2008-05-31": "12.06800", "2007-05-31": "15.78100", "2006-05-31": "11.16300", "2005-05-31": "8.35800"}, "Other Current Assets": {"2020-05-31": "770.41100", "2019-05-31": "784.13300", "2018-05-31": "702.26100", "2017-05-31": "674.31500", "2016-05-31": "557.30700", "2015-05-31": "555.34600", "2014-05-31": "506.53700", "2013-05-31": "496.75200", "2012-05-31": "452.78500", "2011-05-31": "393.82600", "2010-05-31": "332.10600", "2009-05-31": "351.19100", "2008-05-31": "370.41600", "2007-05-31": "344.93100", "2006-05-31": "337.48700", "2005-05-31": "305.45000"}, "Total Current Assets": {"2020-05-31": "2309.69900", "2019-05-31": "2236.28000", "2018-05-31": "1977.93200", "2017-05-31": "1954.47800", "2016-05-31": "1590.57900", "2015-05-31": "1735.80700", "2014-05-31": "1805.68100", "2013-05-31": "1624.82600", "2012-05-31": "1538.08600", "2011-05-31": "1700.77700", "2010-05-31": "1520.86200", "2009-05-31": "1270.27300", "2008-05-31": "1282.33600", "2007-05-31": "1156.73600", "2006-05-31": "1178.00800", "2005-05-31": "1166.54400"}, "Property, Plant, And Equipment": {"2020-05-31": "1403.06500", "2019-05-31": "1430.68500", "2018-05-31": "1382.73000", "2017-05-31": "1323.50100", "2016-05-31": "993.69200", "2015-05-31": "871.42100", "2014-05-31": "855.70200", "2013-05-31": "986.70300", "2012-05-31": "952.58700", "2011-05-31": "946.21800", "2010-05-31": "894.52200", "2009-05-31": "914.62700", "2008-05-31": "974.57500", "2007-05-31": "920.24300", "2006-05-31": "863.78300", "2005-05-31": "817.19800"}, "Long-Term Investments": {"2020-05-31": "214.84700", "2019-05-31": "192.34600", "2018-05-31": "175.58100", "2017-05-31": "164.78800", "2016-05-31": "124.95200", "2015-05-31": "329.69200", "2014-05-31": "458.35700", "2013-05-31": "101.52500", "2012-05-31": "", "2011-05-31": "", "2010-05-31": "", "2009-05-31": "", "2008-05-31": "", "2007-05-31": "", "2006-05-31": "", "2005-05-31": ""}, "Goodwill And Intangible Assets": {"2020-05-31": "3321.54900", "2019-05-31": "3337.03600", "2018-05-31": "3392.65600", "2017-05-31": "3369.32300", "2016-05-31": "1354.27000", "2015-05-31": "1238.04600", "2014-05-31": "1323.08600", "2013-05-31": "1609.71300", "2012-05-31": "1562.19700", "2011-05-31": "1590.19400", "2010-05-31": "1460.37000", "2009-05-31": "1455.71800", "2008-05-31": "1468.32600", "2007-05-31": "1417.23800", "2006-05-31": "1316.14000", "2005-05-31": "1036.13400"}, "Other Long-Term Assets": {"2020-05-31": "260.75800", "2019-05-31": "240.31500", "2018-05-31": "29.31500", "2017-05-31": "31.96700", "2016-05-31": "35.32200", "2015-05-31": "17.49400", "2014-05-31": "19.62600", "2013-05-31": "22.86500", "2012-05-31": "112.83600", "2011-05-31": "114.75100", "2010-05-31": "93.98200", "2009-05-31": "80.33300", "2008-05-31": "83.36400", "2007-05-31": "76.26300", "2006-05-31": "67.30600", "2005-05-31": "39.86800"}, "Total Long-Term Assets": {"2020-05-31": "5360.18600", "2019-05-31": "5200.38200", "2018-05-31": "4980.28200", "2017-05-31": "4889.57900", "2016-05-31": "2508.23600", "2015-05-31": "2456.65300", "2014-05-31": "2656.77100", "2013-05-31": "2720.80600", "2012-05-31": "2627.62000", "2011-05-31": "2651.16300", "2010-05-31": "2448.87400", "2009-05-31": "2450.67800", "2008-05-31": "2526.26500", "2007-05-31": "2413.74400", "2006-05-31": "2247.22900", "2005-05-31": "1893.20000"}, "Total Assets": {"2020-05-31": "7669.88500", "2019-05-31": "7436.66200", "2018-05-31": "6958.21400", "2017-05-31": "6844.05700", "2016-05-31": "4098.81500", "2015-05-31": "4192.46000", "2014-05-31": "4462.45200", "2013-05-31": "4345.63200", "2012-05-31": "4165.70600", "2011-05-31": "4351.94000", "2010-05-31": "3969.73600", "2009-05-31": "3720.95100", "2008-05-31": "3808.60100", "2007-05-31": "3570.48000", "2006-05-31": "3425.23700", "2005-05-31": "3059.74400"}, "Total Current Liabilities": {"2020-05-31": "885.19500", "2019-05-31": "1127.73300", "2018-05-31": "775.85700", "2017-05-31": "1130.85200", "2016-05-31": "815.55500", "2015-05-31": "508.66900", "2014-05-31": "630.13100", "2013-05-31": "556.25600", "2012-05-31": "675.69100", "2011-05-31": "434.13900", "2010-05-31": "383.68200", "2009-05-31": "300.86900", "2008-05-31": "367.24200", "2007-05-31": "403.03800", "2006-05-31": "410.34700", "2005-05-31": "356.48100"}, "Long Term Debt": {"2020-05-31": "2539.70500", "2019-05-31": "2537.50700", "2018-05-31": "2535.30900", "2017-05-31": "2770.62400", "2016-05-31": "1044.42200", "2015-05-31": "1300.00000", "2014-05-31": "1300.47700", "2013-05-31": "1300.97900", "2012-05-31": "1059.16600", "2011-05-31": "1284.79000", "2010-05-31": "785.44400", "2009-05-31": "786.05800", "2008-05-31": "942.73600", "2007-05-31": "877.07400", "2006-05-31": "794.45400", "2005-05-31": "465.29100"}, "Other Non-Current Liabilities": {"2020-05-31": "498.50900", "2019-05-31": "330.52200", "2018-05-31": "277.94100", "2017-05-31": "170.46000", "2016-05-31": "136.70400", "2015-05-31": "112.00900", "2014-05-31": "92.94200", "2013-05-31": "76.42200", "2012-05-31": "87.13300", "2011-05-31": "134.04100", "2010-05-31": "116.02100", "2009-05-31": "117.58300", "2008-05-31": "120.30800", "2007-05-31": "", "2006-05-31": "", "2005-05-31": ""}, "Total Long Term Liabilities": {"2020-05-31": "3549.48800", "2019-05-31": "3306.20800", "2018-05-31": "3165.83100", "2017-05-31": "3410.41200", "2016-05-31": "1440.60100", "2015-05-31": "1751.33600", "2014-05-31": "1639.46300", "2013-05-31": "1587.88400", "2012-05-31": "1350.88000", "2011-05-31": "1615.15200", "2010-05-31": "1052.02500", "2009-05-31": "1052.67300", "2008-05-31": "1187.22800", "2007-05-31": "999.70400", "2006-05-31": "924.69800", "2005-05-31": "599.12800"}, "Total Liabilities": {"2020-05-31": "4434.68300", "2019-05-31": "4433.94100", "2018-05-31": "3941.68800", "2017-05-31": "4541.26400", "2016-05-31": "2256.15600", "2015-05-31": "2260.00500", "2014-05-31": "2269.59400", "2013-05-31": "2144.14000", "2012-05-31": "2026.57100", "2011-05-31": "2049.29100", "2010-05-31": "1435.70700", "2009-05-31": "1353.54200", "2008-05-31": "1554.47000", "2007-05-31": "1402.74200", "2006-05-31": "1335.04500", "2005-05-31": "955.60900"}, "Common Stock Net": {"2020-05-31": "1102.68900", "2019-05-31": "840.32800", "2018-05-31": "618.46400", "2017-05-31": "485.06800", "2016-05-31": "409.68200", "2015-05-31": "329.24800", "2014-05-31": "251.75300", "2013-05-31": "186.33200", "2012-05-31": "148.25500", "2011-05-31": "135.40100", "2010-05-31": "132.05800", "2009-05-31": "129.21500", "2008-05-31": "129.18200", "2007-05-31": "120.81100", "2006-05-31": "109.94800", "2005-05-31": "114.17100"}, "Retained Earnings (Accumulated Deficit)": {"2020-05-31": "7296.50900", "2019-05-31": "6691.23600", "2018-05-31": "5837.82700", "2017-05-31": "5170.83000", "2016-05-31": "4805.86700", "2015-05-31": "4227.62000", "2014-05-31": "3998.89300", "2013-05-31": "3717.77100", "2012-05-31": "3482.07300", "2011-05-31": "3255.25600", "2010-05-31": "3080.07900", "2009-05-31": "2938.41900", "2008-05-31": "2784.30200", "2007-05-31": "2533.45900", "2006-05-31": "2260.91700", "2005-05-31": "2035.99200"}, "Comprehensive Income": {"2020-05-31": "-153.38000", "2019-05-31": "-39.15200", "2018-05-31": "16.34300", "2017-05-31": "-3.02900", "2016-05-31": "-24.87400", "2015-05-31": "-8.47100", "2014-05-31": "28.42800", "2013-05-31": "38.12300", "2012-05-31": "36.66300", "2011-05-31": "58.80700", "2010-05-31": "36.13300", "2009-05-31": "25.29900", "2008-05-31": "52.28000", "2007-05-31": "37.12100", "2006-05-31": "42.38400", "2005-05-31": "12.17600"}, "Other Share Holders Equity": {"2020-05-31": "", "2019-05-31": "", "2018-05-31": "", "2017-05-31": "", "2016-05-31": "", "2015-05-31": "", "2014-05-31": "", "2013-05-31": "", "2012-05-31": "", "2011-05-31": "", "2010-05-31": "", "2009-05-31": "", "2008-05-31": "", "2007-05-31": "", "2006-05-31": "", "2005-05-31": ""}, "Share Holder Equity": {"2020-05-31": "3235.20200", "2019-05-31": "3002.72100", "2018-05-31": "3016.52600", "2017-05-31": "2302.79300", "2016-05-31": "1842.65900", "2015-05-31": "1932.45500", "2014-05-31": "2192.85800", "2013-05-31": "2201.49200", "2012-05-31": "2139.13500", "2011-05-31": "2302.64900", "2010-05-31": "2534.02900", "2009-05-31": "2367.40900", "2008-05-31": "2254.13100", "2007-05-31": "2167.73800", "2006-05-31": "2090.19200", "2005-05-31": "2104.13500"}, "Total Liabilities And Share Holders Equity": {"2020-05-31": "7669.88500", "2019-05-31": "7436.66200", "2018-05-31": "6958.21400", "2017-05-31": "6844.05700", "2016-05-31": "4098.81500", "2015-05-31": "4192.46000", "2014-05-31": "4462.45200", "2013-05-31": "4345.63200", "2012-05-31": "4165.70600", "2011-05-31": "4351.94000", "2010-05-31": "3969.73600", "2009-05-31": "3720.95100", "2008-05-31": "3808.60100", "2007-05-31": "3570.48000", "2006-05-31": "3425.23700", "2005-05-31": "3059.74400"}}, "balance sheet, quarterly": {"Cash On Hand": {"2020-11-30": "703.17500", "2020-08-31": "421.54200", "2020-05-31": "145.40200", "2020-02-29": "234.44100", "2019-11-30": "226.53500", "2019-08-31": "102.13100", "2019-05-31": "96.64500", "2019-02-28": "80.85900", "2018-11-30": "88.47900", "2018-08-31": "118.35600", "2018-05-31": "138.72400", "2018-02-28": "186.25600", "2017-11-30": "258.73400", "2017-08-31": "213.04000", "2017-05-31": "191.48500", "2017-02-28": "147.24400", "2016-11-30": "143.57300", "2016-08-31": "163.76700", "2016-05-31": "209.76200", "2016-02-29": "386.81900", "2015-11-30": "672.61100", "2015-08-31": "200.21400", "2015-05-31": "433.15400", "2015-02-28": "403.19400", "2014-11-30": "826.72400", "2014-08-31": "581.45300", "2014-05-31": "513.28800", "2014-02-28": "353.69900", "2013-11-30": "313.49000", "2013-08-31": "282.85900", "2013-05-31": "357.95300", "2013-02-28": "245.68600", "2012-11-30": "276.34900", "2012-08-31": "330.16500", "2012-05-31": "339.82500", "2012-02-29": "352.61400", "2011-11-30": "337.60500", "2011-08-31": "277.04000", "2011-05-31": "525.32600", "2011-02-28": "216.70500", "2010-11-30": "284.57700", "2010-08-31": "369.44900", "2010-05-31": "566.08700", "2010-02-28": "552.09600", "2009-11-30": "480.24000", "2009-08-31": "357.87900", "2009-05-31": "250.13800", "2009-02-28": "151.90400", "2008-11-30": "127.34600", "2008-08-31": "180.89500", "2008-05-31": "191.69500", "2008-02-29": "163.64600", "2007-11-30": "154.26700", "2007-08-31": "138.27200", "2007-05-31": "155.41300", "2007-02-28": "157.49300", "2006-11-30": "172.22100", "2006-08-31": "174.89400", "2006-05-31": "241.45300", "2006-02-28": "250.80100", "2005-11-30": "255.93400", "2005-08-31": "257.74700", "2005-05-31": "309.42800", "2005-02-28": "367.78900"}, "Receivables": {"2020-11-30": "967.06800", "2020-08-31": "866.41400", "2020-05-31": "870.36900", "2020-02-29": "966.33800", "2019-11-30": "974.00000", "2019-08-31": "917.53500", "2019-05-31": "917.59500", "2019-02-28": "920.58900", "2018-11-30": "940.65700", "2018-08-31": "845.07000", "2018-05-31": "824.21700", "2018-02-28": "800.87100", "2017-11-30": "799.25500", "2017-08-31": "731.57700", "2017-05-31": "780.32800", "2017-02-28": "619.42300", "2016-11-30": "608.68010", "2016-08-31": "586.37200", "2016-05-31": "548.20000", "2016-02-29": "550.74800", "2015-11-30": "549.19000", "2015-08-31": "531.12700", "2015-05-31": "497.06600", "2015-02-28": "504.61100", "2014-11-30": "510.15300", "2014-08-31": "489.21100", "2014-05-31": "508.42700", "2014-02-28": "529.66800", "2013-11-30": "520.52300", "2013-08-31": "511.64200", "2013-05-31": "505.15100", "2013-02-28": "510.45500", "2012-11-30": "500.08200", "2012-08-31": "459.30200", "2012-05-31": "473.04900", "2012-02-29": "477.03600", "2011-11-30": "459.92500", "2011-08-31": "439.09000", "2011-05-31": "462.67300", "2011-02-28": "429.32100", "2010-11-30": "416.13400", "2010-08-31": "383.94300", "2010-05-31": "377.91000", "2010-02-28": "372.54100", "2009-11-30": "386.05700", "2009-08-31": "359.14200", "2009-05-31": "383.19000", "2009-02-28": "384.91200", "2008-11-30": "433.83100", "2008-08-31": "431.68100", "2008-05-31": "430.07800", "2008-02-29": "413.78100", "2007-11-30": "420.66700", "2007-08-31": "409.44100", "2007-05-31": "408.87000", "2007-02-28": "393.15500", "2006-11-30": "405.04200", "2006-08-31": "391.41100", "2006-05-31": "389.90500", "2006-02-28": "358.03300", "2005-11-30": "359.69600", "2005-08-31": "337.93000", "2005-05-31": "326.89600", "2005-02-28": "300.81900"}, "Inventory": {"2020-11-30": "534.12800", "2020-08-31": "488.16500", "2020-05-31": "408.89800", "2020-02-29": "352.92400", "2019-11-30": "348.30400", "2019-08-31": "336.29000", "2019-05-31": "334.58900", "2019-02-28": "339.80500", "2018-11-30": "321.87400", "2018-08-31": "303.77000", "2018-05-31": "280.34700", "2018-02-28": "274.81900", "2017-11-30": "272.83000", "2017-08-31": "283.19700", "2017-05-31": "278.21800", "2017-02-28": "272.18100", "2016-11-30": "263.30100", "2016-08-31": "262.15600", "2016-05-31": "249.36200", "2016-02-29": "255.20300", "2015-11-30": "251.47700", "2015-08-31": "240.04600", "2015-05-31": "226.21100", "2015-02-28": "234.64100", "2014-11-30": "235.86000", "2014-08-31": "249.81700", "2014-05-31": "251.23900", "2014-02-28": "256.13200", "2013-11-30": "249.48600", "2013-08-31": "245.47000", "2013-05-31": "240.44000", "2013-02-28": "246.95700", "2012-11-30": "236.19500", "2012-08-31": "241.69900", "2012-05-31": "251.20500", "2012-02-29": "275.67300", "2011-11-30": "287.95000", "2011-08-31": "280.21400", "2011-05-31": "249.65800", "2011-02-28": "232.29400", "2010-11-30": "208.38000", "2010-08-31": "184.36300", "2010-05-31": "169.48400", "2010-02-28": "167.81400", "2009-11-30": "166.37300", "2009-08-31": "185.34900", "2009-05-31": "202.35100", "2009-02-28": "252.48300", "2008-11-30": "251.86400", "2008-08-31": "242.09400", "2008-05-31": "238.66900", "2008-02-29": "241.32600", "2007-11-30": "238.94400", "2007-08-31": "236.10200", "2007-05-31": "231.74100", "2007-02-28": "227.08300", "2006-11-30": "217.57500", "2006-08-31": "210.38100", "2006-05-31": "198.00000", "2006-02-28": "207.92100", "2005-11-30": "213.80700", "2005-08-31": "222.03000", "2005-05-31": "216.41200", "2005-02-28": "216.36300"}, "Pre-Paid Expenses": {"2020-11-30": "125.46500", "2020-08-31": "133.69200", "2020-05-31": "114.61900", "2020-02-29": "125.51700", "2019-11-30": "123.58900", "2019-08-31": "137.67500", "2019-05-31": "103.31800", "2019-02-28": "108.96900", "2018-11-30": "106.61400", "2018-08-31": "112.47400", "2018-05-31": "32.38300", "2018-02-28": "35.19200", "2017-11-30": "38.05800", "2017-08-31": "42.49000", "2017-05-31": "30.13200", "2017-02-28": "51.36300", "2016-11-30": "41.46400", "2016-08-31": "40.32900", "2016-05-31": "25.94800", "2016-02-29": "26.65300", "2015-11-30": "27.47100", "2015-08-31": "31.17000", "2015-05-31": "24.03000", "2015-02-28": "22.48200", "2014-11-30": "23.59100", "2014-08-31": "27.59000", "2014-05-31": "26.19000", "2014-02-28": "26.76100", "2013-11-30": "26.61400", "2013-08-31": "31.93400", "2013-05-31": "24.53000", "2013-02-28": "24.77800", "2012-11-30": "25.03500", "2012-08-31": "30.17000", "2012-05-31": "21.22200", "2012-02-29": "29.31600", "2011-11-30": "28.36800", "2011-08-31": "29.41900", "2011-05-31": "23.48100", "2011-02-28": "26.16000", "2010-11-30": "27.85300", "2010-08-31": "33.90300", "2010-05-31": "22.86000", "2010-02-28": "17.42100", "2009-11-30": "17.63700", "2009-08-31": "21.92400", "2009-05-31": "17.03500", "2009-02-28": "17.75100", "2008-11-30": "15.67600", "2008-08-31": "18.38100", "2008-05-31": "12.06800", "2008-02-29": "14.69800", "2007-11-30": "16.31100", "2007-08-31": "17.89600", "2007-05-31": "15.78100", "2007-02-28": "14.92600", "2006-11-30": "13.59400", "2006-08-31": "10.52900", "2006-05-31": "11.16300", "2006-02-28": "9.16100", "2005-11-30": "7.66100", "2005-08-31": "10.03200", "2005-05-31": "8.35800", "2005-02-28": "8.78300"}, "Other Current Assets": {"2020-11-30": "772.93700", "2020-08-31": "756.36400", "2020-05-31": "770.41100", "2020-02-29": "818.48600", "2019-11-30": "817.85900", "2019-08-31": "796.18700", "2019-05-31": "784.13300", "2019-02-28": "773.53400", "2018-11-30": "758.24600", "2018-08-31": "724.70800", "2018-05-31": "702.26100", "2018-02-28": "682.43800", "2017-11-30": "674.57200", "2017-08-31": "654.24900", "2017-05-31": "674.31500", "2017-02-28": "539.73000", "2016-11-30": "543.64400", "2016-08-31": "542.12400", "2016-05-31": "557.30700", "2016-02-29": "539.40100", "2015-11-30": "542.53100", "2015-08-31": "731.39500", "2015-05-31": "555.34600", "2015-02-28": "545.19700", "2014-11-30": "549.65200", "2014-08-31": "664.87800", "2014-05-31": "506.53700", "2014-02-28": "498.64900", "2013-11-30": "508.66900", "2013-08-31": "500.38400", "2013-05-31": "496.75200", "2013-02-28": "481.57600", "2012-11-30": "482.00100", "2012-08-31": "462.54100", "2012-05-31": "452.78500", "2012-02-29": "434.47500", "2011-11-30": "422.01300", "2011-08-31": "405.02900", "2011-05-31": "393.82600", "2011-02-28": "373.98300", "2010-11-30": "364.55600", "2010-08-31": "347.58800", "2010-05-31": "332.10600", "2010-02-28": "337.70800", "2009-11-30": "345.30500", "2009-08-31": "345.18800", "2009-05-31": "351.19100", "2009-02-28": "352.03200", "2008-11-30": "371.74300", "2008-08-31": "373.24100", "2008-05-31": "370.41600", "2008-02-29": "365.39600", "2007-11-30": "363.80200", "2007-08-31": "352.27900", "2007-05-31": "344.93100", "2007-02-28": "339.08200", "2006-11-30": "347.02100", "2006-08-31": "339.79800", "2006-05-31": "337.48700", "2006-02-28": "322.04400", "2005-11-30": "315.47700", "2005-08-31": "308.76800", "2005-05-31": "305.45000", "2005-02-28": "298.49900"}, "Total Current Assets": {"2020-11-30": "3102.77300", "2020-08-31": "2666.17700", "2020-05-31": "2309.69900", "2020-02-29": "2497.70600", "2019-11-30": "2490.28700", "2019-08-31": "2289.81800", "2019-05-31": "2236.28000", "2019-02-28": "2223.75600", "2018-11-30": "2215.87000", "2018-08-31": "2104.37800", "2018-05-31": "1977.93200", "2018-02-28": "1979.57600", "2017-11-30": "2043.44900", "2017-08-31": "1924.55300", "2017-05-31": "1954.47800", "2017-02-28": "1629.94100", "2016-11-30": "1600.66200", "2016-08-31": "1594.74800", "2016-05-31": "1590.57900", "2016-02-29": "1758.82400", "2015-11-30": "2043.28000", "2015-08-31": "1733.95200", "2015-05-31": "1735.80700", "2015-02-28": "1710.12500", "2014-11-30": "2145.98000", "2014-08-31": "2012.94900", "2014-05-31": "1805.68100", "2014-02-28": "1664.90900", "2013-11-30": "1618.78200", "2013-08-31": "1572.28900", "2013-05-31": "1624.82600", "2013-02-28": "1509.45200", "2012-11-30": "1519.66200", "2012-08-31": "1523.87700", "2012-05-31": "1538.08600", "2012-02-29": "1625.53600", "2011-11-30": "1591.86800", "2011-08-31": "1482.61500", "2011-05-31": "1700.77700", "2011-02-28": "1322.93800", "2010-11-30": "1354.84600", "2010-08-31": "1372.15300", "2010-05-31": "1520.86200", "2010-02-28": "1515.74500", "2009-11-30": "1465.17000", "2009-08-31": "1340.25400", "2009-05-31": "1270.27300", "2009-02-28": "1201.92200", "2008-11-30": "1245.28100", "2008-08-31": "1286.94800", "2008-05-31": "1282.33600", "2008-02-29": "1238.81800", "2007-11-30": "1227.66300", "2007-08-31": "1173.90200", "2007-05-31": "1156.73600", "2007-02-28": "1131.73900", "2006-11-30": "1155.45300", "2006-08-31": "1127.01300", "2006-05-31": "1178.00800", "2006-02-28": "1147.96000", "2005-11-30": "1152.57500", "2005-08-31": "1136.50700", "2005-05-31": "1166.54400", "2005-02-28": "1192.25300"}, "Property, Plant, And Equipment": {"2020-11-30": "1344.33300", "2020-08-31": "1378.38500", "2020-05-31": "1403.06500", "2020-02-29": "1434.86600", "2019-11-30": "1425.58400", "2019-08-31": "1422.35100", "2019-05-31": "1430.68500", "2019-02-28": "1424.06300", "2018-11-30": "1410.53000", "2018-08-31": "1394.63400", "2018-05-31": "1382.73000", "2018-02-28": "1367.58000", "2017-11-30": "1353.15900", "2017-08-31": "1340.66000", "2017-05-31": "1323.50100", "2017-02-28": "1090.20900", "2016-11-30": "1067.21400", "2016-08-31": "1033.16000", "2016-05-31": "993.69200", "2016-02-29": "964.68000", "2015-11-30": "916.54400", "2015-08-31": "896.78600", "2015-05-31": "871.42100", "2015-02-28": "853.39100", "2014-11-30": "845.12700", "2014-08-31": "838.49300", "2014-05-31": "855.70200", "2014-02-28": "981.19700", "2013-11-30": "988.89700", "2013-08-31": "991.33100", "2013-05-31": "986.70300", "2013-02-28": "976.84400", "2012-11-30": "967.26000", "2012-08-31": "953.76100", "2012-05-31": "952.58700", "2012-02-29": "944.03400", "2011-11-30": "938.66400", "2011-08-31": "946.46600", "2011-05-31": "946.21800", "2011-02-28": "941.77300", "2010-11-30": "923.53500", "2010-08-31": "915.35800", "2010-05-31": "894.52200", "2010-02-28": "894.57800", "2009-11-30": "888.00500", "2009-08-31": "901.28600", "2009-05-31": "914.62700", "2009-02-28": "980.64600", "2008-11-30": "982.33100", "2008-08-31": "987.58200", "2008-05-31": "974.57500", "2008-02-29": "968.58400", "2007-11-30": "949.39600", "2007-08-31": "933.23300", "2007-05-31": "920.24300", "2007-02-28": "900.77200", "2006-11-30": "880.95500", "2006-08-31": "867.63100", "2006-05-31": "863.78300", "2006-02-28": "848.89900", "2005-11-30": "829.25800", "2005-08-31": "823.67800", "2005-05-31": "817.19800", "2005-02-28": "807.22200"}, "Long-Term Investments": {"2020-11-30": "252.45400", "2020-08-31": "240.43100", "2020-05-31": "214.84700", "2020-02-29": "212.79800", "2019-11-30": "218.87300", "2019-08-31": "208.98700", "2019-05-31": "192.34600", "2019-02-28": "191.81800", "2018-11-30": "183.54800", "2018-08-31": "180.26200", "2018-05-31": "175.58100", "2018-02-28": "178.52700", "2017-11-30": "175.66300", "2017-08-31": "163.63100", "2017-05-31": "164.78800", "2017-02-28": "148.16800", "2016-11-30": "140.53000", "2016-08-31": "140.87600", "2016-05-31": "124.95200", "2016-02-29": "118.60700", "2015-11-30": "126.54700", "2015-08-31": "123.49400", "2015-05-31": "329.69200", "2015-02-28": "445.53800", "2014-11-30": "456.86400", "2014-08-31": "451.89700", "2014-05-31": "458.35700", "2014-02-28": "", "2013-11-30": "", "2013-08-31": "", "2013-05-31": "101.52500", "2013-02-28": "", "2012-11-30": "", "2012-08-31": "", "2012-05-31": "", "2012-02-29": "", "2011-11-30": "", "2011-08-31": "", "2011-05-31": "", "2011-02-28": "", "2010-11-30": "", "2010-08-31": "", "2010-05-31": "", "2010-02-28": "", "2009-11-30": "", "2009-08-31": "", "2009-05-31": "", "2009-02-28": "", "2008-11-30": "", "2008-08-31": "", "2008-05-31": "", "2008-02-29": "", "2007-11-30": "", "2007-08-31": "", "2007-05-31": "", "2007-02-28": "", "2006-11-30": "", "2006-08-31": "", "2006-05-31": "", "2006-02-28": "", "2005-11-30": "", "2005-08-31": "", "2005-05-31": "", "2005-02-28": ""}, "Goodwill And Intangible Assets": {"2020-11-30": "3320.67700", "2020-08-31": "3327.68900", "2020-05-31": "3321.54900", "2020-02-29": "3338.84800", "2019-11-30": "3322.73400", "2019-08-31": "3332.59000", "2019-05-31": "3337.03600", "2019-02-28": "3356.18500", "2018-11-30": "3366.74900", "2018-08-31": "3385.94700", "2018-05-31": "3392.65600", "2018-02-28": "3377.34400", "2017-11-30": "3377.37000", "2017-08-31": "3392.13500", "2017-05-31": "3369.32300", "2017-02-28": "1386.75800", "2016-11-30": "1386.90800", "2016-08-31": "1383.16700", "2016-05-31": "1354.27000", "2016-02-29": "1370.81400", "2015-11-30": "1343.77700", "2015-08-31": "1347.80900", "2015-05-31": "1238.04600", "2015-02-28": "1239.21300", "2014-11-30": "1230.95000", "2014-08-31": "1234.15300", "2014-05-31": "1323.08600", "2014-02-28": "1616.54000", "2013-11-30": "1621.35500", "2013-08-31": "1624.12500", "2013-05-31": "1609.71300", "2013-02-28": "1613.56000", "2012-11-30": "1612.89100", "2012-08-31": "1561.40100", "2012-05-31": "1562.19700", "2012-02-29": "1568.13100", "2011-11-30": "1570.29600", "2011-08-31": "1582.58300", "2011-05-31": "1590.19400", "2011-02-28": "1598.57600", "2010-11-30": "1540.10300", "2010-08-31": "1503.45800", "2010-05-31": "1460.37000", "2010-02-28": "1461.49800", "2009-11-30": "1444.87700", "2009-08-31": "1450.65600", "2009-05-31": "1455.71800", "2009-02-28": "1456.66500", "2008-11-30": "1458.39100", "2008-08-31": "1466.69800", "2008-05-31": "1468.32600", "2008-02-29": "1469.60400", "2007-11-30": "1438.69800", "2007-08-31": "1437.00300", "2007-05-31": "1417.23800", "2007-02-28": "1399.01800", "2006-11-30": "1341.87100", "2006-08-31": "1328.88700", "2006-05-31": "1316.14000", "2006-02-28": "1303.89900", "2005-11-30": "1102.23300", "2005-08-31": "1047.78000", "2005-05-31": "1036.13400", "2005-02-28": "1016.67000"}, "Other Long-Term Assets": {"2020-11-30": "280.49400", "2020-08-31": "271.57900", "2020-05-31": "260.75800", "2020-02-29": "252.59300", "2019-11-30": "260.62600", "2019-08-31": "245.06500", "2019-05-31": "240.31500", "2019-02-28": "237.85100", "2018-11-30": "228.38600", "2018-08-31": "221.98300", "2018-05-31": "29.31500", "2018-02-28": "25.56600", "2017-11-30": "29.16000", "2017-08-31": "30.62700", "2017-05-31": "31.96700", "2017-02-28": "16.08800", "2016-11-30": "19.26500", "2016-08-31": "15.19400", "2016-05-31": "35.32200", "2016-02-29": "18.28500", "2015-11-30": "20.64400", "2015-08-31": "20.90800", "2015-05-31": "17.49400", "2015-02-28": "18.07900", "2014-11-30": "18.65000", "2014-08-31": "18.77800", "2014-05-31": "19.62600", "2014-02-28": "137.79500", "2013-11-30": "136.36400", "2013-08-31": "123.43200", "2013-05-31": "22.86500", "2013-02-28": "121.44300", "2012-11-30": "118.06900", "2012-08-31": "113.19600", "2012-05-31": "112.83600", "2012-02-29": "115.46600", "2011-11-30": "114.48400", "2011-08-31": "116.22800", "2011-05-31": "114.75100", "2011-02-28": "108.78300", "2010-11-30": "109.81100", "2010-08-31": "99.93500", "2010-05-31": "93.98200", "2010-02-28": "88.08800", "2009-11-30": "88.29600", "2009-08-31": "86.87400", "2009-05-31": "80.33300", "2009-02-28": "80.21100", "2008-11-30": "80.78800", "2008-08-31": "85.37100", "2008-05-31": "83.36400", "2008-02-29": "85.27200", "2007-11-30": "83.82500", "2007-08-31": "76.69200", "2007-05-31": "76.26300", "2007-02-28": "75.96000", "2006-11-30": "56.78500", "2006-08-31": "60.69000", "2006-05-31": "67.30600", "2006-02-28": "61.60600", "2005-11-30": "36.90100", "2005-08-31": "34.76100", "2005-05-31": "39.86800", "2005-02-28": "39.37800"}, "Total Long-Term Assets": {"2020-11-30": "5351.98000", "2020-08-31": "5377.20400", "2020-05-31": "5360.18600", "2020-02-29": "5404.27400", "2019-11-30": "5397.05000", "2019-08-31": "5372.08200", "2019-05-31": "5200.38200", "2019-02-28": "5209.91700", "2018-11-30": "5189.21300", "2018-08-31": "5182.82600", "2018-05-31": "4980.28200", "2018-02-28": "4949.01700", "2017-11-30": "4935.35200", "2017-08-31": "4927.05300", "2017-05-31": "4889.57900", "2017-02-28": "2641.22300", "2016-11-30": "2613.91700", "2016-08-31": "2572.39700", "2016-05-31": "2508.23600", "2016-02-29": "2472.38600", "2015-11-30": "2407.51200", "2015-08-31": "2388.99700", "2015-05-31": "2456.65300", "2015-02-28": "2556.22100", "2014-11-30": "2551.59100", "2014-08-31": "2543.32100", "2014-05-31": "2656.77100", "2014-02-28": "2735.53200", "2013-11-30": "2746.61600", "2013-08-31": "2738.88800", "2013-05-31": "2720.80600", "2013-02-28": "2711.84700", "2012-11-30": "2698.22000", "2012-08-31": "2628.35800", "2012-05-31": "2627.62000", "2012-02-29": "2627.63100", "2011-11-30": "2623.44400", "2011-08-31": "2645.27700", "2011-05-31": "2651.16300", "2011-02-28": "2649.13200", "2010-11-30": "2573.44900", "2010-08-31": "2518.75100", "2010-05-31": "2448.87400", "2010-02-28": "2444.16400", "2009-11-30": "2421.17800", "2009-08-31": "2438.81600", "2009-05-31": "2450.67800", "2009-02-28": "2517.52200", "2008-11-30": "2521.51000", "2008-08-31": "2539.65100", "2008-05-31": "2526.26500", "2008-02-29": "2523.46000", "2007-11-30": "2471.91900", "2007-08-31": "2446.92800", "2007-05-31": "2413.74400", "2007-02-28": "2375.75000", "2006-11-30": "2279.61100", "2006-08-31": "2257.20800", "2006-05-31": "2247.22900", "2006-02-28": "2214.40400", "2005-11-30": "1968.39200", "2005-08-31": "1906.21900", "2005-05-31": "1893.20000", "2005-02-28": "1863.27000"}, "Total Assets": {"2020-11-30": "8454.75300", "2020-08-31": "8043.38100", "2020-05-31": "7669.88500", "2020-02-29": "7901.98000", "2019-11-30": "7887.33700", "2019-08-31": "7661.90000", "2019-05-31": "7436.66200", "2019-02-28": "7433.67300", "2018-11-30": "7405.08300", "2018-08-31": "7287.20400", "2018-05-31": "6958.21400", "2018-02-28": "6928.59300", "2017-11-30": "6978.80100", "2017-08-31": "6851.60600", "2017-05-31": "6844.05700", "2017-02-28": "4271.16400", "2016-11-30": "4214.57900", "2016-08-31": "4167.14500", "2016-05-31": "4098.81500", "2016-02-29": "4231.21000", "2015-11-30": "4450.79200", "2015-08-31": "4122.94900", "2015-05-31": "4192.46000", "2015-02-28": "4266.34600", "2014-11-30": "4697.57100", "2014-08-31": "4556.27000", "2014-05-31": "4462.45200", "2014-02-28": "4400.44100", "2013-11-30": "4365.39800", "2013-08-31": "4311.17700", "2013-05-31": "4345.63200", "2013-02-28": "4221.29900", "2012-11-30": "4217.88200", "2012-08-31": "4152.23500", "2012-05-31": "4165.70600", "2012-02-29": "4253.16700", "2011-11-30": "4215.31200", "2011-08-31": "4127.89200", "2011-05-31": "4351.94000", "2011-02-28": "3972.07000", "2010-11-30": "3928.29500", "2010-08-31": "3890.90400", "2010-05-31": "3969.73600", "2010-02-28": "3959.90900", "2009-11-30": "3886.34800", "2009-08-31": "3779.07000", "2009-05-31": "3720.95100", "2009-02-28": "3719.44400", "2008-11-30": "3766.79100", "2008-08-31": "3826.59900", "2008-05-31": "3808.60100", "2008-02-29": "3762.27800", "2007-11-30": "3699.58200", "2007-08-31": "3620.83000", "2007-05-31": "3570.48000", "2007-02-28": "3507.48900", "2006-11-30": "3435.06400", "2006-08-31": "3384.22100", "2006-05-31": "3425.23700", "2006-02-28": "3362.36400", "2005-11-30": "3120.96700", "2005-08-31": "3042.72600", "2005-05-31": "3059.74400", "2005-02-28": "3055.52300"}, "Total Current Liabilities": {"2020-11-30": "1508.47200", "2020-08-31": "1093.35000", "2020-05-31": "885.19500", "2020-02-29": "1066.64600", "2019-11-30": "1297.25100", "2019-08-31": "1122.88200", "2019-05-31": "1127.73300", "2019-02-28": "994.35100", "2018-11-30": "1114.68600", "2018-08-31": "679.09400", "2018-05-31": "775.85700", "2018-02-28": "917.57300", "2017-11-30": "1154.37100", "2017-08-31": "1044.79500", "2017-05-31": "1130.85200", "2017-02-28": "943.96800", "2016-11-30": "748.75700", "2016-08-31": "710.85900", "2016-05-31": "815.55500", "2016-02-29": "858.80400", "2015-11-30": "1130.98100", "2015-08-31": "959.32600", "2015-05-31": "508.66900", "2015-02-28": "579.23100", "2014-11-30": "851.76400", "2014-08-31": "636.01100", "2014-05-31": "630.13100", "2014-02-28": "552.80200", "2013-11-30": "614.56100", "2013-08-31": "515.69500", "2013-05-31": "556.25600", "2013-02-28": "500.75200", "2012-11-30": "555.17900", "2012-08-31": "384.11100", "2012-05-31": "675.69100", "2012-02-29": "648.56100", "2011-11-30": "720.20100", "2011-08-31": "618.64600", "2011-05-31": "434.13900", "2011-02-28": "391.63600", "2010-11-30": "468.79500", "2010-08-31": "359.47900", "2010-05-31": "383.68200", "2010-02-28": "439.24900", "2009-11-30": "345.56000", "2009-08-31": "314.61300", "2009-05-31": "300.86900", "2009-02-28": "374.20900", "2008-11-30": "324.59800", "2008-08-31": "343.86300", "2008-05-31": "367.24200", "2008-02-29": "392.67500", "2007-11-30": "363.18800", "2007-08-31": "260.91100", "2007-05-31": "403.03800", "2007-02-28": "681.09600", "2006-11-30": "659.96500", "2006-08-31": "583.00300", "2006-05-31": "410.34700", "2006-02-28": "409.29800", "2005-11-30": "363.61100", "2005-08-31": "305.59800", "2005-05-31": "356.48100", "2005-02-28": "385.35800"}, "Long Term Debt": {"2020-11-30": "2290.93200", "2020-08-31": "2290.44700", "2020-05-31": "2539.70500", "2020-02-29": "2539.15600", "2019-11-30": "2538.60600", "2019-08-31": "2538.05700", "2019-05-31": "2537.50700", "2019-02-28": "2536.95800", "2018-11-30": "2536.40800", "2018-08-31": "2535.85900", "2018-05-31": "2535.30900", "2018-02-28": "2534.76000", "2017-11-30": "2534.22200", "2017-08-31": "2533.67200", "2017-05-31": "2770.62400", "2017-02-28": "745.18900", "2016-11-30": "1044.83400", "2016-08-31": "1044.62800", "2016-05-31": "1044.42200", "2016-02-29": "1050.00000", "2015-11-30": "1050.00000", "2015-08-31": "1050.00000", "2015-05-31": "1300.00000", "2015-02-28": "1300.00000", "2014-11-30": "1300.00000", "2014-08-31": "1300.00000", "2014-05-31": "1300.47700", "2014-02-28": "1300.52300", "2013-11-30": "1300.61500", "2013-08-31": "1300.79900", "2013-05-31": "1300.97900", "2013-02-28": "1308.65600", "2012-11-30": "1308.82900", "2012-08-31": "1309.01200", "2012-05-31": "1059.16600", "2012-02-29": "1059.27600", "2011-11-30": "1059.49000", "2011-08-31": "1059.64800", "2011-05-31": "1284.79000", "2011-02-28": "806.44700", "2010-11-30": "785.22200", "2010-08-31": "785.68200", "2010-05-31": "785.44400", "2010-02-28": "785.59500", "2009-11-30": "785.74800", "2009-08-31": "785.89900", "2009-05-31": "786.05800", "2009-02-28": "786.20400", "2008-11-30": "869.72100", "2008-08-31": "949.58800", "2008-05-31": "942.73600", "2008-02-29": "964.06500", "2007-11-30": "947.47300", "2007-08-31": "876.52200", "2007-05-31": "877.07400", "2007-02-28": "654.37600", "2006-11-30": "561.79600", "2006-08-31": "627.39300", "2006-05-31": "794.45400", "2006-02-28": "634.19300", "2005-11-30": "461.89000", "2005-08-31": "510.57200", "2005-05-31": "465.29100", "2005-02-28": "462.20200"}, "Other Non-Current Liabilities": {"2020-11-30": "563.48100", "2020-08-31": "547.90400", "2020-05-31": "498.50900", "2020-02-29": "421.19800", "2019-11-30": "372.07300", "2019-08-31": "387.81600", "2019-05-31": "330.52200", "2019-02-28": "283.86100", "2018-11-30": "291.28400", "2018-08-31": "301.93900", "2018-05-31": "277.94100", "2018-02-28": "205.59800", "2017-11-30": "198.13200", "2017-08-31": "185.48400", "2017-05-31": "170.46000", "2017-02-28": "136.68400", "2016-11-30": "130.19200", "2016-08-31": "168.87600", "2016-05-31": "136.70400", "2016-02-29": "131.58600", "2015-11-30": "117.81800", "2015-08-31": "116.16100", "2015-05-31": "112.00900", "2015-02-28": "107.21700", "2014-11-30": "108.87600", "2014-08-31": "105.82600", "2014-05-31": "92.94200", "2014-02-28": "93.16800", "2013-11-30": "92.06300", "2013-08-31": "84.45100", "2013-05-31": "76.42200", "2013-02-28": "72.19000", "2012-11-30": "66.44800", "2012-08-31": "97.84100", "2012-05-31": "87.13300", "2012-02-29": "142.65600", "2011-11-30": "138.57000", "2011-08-31": "140.50300", "2011-05-31": "134.04100", "2011-02-28": "135.77400", "2010-11-30": "134.08600", "2010-08-31": "127.58500", "2010-05-31": "116.02100", "2010-02-28": "96.88800", "2009-11-30": "101.81200", "2009-08-31": "100.46000", "2009-05-31": "117.58300", "2009-02-28": "103.96200", "2008-11-30": "121.44700", "2008-08-31": "118.87200", "2008-05-31": "120.30800", "2008-02-29": "117.34900", "2007-11-30": "120.33200", "2007-08-31": "116.55200", "2007-05-31": "", "2007-02-28": "", "2006-11-30": "", "2006-08-31": "", "2006-05-31": "", "2006-02-28": "", "2005-11-30": "", "2005-08-31": "", "2005-05-31": "", "2005-02-28": ""}, "Total Long Term Liabilities": {"2020-11-30": "3348.32100", "2020-08-31": "3345.22700", "2020-05-31": "3549.48800", "2020-02-29": "3511.02500", "2019-11-30": "3485.11600", "2019-08-31": "3488.31200", "2019-05-31": "3306.20800", "2019-02-28": "3259.83000", "2018-11-30": "3263.15300", "2018-08-31": "3262.14200", "2018-05-31": "3165.83100", "2018-02-28": "3117.02300", "2017-11-30": "3271.39700", "2017-08-31": "3240.93000", "2017-05-31": "3410.41200", "2017-02-28": "1148.93800", "2016-11-30": "1440.11700", "2016-08-31": "1468.88400", "2016-05-31": "1440.60100", "2016-02-29": "1422.30000", "2015-11-30": "1395.28300", "2015-08-31": "1314.95400", "2015-05-31": "1751.33600", "2015-02-28": "1639.44900", "2014-11-30": "1642.47300", "2014-08-31": "1648.28500", "2014-05-31": "1639.46300", "2014-02-28": "1603.60600", "2013-11-30": "1602.86500", "2013-08-31": "1599.47100", "2013-05-31": "1587.88400", "2013-02-28": "1590.30100", "2012-11-30": "1582.05900", "2012-08-31": "1613.70900", "2012-05-31": "1350.88000", "2012-02-29": "1407.97900", "2011-11-30": "1392.49200", "2011-08-31": "1394.76100", "2011-05-31": "1615.15200", "2011-02-28": "1107.49200", "2010-11-30": "1064.38700", "2010-08-31": "1061.44700", "2010-05-31": "1052.02500", "2010-02-28": "1045.47200", "2009-11-30": "1044.70300", "2009-08-31": "1039.41600", "2009-05-31": "1052.67300", "2009-02-28": "1025.24900", "2008-11-30": "1117.44700", "2008-08-31": "1191.88500", "2008-05-31": "1187.22800", "2008-02-29": "1204.14000", "2007-11-30": "1188.76600", "2007-08-31": "1115.95800", "2007-05-31": "999.70400", "2007-02-28": "770.23400", "2006-11-30": "678.68700", "2006-08-31": "750.15900", "2006-05-31": "924.69800", "2006-02-28": "768.53500", "2005-11-30": "594.82200", "2005-08-31": "644.30700", "2005-05-31": "599.12800", "2005-02-28": "589.26100"}, "Total Liabilities": {"2020-11-30": "4856.79300", "2020-08-31": "4438.57700", "2020-05-31": "4434.68300", "2020-02-29": "4577.67100", "2019-11-30": "4782.36700", "2019-08-31": "4611.19400", "2019-05-31": "4433.94100", "2019-02-28": "4254.18100", "2018-11-30": "4377.83900", "2018-08-31": "3941.23600", "2018-05-31": "3941.68800", "2018-02-28": "4034.59600", "2017-11-30": "4425.76800", "2017-08-31": "4285.72500", "2017-05-31": "4541.26400", "2017-02-28": "2092.90600", "2016-11-30": "2188.87400", "2016-08-31": "2179.74300", "2016-05-31": "2256.15600", "2016-02-29": "2281.10400", "2015-11-30": "2526.26400", "2015-08-31": "2274.28000", "2015-05-31": "2260.00500", "2015-02-28": "2218.68000", "2014-11-30": "2494.23700", "2014-08-31": "2284.29600", "2014-05-31": "2269.59400", "2014-02-28": "2156.40800", "2013-11-30": "2217.42600", "2013-08-31": "2115.16600", "2013-05-31": "2144.14000", "2013-02-28": "2091.05300", "2012-11-30": "2137.23800", "2012-08-31": "1997.82000", "2012-05-31": "2026.57100", "2012-02-29": "2056.54000", "2011-11-30": "2112.69300", "2011-08-31": "2013.40700", "2011-05-31": "2049.29100", "2011-02-28": "1499.12800", "2010-11-30": "1533.18200", "2010-08-31": "1420.92600", "2010-05-31": "1435.70700", "2010-02-28": "1484.72100", "2009-11-30": "1390.26300", "2009-08-31": "1354.02900", "2009-05-31": "1353.54200", "2009-02-28": "1399.45800", "2008-11-30": "1442.04500", "2008-08-31": "1535.74800", "2008-05-31": "1554.47000", "2008-02-29": "1596.81500", "2007-11-30": "1551.95400", "2007-08-31": "1376.86900", "2007-05-31": "1402.74200", "2007-02-28": "1451.33000", "2006-11-30": "1338.65200", "2006-08-31": "1333.16200", "2006-05-31": "1335.04500", "2006-02-28": "1177.83300", "2005-11-30": "958.43300", "2005-08-31": "949.90500", "2005-05-31": "955.60900", "2005-02-28": "974.61900"}, "Common Stock Net": {"2020-11-30": "1387.73400", "2020-08-31": "1345.23300", "2020-05-31": "1102.68900", "2020-02-29": "1092.07400", "2019-11-30": "1066.81400", "2019-08-31": "1036.12500", "2019-05-31": "840.32800", "2019-02-28": "826.17500", "2018-11-30": "804.23400", "2018-08-31": "796.98800", "2018-05-31": "618.46400", "2018-02-28": "611.48500", "2017-11-30": "600.56300", "2017-08-31": "586.36400", "2017-05-31": "485.06800", "2017-02-28": "476.37300", "2016-11-30": "468.39200", "2016-08-31": "463.37500", "2016-05-31": "409.68200", "2016-02-29": "399.92700", "2015-11-30": "394.72800", "2015-08-31": "387.31400", "2015-05-31": "329.24800", "2015-02-28": "320.24800", "2014-11-30": "309.91500", "2014-08-31": "294.79500", "2014-05-31": "251.75300", "2014-02-28": "233.92700", "2013-11-30": "225.37200", "2013-08-31": "217.10700", "2013-05-31": "186.33200", "2013-02-28": "178.29000", "2012-11-30": "173.12700", "2012-08-31": "171.09100", "2012-05-31": "148.25500", "2012-02-29": "145.12000", "2011-11-30": "144.84200", "2011-08-31": "144.52300", "2011-05-31": "135.40100", "2011-02-28": "135.27600", "2010-11-30": "135.25400", "2010-08-31": "135.17000", "2010-05-31": "132.05800", "2010-02-28": "132.05800", "2009-11-30": "132.03400", "2009-08-31": "131.92500", "2009-05-31": "129.21500", "2009-02-28": "129.21500", "2008-11-30": "129.18200", "2008-08-31": "129.18200", "2008-05-31": "129.18200", "2008-02-29": "128.84100", "2007-11-30": "128.56300", "2007-08-31": "128.04100", "2007-05-31": "120.81100", "2007-02-28": "130.38900", "2006-11-30": "126.64100", "2006-08-31": "124.26300", "2006-05-31": "109.94800", "2006-02-28": "121.05200", "2005-11-30": "118.30100", "2005-08-31": "117.35600", "2005-05-31": "114.17100", "2005-02-28": "113.35700"}, "Retained Earnings (Accumulated Deficit)": {"2020-11-30": "7509.54400", "2020-08-31": "7596.51400", "2020-05-31": "7296.50900", "2020-02-29": "7151.83800", "2019-11-30": "6917.31000", "2019-08-31": "6939.24000", "2019-05-31": "6691.23600", "2019-02-28": "6465.12100", "2018-11-30": "6261.75600", "2018-08-31": "6239.53500", "2018-05-31": "5837.82700", "2018-02-28": "5651.65600", "2017-11-30": "5349.53900", "2017-08-31": "5388.04000", "2017-05-31": "5170.83000", "2017-02-28": "5086.58400", "2016-11-30": "4968.43700", "2016-08-31": "4970.64700", "2016-05-31": "4805.86700", "2016-02-29": "4674.97500", "2015-11-30": "4557.24500", "2015-08-31": "4327.80700", "2015-05-31": "4227.62000", "2015-02-28": "4122.35400", "2014-11-30": "4027.46400", "2014-08-31": "4109.00100", "2014-05-31": "3998.89300", "2014-02-28": "3871.67500", "2013-11-30": "3787.06700", "2013-08-31": "3795.52500", "2013-05-31": "3717.77100", "2013-02-28": "3631.79300", "2012-11-30": "3557.08800", "2012-08-31": "3558.80600", "2012-05-31": "3482.07300", "2012-02-29": "3403.45900", "2011-11-30": "3327.11100", "2011-08-31": "3323.89400", "2011-05-31": "3255.25600", "2011-02-28": "3184.48000", "2010-11-30": "3125.41100", "2010-08-31": "3141.35600", "2010-05-31": "3080.07900", "2010-02-28": "3024.60100", "2009-11-30": "3049.57900", "2009-08-31": "2992.40300", "2009-05-31": "2938.41900", "2009-02-28": "2934.35400", "2008-11-30": "2934.77500", "2008-08-31": "2862.93800", "2008-05-31": "2784.30200", "2008-02-29": "2694.63000", "2007-11-30": "2683.64400", "2007-08-31": "2600.79200", "2007-05-31": "2533.45900", "2007-02-28": "2443.13900", "2006-11-30": "2428.40600", "2006-08-31": "2345.87900", "2006-05-31": "2260.91700", "2006-02-28": "2212.41900", "2005-11-30": "2193.49800", "2005-08-31": "2115.52700", "2005-05-31": "2035.99200", "2005-02-28": "1953.13700"}, "Comprehensive Income": {"2020-11-30": "-97.40700", "2020-08-31": "-115.95000", "2020-05-31": "-153.38000", "2020-02-29": "-94.81400", "2019-11-30": "-36.83500", "2019-08-31": "-60.65100", "2019-05-31": "-39.15200", "2019-02-28": "0.41200", "2018-11-30": "3.86500", "2018-08-31": "9.86100", "2018-05-31": "16.34300", "2018-02-28": "22.51700", "2017-11-30": "20.43700", "2017-08-31": "32.00300", "2017-05-31": "-3.02900", "2017-02-28": "-11.94100", "2016-11-30": "-17.28600", "2016-08-31": "-36.41200", "2016-05-31": "-24.87400", "2016-02-29": "-33.67400", "2015-11-30": "-17.68000", "2015-08-31": "-20.00400", "2015-05-31": "-8.47100", "2015-02-28": "-4.26300", "2014-11-30": "17.51000", "2014-08-31": "26.81800", "2014-05-31": "28.42800", "2014-02-28": "35.55200", "2013-11-30": "40.28600", "2013-08-31": "37.95100", "2013-05-31": "38.12300", "2013-02-28": "38.44800", "2012-11-30": "46.16800", "2012-08-31": "44.01500", "2012-05-31": "36.66300", "2012-02-29": "51.07600", "2011-11-30": "39.22100", "2011-08-31": "59.57300", "2011-05-31": "58.80700", "2011-02-28": "64.79500", "2010-11-30": "49.29300", "2010-08-31": "39.09500", "2010-05-31": "36.13300", "2010-02-28": "36.39900", "2009-11-30": "36.20300", "2009-08-31": "26.27600", "2009-05-31": "25.29900", "2009-02-28": "-15.00700", "2008-11-30": "-8.64200", "2008-08-31": "32.67600", "2008-05-31": "52.28000", "2008-02-29": "53.56200", "2007-11-30": "49.48900", "2007-08-31": "40.14800", "2007-05-31": "37.12100", "2007-02-28": "18.25400", "2006-11-30": "19.24200", "2006-08-31": "31.77100", "2006-05-31": "42.38400", "2006-02-28": "23.43400", "2005-11-30": "23.10900", "2005-08-31": "20.39900", "2005-05-31": "12.17600", "2005-02-28": "14.41000"}, "Other Share Holders Equity": {"2020-11-30": "", "2020-08-31": "", "2020-05-31": "", "2020-02-29": "", "2019-11-30": "", "2019-08-31": "", "2019-05-31": "", "2019-02-28": "", "2018-11-30": "", "2018-08-31": "", "2018-05-31": "", "2018-02-28": "", "2017-11-30": "", "2017-08-31": "", "2017-05-31": "", "2017-02-28": "", "2016-11-30": "", "2016-08-31": "", "2016-05-31": "", "2016-02-29": "", "2015-11-30": "", "2015-08-31": "", "2015-05-31": "", "2015-02-28": "", "2014-11-30": "", "2014-08-31": "", "2014-05-31": "", "2014-02-28": "", "2013-11-30": "", "2013-08-31": "", "2013-05-31": "", "2013-02-28": "", "2012-11-30": "", "2012-08-31": "", "2012-05-31": "", "2012-02-29": "", "2011-11-30": "", "2011-08-31": "", "2011-05-31": "", "2011-02-28": "", "2010-11-30": "", "2010-08-31": "", "2010-05-31": "", "2010-02-28": "", "2009-11-30": "", "2009-08-31": "", "2009-05-31": "", "2009-02-28": "", "2008-11-30": "", "2008-08-31": "", "2008-05-31": "", "2008-02-29": "", "2007-11-30": "", "2007-08-31": "", "2007-05-31": "", "2007-02-28": "", "2006-11-30": "", "2006-08-31": "", "2006-05-31": "", "2006-02-28": "", "2005-11-30": "", "2005-08-31": "", "2005-05-31": "", "2005-02-28": ""}, "Share Holder Equity": {"2020-11-30": "3597.96000", "2020-08-31": "3604.80400", "2020-05-31": "3235.20200", "2020-02-29": "3324.30900", "2019-11-30": "3104.97000", "2019-08-31": "3050.70600", "2019-05-31": "3002.72100", "2019-02-28": "3179.49200", "2018-11-30": "3027.24400", "2018-08-31": "3345.96800", "2018-05-31": "3016.52600", "2018-02-28": "2893.99700", "2017-11-30": "2553.03300", "2017-08-31": "2565.88100", "2017-05-31": "2302.79300", "2017-02-28": "2178.25800", "2016-11-30": "2025.70500", "2016-08-31": "1987.40200", "2016-05-31": "1842.65900", "2016-02-29": "1950.10600", "2015-11-30": "1924.52800", "2015-08-31": "1848.66900", "2015-05-31": "1932.45500", "2015-02-28": "2047.66600", "2014-11-30": "2203.33400", "2014-08-31": "2271.97400", "2014-05-31": "2192.85800", "2014-02-28": "2244.03300", "2013-11-30": "2147.97200", "2013-08-31": "2196.01100", "2013-05-31": "2201.49200", "2013-02-28": "2130.24600", "2012-11-30": "2080.64400", "2012-08-31": "2154.41500", "2012-05-31": "2139.13500", "2012-02-29": "2196.62700", "2011-11-30": "2102.61900", "2011-08-31": "2114.48500", "2011-05-31": "2302.64900", "2011-02-28": "2472.94200", "2010-11-30": "2395.11300", "2010-08-31": "2469.97800", "2010-05-31": "2534.02900", "2010-02-28": "2475.18800", "2009-11-30": "2496.08500", "2009-08-31": "2425.04100", "2009-05-31": "2367.40900", "2009-02-28": "2319.98600", "2008-11-30": "2324.74600", "2008-08-31": "2290.85100", "2008-05-31": "2254.13100", "2008-02-29": "2165.46300", "2007-11-30": "2147.62800", "2007-08-31": "2243.96100", "2007-05-31": "2167.73800", "2007-02-28": "2056.15900", "2006-11-30": "2096.41200", "2006-08-31": "2051.05900", "2006-05-31": "2090.19200", "2006-02-28": "2184.53100", "2005-11-30": "2162.53400", "2005-08-31": "2092.82100", "2005-05-31": "2104.13500", "2005-02-28": "2080.90400"}, "Total Liabilities And Share Holders Equity": {"2020-11-30": "8454.75300", "2020-08-31": "8043.38100", "2020-05-31": "7669.88500", "2020-02-29": "7901.98000", "2019-11-30": "7887.33700", "2019-08-31": "7661.90000", "2019-05-31": "7436.66200", "2019-02-28": "7433.67300", "2018-11-30": "7405.08300", "2018-08-31": "7287.20400", "2018-05-31": "6958.21400", "2018-02-28": "6928.59300", "2017-11-30": "6978.80100", "2017-08-31": "6851.60600", "2017-05-31": "6844.05700", "2017-02-28": "4271.16400", "2016-11-30": "4214.57900", "2016-08-31": "4167.14500", "2016-05-31": "4098.81500", "2016-02-29": "4231.21000", "2015-11-30": "4450.79200", "2015-08-31": "4122.94900", "2015-05-31": "4192.46000", "2015-02-28": "4266.34600", "2014-11-30": "4697.57100", "2014-08-31": "4556.27000", "2014-05-31": "4462.45200", "2014-02-28": "4400.44100", "2013-11-30": "4365.39800", "2013-08-31": "4311.17700", "2013-05-31": "4345.63200", "2013-02-28": "4221.29900", "2012-11-30": "4217.88200", "2012-08-31": "4152.23500", "2012-05-31": "4165.70600", "2012-02-29": "4253.16700", "2011-11-30": "4215.31200", "2011-08-31": "4127.89200", "2011-05-31": "4351.94000", "2011-02-28": "3972.07000", "2010-11-30": "3928.29500", "2010-08-31": "3890.90400", "2010-05-31": "3969.73600", "2010-02-28": "3959.90900", "2009-11-30": "3886.34800", "2009-08-31": "3779.07000", "2009-05-31": "3720.95100", "2009-02-28": "3719.44400", "2008-11-30": "3766.79100", "2008-08-31": "3826.59900", "2008-05-31": "3808.60100", "2008-02-29": "3762.27800", "2007-11-30": "3699.58200", "2007-08-31": "3620.83000", "2007-05-31": "3570.48000", "2007-02-28": "3507.48900", "2006-11-30": "3435.06400", "2006-08-31": "3384.22100", "2006-05-31": "3425.23700", "2006-02-28": "3362.36400", "2005-11-30": "3120.96700", "2005-08-31": "3042.72600", "2005-05-31": "3059.74400", "2005-02-28": "3055.52300"}}, "cash flow statement": {"Net Income/Loss": {"2020-05-31": "876.03700", "2019-05-31": "884.98100", "2018-05-31": "842.58600", "2017-05-31": "480.70800", "2016-05-31": "693.52000", "2015-05-31": "430.61800", "2014-05-31": "374.44200", "2013-05-31": "315.44200", "2012-05-31": "297.63700", "2011-05-31": "246.98900", "2010-05-31": "215.62000", "2009-05-31": "226.35700", "2008-05-31": "335.40500", "2007-05-31": "334.53800", "2006-05-31": "323.38200", "2005-05-31": "292.54700"}, "Total Depreciation And Amortization - Cash Flow": {"2020-05-31": "379.05300", "2019-05-31": "360.09300", "2018-05-31": "279.41600", "2017-05-31": "196.59500", "2016-05-31": "165.27900", "2015-05-31": "155.08200", "2014-05-31": "190.86200", "2013-05-31": "189.37700", "2012-05-31": "194.16500", "2011-05-31": "193.46700", "2010-05-31": "193.14100", "2009-05-31": "200.10600", "2008-05-31": "191.90300", "2007-05-31": "175.92600", "2006-05-31": "160.65300", "2005-05-31": "148.17500"}, "Other Non-Cash Items": {"2020-05-31": "108.40300", "2019-05-31": "98.34500", "2018-05-31": "-102.86000", "2017-05-31": "167.88500", "2016-05-31": "-349.86600", "2015-05-31": "11.40700", "2014-05-31": "10.74300", "2013-05-31": "71.33300", "2012-05-31": "77.03900", "2011-05-31": "63.11100", "2010-05-31": "28.64400", "2009-05-31": "59.66700", "2008-05-31": "9.11900", "2007-05-31": "4.16800", "2006-05-31": "4.67300", "2005-05-31": "10.68200"}, "Total Non-Cash Items": {"2020-05-31": "487.45600", "2019-05-31": "458.43800", "2018-05-31": "176.55600", "2017-05-31": "364.48000", "2016-05-31": "-184.58700", "2015-05-31": "166.48900", "2014-05-31": "201.60500", "2013-05-31": "260.71000", "2012-05-31": "271.20400", "2011-05-31": "256.57800", "2010-05-31": "221.78500", "2009-05-31": "259.77300", "2008-05-31": "201.02200", "2007-05-31": "180.09400", "2006-05-31": "165.32600", "2005-05-31": "158.85700"}, "Change In Accounts Receivable": {"2020-05-31": "39.68100", "2019-05-31": "-94.91800", "2018-05-31": "-66.26700", "2017-05-31": "-93.55700", "2016-05-31": "-52.76200", "2015-05-31": "-1.44300", "2014-05-31": "-56.23100", "2013-05-31": "-42.70400", "2012-05-31": "-24.26100", "2011-05-31": "-48.98600", "2010-05-31": "5.22200", "2009-05-31": "71.14900", "2008-05-31": "-14.93900", "2007-05-31": "-11.46000", "2006-05-31": "-44.15400", "2005-05-31": "-36.31700"}, "Change In Inventories": {"2020-05-31": "-74.77300", "2019-05-31": "-60.03900", "2018-05-31": "-3.32300", "2017-05-31": "-0.66800", "2016-05-31": "-17.91700", "2015-05-31": "23.78500", "2014-05-31": "-11.06200", "2013-05-31": "10.99700", "2012-05-31": "-2.33000", "2011-05-31": "-78.82400", "2010-05-31": "30.29300", "2009-05-31": "35.13600", "2008-05-31": "-6.10000", "2007-05-31": "-32.09000", "2006-05-31": "22.03300", "2005-05-31": "-26.32100"}, "Change In Accounts Payable": {"2020-05-31": "2.62900", "2019-05-31": "12.27600", "2018-05-31": "35.27500", "2017-05-31": "13.72600", "2016-05-31": "-0.56400", "2015-05-31": "-33.44500", "2014-05-31": "30.44600", "2013-05-31": "25.02300", "2012-05-31": "-12.55700", "2011-05-31": "29.21500", "2010-05-31": "8.93900", "2009-05-31": "-24.56000", "2008-05-31": "30.56700", "2007-05-31": "-7.65400", "2006-05-31": "2.32900", "2005-05-31": "15.72700"}, "Change In Assets/Liabilities": {"2020-05-31": "-97.47500", "2019-05-31": "-190.99300", "2018-05-31": "-79.82500", "2017-05-31": "15.46900", "2016-05-31": "-7.27100", "2015-05-31": "-35.19600", "2014-05-31": "-13.61200", "2013-05-31": "-47.46000", "2012-05-31": "-61.77500", "2011-05-31": "-57.82000", "2010-05-31": "7.87900", "2009-05-31": "24.71200", "2008-05-31": "-20.02400", "2007-05-31": "-11.47000", "2006-05-31": "-28.98800", "2005-05-31": "-8.06000"}, "Total Change In Assets/Liabilities": {"2020-05-31": "-72.01000", "2019-05-31": "-275.55700", "2018-05-31": "-54.98200", "2017-05-31": "-81.30100", "2016-05-31": "-43.08800", "2015-05-31": "-16.83100", "2014-05-31": "29.92200", "2013-05-31": "-23.40400", "2012-05-31": "-98.97900", "2011-05-31": "-162.68100", "2010-05-31": "128.24900", "2009-05-31": "37.39200", "2008-05-31": "6.31300", "2007-05-31": "-66.19400", "2006-05-31": "-27.68300", "2005-05-31": "-37.50600"}, "Cash Flow From Operating Activities": {"2020-05-31": "1291.48300", "2019-05-31": "1067.86200", "2018-05-31": "964.16000", "2017-05-31": "763.88700", "2016-05-31": "465.84500", "2015-05-31": "580.27600", "2014-05-31": "605.96900", "2013-05-31": "552.74800", "2012-05-31": "469.86200", "2011-05-31": "340.88600", "2010-05-31": "565.65400", "2009-05-31": "523.52200", "2008-05-31": "542.74000", "2007-05-31": "448.43800", "2006-05-31": "461.02500", "2005-05-31": "413.89800"}, "Net Change In Property, Plant, And Equipment": {"2020-05-31": "-216.98900", "2019-05-31": "-276.71900", "2018-05-31": "-271.69900", "2017-05-31": "-273.31700", "2016-05-31": "-275.38500", "2015-05-31": "-217.72000", "2014-05-31": "-145.58000", "2013-05-31": "-196.48600", "2012-05-31": "-160.80200", "2011-05-31": "-182.59200", "2010-05-31": "-111.07800", "2009-05-31": "-160.09200", "2008-05-31": "-190.33300", "2007-05-31": "-180.82400", "2006-05-31": "-156.63200", "2005-05-31": "-140.72700"}, "Net Change In Intangible Assets": {"2020-05-31": "", "2019-05-31": "", "2018-05-31": "", "2017-05-31": "", "2016-05-31": "", "2015-05-31": "", "2014-05-31": "", "2013-05-31": "", "2012-05-31": "", "2011-05-31": "", "2010-05-31": "", "2009-05-31": "", "2008-05-31": "", "2007-05-31": "", "2006-05-31": "", "2005-05-31": ""}, "Net Acquisitions/Divestitures": {"2020-05-31": "-53.72000", "2019-05-31": "-6.61300", "2018-05-31": "108.48900", "2017-05-31": "-2074.09500", "2016-05-31": "459.59600", "2015-05-31": "146.27700", "2014-05-31": "145.91800", "2013-05-31": "-69.37000", "2012-05-31": "-24.86400", "2011-05-31": "-171.55200", "2010-05-31": "-50.44400", "2009-05-31": "-30.90900", "2008-05-31": "-111.53500", "2007-05-31": "-160.70700", "2006-05-31": "-346.36300", "2005-05-31": "-109.07600"}, "Net Change In Short-term Investments": {"2020-05-31": "-10.03100", "2019-05-31": "-17.84100", "2018-05-31": "26.14900", "2017-05-31": "37.25900", "2016-05-31": "-59.96700", "2015-05-31": "-33.53300", "2014-05-31": "-9.66200", "2013-05-31": "-16.98600", "2012-05-31": "79.36100", "2011-05-31": "60.74900", "2010-05-31": "-46.55700", "2009-05-31": "-11.96900", "2008-05-31": "-8.70700", "2007-05-31": "69.65900", "2006-05-31": "55.54500", "2005-05-31": "-98.95000"}, "Net Change In Long-Term Investments": {"2020-05-31": "", "2019-05-31": "73.34200", "2018-05-31": "", "2017-05-31": "", "2016-05-31": "", "2015-05-31": "29.93300", "2014-05-31": "", "2013-05-31": "", "2012-05-31": "", "2011-05-31": "", "2010-05-31": "", "2009-05-31": "", "2008-05-31": "", "2007-05-31": "", "2006-05-31": "", "2005-05-31": ""}, "Net Change In Investments - Total": {"2020-05-31": "-10.03100", "2019-05-31": "55.50100", "2018-05-31": "26.14900", "2017-05-31": "37.25900", "2016-05-31": "-59.96700", "2015-05-31": "-3.60000", "2014-05-31": "-9.66200", "2013-05-31": "-16.98600", "2012-05-31": "79.36100", "2011-05-31": "60.74900", "2010-05-31": "-46.55700", "2009-05-31": "-11.96900", "2008-05-31": "-8.70700", "2007-05-31": "69.65900", "2006-05-31": "55.54500", "2005-05-31": "-98.95000"}, "Investing Activities - Other": {"2020-05-31": "-4.65800", "2019-05-31": "-7.80700", "2018-05-31": "1.36300", "2017-05-31": "-0.19600", "2016-05-31": "4.13700", "2015-05-31": "120.03000", "2014-05-31": "-5.21900", "2013-05-31": "-1.33900", "2012-05-31": "2.01100", "2011-05-31": "-5.19800", "2010-05-31": "0.49700", "2009-05-31": "-0.25100", "2008-05-31": "-0.40000", "2007-05-31": "-1.83600", "2006-05-31": "7.40400", "2005-05-31": "-1.98100"}, "Cash Flow From Investing Activities": {"2020-05-31": "-285.39800", "2019-05-31": "-235.63800", "2018-05-31": "-135.69800", "2017-05-31": "-2310.34900", "2016-05-31": "128.38100", "2015-05-31": "44.98700", "2014-05-31": "-14.54300", "2013-05-31": "-284.18100", "2012-05-31": "-104.29400", "2011-05-31": "-298.59300", "2010-05-31": "-207.58200", "2009-05-31": "-203.22100", "2008-05-31": "-310.97500", "2007-05-31": "-273.70800", "2006-05-31": "-440.04600", "2005-05-31": "-350.73400"}, "Net Long-Term Debt": {"2020-05-31": "-200.00000", "2019-05-31": "200.00000", "2018-05-31": "-550.00000", "2017-05-31": "1682.22900", "2016-05-31": "-0.01600", "2015-05-31": "-0.51800", "2014-05-31": "-8.18700", "2013-05-31": "24.36400", "2012-05-31": "-1.32300", "2011-05-31": "500.07300", "2010-05-31": "-0.60300", "2009-05-31": "-157.14900", "2008-05-31": "62.59100", "2007-05-31": "82.47300", "2006-05-31": "326.19700", "2005-05-31": "-10.57500"}, "Net Current Debt": {"2020-05-31": "-112.50000", "2019-05-31": "112.50000", "2018-05-31": "-50.50000", "2017-05-31": "50.50000", "2016-05-31": "", "2015-05-31": "", "2014-05-31": "", "2013-05-31": "", "2012-05-31": "", "2011-05-31": "", "2010-05-31": "", "2009-05-31": "", "2008-05-31": "", "2007-05-31": "", "2006-05-31": "", "2005-05-31": ""}, "Debt Issuance/Retirement Net - Total": {"2020-05-31": "-312.50000", "2019-05-31": "312.50000", "2018-05-31": "-600.50000", "2017-05-31": "1732.72900", "2016-05-31": "-0.01600", "2015-05-31": "-0.51800", "2014-05-31": "-8.18700", "2013-05-31": "24.36400", "2012-05-31": "-1.32300", "2011-05-31": "500.07300", "2010-05-31": "-0.60300", "2009-05-31": "-157.14900", "2008-05-31": "62.59100", "2007-05-31": "82.47300", "2006-05-31": "326.19700", "2005-05-31": "-10.57500"}, "Net Common Equity Issued/Repurchased": {"2020-05-31": "-464.51800", "2019-05-31": "-1016.30000", "2018-05-31": "-127.31900", "2017-05-31": "-20.72400", "2016-05-31": "-780.15100", "2015-05-31": "-551.97000", "2014-05-31": "-370.59900", "2013-05-31": "-215.68100", "2012-05-31": "-392.32800", "2011-05-31": "-443.69000", "2010-05-31": "-0.96900", "2009-05-31": "-25.84700", "2008-05-31": "-183.10800", "2007-05-31": "-188.08600", "2006-05-31": "-309.00700", "2005-05-31": "-48.21100"}, "Net Total Equity Issued/Repurchased": {"2020-05-31": "-464.51800", "2019-05-31": "-1016.30000", "2018-05-31": "-127.31900", "2017-05-31": "-20.72400", "2016-05-31": "-780.15100", "2015-05-31": "-551.97000", "2014-05-31": "-370.59900", "2013-05-31": "-215.68100", "2012-05-31": "-392.32800", "2011-05-31": "-443.69000", "2010-05-31": "-0.96900", "2009-05-31": "-25.84700", "2008-05-31": "-183.10800", "2007-05-31": "-188.08600", "2006-05-31": "-309.00700", "2005-05-31": "-48.21100"}, "Total Common And Preferred Stock Dividends Paid": {"2020-05-31": "-267.95600", "2019-05-31": "-220.76400", "2018-05-31": "-175.58900", "2017-05-31": "-142.43300", "2016-05-31": "-115.27300", "2015-05-31": "-201.89100", "2014-05-31": "-93.32000", "2013-05-31": "-79.74400", "2012-05-31": "-70.82000", "2011-05-31": "-71.81200", "2010-05-31": "-73.96000", "2009-05-31": "-72.20700", "2008-05-31": "-70.83100", "2007-05-31": "-61.99600", "2006-05-31": "-58.82300", "2005-05-31": "-54.96800"}, "Financial Activities - Other": {"2020-05-31": "89.76700", "2019-05-31": "51.25900", "2018-05-31": "39.26800", "2017-05-31": "8.93000", "2016-05-31": "28.71600", "2015-05-31": "41.81900", "2014-05-31": "42.37100", "2013-05-31": "15.00300", "2012-05-31": "3.89600", "2011-05-31": "-4.60900", "2010-05-31": "-0.97700", "2009-05-31": "0.85500", "2008-05-31": "-11.35600", "2007-05-31": "-11.62800", "2006-05-31": "16.37200", "2005-05-31": "6.42900"}, "Cash Flow From Financial Activities": {"2020-05-31": "-955.20700", "2019-05-31": "-873.30500", "2018-05-31": "-864.14000", "2017-05-31": "1578.50200", "2016-05-31": "-866.72400", "2015-05-31": "-712.56000", "2014-05-31": "-429.73500", "2013-05-31": "-256.05800", "2012-05-31": "-460.57500", "2011-05-31": "-20.03800", "2010-05-31": "-76.50900", "2009-05-31": "-254.34800", "2008-05-31": "-202.70400", "2007-05-31": "-179.23700", "2006-05-31": "-25.26100", "2005-05-31": "-107.32500"}, "Net Cash Flow": {"2020-05-31": "48.75700", "2019-05-31": "-42.07900", "2018-05-31": "-30.54200", "2017-05-31": "29.90900", "2016-05-31": "-277.71600", "2015-05-31": "-96.21500", "2014-05-31": "161.01500", "2013-05-31": "12.44800", "2012-05-31": "-98.28100", "2011-05-31": "26.82500", "2010-05-31": "281.53600", "2009-05-31": "63.52100", "2008-05-31": "30.86400", "2007-05-31": "-3.55400", "2006-05-31": "-4.28200", "2005-05-31": "-44.16100"}, "Stock-Based Compensation": {"2020-05-31": "115.43500", "2019-05-31": "139.21000", "2018-05-31": "112.83500", "2017-05-31": "88.86800", "2016-05-31": "79.29300", "2015-05-31": "47.00200", "2014-05-31": "29.87500", "2013-05-31": "23.31000", "2012-05-31": "20.31200", "2011-05-31": "15.20300", "2010-05-31": "15.34900", "2009-05-31": "11.95300", "2008-05-31": "7.45600", "2007-05-31": "4.50000", "2006-05-31": "4.72500", "2005-05-31": "7.97100"}, "Common Stock Dividends Paid": {"2020-05-31": "-267.95600", "2019-05-31": "-220.76400", "2018-05-31": "-175.58900", "2017-05-31": "-142.43300", "2016-05-31": "-115.27300", "2015-05-31": "-201.89100", "2014-05-31": "-93.32000", "2013-05-31": "-79.74400", "2012-05-31": "-70.82000", "2011-05-31": "-71.81200", "2010-05-31": "-73.96000", "2009-05-31": "-72.20700", "2008-05-31": "-70.83100", "2007-05-31": "-61.99600", "2006-05-31": "-58.82300", "2005-05-31": "-54.96800"}}, "cash flow statement, quarterly": {"Net Income/Loss": {"2020-11-30": 284.857, "2020-08-31": "300.00500", "2020-05-31": 144.585, "2020-02-29": 234.52, "2019-11-30": 246.12, "2019-08-31": "250.81200", "2019-05-31": 226.119, "2019-02-28": 203.334, "2018-11-30": 243.013, "2018-08-31": "212.51500", "2018-05-31": 186.171, "2018-02-28": 302.095, "2017-11-30": 137.109, "2017-08-31": "217.21100", "2017-05-31": 84.235, "2017-02-28": 118.005, "2016-11-30": 140.377, "2016-08-31": "138.09100", "2016-05-31": 130.898, "2016-02-29": 117.341, "2015-11-30": 345.1, "2015-08-31": "100.18100", "2015-05-31": 105.215, "2015-02-28": 94.883, "2014-11-30": 120.412, "2014-08-31": "110.10800", "2014-05-31": 127.224, "2014-02-28": 84.602, "2013-11-30": 84.862, "2013-08-31": "77.75400", "2013-05-31": 85.977, "2013-02-28": 74.705, "2012-11-30": 78.027, "2012-08-31": "76.73300", "2012-05-31": 78.614, "2012-02-29": 76.035, "2011-11-30": 74.35, "2011-08-31": "68.63800", "2011-05-31": 70.776, "2011-02-28": 59.07, "2010-11-30": 55.866, "2010-08-31": "61.27700", "2010-05-31": 55.478, "2010-02-28": 48.982, "2009-11-30": 57.176, "2009-08-31": "53.98400", "2009-05-31": 4.072, "2009-02-28": 71.811, "2008-11-30": 71.838, "2008-08-31": "78.63600", "2008-05-31": 89.661, "2008-02-29": 81.828, "2007-11-30": 82.853, "2007-08-31": "81.06300", "2007-05-31": 90.322, "2007-02-28": 76.727, "2006-11-30": 82.527, "2006-08-31": "84.96200", "2006-05-31": 91.527, "2006-02-28": 76.594, "2005-11-30": 76.839, "2005-08-31": "78.42200", "2005-05-31": 74.989, "2005-02-28": 217.558}, "Total Depreciation And Amortization - Cash Flow": {"2020-11-30": 96.475, "2020-08-31": "96.17900", "2020-05-31": 96.56, "2020-02-29": 96.163, "2019-11-30": 94.336, "2019-08-31": "91.99400", "2019-05-31": 93.764, "2019-02-28": 91.658, "2018-11-30": 88.376, "2018-08-31": "86.29500", "2018-05-31": 74.514, "2018-02-28": 66.063, "2017-11-30": 70.33, "2017-08-31": "68.50900", "2017-05-31": 64.881, "2017-02-28": 44.664, "2016-11-30": 43.882, "2016-08-31": "43.16800", "2016-05-31": 42.608, "2016-02-29": 41.777, "2015-11-30": 41.126, "2015-08-31": "39.76800", "2015-05-31": 39.042, "2015-02-28": 37.887, "2014-11-30": 38.499, "2014-08-31": "39.65400", "2014-05-31": 45.577, "2014-02-28": 48.364, "2013-11-30": 48.527, "2013-08-31": "48.39400", "2013-05-31": 48.251, "2013-02-28": 47.832, "2012-11-30": 46.852, "2012-08-31": "46.44200", "2012-05-31": 49.079, "2012-02-29": 48.06, "2011-11-30": 48.516, "2011-08-31": "48.51000", "2011-05-31": 49.175, "2011-02-28": 48.547, "2010-11-30": 47.954, "2010-08-31": "47.79100", "2010-05-31": 48.701, "2010-02-28": 47.973, "2009-11-30": 47.562, "2009-08-31": "48.90500", "2009-05-31": 49.964, "2009-02-28": 50.248, "2008-11-30": 50.009, "2008-08-31": "49.88500", "2008-05-31": 49.456, "2008-02-29": 48.835, "2007-11-30": 47.39, "2007-08-31": "46.22200", "2007-05-31": 45.875, "2007-02-28": 44.298, "2006-11-30": 42.985, "2006-08-31": "42.76800", "2006-05-31": 42.509, "2006-02-28": 40.484, "2005-11-30": 39.307, "2005-08-31": "38.35300", "2005-05-31": 37.99, "2005-02-28": 110.185}, "Other Non-Cash Items": {"2020-11-30": -3.799, "2020-08-31": "20.33900", "2020-05-31": 6.962, "2020-02-29": 24.411, "2019-11-30": 28.725, "2019-08-31": "48.30500", "2019-05-31": 39.505, "2019-02-28": 34.202, "2018-11-30": -30.556, "2018-08-31": "55.19400", "2018-05-31": 30.584, "2018-02-28": -131.75, "2017-11-30": 45.007, "2017-08-31": "-46.70100", "2017-05-31": 133.655, "2017-02-28": 24.357, "2016-11-30": -12.876, "2016-08-31": "22.74900", "2016-05-31": 33.029, "2016-02-29": 40.811, "2015-11-30": -462.928, "2015-08-31": "39.22200", "2015-05-31": 12.168, "2015-02-28": 26.603, "2014-11-30": -13.394, "2014-08-31": "-13.97000", "2014-05-31": -20.238, "2014-02-28": 7.058, "2013-11-30": 9.566, "2013-08-31": "14.35700", "2013-05-31": 22.768, "2013-02-28": 14.13, "2012-11-30": 19.271, "2012-08-31": "15.16400", "2012-05-31": 63.011, "2012-02-29": 16.039, "2011-11-30": 1.275, "2011-08-31": "-3.28600", "2011-05-31": 30.774, "2011-02-28": 32.815, "2010-11-30": -0.986, "2010-08-31": "0.50800", "2010-05-31": 5.376, "2010-02-28": 10.92, "2009-11-30": 9.13, "2009-08-31": "3.21800", "2009-05-31": 41.711, "2009-02-28": 12.885, "2008-11-30": 3.018, "2008-08-31": "2.05300", "2008-05-31": 2.169, "2008-02-29": -1.485, "2007-11-30": -11.115, "2007-08-31": "19.55000", "2007-05-31": 20.484, "2007-02-28": -18.565, "2006-11-30": -7.925, "2006-08-31": "10.17400", "2006-05-31": -6.527, "2006-02-28": 2.043, "2005-11-30": -9.497, "2005-08-31": "18.65400", "2005-05-31": 3.826, "2005-02-28": 6.856}, "Total Non-Cash Items": {"2020-11-30": 92.676, "2020-08-31": "116.51800", "2020-05-31": 103.522, "2020-02-29": 120.574, "2019-11-30": 123.061, "2019-08-31": "140.29900", "2019-05-31": 133.269, "2019-02-28": 125.86, "2018-11-30": 57.82, "2018-08-31": "141.48900", "2018-05-31": 105.098, "2018-02-28": -65.687, "2017-11-30": 115.337, "2017-08-31": "21.80800", "2017-05-31": 198.536, "2017-02-28": 69.021, "2016-11-30": 31.006, "2016-08-31": "65.91700", "2016-05-31": 75.637, "2016-02-29": 82.588, "2015-11-30": -421.802, "2015-08-31": "78.99000", "2015-05-31": 51.21, "2015-02-28": 64.49, "2014-11-30": 25.105, "2014-08-31": "25.68400", "2014-05-31": 25.339, "2014-02-28": 55.422, "2013-11-30": 58.093, "2013-08-31": "62.75100", "2013-05-31": 71.019, "2013-02-28": 61.962, "2012-11-30": 66.123, "2012-08-31": "61.60600", "2012-05-31": 112.09, "2012-02-29": 64.099, "2011-11-30": 49.791, "2011-08-31": "45.22400", "2011-05-31": 79.949, "2011-02-28": 81.362, "2010-11-30": 46.968, "2010-08-31": "48.29900", "2010-05-31": 54.077, "2010-02-28": 58.893, "2009-11-30": 56.692, "2009-08-31": "52.12300", "2009-05-31": 91.675, "2009-02-28": 63.133, "2008-11-30": 53.027, "2008-08-31": "51.93800", "2008-05-31": 51.625, "2008-02-29": 47.35, "2007-11-30": 36.275, "2007-08-31": "65.77200", "2007-05-31": 66.359, "2007-02-28": 25.733, "2006-11-30": 35.06, "2006-08-31": "52.94200", "2006-05-31": 35.982, "2006-02-28": 42.527, "2005-11-30": 29.81, "2005-08-31": "57.00700", "2005-05-31": 41.816, "2005-02-28": 117.041}, "Change In Accounts Receivable": {"2020-11-30": -47.01, "2020-08-31": "7.11800", "2020-05-31": 70.816, "2020-02-29": 6.805, "2019-11-30": -31.304, "2019-08-31": "-6.63600", "2019-05-31": -33.816, "2019-02-28": 24.646, "2018-11-30": -70.697, "2018-08-31": "-15.05100", "2018-05-31": -26.221, "2018-02-28": -15.246, "2017-11-30": -33.755, "2017-08-31": "8.95500", "2017-05-31": -64.911, "2017-02-28": 16.274, "2016-11-30": -21.974, "2016-08-31": "-22.94600", "2016-05-31": -11.239, "2016-02-29": -2.105, "2015-11-30": -20.163, "2015-08-31": "-19.25500", "2015-05-31": 1.725, "2015-02-28": 9.579, "2014-11-30": -20.969, "2014-08-31": "8.22200", "2014-05-31": -22.207, "2014-02-28": -10.269, "2013-11-30": -8.852, "2013-08-31": "-14.90300", "2013-05-31": -1.302, "2013-02-28": -16.874, "2012-11-30": -17.4, "2012-08-31": "-7.12800", "2012-05-31": -12.501, "2012-02-29": 9.09, "2011-11-30": -10.708, "2011-08-31": "-10.14200", "2011-05-31": -16.142, "2011-02-28": -5.07, "2010-11-30": -14.027, "2010-08-31": "-13.74700", "2010-05-31": -5.563, "2010-02-28": 23.628, "2009-11-30": -11.418, "2009-08-31": "-1.42500", "2009-05-31": 29.031, "2009-02-28": 50.182, "2008-11-30": -4.695, "2008-08-31": "-3.36900", "2008-05-31": -15.801, "2008-02-29": 9.078, "2007-11-30": -8.86, "2007-08-31": "0.64400", "2007-05-31": -12.371, "2007-02-28": 15.09, "2006-11-30": -12.977, "2006-08-31": "-1.20200", "2006-05-31": -29.967, "2006-02-28": 13.38, "2005-11-30": -16.309, "2005-08-31": "-11.25800", "2005-05-31": -24.198, "2005-02-28": -12.119}, "Change In Inventories": {"2020-11-30": -47.005, "2020-08-31": "-77.94400", "2020-05-31": -56.993, "2020-02-29": -4.378, "2019-11-30": -11.676, "2019-08-31": "-1.72600", "2019-05-31": 10.677, "2019-02-28": -17.489, "2018-11-30": -18.598, "2018-08-31": "-34.62900", "2018-05-31": -7.334, "2018-02-28": 1.416, "2017-11-30": 8.422, "2017-08-31": "-5.82700", "2017-05-31": 22.696, "2017-02-28": -8.748, "2016-11-30": -1.599, "2016-08-31": "-13.01700", "2016-05-31": 6.092, "2016-02-29": -4.168, "2015-11-30": -11.732, "2015-08-31": "-8.10900", "2015-05-31": 8.415, "2015-02-28": 0.523, "2014-11-30": 13.47, "2014-08-31": "1.37700", "2014-05-31": 5.068, "2014-02-28": -6.898, "2013-11-30": -3.974, "2013-08-31": "-5.25800", "2013-05-31": 6.56, "2013-02-28": -11.023, "2012-11-30": 5.571, "2012-08-31": "9.88900", "2012-05-31": 24.628, "2012-02-29": 12.31, "2011-11-30": -8.498, "2011-08-31": "-30.77000", "2011-05-31": -17.204, "2011-02-28": -22.782, "2010-11-30": -24.039, "2010-08-31": "-14.79900", "2010-05-31": -1.607, "2010-02-28": -2.974, "2009-11-30": 17.898, "2009-08-31": "16.97600", "2009-05-31": 51.563, "2009-02-28": -1.258, "2008-11-30": -11.374, "2008-08-31": "-3.79500", "2008-05-31": 2.825, "2008-02-29": -2.206, "2007-11-30": -2.426, "2007-08-31": "-4.29300", "2007-05-31": -3.914, "2007-02-28": -8.922, "2006-11-30": -6.873, "2006-08-31": "-12.38100", "2006-05-31": 10.049, "2006-02-28": 8.888, "2005-11-30": 8.706, "2005-08-31": "-5.61000", "2005-05-31": 0.822, "2005-02-28": -27.143}, "Change In Accounts Payable": {"2020-11-30": 21.87, "2020-08-31": "20.35800", "2020-05-31": -11.642, "2020-02-29": -13.784, "2019-11-30": 14.698, "2019-08-31": "13.35700", "2019-05-31": 12.197, "2019-02-28": 2.034, "2018-11-30": -1.626, "2018-08-31": "-0.32900", "2018-05-31": 35.855, "2018-02-28": 8.126, "2017-11-30": -26.39, "2017-08-31": "17.68400", "2017-05-31": -1.812, "2017-02-28": 0.087, "2016-11-30": -2.029, "2016-08-31": "17.48000", "2016-05-31": -37.934, "2016-02-29": 18.002, "2015-11-30": 3.837, "2015-08-31": "15.53100", "2015-05-31": 0.17, "2015-02-28": -61.597, "2014-11-30": 29.307, "2014-08-31": "-1.32500", "2014-05-31": 37.483, "2014-02-28": 12.178, "2013-11-30": -22.13, "2013-08-31": "2.91500", "2013-05-31": 11.548, "2013-02-28": -9.544, "2012-11-30": 6.741, "2012-08-31": "16.27800", "2012-05-31": -18.929, "2012-02-29": 4.529, "2011-11-30": 11.172, "2011-08-31": "-9.32900", "2011-05-31": 2.241, "2011-02-28": 7.209, "2010-11-30": 11.345, "2010-08-31": "8.42000", "2010-05-31": -6.228, "2010-02-28": 8.253, "2009-11-30": 3.433, "2009-08-31": "3.48100", "2009-05-31": -2.313, "2009-02-28": -21.738, "2008-11-30": 7.045, "2008-08-31": "-7.55400", "2008-05-31": 31.015, "2008-02-29": -9.219, "2007-11-30": 3.336, "2007-08-31": "5.43500", "2007-05-31": -5.584, "2007-02-28": -9.576, "2006-11-30": 19.276, "2006-08-31": "-11.77000", "2006-05-31": 11.539, "2006-02-28": 1.541, "2005-11-30": -7.222, "2005-08-31": "-3.52900", "2005-05-31": 12.251, "2005-02-28": 3.476}, "Change In Assets/Liabilities": {"2020-11-30": -34.484, "2020-08-31": "-25.72500", "2020-05-31": 31.426, "2020-02-29": -27.748, "2019-11-30": -47.92, "2019-08-31": "-53.23300", "2019-05-31": -33.534, "2019-02-28": -41.614, "2018-11-30": -45.896, "2018-08-31": "-69.94900", "2018-05-31": -17.85, "2018-02-28": -10.108, "2017-11-30": -22.798, "2017-08-31": "-29.06900", "2017-05-31": 26.909, "2017-02-28": -5.173, "2016-11-30": 1.26, "2016-08-31": "-7.52700", "2016-05-31": 1.214, "2016-02-29": 4.777, "2015-11-30": -2.299, "2015-08-31": "-10.96300", "2015-05-31": -11.384, "2015-02-28": 2.283, "2014-11-30": -13.099, "2014-08-31": "-12.99600", "2014-05-31": -7.578, "2014-02-28": 8.436, "2013-11-30": -3.104, "2013-08-31": "-11.36600", "2013-05-31": -18.666, "2013-02-28": -0.487, "2012-11-30": -14.243, "2012-08-31": "-14.06400", "2012-05-31": -15.363, "2012-02-29": -11.654, "2011-11-30": -17.651, "2011-08-31": "-17.10700", "2011-05-31": -16.969, "2011-02-28": -5.686, "2010-11-30": -8.761, "2010-08-31": "-26.40400", "2010-05-31": -6.104, "2010-02-28": 9.056, "2009-11-30": 3.831, "2009-08-31": "1.09600", "2009-05-31": 17.516, "2009-02-28": 17.232, "2008-11-30": 0.733, "2008-08-31": "-10.76900", "2008-05-31": -2.573, "2008-02-29": 0.424, "2007-11-30": -8.63, "2007-08-31": "-9.24500", "2007-05-31": -6.199, "2007-02-28": 6.687, "2006-11-30": -10.281, "2006-08-31": "-1.67700", "2006-05-31": -16.958, "2006-02-28": -2.713, "2005-11-30": -4.335, "2005-08-31": "-4.98200", "2005-05-31": -6.489, "2005-02-28": -1.571}, "Total Change In Assets/Liabilities": {"2020-11-30": -116.861, "2020-08-31": "-104.23100", "2020-05-31": 108.827, "2020-02-29": 8.104, "2019-11-30": -74.731, "2019-08-31": "-114.21000", "2019-05-31": 37.757, "2019-02-28": -3.044, "2018-11-30": -119.251, "2018-08-31": "-191.01900", "2018-05-31": 12.027, "2018-02-28": 45.447, "2017-11-30": -127.803, "2017-08-31": "15.34700", "2017-05-31": -2.642, "2017-02-28": -4.989, "2016-11-30": -27.25, "2016-08-31": "-46.42000", "2016-05-31": -37.844, "2016-02-29": -167.812, "2015-11-30": 198.656, "2015-08-31": "-36.08800", "2015-05-31": 46.205, "2015-02-28": -74.3, "2014-11-30": -1.145, "2014-08-31": "12.40900", "2014-05-31": 67.633, "2014-02-28": 23.469, "2013-11-30": -3.234, "2013-08-31": "-57.94600", "2013-05-31": 27.409, "2013-02-28": 4.413, "2012-11-30": -11.752, "2012-08-31": "-43.47400", "2012-05-31": -28.556, "2012-02-29": -8.378, "2011-11-30": -4.745, "2011-08-31": "-57.30000", "2011-05-31": -17.794, "2011-02-28": -41.706, "2010-11-30": -28.903, "2010-08-31": "-74.27800", "2010-05-31": 26.91, "2010-02-28": 27.139, "2009-11-30": 35.413, "2009-08-31": "38.78700", "2009-05-31": 88.056, "2009-02-28": 29.634, "2008-11-30": -38.062, "2008-08-31": "-42.23600", "2008-05-31": 33.524, "2008-02-29": -30.366, "2007-11-30": 92.925, "2007-08-31": "-89.77000", "2007-05-31": -30.32, "2007-02-28": -7.717, "2006-11-30": 53.903, "2006-08-31": "-82.06000", "2006-05-31": 22.595, "2006-02-28": -14.099, "2005-11-30": 52.375, "2005-08-31": "-88.55400", "2005-05-31": 8.868, "2005-02-28": -46.374}, "Cash Flow From Operating Activities": {"2020-11-30": 260.672, "2020-08-31": "312.29200", "2020-05-31": 356.934, "2020-02-29": 363.198, "2019-11-30": 294.45, "2019-08-31": "276.90100", "2019-05-31": 397.145, "2019-02-28": 326.15, "2018-11-30": 181.582, "2018-08-31": "162.98500", "2018-05-31": 303.296, "2018-02-28": 281.855, "2017-11-30": 124.643, "2017-08-31": "254.36600", "2017-05-31": 280.129, "2017-02-28": 182.037, "2016-11-30": 144.133, "2016-08-31": "157.58800", "2016-05-31": 168.691, "2016-02-29": 32.117, "2015-11-30": 121.954, "2015-08-31": "143.08300", "2015-05-31": 202.63, "2015-02-28": 85.073, "2014-11-30": 144.372, "2014-08-31": "148.20100", "2014-05-31": 220.196, "2014-02-28": 163.493, "2013-11-30": 139.721, "2013-08-31": "82.55900", "2013-05-31": 184.405, "2013-02-28": 141.08, "2012-11-30": 132.398, "2012-08-31": "94.86500", "2012-05-31": 162.148, "2012-02-29": 131.756, "2011-11-30": 119.396, "2011-08-31": "56.56200", "2011-05-31": 132.931, "2011-02-28": 98.726, "2010-11-30": 73.931, "2010-08-31": "35.29800", "2010-05-31": 136.465, "2010-02-28": 135.014, "2009-11-30": 149.281, "2009-08-31": "144.89400", "2009-05-31": 183.803, "2009-02-28": 164.578, "2008-11-30": 86.803, "2008-08-31": "88.33800", "2008-05-31": 174.81, "2008-02-29": 98.812, "2007-11-30": 212.053, "2007-08-31": "57.06500", "2007-05-31": 126.361, "2007-02-28": 94.743, "2006-11-30": 171.49, "2006-08-31": "55.84400", "2006-05-31": 150.104, "2006-02-28": 105.022, "2005-11-30": 159.024, "2005-08-31": "46.87500", "2005-05-31": 125.673, "2005-02-28": 288.225}, "Net Change In Property, Plant, And Equipment": {"2020-11-30": -26.783, "2020-08-31": "-30.87600", "2020-05-31": -40.91, "2020-02-29": -49.912, "2019-11-30": -61.424, "2019-08-31": "-64.74300", "2019-05-31": -68.914, "2019-02-28": -70.191, "2018-11-30": -73.086, "2018-08-31": "-64.52800", "2018-05-31": -75.659, "2018-02-28": -63.574, "2017-11-30": -69.949, "2017-08-31": "-62.51700", "2017-05-31": -54.696, "2017-02-28": -63.448, "2016-11-30": -76.593, "2016-08-31": "-78.58000", "2016-05-31": -67.883, "2016-02-29": -85.685, "2015-11-30": -59.186, "2015-08-31": "-62.63100", "2015-05-31": -54.68, "2015-02-28": -50.015, "2014-11-30": -44.975, "2014-08-31": "-68.05000", "2014-05-31": -31.965, "2014-02-28": -36.83, "2013-11-30": -39.323, "2013-08-31": "-37.46200", "2013-05-31": -44.687, "2013-02-28": -52.737, "2012-11-30": -51.624, "2012-08-31": "-47.43800", "2012-05-31": -43.086, "2012-02-29": -37.884, "2011-11-30": -35.411, "2011-08-31": "-44.42100", "2011-05-31": -40.294, "2011-02-28": -54.164, "2010-11-30": -39.934, "2010-08-31": "-48.20000", "2010-05-31": -32.15, "2010-02-28": -30.836, "2009-11-30": -23.273, "2009-08-31": "-24.81900", "2009-05-31": -27.309, "2009-02-28": -36.826, "2008-11-30": -41.496, "2008-08-31": "-54.46100", "2008-05-31": -45.485, "2008-02-29": -51.641, "2007-11-30": -47.863, "2007-08-31": "-45.34400", "2007-05-31": -52.188, "2007-02-28": -47.315, "2006-11-30": -44.825, "2006-08-31": "-36.49600", "2006-05-31": -54.552, "2006-02-28": -31.899, "2005-11-30": -34.037, "2005-08-31": "-36.14400", "2005-05-31": -39.771, "2005-02-28": -100.956}, "Net Change In Intangible Assets": {"2020-11-30": 0, "2020-08-31": "", "2020-05-31": 0, "2020-02-29": 0, "2019-11-30": 0, "2019-08-31": "", "2019-05-31": 0, "2019-02-28": 0, "2018-11-30": 0, "2018-08-31": "", "2018-05-31": 0, "2018-02-28": 0, "2017-11-30": 0, "2017-08-31": "", "2017-05-31": 0, "2017-02-28": 0, "2016-11-30": 0, "2016-08-31": "", "2016-05-31": 0, "2016-02-29": 0, "2015-11-30": 0, "2015-08-31": "", "2015-05-31": 0, "2015-02-28": 0, "2014-11-30": 0, "2014-08-31": "", "2014-05-31": 0, "2014-02-28": 0, "2013-11-30": 0, "2013-08-31": "", "2013-05-31": 0, "2013-02-28": 0, "2012-11-30": 0, "2012-08-31": "", "2012-05-31": 0, "2012-02-29": 0, "2011-11-30": 0, "2011-08-31": "", "2011-05-31": 0, "2011-02-28": 0, "2010-11-30": 0, "2010-08-31": "", "2010-05-31": 0, "2010-02-28": 0, "2009-11-30": 0, "2009-08-31": "", "2009-05-31": 0, "2009-02-28": 0, "2008-11-30": 0, "2008-08-31": "", "2008-05-31": 0, "2008-02-29": 0, "2007-11-30": 0, "2007-08-31": "", "2007-05-31": 0, "2007-02-28": 0, "2006-11-30": 0, "2006-08-31": "", "2006-05-31": 0, "2006-02-28": 0, "2005-11-30": 0, "2005-08-31": "", "2005-05-31": 0, "2005-02-28": 0}, "Net Acquisitions/Divestitures": {"2020-11-30": -4.948, "2020-08-31": "-1.98400", "2020-05-31": -5.87, "2020-02-29": -41.268, "2019-11-30": -2.686, "2019-08-31": "-3.89600", "2019-05-31": -2.41, "2019-02-28": 2.377, "2018-11-30": 1.033, "2018-08-31": "-7.61300", "2018-05-31": -7.048, "2018-02-28": -11.199, "2017-11-30": -1.473, "2017-08-31": "128.20900", "2017-05-31": -2080.341, "2017-02-28": 24.024, "2016-11-30": -6.787, "2016-08-31": "-10.99100", "2016-05-31": -2.268, "2016-02-29": 547.763, "2015-11-30": 35.535, "2015-08-31": "-121.43400", "2015-05-31": 1.84, "2015-02-28": -9.888, "2014-11-30": 153.309, "2014-08-31": "1.01600", "2014-05-31": 178.883, "2014-02-28": -0.451, "2013-11-30": -0.298, "2013-08-31": "-32.21600", "2013-05-31": -4.745, "2013-02-28": -11.382, "2012-11-30": -51.113, "2012-08-31": "-2.13000", "2012-05-31": -3.982, "2012-02-29": -6.331, "2011-11-30": -13.681, "2011-08-31": "-0.87000", "2011-05-31": -13.035, "2011-02-28": -69.718, "2010-11-30": -40.975, "2010-08-31": "-47.82400", "2010-05-31": -9.069, "2010-02-28": -34.774, "2009-11-30": -3.968, "2009-08-31": "-2.63300", "2009-05-31": -1.528, "2009-02-28": -11.05, "2008-11-30": -6.225, "2008-08-31": "-12.10600", "2008-05-31": -9.432, "2008-02-29": -46.072, "2007-11-30": -23.401, "2007-08-31": "-32.63000", "2007-05-31": -25.696, "2007-02-28": -81.229, "2006-11-30": -28.681, "2006-08-31": "-25.10100", "2006-05-31": -18.38, "2006-02-28": -240.905, "2005-11-30": -66.11, "2005-08-31": "-20.96800", "2005-05-31": -26.89, "2005-02-28": -82.186}, "Net Change In Short-term Investments": {"2020-11-30": 0, "2020-08-31": "", "2020-05-31": -10.031, "2020-02-29": 0, "2019-11-30": 0, "2019-08-31": "", "2019-05-31": -17.841, "2019-02-28": 0, "2018-11-30": -1.558, "2018-08-31": "1.55800", "2018-05-31": 37.375, "2018-02-28": -11.608, "2017-11-30": -6.852, "2017-08-31": "7.23400", "2017-05-31": -9.613, "2017-02-28": -7.826, "2016-11-30": 64.815, "2016-08-31": "-10.11700", "2016-05-31": -2.95, "2016-02-29": 2.243, "2015-11-30": -16.147, "2015-08-31": "-43.11300", "2015-05-31": 27.703, "2015-02-28": -49.258, "2014-11-30": -4.997, "2014-08-31": "-6.98100", "2014-05-31": 4.038, "2014-02-28": -3.401, "2013-11-30": -12.591, "2013-08-31": "2.29200", "2013-05-31": 20.761, "2013-02-28": 0.854, "2012-11-30": -26.351, "2012-08-31": "-12.25000", "2012-05-31": 135.81, "2012-02-29": -3.084, "2011-11-30": -9.781, "2011-08-31": "-43.58400", "2011-05-31": -53.956, "2011-02-28": -8.106, "2010-11-30": 51.574, "2010-08-31": "71.23700", "2010-05-31": -10.749, "2010-02-28": -8.6, "2009-11-30": -7.949, "2009-08-31": "-19.25900", "2009-05-31": -9.045, "2009-02-28": -41.364, "2008-11-30": 48.648, "2008-08-31": "-10.20800", "2008-05-31": -18.666, "2008-02-29": -9.11, "2007-11-30": -3.85, "2007-08-31": "22.91900", "2007-05-31": 8.409, "2007-02-28": -7.326, "2006-11-30": 5.889, "2006-08-31": "62.68700", "2006-05-31": -7.929, "2006-02-28": 0.58, "2005-11-30": 10.972, "2005-08-31": "51.92200", "2005-05-31": 30.016, "2005-02-28": -128.966}, "Net Change In Long-Term Investments": {"2020-11-30": -2.265, "2020-08-31": "-4.94000", "2020-05-31": 10.461, "2020-02-29": -0.34, "2019-11-30": -0.73, "2019-08-31": "-9.39100", "2019-05-31": 17.544, "2019-02-28": -3.473, "2018-11-30": 59.271, "2018-08-31": "", "2018-05-31": 0, "2018-02-28": 0, "2017-11-30": 0, "2017-08-31": "", "2017-05-31": 0, "2017-02-28": -25.876, "2016-11-30": 25.876, "2016-08-31": "", "2016-05-31": 0, "2016-02-29": -578.257, "2015-11-30": 578.257, "2015-08-31": "", "2015-05-31": 0, "2015-02-28": 0, "2014-11-30": 0, "2014-08-31": "29.93300", "2014-05-31": 0, "2014-02-28": 0, "2013-11-30": 0, "2013-08-31": "", "2013-05-31": 0, "2013-02-28": 0, "2012-11-30": 0, "2012-08-31": "", "2012-05-31": 0, "2012-02-29": 0, "2011-11-30": 0, "2011-08-31": "", "2011-05-31": 0, "2011-02-28": 0, "2010-11-30": 0, "2010-08-31": "", "2010-05-31": 0, "2010-02-28": 0, "2009-11-30": 0, "2009-08-31": "", "2009-05-31": 0, "2009-02-28": 0, "2008-11-30": 0, "2008-08-31": "", "2008-05-31": 0, "2008-02-29": 0, "2007-11-30": 0, "2007-08-31": "", "2007-05-31": 0, "2007-02-28": 0, "2006-11-30": 0, "2006-08-31": "", "2006-05-31": 0, "2006-02-28": 0, "2005-11-30": 0, "2005-08-31": "", "2005-05-31": 0, "2005-02-28": 0}, "Net Change In Investments - Total": {"2020-11-30": -2.265, "2020-08-31": "-4.94000", "2020-05-31": 0.43, "2020-02-29": -0.34, "2019-11-30": -0.73, "2019-08-31": "-9.39100", "2019-05-31": -0.297, "2019-02-28": -3.473, "2018-11-30": 57.713, "2018-08-31": "1.55800", "2018-05-31": 37.375, "2018-02-28": -11.608, "2017-11-30": -6.852, "2017-08-31": "7.23400", "2017-05-31": -9.613, "2017-02-28": -33.702, "2016-11-30": 90.691, "2016-08-31": "-10.11700", "2016-05-31": -2.95, "2016-02-29": -576.014, "2015-11-30": 562.11, "2015-08-31": "-43.11300", "2015-05-31": 27.703, "2015-02-28": -49.258, "2014-11-30": -4.997, "2014-08-31": "22.95200", "2014-05-31": 4.038, "2014-02-28": -3.401, "2013-11-30": -12.591, "2013-08-31": "2.29200", "2013-05-31": 20.761, "2013-02-28": 0.854, "2012-11-30": -26.351, "2012-08-31": "-12.25000", "2012-05-31": 135.81, "2012-02-29": -3.084, "2011-11-30": -9.781, "2011-08-31": "-43.58400", "2011-05-31": -53.956, "2011-02-28": -8.106, "2010-11-30": 51.574, "2010-08-31": "71.23700", "2010-05-31": -10.749, "2010-02-28": -8.6, "2009-11-30": -7.949, "2009-08-31": "-19.25900", "2009-05-31": -9.045, "2009-02-28": -41.364, "2008-11-30": 48.648, "2008-08-31": "-10.20800", "2008-05-31": -18.666, "2008-02-29": -9.11, "2007-11-30": -3.85, "2007-08-31": "22.91900", "2007-05-31": 8.409, "2007-02-28": -7.326, "2006-11-30": 5.889, "2006-08-31": "62.68700", "2006-05-31": -7.929, "2006-02-28": 0.58, "2005-11-30": 10.972, "2005-08-31": "51.92200", "2005-05-31": 30.016, "2005-02-28": -128.966}, "Investing Activities - Other": {"2020-11-30": 22.696, "2020-08-31": "-2.14200", "2020-05-31": -2.568, "2020-02-29": -13.287, "2019-11-30": 11.306, "2019-08-31": "-0.10900", "2019-05-31": -1.003, "2019-02-28": -5.087, "2018-11-30": -1.515, "2018-08-31": "-0.20200", "2018-05-31": -0.383, "2018-02-28": 2.616, "2017-11-30": -0.566, "2017-08-31": "-0.30400", "2017-05-31": -0.224, "2017-02-28": -0.304, "2016-11-30": 1.25, "2016-08-31": "-0.91800", "2016-05-31": -0.296, "2016-02-29": 2.446, "2015-11-30": -23.329, "2015-08-31": "25.31600", "2015-05-31": 113.2, "2015-02-28": -0.098, "2014-11-30": 1.665, "2014-08-31": "5.26300", "2014-05-31": -4.351, "2014-02-28": 0.061, "2013-11-30": -1.311, "2013-08-31": "0.38200", "2013-05-31": -0.677, "2013-02-28": 0.011, "2012-11-30": -1.25, "2012-08-31": "0.57700", "2012-05-31": 0.158, "2012-02-29": -3.919, "2011-11-30": -0.767, "2011-08-31": "6.53900", "2011-05-31": -2.353, "2011-02-28": 4.013, "2010-11-30": -4.096, "2010-08-31": "-2.76200", "2010-05-31": -3.307, "2010-02-28": 2.751, "2009-11-30": 1.078, "2009-08-31": "-0.02500", "2009-05-31": 0.177, "2009-02-28": -0.781, "2008-11-30": -0.274, "2008-08-31": "0.62700", "2008-05-31": 0.802, "2008-02-29": -1.934, "2007-11-30": 0.555, "2007-08-31": "0.17700", "2007-05-31": -2.253, "2007-02-28": 1.466, "2006-11-30": 0.905, "2006-08-31": "-1.95400", "2006-05-31": 21.234, "2006-02-28": -16.941, "2005-11-30": -0.376, "2005-08-31": "3.48700", "2005-05-31": -0.104, "2005-02-28": -1.877}, "Cash Flow From Investing Activities": {"2020-11-30": -11.3, "2020-08-31": "-39.94200", "2020-05-31": -48.918, "2020-02-29": -104.807, "2019-11-30": -53.534, "2019-08-31": "-78.13900", "2019-05-31": -72.624, "2019-02-28": -76.374, "2018-11-30": -15.855, "2018-08-31": "-70.78500", "2018-05-31": -45.715, "2018-02-28": -83.765, "2017-11-30": -78.84, "2017-08-31": "72.62200", "2017-05-31": -2144.874, "2017-02-28": -73.43, "2016-11-30": 8.561, "2016-08-31": "-100.60600", "2016-05-31": -73.397, "2016-02-29": -111.49, "2015-11-30": 515.13, "2015-08-31": "-201.86200", "2015-05-31": 88.063, "2015-02-28": -109.259, "2014-11-30": 105.002, "2014-08-31": "-38.81900", "2014-05-31": 146.605, "2014-02-28": -40.621, "2013-11-30": -53.523, "2013-08-31": "-67.00400", "2013-05-31": -29.348, "2013-02-28": -63.254, "2012-11-30": -130.338, "2012-08-31": "-61.24100", "2012-05-31": 88.9, "2012-02-29": -51.218, "2011-11-30": -59.64, "2011-08-31": "-82.33600", "2011-05-31": -109.638, "2011-02-28": -127.975, "2010-11-30": -33.431, "2010-08-31": "-27.54900", "2010-05-31": -55.275, "2010-02-28": -71.459, "2009-11-30": -34.112, "2009-08-31": "-46.73600", "2009-05-31": -37.705, "2009-02-28": -90.021, "2008-11-30": 0.653, "2008-08-31": "-76.14800", "2008-05-31": -72.781, "2008-02-29": -108.757, "2007-11-30": -74.559, "2007-08-31": "-54.87800", "2007-05-31": -71.728, "2007-02-28": -134.404, "2006-11-30": -66.712, "2006-08-31": "-0.86400", "2006-05-31": -59.627, "2006-02-28": -289.165, "2005-11-30": -89.551, "2005-08-31": "-1.70300", "2005-05-31": -36.749, "2005-02-28": -313.985}, "Net Long-Term Debt": {"2020-11-30": 0, "2020-08-31": "", "2020-05-31": -200, "2020-02-29": 0, "2019-11-30": 0, "2019-08-31": "", "2019-05-31": 200, "2019-02-28": 0, "2018-11-30": 0, "2018-08-31": "", "2018-05-31": 0, "2018-02-28": -300, "2017-11-30": 0, "2017-08-31": "-250.00000", "2017-05-31": 1932.229, "2017-02-28": 0, "2016-11-30": 0, "2016-08-31": "-250.00000", "2016-05-31": 0, "2016-02-29": 0, "2015-11-30": 0, "2015-08-31": "-0.01600", "2015-05-31": -0.062, "2015-02-28": -0.092, "2014-11-30": -0.184, "2014-08-31": "-0.18000", "2014-05-31": -0.177, "2014-02-28": -0.173, "2013-11-30": -7.67, "2013-08-31": "-0.16700", "2013-05-31": -0.164, "2013-02-28": -0.16, "2012-11-30": -0.158, "2012-08-31": "24.84600", "2012-05-31": -0.107, "2012-02-29": -0.313, "2011-11-30": -0.459, "2011-08-31": "-0.44400", "2011-05-31": 478.047, "2011-02-28": 21.039, "2010-11-30": -0.407, "2010-08-31": "1.39400", "2010-05-31": -0.139, "2010-02-28": -0.143, "2009-11-30": -0.142, "2009-08-31": "-0.17900", "2009-05-31": -0.139, "2009-02-28": -83.761, "2008-11-30": -79.988, "2008-08-31": "6.73900", "2008-05-31": -21.601, "2008-02-29": 16.61, "2007-11-30": 68.114, "2007-08-31": "-0.53200", "2007-05-31": -2.3, "2007-02-28": 92.242, "2006-11-30": -65.646, "2006-08-31": "58.17700", "2006-05-31": 160.265, "2006-02-28": 172.335, "2005-11-30": -52.166, "2005-08-31": "45.76300", "2005-05-31": -3.311, "2005-02-28": -7.264}, "Net Current Debt": {"2020-11-30": 0, "2020-08-31": "", "2020-05-31": 0, "2020-02-29": 0, "2019-11-30": -139, "2019-08-31": "26.50000", "2019-05-31": -105, "2019-02-28": 44, "2018-11-30": 173.5, "2018-08-31": "", "2018-05-31": -187.5, "2018-02-28": 187.5, "2017-11-30": -7.5, "2017-08-31": "-43.00000", "2017-05-31": -49, "2017-02-28": 33.5, "2016-11-30": -97.8, "2016-08-31": "163.80000", "2016-05-31": 0, "2016-02-29": 0, "2015-11-30": 0, "2015-08-31": "", "2015-05-31": 0, "2015-02-28": 0, "2014-11-30": 0, "2014-08-31": "", "2014-05-31": 0, "2014-02-28": 0, "2013-11-30": 0, "2013-08-31": "", "2013-05-31": 0, "2013-02-28": 0, "2012-11-30": 0, "2012-08-31": "", "2012-05-31": 0, "2012-02-29": 0, "2011-11-30": 0, "2011-08-31": "", "2011-05-31": 0, "2011-02-28": 0, "2010-11-30": 0, "2010-08-31": "", "2010-05-31": 0, "2010-02-28": 0, "2009-11-30": 0, "2009-08-31": "", "2009-05-31": 0, "2009-02-28": 0, "2008-11-30": 0, "2008-08-31": "", "2008-05-31": 0, "2008-02-29": 0, "2007-11-30": 0, "2007-08-31": "", "2007-05-31": 0, "2007-02-28": 0, "2006-11-30": 0, "2006-08-31": "", "2006-05-31": 0, "2006-02-28": 0, "2005-11-30": 0, "2005-08-31": "", "2005-05-31": 0, "2005-02-28": 0}, "Debt Issuance/Retirement Net - Total": {"2020-11-30": 0, "2020-08-31": "", "2020-05-31": -200, "2020-02-29": 0, "2019-11-30": -139, "2019-08-31": "26.50000", "2019-05-31": 95, "2019-02-28": 44, "2018-11-30": 173.5, "2018-08-31": "", "2018-05-31": -187.5, "2018-02-28": -112.5, "2017-11-30": -7.5, "2017-08-31": "-293.00000", "2017-05-31": 1883.229, "2017-02-28": 33.5, "2016-11-30": -97.8, "2016-08-31": "-86.20000", "2016-05-31": 0, "2016-02-29": 0, "2015-11-30": 0, "2015-08-31": "-0.01600", "2015-05-31": -0.062, "2015-02-28": -0.092, "2014-11-30": -0.184, "2014-08-31": "-0.18000", "2014-05-31": -0.177, "2014-02-28": -0.173, "2013-11-30": -7.67, "2013-08-31": "-0.16700", "2013-05-31": -0.164, "2013-02-28": -0.16, "2012-11-30": -0.158, "2012-08-31": "24.84600", "2012-05-31": -0.107, "2012-02-29": -0.313, "2011-11-30": -0.459, "2011-08-31": "-0.44400", "2011-05-31": 478.047, "2011-02-28": 21.039, "2010-11-30": -0.407, "2010-08-31": "1.39400", "2010-05-31": -0.139, "2010-02-28": -0.143, "2009-11-30": -0.142, "2009-08-31": "-0.17900", "2009-05-31": -0.139, "2009-02-28": -83.761, "2008-11-30": -79.988, "2008-08-31": "6.73900", "2008-05-31": -21.601, "2008-02-29": 16.61, "2007-11-30": 68.114, "2007-08-31": "-0.53200", "2007-05-31": -2.3, "2007-02-28": 92.242, "2006-11-30": -65.646, "2006-08-31": "58.17700", "2006-05-31": 160.265, "2006-02-28": 172.335, "2005-11-30": -52.166, "2005-08-31": "45.76300", "2005-05-31": -3.311, "2005-02-28": -7.264}, "Net Common Equity Issued/Repurchased": {"2020-11-30": -2.371, "2020-08-31": "-69.01100", "2020-05-31": -203.191, "2020-02-29": -2.586, "2019-11-30": -1.911, "2019-08-31": "-256.83000", "2019-05-31": -408.076, "2019-02-28": -100.095, "2018-11-30": -368.661, "2018-08-31": "-139.46800", "2018-05-31": -90.269, "2018-02-28": -1.353, "2017-11-30": -0.657, "2017-08-31": "-35.04000", "2017-05-31": -0.67, "2017-02-28": -0.824, "2016-11-30": -0.36, "2016-08-31": "-18.87000", "2016-05-31": -277.712, "2016-02-29": -100.146, "2015-11-30": -180.695, "2015-08-31": "-221.59800", "2015-05-31": -237.322, "2015-02-28": -251.075, "2014-11-30": -2.134, "2014-08-31": "-61.43900", "2014-05-31": -206.137, "2014-02-28": -0.262, "2013-11-30": -57.223, "2013-08-31": "-106.97700", "2013-05-31": -28.605, "2013-02-28": -27.901, "2012-11-30": -82.341, "2012-08-31": "-76.83400", "2012-05-31": -129.646, "2012-02-29": 0, "2011-11-30": -0.043, "2011-08-31": "-262.63900", "2011-05-31": -240.476, "2011-02-28": -0.007, "2010-11-30": -71.871, "2010-08-31": "-131.33600", "2010-05-31": -0.009, "2010-02-28": -0.001, "2009-11-30": 0, "2009-08-31": "-0.95900", "2009-05-31": 0, "2009-02-28": 0, "2008-11-30": 0, "2008-08-31": "-25.84700", "2008-05-31": 0.341, "2008-02-29": 0.278, "2007-11-30": -190.957, "2007-08-31": "7.23000", "2007-05-31": 1.334, "2007-02-28": -53.241, "2006-11-30": -25.164, "2006-08-31": "-111.01500", "2006-05-31": -206.241, "2006-02-28": 4.252, "2005-11-30": -10.259, "2005-08-31": "-96.75900", "2005-05-31": -52.055, "2005-02-28": 3.844}, "Net Total Equity Issued/Repurchased": {"2020-11-30": -2.371, "2020-08-31": "-69.01100", "2020-05-31": -203.191, "2020-02-29": -2.586, "2019-11-30": -1.911, "2019-08-31": "-256.83000", "2019-05-31": -408.076, "2019-02-28": -100.095, "2018-11-30": -368.661, "2018-08-31": "-139.46800", "2018-05-31": -90.269, "2018-02-28": -1.353, "2017-11-30": -0.657, "2017-08-31": "-35.04000", "2017-05-31": -0.67, "2017-02-28": -0.824, "2016-11-30": -0.36, "2016-08-31": "-18.87000", "2016-05-31": -277.712, "2016-02-29": -100.146, "2015-11-30": -180.695, "2015-08-31": "-221.59800", "2015-05-31": -237.322, "2015-02-28": -251.075, "2014-11-30": -2.134, "2014-08-31": "-61.43900", "2014-05-31": -206.137, "2014-02-28": -0.262, "2013-11-30": -57.223, "2013-08-31": "-106.97700", "2013-05-31": -28.605, "2013-02-28": -27.901, "2012-11-30": -82.341, "2012-08-31": "-76.83400", "2012-05-31": -129.646, "2012-02-29": 0, "2011-11-30": -0.043, "2011-08-31": "-262.63900", "2011-05-31": -240.476, "2011-02-28": -0.007, "2010-11-30": -71.871, "2010-08-31": "-131.33600", "2010-05-31": -0.009, "2010-02-28": -0.001, "2009-11-30": 0, "2009-08-31": "-0.95900", "2009-05-31": 0, "2009-02-28": 0, "2008-11-30": 0, "2008-08-31": "-25.84700", "2008-05-31": 0.341, "2008-02-29": 0.278, "2007-11-30": -190.957, "2007-08-31": "7.23000", "2007-05-31": 1.334, "2007-02-28": -53.241, "2006-11-30": -25.164, "2006-08-31": "-111.01500", "2006-05-31": -206.241, "2006-02-28": 4.252, "2005-11-30": -10.259, "2005-08-31": "-96.75900", "2005-05-31": -52.055, "2005-02-28": 3.844}, "Total Common And Preferred Stock Dividends Paid": {"2020-11-30": 0, "2020-08-31": "", "2020-05-31": 0.086, "2020-02-29": -268.042, "2019-11-30": 0, "2019-08-31": "", "2019-05-31": -0.004, "2019-02-28": -220.76, "2018-11-30": 0, "2018-08-31": "", "2018-05-31": 0, "2018-02-28": -175.589, "2017-11-30": 0, "2017-08-31": "", "2017-05-31": 0.011, "2017-02-28": -142.444, "2016-11-30": 0, "2016-08-31": "", "2016-05-31": 0, "2016-02-29": -115.273, "2015-11-30": 0, "2015-08-31": "", "2015-05-31": 0.05, "2015-02-28": -201.941, "2014-11-30": 0, "2014-08-31": "", "2014-05-31": -0.006, "2014-02-28": -93.314, "2013-11-30": 0, "2013-08-31": "", "2013-05-31": 0, "2013-02-28": -79.744, "2012-11-30": 0, "2012-08-31": "", "2012-05-31": 0, "2012-02-29": -70.82, "2011-11-30": 0, "2011-08-31": "", "2011-05-31": 0, "2011-02-28": -71.812, "2010-11-30": 0, "2010-08-31": "", "2010-05-31": -73.96, "2010-02-28": 0, "2009-11-30": 0, "2009-08-31": "", "2009-05-31": -72.207, "2009-02-28": 0, "2008-11-30": 0, "2008-08-31": "", "2008-05-31": -70.831, "2008-02-29": 0, "2007-11-30": 0, "2007-08-31": "", "2007-05-31": -61.996, "2007-02-28": 0, "2006-11-30": 0, "2006-08-31": "", "2006-05-31": -58.823, "2006-02-28": 0, "2005-11-30": 0, "2005-08-31": "", "2005-05-31": -54.968, "2005-02-28": 0}, "Financial Activities - Other": {"2020-11-30": 34.589, "2020-08-31": "71.25400", "2020-05-31": 8.19, "2020-02-29": 20.328, "2019-11-30": 24.526, "2019-08-31": "36.72300", "2019-05-31": 5.073, "2019-02-28": 18.936, "2018-11-30": 0.29, "2018-08-31": "26.96000", "2018-05-31": 5.919, "2018-02-28": 6.673, "2017-11-30": 10.069, "2017-08-31": "16.60700", "2017-05-31": 3.566, "2017-02-28": 5.206, "2016-11-30": -7.884, "2016-08-31": "8.04200", "2016-05-31": 5.303, "2016-02-29": 5.323, "2015-11-30": 6.195, "2015-08-31": "11.89500", "2015-05-31": 6.724, "2015-02-28": 10.865, "2014-11-30": 3.809, "2014-08-31": "20.42100", "2014-05-31": 2.746, "2014-02-28": 11.991, "2013-11-30": 9.423, "2013-08-31": "18.21100", "2013-05-31": 9.232, "2013-02-28": 5.89, "2012-11-30": 3.372, "2012-08-31": "-3.49100", "2012-05-31": 2.15, "2012-02-29": 0.214, "2011-11-30": 0.606, "2011-08-31": "0.92600", "2011-05-31": -5.539, "2011-02-28": -0.769, "2010-11-30": -0.482, "2010-08-31": "2.18100", "2010-05-31": -0.583, "2010-02-28": 0.323, "2009-11-30": -1.233, "2009-08-31": "0.51600", "2009-05-31": 0.119, "2009-02-28": 0.323, "2008-11-30": 0.126, "2008-08-31": "0.28700", "2008-05-31": 0.099, "2008-02-29": -7.655, "2007-11-30": -0.335, "2007-08-31": "-3.46500", "2007-05-31": 11.178, "2007-02-28": -6.721, "2006-11-30": -9.994, "2006-08-31": "-6.09100", "2006-05-31": 5.193, "2006-02-28": 3.003, "2005-11-30": 2.111, "2005-08-31": "6.06500", "2005-05-31": -7.254, "2005-02-28": 13.683}, "Cash Flow From Financial Activities": {"2020-11-30": 32.218, "2020-08-31": "2.24300", "2020-05-31": -394.915, "2020-02-29": -250.3, "2019-11-30": -116.385, "2019-08-31": "-193.60700", "2019-05-31": -308.007, "2019-02-28": -257.919, "2018-11-30": -194.871, "2018-08-31": "-112.50800", "2018-05-31": -271.85, "2018-02-28": -282.769, "2017-11-30": 1.912, "2017-08-31": "-311.43300", "2017-05-31": 1886.136, "2017-02-28": -104.562, "2016-11-30": -106.044, "2016-08-31": "-97.02800", "2016-05-31": -272.409, "2016-02-29": -210.096, "2015-11-30": -174.5, "2015-08-31": "-209.71900", "2015-05-31": -230.61, "2015-02-28": -442.243, "2014-11-30": 1.491, "2014-08-31": "-41.19800", "2014-05-31": -203.574, "2014-02-28": -81.758, "2013-11-30": -55.47, "2013-08-31": "-88.93300", "2013-05-31": -19.537, "2013-02-28": -101.915, "2012-11-30": -79.127, "2012-08-31": "-55.47900", "2012-05-31": -127.603, "2012-02-29": -70.919, "2011-11-30": 0.104, "2011-08-31": "-262.15700", "2011-05-31": 232.032, "2011-02-28": -51.549, "2010-11-30": -72.76, "2010-08-31": "-127.76100", "2010-05-31": -74.691, "2010-02-28": 0.179, "2009-11-30": -1.375, "2009-08-31": "-0.62200", "2009-05-31": -72.227, "2009-02-28": -83.438, "2008-11-30": -79.862, "2008-08-31": "-18.82100", "2008-05-31": -91.992, "2008-02-29": 9.233, "2007-11-30": -123.178, "2007-08-31": "3.23300", "2007-05-31": -51.784, "2007-02-28": 32.28, "2006-11-30": -100.804, "2006-08-31": "-58.92900", "2006-05-31": -99.606, "2006-02-28": 179.59, "2005-11-30": -60.314, "2005-08-31": "-44.93100", "2005-05-31": -117.588, "2005-02-28": 10.263}, "Net Cash Flow": {"2020-11-30": 281.633, "2020-08-31": "276.14000", "2020-05-31": -89.039, "2020-02-29": 7.906, "2019-11-30": 124.404, "2019-08-31": "5.48600", "2019-05-31": 15.786, "2019-02-28": -7.62, "2018-11-30": -29.877, "2018-08-31": "-20.36800", "2018-05-31": -13.839, "2018-02-28": -83.439, "2017-11-30": 44.588, "2017-08-31": "22.14800", "2017-05-31": 22.022, "2017-02-28": 3.671, "2016-11-30": 44.364, "2016-08-31": "-40.14800", "2016-05-31": -175.759, "2016-02-29": -291.669, "2015-11-30": 459.925, "2015-08-31": "-270.21300", "2015-05-31": 58.753, "2015-02-28": -468.404, "2014-11-30": 245.271, "2014-08-31": "68.16500", "2014-05-31": 164.429, "2014-02-28": 39.525, "2013-11-30": 30.664, "2013-08-31": "-73.60300", "2013-05-31": 134.803, "2013-02-28": -25.017, "2012-11-30": -76.73, "2012-08-31": "-20.60800", "2012-05-31": 121.842, "2012-02-29": 10.211, "2011-11-30": 57.46, "2011-08-31": "-287.79400", "2011-05-31": 253.375, "2011-02-28": -76.222, "2010-11-30": -29.693, "2010-08-31": "-120.63500", "2010-05-31": 4.778, "2010-02-28": 64.489, "2009-11-30": 114.703, "2009-08-31": "97.56600", "2009-05-31": 75.494, "2009-02-28": -8.162, "2008-11-30": 4.17, "2008-08-31": "-7.98100", "2008-05-31": 10.549, "2008-02-29": -0.965, "2007-11-30": 15.799, "2007-08-31": "5.48100", "2007-05-31": 3.802, "2007-02-28": -7.381, "2006-11-30": 3.974, "2006-08-31": "-3.94900", "2006-05-31": -9.129, "2006-02-28": -4.553, "2005-11-30": 9.159, "2005-08-31": "0.24100", "2005-05-31": -28.664, "2005-02-28": -15.497}, "Stock-Based Compensation": {"2020-11-30": 28.547, "2020-08-31": "29.05500", "2020-05-31": 19.007, "2020-02-29": 27.03, "2019-11-30": 29.003, "2019-08-31": "40.39500", "2019-05-31": 33.657, "2019-02-28": 30.769, "2018-11-30": 28.612, "2018-08-31": "46.17200", "2018-05-31": 26.791, "2018-02-28": 30.84, "2017-11-30": 26.574, "2017-08-31": "28.63000", "2017-05-31": 25.29, "2017-02-28": 23.996, "2016-11-30": 18.803, "2016-08-31": "20.77900", "2016-05-31": 22.124, "2016-02-29": 16.928, "2015-11-30": 16.324, "2015-08-31": "23.91700", "2015-05-31": 10.986, "2015-02-28": 11.231, "2014-11-30": 12.505, "2014-08-31": "12.28000", "2014-05-31": 7.627, "2014-02-28": 7.624, "2013-11-30": 7.64, "2013-08-31": "6.98400", "2013-05-31": 6.65, "2013-02-28": 5.576, "2012-11-30": 5.636, "2012-08-31": "5.44800", "2012-05-31": 5.289, "2012-02-29": 5.267, "2011-11-30": 5.234, "2011-08-31": "4.52200", "2011-05-31": 5.39, "2011-02-28": 4.014, "2010-11-30": 2.753, "2010-08-31": "3.04600", "2010-05-31": 4.026, "2010-02-28": 3.752, "2009-11-30": 3.941, "2009-08-31": "3.63000", "2009-05-31": 3.049, "2009-02-28": 1.993, "2008-11-30": 3.376, "2008-08-31": "3.53500", "2008-05-31": 0.05, "2008-02-29": 2.597, "2007-11-30": 2.677, "2007-08-31": "2.13200", "2007-05-31": 1.754, "2007-02-28": 1.496, "2006-11-30": 1.848, "2006-08-31": "-0.59800", "2006-05-31": 0.218, "2006-02-28": 1.462, "2005-11-30": 1.432, "2005-08-31": "1.61300", "2005-05-31": 7.971, "2005-02-28": 0}, "Common Stock Dividends Paid": {"2020-11-30": 0, "2020-08-31": "", "2020-05-31": 0.086, "2020-02-29": -268.042, "2019-11-30": 0, "2019-08-31": "", "2019-05-31": -0.004, "2019-02-28": -220.76, "2018-11-30": 0, "2018-08-31": "", "2018-05-31": 0, "2018-02-28": -175.589, "2017-11-30": 0, "2017-08-31": "", "2017-05-31": 0.011, "2017-02-28": -142.444, "2016-11-30": 0, "2016-08-31": "", "2016-05-31": 0, "2016-02-29": -115.273, "2015-11-30": 0, "2015-08-31": "", "2015-05-31": 0.05, "2015-02-28": -201.941, "2014-11-30": 0, "2014-08-31": "", "2014-05-31": -0.006, "2014-02-28": -93.314, "2013-11-30": 0, "2013-08-31": "", "2013-05-31": 0, "2013-02-28": -79.744, "2012-11-30": 0, "2012-08-31": "", "2012-05-31": 0, "2012-02-29": -70.82, "2011-11-30": 0, "2011-08-31": "", "2011-05-31": 0, "2011-02-28": -71.812, "2010-11-30": 0, "2010-08-31": "", "2010-05-31": -73.96, "2010-02-28": 0, "2009-11-30": 0, "2009-08-31": "", "2009-05-31": -72.207, "2009-02-28": 0, "2008-11-30": 0, "2008-08-31": "", "2008-05-31": -70.831, "2008-02-29": 0, "2007-11-30": 0, "2007-08-31": "", "2007-05-31": -61.996, "2007-02-28": 0, "2006-11-30": 0, "2006-08-31": "", "2006-05-31": -58.823, "2006-02-28": 0, "2005-11-30": 0, "2005-08-31": "", "2005-05-31": -54.968, "2005-02-28": 0}}, "financial ratios": {"Current Ratio": {"2020-05-31": "2.60930", "2019-05-31": "1.98300", "2018-05-31": "2.54940", "2017-05-31": "1.72830", "2016-05-31": "1.95030", "2015-05-31": "3.41240", "2014-05-31": "2.86560", "2013-05-31": "2.92100", "2012-05-31": "2.27630", "2011-05-31": "3.91760", "2010-05-31": "3.96390", "2009-05-31": "4.22200", "2008-05-31": "3.49180", "2007-05-31": "2.87000", "2006-05-31": "2.87080", "2005-05-31": "3.27240"}, "Long-term Debt / Capital": {"2020-05-31": "0.43980", "2019-05-31": "0.45800", "2018-05-31": "0.45670", "2017-05-31": "0.54610", "2016-05-31": "0.36180", "2015-05-31": "0.40220", "2014-05-31": "0.37230", "2013-05-31": "0.37140", "2012-05-31": "0.33120", "2011-05-31": "0.35810", "2010-05-31": "0.23660", "2009-05-31": "0.24930", "2008-05-31": "0.29490", "2007-05-31": "0.28810", "2006-05-31": "0.27540", "2005-05-31": "0.18110"}, "Debt/Equity Ratio": {"2020-05-31": "0.78500", "2019-05-31": "0.94910", "2018-05-31": "0.84050", "2017-05-31": "1.36070", "2016-05-31": "0.70250", "2015-05-31": "0.67270", "2014-05-31": "0.59330", "2013-05-31": "0.59470", "2012-05-31": "0.60060", "2011-05-31": "0.55850", "2010-05-31": "0.31020", "2009-05-31": "0.33230", "2008-05-31": "0.41870", "2007-05-31": "0.40650", "2006-05-31": "0.38210", "2005-05-31": "0.22460"}, "Gross Margin": {"2020-05-31": "45.64140", "2019-05-31": "45.39250", "2018-05-31": "44.90800", "2017-05-31": "44.71400", "2016-05-31": "43.81650", "2015-05-31": "43.31950", "2014-05-31": "41.72210", "2013-05-31": "41.29350", "2012-05-31": "42.38440", "2011-05-31": "42.23420", "2010-05-31": "42.22370", "2009-05-31": "41.08610", "2008-05-31": "42.70300", "2007-05-31": "42.65980", "2006-05-31": "42.74260", "2005-05-31": "42.53790"}, "Operating Margin": {"2020-05-31": "16.41040", "2019-05-31": "16.44640", "2018-05-31": "14.66560", "2017-05-31": "14.53380", "2016-05-31": "16.03370", "2015-05-31": "15.64510", "2014-05-31": "14.37160", "2013-05-31": "13.32980", "2012-05-31": "13.15520", "2011-05-31": "11.55640", "2010-05-31": "11.01700", "2009-05-31": "10.83710", "2008-05-31": "14.66400", "2007-05-31": "15.57630", "2006-05-31": "15.95490", "2005-05-31": "15.86280"}, "EBIT Margin": {"2020-05-31": "16.41040", "2019-05-31": "16.44640", "2018-05-31": "14.66560", "2017-05-31": "14.53380", "2016-05-31": "16.03370", "2015-05-31": "15.64510", "2014-05-31": "14.37160", "2013-05-31": "13.32980", "2012-05-31": "13.15520", "2011-05-31": "11.55640", "2010-05-31": "11.01700", "2009-05-31": "10.83710", "2008-05-31": "14.66400", "2007-05-31": "15.57630", "2006-05-31": "15.95490", "2005-05-31": "15.86280"}, "EBITDA Margin": {"2020-05-31": "21.76040", "2019-05-31": "21.67090", "2018-05-31": "18.97980", "2017-05-31": "18.22690", "2016-05-31": "19.48010", "2015-05-31": "19.19410", "2014-05-31": "18.92260", "2013-05-31": "17.79000", "2012-05-31": "17.88860", "2011-05-31": "16.63380", "2010-05-31": "16.46160", "2009-05-31": "16.13830", "2008-05-31": "19.53730", "2007-05-31": "20.32220", "2006-05-31": "20.67500", "2005-05-31": "20.69360"}, "Pre-Tax Profit Margin": {"2020-05-31": "14.93680", "2019-05-31": "15.99460", "2018-05-31": "12.98520", "2017-05-31": "12.91290", "2016-05-31": "14.70700", "2015-05-31": "14.65910", "2014-05-31": "12.80750", "2013-05-31": "11.79180", "2012-05-31": "11.48080", "2011-05-31": "10.30520", "2010-05-31": "9.69440", "2009-05-31": "9.57940", "2008-05-31": "13.47680", "2007-05-31": "14.39350", "2006-05-31": "15.21970", "2005-05-31": "15.29110"}, "Net Profit Margin": {"2020-05-31": "12.36450", "2019-05-31": "12.84010", "2018-05-31": "13.00960", "2017-05-31": "9.03010", "2016-05-31": "14.46110", "2015-05-31": "9.85470", "2014-05-31": "8.92840", "2013-05-31": "7.42920", "2012-05-31": "7.21010", "2011-05-31": "6.48200", "2010-05-31": "6.07840", "2009-05-31": "5.99670", "2008-05-31": "8.51740", "2007-05-31": "9.02470", "2006-05-31": "9.50120", "2005-05-31": "9.53770"}, "Asset Turnover": {"2020-05-31": "0.92380", "2019-05-31": "0.92680", "2018-05-31": "0.93080", "2017-05-31": "0.77780", "2016-05-31": "1.17000", "2015-05-31": "1.04230", "2014-05-31": "0.93980", "2013-05-31": "0.97710", "2012-05-31": "0.98470", "2011-05-31": "0.87560", "2010-05-31": "0.89360", "2009-05-31": "1.01440", "2008-05-31": "1.03390", "2007-05-31": "1.03820", "2006-05-31": "0.99370", "2005-05-31": "1.00250"}, "Inventory Turnover Ratio": {"2020-05-31": "9.41890", "2019-05-31": "11.24880", "2018-05-31": "12.72750", "2017-05-31": "10.57840", "2016-05-31": "10.80530", "2015-05-31": "10.94890", "2014-05-31": "9.72810", "2013-05-31": "10.36710", "2012-05-31": "9.40820", "2011-05-31": "8.81640", "2010-05-31": "12.09270", "2009-05-31": "10.98990", "2008-05-31": "9.45370", "2007-05-31": "9.17210", "2006-05-31": "9.84250", "2005-05-31": "8.14430"}, "Receiveable Turnover": {"2020-05-31": "8.14040", "2019-05-31": "7.51130", "2018-05-31": "7.85790", "2017-05-31": "6.82200", "2016-05-31": "8.74820", "2015-05-31": "8.79090", "2014-05-31": "8.24870", "2013-05-31": "8.40530", "2012-05-31": "8.67140", "2011-05-31": "8.23560", "2010-05-31": "9.38670", "2009-05-31": "9.85070", "2008-05-31": "9.15620", "2007-05-31": "9.06620", "2006-05-31": "8.72930", "2005-05-31": "9.38310"}, "Days Sales In Receivables": {"2020-05-31": "44.83830", "2019-05-31": "48.59370", "2018-05-31": "46.44990", "2017-05-31": "53.50350", "2016-05-31": "41.72280", "2015-05-31": "41.52000", "2014-05-31": "44.24960", "2013-05-31": "43.42480", "2012-05-31": "42.09240", "2011-05-31": "44.31990", "2010-05-31": "38.88470", "2009-05-31": "37.05330", "2008-05-31": "39.86350", "2007-05-31": "40.25940", "2006-05-31": "41.81310", "2005-05-31": "38.89990"}, "ROE - Return On Equity": {"2020-05-31": "27.08830", "2019-05-31": "29.39450", "2018-05-31": "25.98790", "2017-05-31": "19.85790", "2016-05-31": "24.34550", "2015-05-31": "20.83120", "2014-05-31": "15.40330", "2013-05-31": "14.38050", "2012-05-31": "13.91390", "2011-05-31": "10.72630", "2010-05-31": "8.50900", "2009-05-31": "9.56140", "2008-05-31": "14.87960", "2007-05-31": "15.43260", "2006-05-31": "15.47140", "2005-05-31": "13.90340"}, "Return On Tangible Equity": {"2020-05-31": "-1014.92300", "2019-05-31": "-264.01320", "2018-05-31": "-208.42040", "2017-05-31": "-42.87610", "2016-05-31": "91.85410", "2015-05-31": "57.97060", "2014-05-31": "38.83450", "2013-05-31": "53.49730", "2012-05-31": "51.58910", "2011-05-31": "34.66730", "2010-05-31": "20.08270", "2009-05-31": "24.82830", "2008-05-31": "42.68300", "2007-05-31": "44.57530", "2006-05-31": "41.77780", "2005-05-31": "27.39200"}, "ROA - Return On Assets": {"2020-05-31": "11.42600", "2019-05-31": "11.86870", "2018-05-31": "11.26630", "2017-05-31": "6.68150", "2016-05-31": "10.94480", "2015-05-31": "9.60180", "2014-05-31": "7.56920", "2013-05-31": "7.28520", "2012-05-31": "7.14490", "2011-05-31": "5.67540", "2010-05-31": "5.43160", "2009-05-31": "6.08330", "2008-05-31": "8.80650", "2007-05-31": "9.36960", "2006-05-31": "9.44120", "2005-05-31": "9.56120"}, "ROI - Return On Investment": {"2020-05-31": "15.17530", "2019-05-31": "15.93140", "2018-05-31": "14.12020", "2017-05-31": "9.01340", "2016-05-31": "15.53840", "2015-05-31": "12.45350", "2014-05-31": "9.66900", "2013-05-31": "9.03890", "2012-05-31": "9.30610", "2011-05-31": "6.88480", "2010-05-31": "6.49560", "2009-05-31": "7.17800", "2008-05-31": "10.49170", "2007-05-31": "10.98720", "2006-05-31": "11.21050", "2005-05-31": "11.38570"}, "Book Value Per Share": {"2020-05-31": "31.28370", "2019-05-31": "29.07250", "2018-05-31": "28.37050", "2017-05-31": "21.84790", "2016-05-31": "17.48240", "2015-05-31": "17.29990", "2014-05-31": "18.73630", "2013-05-31": "18.00340", "2012-05-31": "16.90750", "2011-05-31": "16.73630", "2010-05-31": "16.57640", "2009-05-31": "15.49450", "2008-05-31": "14.66660", "2007-05-31": "13.66130", "2006-05-31": "12.80900", "2005-05-31": "12.32950"}, "Operating Cash Flow Per Share": {"2020-05-31": 2.316, "2019-05-31": 0.9723, "2018-05-31": 1.693, "2017-05-31": 2.8507, "2016-05-31": -0.7001, "2015-05-31": -0.045, "2014-05-31": 0.5431, "2013-05-31": 0.8252, "2012-05-31": 1.2879, "2011-05-31": -1.375, "2010-05-31": 0.2775, "2009-05-31": -0.0633, "2008-05-31": 0.6868, "2007-05-31": 0.0642, "2006-05-31": 0.338, "2005-05-31": 2.3973}, "Free Cash Flow Per Share": {"2020-05-31": 2.8155, "2019-05-31": 0.9194, "2018-05-31": 1.7545, "2017-05-31": 2.8194, "2016-05-31": -1.3524, "2015-05-31": -0.7003, "2014-05-31": 0.924, "2013-05-31": 0.484, "2012-05-31": 1.2969, "2011-05-31": -1.8939, "2010-05-31": 0.5975, "2009-05-31": 0.1126, "2008-05-31": 0.5931, "2007-05-31": -0.1354, "2006-05-31": 0.2238, "2005-05-31": 1.5822}}, "financial ratios, quarterly": {"Current Ratio": {"2020-11-30": "2.05690", "2020-08-31": "2.43850", "2020-05-31": "2.60930", "2020-02-29": "2.34160", "2019-11-30": "1.91970", "2019-08-31": "2.03920", "2019-05-31": "1.98300", "2019-02-28": "2.23640", "2018-11-30": "1.98790", "2018-08-31": "3.09880", "2018-05-31": "2.54940", "2018-02-28": "2.15740", "2017-11-30": "1.77020", "2017-08-31": "1.84200", "2017-05-31": "1.72830", "2017-02-28": "1.72670", "2016-11-30": "2.13780", "2016-08-31": "2.24340", "2016-05-31": "1.95030", "2016-02-29": "2.04800", "2015-11-30": "1.80660", "2015-08-31": "1.80750", "2015-05-31": "3.41240", "2015-02-28": "2.95240", "2014-11-30": "2.51950", "2014-08-31": "3.16500", "2014-05-31": "2.86560", "2014-02-28": "3.01180", "2013-11-30": "2.63400", "2013-08-31": "3.04890", "2013-05-31": "2.92100", "2013-02-28": "3.01440", "2012-11-30": "2.73720", "2012-08-31": "3.96730", "2012-05-31": "2.27630", "2012-02-29": "2.50640", "2011-11-30": "2.21030", "2011-08-31": "2.39650", "2011-05-31": "3.91760", "2011-02-28": "3.37800", "2010-11-30": "2.89010", "2010-08-31": "3.81710", "2010-05-31": "3.96390", "2010-02-28": "3.45080", "2009-11-30": "4.24000", "2009-08-31": "4.26000", "2009-05-31": "4.22200", "2009-02-28": "3.21190", "2008-11-30": "3.83640", "2008-08-31": "3.74260", "2008-05-31": "3.49180", "2008-02-29": "3.15480", "2007-11-30": "3.38020", "2007-08-31": "4.49920", "2007-05-31": "2.87000", "2007-02-28": "1.66160", "2006-11-30": "1.75080", "2006-08-31": "1.93310", "2006-05-31": "2.87080", "2006-02-28": "2.80470", "2005-11-30": "3.16980", "2005-08-31": "3.71900", "2005-05-31": "3.27240", "2005-02-28": "3.09390"}, "Long-term Debt / Capital": {"2020-11-30": "0.38900", "2020-08-31": "0.38850", "2020-05-31": "0.43980", "2020-02-29": "0.43300", "2019-11-30": "0.44980", "2019-08-31": "0.45410", "2019-05-31": "0.45800", "2019-02-28": "0.44380", "2018-11-30": "0.45590", "2018-08-31": "0.43110", "2018-05-31": "0.45670", "2018-02-28": "0.46690", "2017-11-30": "0.49820", "2017-08-31": "0.49680", "2017-05-31": "0.54610", "2017-02-28": "0.25490", "2016-11-30": "0.34030", "2016-08-31": "0.34450", "2016-05-31": "0.36180", "2016-02-29": "0.35000", "2015-11-30": "0.35300", "2015-08-31": "0.36220", "2015-05-31": "0.40220", "2015-02-28": "0.38830", "2014-11-30": "0.37110", "2014-08-31": "0.36390", "2014-05-31": "0.37230", "2014-02-28": "0.36690", "2013-11-30": "0.37710", "2013-08-31": "0.37200", "2013-05-31": "0.37140", "2013-02-28": "0.38050", "2012-11-30": "0.38610", "2012-08-31": "0.37800", "2012-05-31": "0.33120", "2012-02-29": "0.32530", "2011-11-30": "0.33510", "2011-08-31": "0.33380", "2011-05-31": "0.35810", "2011-02-28": "0.24590", "2010-11-30": "0.24690", "2010-08-31": "0.24130", "2010-05-31": "0.23660", "2010-02-28": "0.24090", "2009-11-30": "0.23940", "2009-08-31": "0.24480", "2009-05-31": "0.24930", "2009-02-28": "0.25310", "2008-11-30": "0.27230", "2008-08-31": "0.29300", "2008-05-31": "0.29490", "2008-02-29": "0.30810", "2007-11-30": "0.30610", "2007-08-31": "0.28090", "2007-05-31": "0.28810", "2007-02-28": "0.24140", "2006-11-30": "0.21130", "2006-08-31": "0.23420", "2006-05-31": "0.27540", "2006-02-28": "0.22500", "2005-11-30": "0.17600", "2005-08-31": "0.19610", "2005-05-31": "0.18110", "2005-02-28": "0.18170"}, "Debt/Equity Ratio": {"2020-11-30": "0.70620", "2020-08-31": "0.70470", "2020-05-31": "0.78500", "2020-02-29": "0.82390", "2019-11-30": "0.88190", "2019-08-31": "0.94300", "2019-05-31": "0.94910", "2019-02-28": "0.86630", "2018-11-30": "0.89520", "2018-08-31": "0.75790", "2018-05-31": "0.84050", "2018-02-28": "0.94070", "2017-11-30": "1.11010", "2017-08-31": "1.10730", "2017-05-31": "1.36070", "2017-02-28": "0.52540", "2016-11-30": "0.54840", "2016-08-31": "0.60800", "2016-05-31": "0.70250", "2016-02-29": "0.66660", "2015-11-30": "0.67550", "2015-08-31": "0.70320", "2015-05-31": "0.67270", "2015-02-28": "0.63490", "2014-11-30": "0.59000", "2014-08-31": "0.57220", "2014-05-31": "0.59330", "2014-02-28": "0.57980", "2013-11-30": "0.60580", "2013-08-31": "0.59610", "2013-05-31": "0.59470", "2013-02-28": "0.61460", "2012-11-30": "0.62940", "2012-08-31": "0.60790", "2012-05-31": "0.60060", "2012-02-29": "0.58490", "2011-11-30": "0.61120", "2011-08-31": "0.60800", "2011-05-31": "0.55850", "2011-02-28": "0.32680", "2010-11-30": "0.32860", "2010-08-31": "0.31880", "2010-05-31": "0.31020", "2010-02-28": "0.31760", "2009-11-30": "0.31500", "2009-08-31": "0.32430", "2009-05-31": "0.33230", "2009-02-28": "0.33910", "2008-11-30": "0.37450", "2008-08-31": "0.41490", "2008-05-31": "0.41870", "2008-02-29": "0.44580", "2007-11-30": "0.44180", "2007-08-31": "0.39250", "2007-05-31": "0.40650", "2007-02-28": "0.42970", "2006-11-30": "0.37740", "2006-08-31": "0.41780", "2006-05-31": "0.38210", "2006-02-28": "0.29230", "2005-11-30": "0.21560", "2005-08-31": "0.24740", "2005-05-31": "0.22460", "2005-02-28": "0.22700"}, "Gross Margin": {"2020-11-30": "46.66260", "2020-08-31": "47.30410", "2020-05-31": "43.70380", "2020-02-29": "45.53040", "2019-11-30": "46.23140", "2019-08-31": "46.88440", "2019-05-31": "45.91360", "2019-02-28": "44.88730", "2018-11-30": "45.11280", "2018-08-31": "45.62560", "2018-05-31": "45.06230", "2018-02-28": "44.07820", "2017-11-30": "44.59350", "2017-08-31": "45.87970", "2017-05-31": "44.35290", "2017-02-28": "44.60240", "2016-11-30": "44.46770", "2016-08-31": "45.50800", "2016-05-31": "45.20780", "2016-02-29": "43.13920", "2015-11-30": "43.26210", "2015-08-31": "43.71910", "2015-05-31": "44.25900", "2015-02-28": "42.86500", "2014-11-30": "42.85500", "2014-08-31": "43.36780", "2014-05-31": "41.56910", "2014-02-28": "42.27230", "2013-11-30": "41.55760", "2013-08-31": "41.45390", "2013-05-31": "40.94710", "2013-02-28": "41.08500", "2012-11-30": "40.74330", "2012-08-31": "42.41080", "2012-05-31": "42.12940", "2012-02-29": "42.08060", "2011-11-30": "42.17310", "2011-08-31": "43.16250", "2011-05-31": "42.78750", "2011-02-28": "41.79030", "2010-11-30": "41.71070", "2010-08-31": "42.60950", "2010-05-31": "42.39580", "2010-02-28": "41.72690", "2009-11-30": "41.81380", "2009-08-31": "42.93500", "2009-05-31": "38.05140", "2009-02-28": "41.42870", "2008-11-30": "42.12410", "2008-08-31": "42.41590", "2008-05-31": "42.85970", "2008-02-29": "42.13580", "2007-11-30": "42.74650", "2007-08-31": "43.06680", "2007-05-31": "42.94000", "2007-02-28": "42.61410", "2006-11-30": "42.35760", "2006-08-31": "42.71470", "2006-05-31": "43.60180", "2006-02-28": "42.20000", "2005-11-30": "41.93200", "2005-08-31": "43.16930", "2005-05-31": "43.06630", "2005-02-28": "42.56310"}, "Operating Margin": {"2020-11-30": "20.08320", "2020-08-31": "20.02240", "2020-05-31": "12.80790", "2020-02-29": "17.37790", "2019-11-30": "18.14040", "2019-08-31": "16.90350", "2019-05-31": "17.52830", "2019-02-28": "16.53990", "2018-11-30": "16.04170", "2018-08-31": "15.62030", "2018-05-31": "15.90250", "2018-02-28": "12.58700", "2017-11-30": "14.64180", "2017-08-31": "15.45760", "2017-05-31": "11.58650", "2017-02-28": "15.29360", "2016-11-30": "15.77060", "2016-08-31": "16.10050", "2016-05-31": "16.36650", "2016-02-29": "15.86670", "2015-11-30": "16.43440", "2015-08-31": "15.47320", "2015-05-31": "15.93150", "2015-02-28": "15.65740", "2014-11-30": "16.16400", "2014-08-31": "14.83450", "2014-05-31": "18.78370", "2014-02-28": "13.46600", "2013-11-30": "13.54270", "2013-08-31": "12.68920", "2013-05-31": "14.60810", "2013-02-28": "12.36650", "2012-11-30": "13.11060", "2012-08-31": "13.24940", "2012-05-31": "13.36700", "2012-02-29": "13.58900", "2011-11-30": "13.01950", "2011-08-31": "12.64020", "2011-05-31": "12.73380", "2011-02-28": "11.60940", "2010-11-30": "10.92760", "2010-08-31": "10.85030", "2010-05-31": "11.16260", "2010-02-28": "9.74820", "2009-11-30": "12.02800", "2009-08-31": "11.09180", "2009-05-31": "2.45560", "2009-02-28": "13.13040", "2008-11-30": "13.23530", "2008-08-31": "13.74880", "2008-05-31": "15.19580", "2008-02-29": "14.14320", "2007-11-30": "14.78280", "2007-08-31": "14.51430", "2007-05-31": "16.17090", "2007-02-28": "14.65640", "2006-11-30": "15.42840", "2006-08-31": "16.00950", "2006-05-31": "16.97680", "2006-02-28": "15.36910", "2005-11-30": "15.48450", "2005-08-31": "15.90070", "2005-05-31": "15.75060", "2005-02-28": "15.56350"}, "EBIT Margin": {"2020-11-30": "20.08320", "2020-08-31": "20.02240", "2020-05-31": "12.80790", "2020-02-29": "17.37790", "2019-11-30": "18.14040", "2019-08-31": "16.90350", "2019-05-31": "17.52830", "2019-02-28": "16.53990", "2018-11-30": "16.04170", "2018-08-31": "15.62030", "2018-05-31": "15.90250", "2018-02-28": "12.58700", "2017-11-30": "14.64180", "2017-08-31": "15.45760", "2017-05-31": "11.58650", "2017-02-28": "15.29360", "2016-11-30": "15.77060", "2016-08-31": "16.10050", "2016-05-31": "16.36650", "2016-02-29": "15.86670", "2015-11-30": "16.43440", "2015-08-31": "15.47320", "2015-05-31": "15.93150", "2015-02-28": "15.65740", "2014-11-30": "16.16400", "2014-08-31": "14.83450", "2014-05-31": "18.78370", "2014-02-28": "13.46600", "2013-11-30": "13.54270", "2013-08-31": "12.68920", "2013-05-31": "14.60810", "2013-02-28": "12.36650", "2012-11-30": "13.11060", "2012-08-31": "13.24940", "2012-05-31": "13.36700", "2012-02-29": "13.58900", "2011-11-30": "13.01950", "2011-08-31": "12.64020", "2011-05-31": "12.73380", "2011-02-28": "11.60940", "2010-11-30": "10.92760", "2010-08-31": "10.85030", "2010-05-31": "11.16260", "2010-02-28": "9.74820", "2009-11-30": "12.02800", "2009-08-31": "11.09180", "2009-05-31": "2.45560", "2009-02-28": "13.13040", "2008-11-30": "13.23530", "2008-08-31": "13.74880", "2008-05-31": "15.19580", "2008-02-29": "14.14320", "2007-11-30": "14.78280", "2007-08-31": "14.51430", "2007-05-31": "16.17090", "2007-02-28": "14.65640", "2006-11-30": "15.42840", "2006-08-31": "16.00950", "2006-05-31": "16.97680", "2006-02-28": "15.36910", "2005-11-30": "15.48450", "2005-08-31": "15.90070", "2005-05-31": "15.75060", "2005-02-28": "15.56350"}, "EBITDA Margin": {"2020-11-30": "", "2020-08-31": "", "2020-05-31": "", "2020-02-29": "", "2019-11-30": "", "2019-08-31": "", "2019-05-31": "", "2019-02-28": "", "2018-11-30": "", "2018-08-31": "", "2018-05-31": "", "2018-02-28": "", "2017-11-30": "", "2017-08-31": "", "2017-05-31": "", "2017-02-28": "", "2016-11-30": "", "2016-08-31": "", "2016-05-31": "", "2016-02-29": "", "2015-11-30": "", "2015-08-31": "", "2015-05-31": "", "2015-02-28": "", "2014-11-30": "", "2014-08-31": "", "2014-05-31": "", "2014-02-28": "", "2013-11-30": "", "2013-08-31": "", "2013-05-31": "", "2013-02-28": "", "2012-11-30": "", "2012-08-31": "", "2012-05-31": "", "2012-02-29": "", "2011-11-30": "", "2011-08-31": "", "2011-05-31": "", "2011-02-28": "", "2010-11-30": "", "2010-08-31": "", "2010-05-31": "", "2010-02-28": "", "2009-11-30": "", "2009-08-31": "", "2009-05-31": "", "2009-02-28": "", "2008-11-30": "", "2008-08-31": "", "2008-05-31": "", "2008-02-29": "", "2007-11-30": "", "2007-08-31": "", "2007-05-31": "", "2007-02-28": "", "2006-11-30": "", "2006-08-31": "", "2006-05-31": "", "2006-02-28": "", "2005-11-30": "", "2005-08-31": "", "2005-05-31": "", "2005-02-28": ""}, "Pre-Tax Profit Margin": {"2020-11-30": "18.69800", "2020-08-31": "18.62040", "2020-05-31": "11.21760", "2020-02-29": "15.96420", "2019-11-30": "16.73600", "2019-08-31": "15.40400", "2019-05-31": "16.10610", "2019-02-28": "14.95280", "2018-11-30": "18.65390", "2018-08-31": "14.21810", "2018-05-31": "14.43750", "2018-02-28": "10.98120", "2017-11-30": "12.84660", "2017-08-31": "13.59470", "2017-05-31": "8.62900", "2017-02-28": "14.20350", "2016-11-30": "14.72920", "2016-08-31": "14.98680", "2016-05-31": "15.03700", "2016-02-29": "14.56510", "2015-11-30": "15.11710", "2015-08-31": "14.11420", "2015-05-31": "14.36460", "2015-02-28": "14.20020", "2014-11-30": "14.74770", "2014-08-31": "15.30720", "2014-05-31": "16.87810", "2014-02-28": "11.99210", "2013-11-30": "12.08350", "2013-08-31": "11.19360", "2013-05-31": "13.05250", "2013-02-28": "10.86320", "2012-11-30": "11.58800", "2012-08-31": "11.67790", "2012-05-31": "11.70190", "2012-02-29": "11.92460", "2011-11-30": "11.31950", "2011-08-31": "10.97200", "2011-05-31": "11.55100", "2011-02-28": "10.30430", "2010-11-30": "9.67120", "2010-08-31": "9.58430", "2010-05-31": "9.86290", "2010-02-28": "8.45400", "2009-11-30": "10.64140", "2009-08-31": "9.78190", "2009-05-31": "1.12400", "2009-02-28": "11.82440", "2008-11-30": "12.02350", "2008-08-31": "12.55480", "2008-05-31": "13.99980", "2008-02-29": "12.90220", "2007-11-30": "13.64480", "2007-08-31": "13.34060", "2007-05-31": "14.94350", "2007-02-28": "13.52490", "2006-11-30": "14.25210", "2006-08-31": "14.81650", "2006-05-31": "16.10420", "2006-02-28": "14.73370", "2005-11-30": "14.74840", "2005-08-31": "15.21650", "2005-05-31": "15.28490", "2005-02-28": "14.98750"}, "Net Profit Margin": {"2020-11-30": "16.09760", "2020-08-31": "17.05240", "2020-05-31": "9.18160", "2020-02-29": "12.95230", "2019-11-30": "13.23490", "2019-08-31": "13.73700", "2019-05-31": "12.60610", "2019-02-28": "12.08650", "2018-11-30": "14.14290", "2018-08-31": "12.51580", "2018-05-31": "11.15100", "2018-02-28": "19.01000", "2017-11-30": "8.53500", "2017-08-31": "13.47880", "2017-05-31": "5.50450", "2017-02-28": "9.40000", "2016-11-30": "11.04390", "2016-08-31": "10.90210", "2016-05-31": "11.26760", "2016-02-29": "9.64910", "2015-11-30": "28.30820", "2015-08-31": "8.35610", "2015-05-31": "10.16200", "2015-02-28": "8.55690", "2014-11-30": "10.71870", "2014-08-31": "9.99100", "2014-05-31": "14.81600", "2014-02-28": "7.61510", "2013-11-30": "7.55050", "2013-08-31": "7.06700", "2013-05-31": "8.20520", "2013-02-28": "6.89690", "2012-11-30": "7.35840", "2012-08-31": "7.26400", "2012-05-31": "7.37100", "2012-02-29": "7.45760", "2011-11-30": "7.29550", "2011-08-31": "6.71150", "2011-05-31": "6.99310", "2011-02-28": "6.29860", "2010-11-30": "5.96500", "2010-08-31": "6.63240", "2010-05-31": "6.10020", "2010-02-28": "5.68360", "2009-11-30": "6.46420", "2009-08-31": "6.05490", "2009-05-31": "0.46340", "2009-02-28": "7.90310", "2008-11-30": "7.29180", "2008-08-31": "7.84650", "2008-05-31": "8.88650", "2008-02-29": "8.38440", "2007-11-30": "8.42120", "2007-08-31": "8.36450", "2007-05-31": "9.36880", "2007-02-28": "8.47440", "2006-11-30": "8.93860", "2006-08-31": "9.29400", "2006-05-31": "10.08090", "2006-02-28": "9.15740", "2005-11-30": "9.19360", "2005-08-31": "9.52330", "2005-05-31": "9.26650", "2005-02-28": "9.44490"}, "Asset Turnover": {"2020-11-30": "0.20780", "2020-08-31": "0.21710", "2020-05-31": "0.21120", "2020-02-29": "0.22910", "2019-11-30": "0.23380", "2019-08-31": "0.23640", "2019-05-31": "0.24120", "2019-02-28": "0.22630", "2018-11-30": "0.23200", "2018-08-31": "0.23300", "2018-05-31": "0.23990", "2018-02-28": "0.22940", "2017-11-30": "0.23020", "2017-08-31": "0.23520", "2017-05-31": "0.22360", "2017-02-28": "0.29390", "2016-11-30": "0.30160", "2016-08-31": "0.30400", "2016-05-31": "0.28340", "2016-02-29": "0.28740", "2015-11-30": "0.27390", "2015-08-31": "0.29080", "2015-05-31": "0.24700", "2015-02-28": "0.25990", "2014-11-30": "0.23910", "2014-08-31": "0.24190", "2014-05-31": "0.19240", "2014-02-28": "0.25250", "2013-11-30": "0.25750", "2013-08-31": "0.25520", "2013-05-31": "0.24360", "2013-02-28": "0.25480", "2012-11-30": "0.25140", "2012-08-31": "0.25320", "2012-05-31": "0.25290", "2012-02-29": "0.23800", "2011-11-30": "0.24180", "2011-08-31": "0.24640", "2011-05-31": "0.23260", "2011-02-28": "0.23610", "2010-11-30": "0.23840", "2010-08-31": "0.23750", "2010-05-31": "0.22910", "2010-02-28": "0.21760", "2009-11-30": "0.22760", "2009-08-31": "0.23590", "2009-05-31": "0.23610", "2009-02-28": "0.24430", "2008-11-30": "0.26150", "2008-08-31": "0.26190", "2008-05-31": "0.26490", "2008-02-29": "0.25940", "2007-11-30": "0.26590", "2007-08-31": "0.26770", "2007-05-31": "0.27000", "2007-02-28": "0.25810", "2006-11-30": "0.26880", "2006-08-31": "0.27010", "2006-05-31": "0.26510", "2006-02-28": "0.24880", "2005-11-30": "0.26780", "2005-08-31": "0.27060", "2005-05-31": "0.26450", "2005-02-28": "0.24720"}, "Inventory Turnover Ratio": {"2020-11-30": "1.75460", "2020-08-31": "1.88540", "2020-05-31": "2.22980", "2020-02-29": "2.79450", "2019-11-30": "2.84620", "2019-08-31": "2.86060", "2019-05-31": "2.89960", "2019-02-28": "2.72860", "2018-11-30": "2.93010", "2018-08-31": "3.03930", "2018-05-31": "3.27170", "2018-02-28": "3.23370", "2017-11-30": "3.26240", "2017-08-31": "3.07970", "2017-05-31": "3.06080", "2017-02-28": "2.55510", "2016-11-30": "2.68080", "2016-08-31": "2.63290", "2016-05-31": "2.55260", "2016-02-29": "2.70950", "2015-11-30": "2.75050", "2015-08-31": "2.81090", "2015-05-31": "2.55130", "2015-02-28": "2.70000", "2014-11-30": "2.72180", "2014-08-31": "2.49840", "2014-05-31": "1.99710", "2014-02-28": "2.50390", "2013-11-30": "2.63280", "2013-08-31": "2.62420", "2013-05-31": "2.59990", "2013-02-28": "2.56620", "2012-11-30": "2.66030", "2012-08-31": "2.50500", "2012-05-31": "2.42720", "2012-02-29": "2.12650", "2011-11-30": "2.04660", "2011-08-31": "2.06320", "2011-05-31": "2.31930", "2011-02-28": "2.35010", "2010-11-30": "2.61980", "2010-08-31": "2.87600", "2010-05-31": "3.09100", "2010-02-28": "2.99260", "2009-11-30": "3.09340", "2009-08-31": "2.74500", "2009-05-31": "2.69000", "2009-02-28": "2.10790", "2008-11-30": "2.26390", "2008-08-31": "2.38380", "2008-05-31": "2.41560", "2008-02-29": "2.34010", "2007-11-30": "2.35740", "2007-08-31": "2.33690", "2007-05-31": "2.37380", "2007-02-28": "2.28800", "2006-11-30": "2.44600", "2006-08-31": "2.48920", "2006-05-31": "2.58610", "2006-02-28": "2.32520", "2005-11-30": "2.26990", "2005-08-31": "2.10780", "2005-05-31": "2.12900", "2005-02-28": "2.00490"}, "Receiveable Turnover": {"2020-11-30": "1.81690", "2020-08-31": "2.01590", "2020-05-31": "1.86080", "2020-02-29": "1.87370", "2019-11-30": "1.89300", "2019-08-31": "1.97390", "2019-05-31": "1.95480", "2019-02-28": "1.82750", "2018-11-30": "1.82670", "2018-08-31": "2.00930", "2018-05-31": "2.02560", "2018-02-28": "1.98430", "2017-11-30": "2.00990", "2017-08-31": "2.20280", "2017-05-31": "1.96110", "2017-02-28": "2.02670", "2016-11-30": "2.08830", "2016-08-31": "2.16010", "2016-05-31": "2.11920", "2016-02-29": "2.20810", "2015-11-30": "2.21980", "2015-08-31": "2.25730", "2015-05-31": "2.08300", "2015-02-28": "2.19740", "2014-11-30": "2.20200", "2014-08-31": "2.25280", "2014-05-31": "1.68890", "2014-02-28": "2.09750", "2013-11-30": "2.15920", "2013-08-31": "2.15040", "2013-05-31": "2.09560", "2013-02-28": "2.10730", "2012-11-30": "2.12040", "2012-08-31": "2.28900", "2012-05-31": "2.22720", "2012-02-29": "2.12170", "2011-11-30": "2.21590", "2011-08-31": "2.31660", "2011-05-31": "2.18750", "2011-02-28": "2.18440", "2010-11-30": "2.25060", "2010-08-31": "2.40640", "2010-05-31": "2.40650", "2010-02-28": "2.31330", "2009-11-30": "2.29110", "2009-08-31": "2.48250", "2009-05-31": "2.29310", "2009-02-28": "2.36060", "2008-11-30": "2.27090", "2008-08-31": "2.32160", "2008-05-31": "2.34600", "2008-02-29": "2.35860", "2007-11-30": "2.33880", "2007-08-31": "2.36700", "2007-05-31": "2.35790", "2007-02-28": "2.30290", "2006-11-30": "2.27940", "2006-08-31": "2.33560", "2006-05-31": "2.32860", "2006-02-28": "2.33620", "2005-11-30": "2.32360", "2005-08-31": "2.43680", "2005-05-31": "2.47550", "2005-02-28": "2.51060"}, "Days Sales In Receivables": {"2020-11-30": "49.53540", "2020-08-31": "44.64580", "2020-05-31": "48.36630", "2020-02-29": "48.03280", "2019-11-30": "47.54440", "2019-08-31": "45.59460", "2019-05-31": "46.04010", "2019-02-28": "49.24900", "2018-11-30": "49.27000", "2018-08-31": "44.79240", "2018-05-31": "44.43090", "2018-02-28": "45.35690", "2017-11-30": "44.77780", "2017-08-31": "40.85750", "2017-05-31": "45.89300", "2017-02-28": "44.40780", "2016-11-30": "43.09830", "2016-08-31": "41.66380", "2016-05-31": "42.46980", "2016-02-29": "40.75980", "2015-11-30": "40.54460", "2015-08-31": "39.87140", "2015-05-31": "43.20750", "2015-02-28": "40.95700", "2014-11-30": "40.87110", "2014-08-31": "39.95090", "2014-05-31": "53.28840", "2014-02-28": "42.90840", "2013-11-30": "41.68150", "2013-08-31": "41.85230", "2013-05-31": "42.94780", "2013-02-28": "42.70900", "2012-11-30": "42.44430", "2012-08-31": "39.31910", "2012-05-31": "40.40920", "2012-02-29": "42.41950", "2011-11-30": "40.61640", "2011-08-31": "38.85070", "2011-05-31": "41.14330", "2011-02-28": "41.20050", "2010-11-30": "39.98870", "2010-08-31": "37.40090", "2010-05-31": "37.39840", "2010-02-28": "38.90490", "2009-11-30": "39.28180", "2009-08-31": "36.25380", "2009-05-31": "39.24860", "2009-02-28": "38.12520", "2008-11-30": "39.63200", "2008-08-31": "38.76680", "2008-05-31": "38.36350", "2008-02-29": "38.15790", "2007-11-30": "38.48090", "2007-08-31": "38.02360", "2007-05-31": "38.16950", "2007-02-28": "39.08110", "2006-11-30": "39.48350", "2006-08-31": "38.53480", "2006-05-31": "38.65010", "2006-02-28": "38.52480", "2005-11-30": "38.73320", "2005-08-31": "36.93340", "2005-05-31": "36.35560", "2005-02-28": "35.84780"}, "ROE - Return On Equity": {"2020-11-30": "7.91720", "2020-08-31": "8.32240", "2020-05-31": "4.46910", "2020-02-29": "7.05470", "2019-11-30": "7.93700", "2019-08-31": "8.22140", "2019-05-31": "7.53220", "2019-02-28": "6.31930", "2018-11-30": "8.02690", "2018-08-31": "6.35230", "2018-05-31": "6.27540", "2018-02-28": "10.22080", "2017-11-30": "5.39500", "2017-08-31": "6.27890", "2017-05-31": "3.56840", "2017-02-28": "5.36920", "2016-11-30": "6.02010", "2016-08-31": "6.85360", "2016-05-31": "5.95200", "2016-02-29": "6.01400", "2015-11-30": "5.99900", "2015-08-31": "5.74460", "2015-05-31": "4.79270", "2015-02-28": "4.89980", "2014-11-30": "4.70650", "2014-08-31": "4.66140", "2014-05-31": "4.17680", "2014-02-28": "3.75780", "2013-11-30": "3.93190", "2013-08-31": "3.52450", "2013-05-31": "3.95740", "2013-02-28": "3.50690", "2012-11-30": "3.75010", "2012-08-31": "3.56170", "2012-05-31": "3.67500", "2012-02-29": "3.46140", "2011-11-30": "3.53610", "2011-08-31": "3.24610", "2011-05-31": "3.07370", "2011-02-28": "2.38870", "2010-11-30": "2.33250", "2010-08-31": "2.48090", "2010-05-31": "2.18930", "2010-02-28": "1.97890", "2009-11-30": "2.29060", "2009-08-31": "2.22610", "2009-05-31": "0.17200", "2009-02-28": "3.09530", "2008-11-30": "3.09010", "2008-08-31": "3.43260", "2008-05-31": "3.97760", "2008-02-29": "3.77880", "2007-11-30": "3.85790", "2007-08-31": "3.61250", "2007-05-31": "4.16660", "2007-02-28": "3.73160", "2006-11-30": "3.93660", "2006-08-31": "4.14230", "2006-05-31": "4.37890", "2006-02-28": "3.50620", "2005-11-30": "3.55320", "2005-08-31": "3.74720", "2005-05-31": "3.56390", "2005-02-28": "3.42790"}, "Return On Tangible Equity": {"2020-11-30": "102.73150", "2020-08-31": "108.26020", "2020-05-31": "-167.44560", "2020-02-29": "-1613.03400", "2019-11-30": "-113.16950", "2019-08-31": "-88.97700", "2019-05-31": "-67.65210", "2019-02-28": "-113.71280", "2018-11-30": "-71.57310", "2018-08-31": "-531.64650", "2018-05-31": "-50.32780", "2018-02-28": "-61.19600", "2017-11-30": "-16.70880", "2017-08-31": "-19.49860", "2017-05-31": "-7.70480", "2017-02-28": "14.77630", "2016-11-30": "19.09060", "2016-08-31": "22.54220", "2016-05-31": "22.45650", "2016-02-29": "20.24520", "2015-11-30": "19.88000", "2015-08-31": "21.20310", "2015-05-31": "13.33740", "2015-02-28": "12.41020", "2014-11-30": "10.66460", "2014-08-31": "10.20460", "2014-05-31": "10.53060", "2014-02-28": "13.43860", "2013-11-30": "16.03750", "2013-08-31": "13.53380", "2013-05-31": "14.72190", "2013-02-28": "14.45850", "2012-11-30": "16.68130", "2012-08-31": "12.93950", "2012-05-31": "13.62610", "2012-02-29": "12.09790", "2011-11-30": "13.96710", "2011-08-31": "12.90430", "2011-05-31": "9.93410", "2011-02-28": "6.75580", "2010-11-30": "6.53400", "2010-08-31": "6.34000", "2010-05-31": "5.16720", "2010-02-28": "4.83200", "2009-11-30": "5.43910", "2009-08-31": "5.54030", "2009-05-31": "0.44660", "2009-02-28": "8.31800", "2008-11-30": "8.29200", "2008-08-31": "9.54140", "2008-05-31": "11.41010", "2008-02-29": "11.75930", "2007-11-30": "11.68710", "2007-08-31": "10.04550", "2007-05-31": "12.03490", "2007-02-28": "11.67590", "2006-11-30": "10.93740", "2006-08-31": "11.76480", "2006-05-31": "11.82440", "2006-02-28": "8.69760", "2005-11-30": "7.24690", "2005-08-31": "7.50420", "2005-05-31": "7.02140", "2005-02-28": "6.70270"}, "ROA - Return On Assets": {"2020-11-30": "3.36920", "2020-08-31": "3.72980", "2020-05-31": "1.88510", "2020-02-29": "2.96790", "2019-11-30": "3.12450", "2019-08-31": "3.27350", "2019-05-31": "3.04130", "2019-02-28": "2.70290", "2018-11-30": "3.28140", "2018-08-31": "2.91670", "2018-05-31": "2.72050", "2018-02-28": "4.26910", "2017-11-30": "1.97360", "2017-08-31": "2.35140", "2017-05-31": "1.20070", "2017-02-28": "2.73820", "2016-11-30": "2.89350", "2016-08-31": "3.26860", "2016-05-31": "2.67580", "2016-02-29": "2.77180", "2015-11-30": "2.59400", "2015-08-31": "2.57580", "2015-05-31": "2.20910", "2015-02-28": "2.35170", "2014-11-30": "2.20750", "2014-08-31": "2.32440", "2014-05-31": "2.05250", "2014-02-28": "1.91630", "2013-11-30": "1.93470", "2013-08-31": "1.79530", "2013-05-31": "2.00480", "2013-02-28": "1.76970", "2012-11-30": "1.84990", "2012-08-31": "1.84800", "2012-05-31": "1.88720", "2012-02-29": "1.78770", "2011-11-30": "1.76380", "2011-08-31": "1.66280", "2011-05-31": "1.62630", "2011-02-28": "1.48710", "2010-11-30": "1.42210", "2010-08-31": "1.57490", "2010-05-31": "1.39750", "2010-02-28": "1.23690", "2009-11-30": "1.47120", "2009-08-31": "1.42850", "2009-05-31": "0.10940", "2009-02-28": "1.93070", "2008-11-30": "1.90710", "2008-08-31": "2.05500", "2008-05-31": "2.35420", "2008-02-29": "2.17500", "2007-11-30": "2.23950", "2007-08-31": "2.23880", "2007-05-31": "2.52970", "2007-02-28": "2.18750", "2006-11-30": "2.40250", "2006-08-31": "2.51050", "2006-05-31": "2.67210", "2006-02-28": "2.27800", "2005-11-30": "2.46200", "2005-08-31": "2.57740", "2005-05-31": "2.45080", "2005-02-28": "2.33450"}, "ROI - Return On Investment": {"2020-11-30": "4.83720", "2020-08-31": "5.08890", "2020-05-31": "2.50370", "2020-02-29": "3.99970", "2019-11-30": "4.36680", "2019-08-31": "4.48780", "2019-05-31": "4.08230", "2019-02-28": "3.51480", "2018-11-30": "4.36750", "2018-08-31": "3.61360", "2018-05-31": "3.40960", "2018-02-28": "5.44860", "2017-11-30": "2.70750", "2017-08-31": "3.15930", "2017-05-31": "1.61970", "2017-02-28": "4.00060", "2016-11-30": "3.97160", "2016-08-31": "4.49230", "2016-05-31": "3.79880", "2016-02-29": "3.90920", "2015-11-30": "3.88140", "2015-08-31": "3.66370", "2015-05-31": "2.86520", "2015-02-28": "2.99700", "2014-11-30": "2.96010", "2014-08-31": "2.96490", "2014-05-31": "2.62190", "2014-02-28": "2.37900", "2013-11-30": "2.44900", "2013-08-31": "2.21340", "2013-05-31": "2.48740", "2013-02-28": "2.17240", "2012-11-30": "2.30200", "2012-08-31": "2.21550", "2012-05-31": "2.45800", "2012-02-29": "2.33530", "2011-11-30": "2.35130", "2011-08-31": "2.16240", "2011-05-31": "1.97290", "2011-02-28": "1.80130", "2010-11-30": "1.75660", "2010-08-31": "1.88220", "2010-05-31": "1.67130", "2010-02-28": "1.50220", "2009-11-30": "1.74220", "2009-08-31": "1.68130", "2009-05-31": "0.12910", "2009-02-28": "2.31190", "2008-11-30": "2.24880", "2008-08-31": "2.42670", "2008-05-31": "2.80470", "2008-02-29": "2.61470", "2007-11-30": "2.67690", "2007-08-31": "2.59780", "2007-05-31": "2.96640", "2007-02-28": "2.83070", "2006-11-30": "3.10460", "2006-08-31": "3.17210", "2006-05-31": "3.17290", "2006-02-28": "2.71730", "2005-11-30": "2.92780", "2005-08-31": "3.01230", "2005-05-31": "2.91850", "2005-02-28": "2.80490"}, "Book Value Per Share": {"2020-11-30": "34.27090", "2020-08-31": "34.47990", "2020-05-31": "31.28370", "2020-02-29": "31.95620", "2019-11-30": "29.94100", "2019-08-31": "29.51390", "2019-05-31": "29.07250", "2019-02-28": "30.30050", "2018-11-30": "28.79690", "2018-08-31": "31.27950", "2018-05-31": "28.37050", "2018-02-28": "27.12760", "2017-11-30": "23.97890", "2017-08-31": "24.16540", "2017-05-31": "21.84790", "2017-02-28": "20.70770", "2016-11-30": "19.29060", "2016-08-31": "18.94460", "2016-05-31": "17.48240", "2016-02-29": "18.21440", "2015-11-30": "17.80270", "2015-08-31": "16.80270", "2015-05-31": "17.29990", "2015-02-28": "17.90780", "2014-11-30": "18.78650", "2014-08-31": "19.41990", "2014-05-31": "18.73630", "2014-02-28": "18.69200", "2013-11-30": "17.92710", "2013-08-31": "18.18210", "2013-05-31": "18.00340", "2013-02-28": "17.35800", "2012-11-30": "16.88440", "2012-08-31": "17.21910", "2012-05-31": "16.90750", "2012-02-29": "16.93070", "2011-11-30": "16.20740", "2011-08-31": "16.30010", "2011-05-31": "16.73630", "2011-02-28": "17.01930", "2010-11-30": "16.48380", "2010-08-31": "16.68800", "2010-05-31": "16.57640", "2010-02-28": "16.19150", "2009-11-30": "16.32830", "2009-08-31": "15.86390", "2009-05-31": "15.49450", "2009-02-28": "15.18420", "2008-11-30": "15.21550", "2008-08-31": "14.99370", "2008-05-31": "14.66660", "2008-02-29": "14.09040", "2007-11-30": "13.97500", "2007-08-31": "14.12540", "2007-05-31": "13.66130", "2007-02-28": "12.96110", "2006-11-30": "13.10690", "2006-08-31": "12.77530", "2006-05-31": "12.80900", "2006-02-28": "12.99410", "2005-11-30": "12.87280", "2005-08-31": "12.43990", "2005-05-31": "12.32950", "2005-02-28": "12.09340"}, "Operating Cash Flow Per Share": {"2020-11-30": 2.3911, "2020-08-31": "2.91510", "2020-05-31": 3.3822, "2020-02-29": 3.3633, "2019-11-30": 2.7372, "2019-08-31": "2.58590", "2019-05-31": 3.5516, "2019-02-28": 3.065, "2018-11-30": 1.663, "2018-08-31": "1.47300", "2018-05-31": 2.782, "2018-02-28": 2.5471, "2017-11-30": 1.1076, "2017-08-31": "2.34360", "2017-05-31": 2.6036, "2017-02-28": 1.6808, "2016-11-30": 1.3317, "2016-08-31": "1.47120", "2016-05-31": 1.5219, "2016-02-29": 0.3077, "2015-11-30": 1.1321, "2015-08-31": "1.27490", "2015-05-31": 1.7327, "2015-02-28": 0.7383, "2014-11-30": 1.2101, "2014-08-31": "1.25560", "2014-05-31": 1.8009, "2014-02-28": 1.3445, "2013-11-30": 1.1645, "2013-08-31": "0.67180", "2013-05-31": 1.4623, "2013-02-28": 1.1525, "2012-11-30": 1.0736, "2012-08-31": "0.75020", "2012-05-31": 1.2454, "2012-02-29": 1.0118, "2011-11-30": 0.9255, "2011-08-31": "0.43070", "2011-05-31": 0.8943, "2011-02-28": 0.6805, "2010-11-30": 0.5187, "2010-08-31": "0.23200", "2010-05-31": 0.8929, "2010-02-28": 0.8832, "2009-11-30": 0.9763, "2009-08-31": "0.94810", "2009-05-31": 1.2025, "2009-02-28": 1.0742, "2008-11-30": 0.5704, "2008-08-31": "0.57590", "2008-05-31": 1.0953, "2008-02-29": 0.6748, "2007-11-30": 1.3574, "2007-08-31": "0.35880", "2007-05-31": 0.7827, "2007-02-28": 0.6023, "2006-11-30": 1.068, "2006-08-31": "0.34650", "2006-05-31": 0.8912, "2006-02-28": 0.623, "2005-11-30": 0.9447, "2005-08-31": "0.27640", "2005-05-31": 0.7292, "2005-02-28": 1.6681}, "Free Cash Flow Per Share": {"2020-11-30": 2.1453, "2020-08-31": "2.62690", "2020-05-31": 2.9911, "2020-02-29": 2.9022, "2019-11-30": 2.1664, "2019-08-31": "1.98120", "2019-05-31": 2.9456, "2019-02-28": 2.3963, "2018-11-30": 0.9937, "2018-08-31": "0.88980", "2018-05-31": 2.087, "2018-02-28": 1.974, "2017-11-30": 0.4774, "2017-08-31": "1.76760", "2017-05-31": 2.0941, "2017-02-28": 1.096, "2016-11-30": 0.6238, "2016-08-31": "0.73760", "2016-05-31": 0.9131, "2016-02-29": -0.4817, "2015-11-30": 0.5838, "2015-08-31": "0.71690", "2015-05-31": 1.2638, "2015-02-28": 0.3075, "2014-11-30": 0.8341, "2014-08-31": "0.67910", "2014-05-31": 1.5408, "2014-02-28": 1.0421, "2013-11-30": 0.8349, "2013-08-31": "0.36700", "2013-05-31": 1.111, "2013-02-28": 0.721, "2012-11-30": 0.6538, "2012-08-31": "0.37500", "2012-05-31": 0.9147, "2012-02-29": 0.7212, "2011-11-30": 0.6485, "2011-08-31": "0.09240", "2011-05-31": 0.628, "2011-02-28": 0.3069, "2010-11-30": 0.2298, "2010-08-31": "-0.08480", "2010-05-31": 0.6826, "2010-02-28": 0.6814, "2009-11-30": 0.8241, "2009-08-31": "0.78570", "2009-05-31": 1.0237, "2009-02-28": 0.8343, "2008-11-30": 0.2975, "2008-08-31": "0.22080", "2008-05-31": 0.814, "2008-02-29": 0.3279, "2007-11-30": 1.0481, "2007-08-31": "0.07370", "2007-05-31": 0.4593, "2007-02-28": 0.3028, "2006-11-30": 0.7884, "2006-08-31": "0.12010", "2006-05-31": 0.5673, "2006-02-28": 0.4338, "2005-11-30": 0.7416, "2005-08-31": "0.06330", "2005-05-31": 0.4984, "2005-02-28": 1.0838}}, "revenue": {"Cintas Annual Revenue (Millions of US $)": {"2020": "$7,085", "2019": "$6,892", "2018": "$6,477", "2017": "$5,323", "2016": "$4,796", "2015": "$4,370", "2014": "$4,194", "2013": "$4,246", "2012": "$4,102", "2011": "$3,810", "2010": "$3,547", "2009": "$3,775", "2008": "$3,938", "2007": "$3,707", "2006": "$3,404", "2005": "$3,067"}, "Cintas Quarterly Revenue (Millions of US $)": {"2020-11-30": "$1,757", "2020-08-31": "$1,747", "2020-05-31": "$1,620", "2020-02-29": "$1,811", "2019-11-30": "$1,844", "2019-08-31": "$1,811", "2019-05-31": "$1,794", "2019-02-28": "$1,682", "2018-11-30": "$1,718", "2018-08-31": "$1,698", "2018-05-31": "$1,670", "2018-02-28": "$1,589", "2017-11-30": "$1,606", "2017-08-31": "$1,612", "2017-05-31": "$1,530", "2017-02-28": "$1,255", "2016-11-30": "$1,271", "2016-08-31": "$1,267", "2016-05-31": "$1,162", "2016-02-29": "$1,216", "2015-11-30": "$1,219", "2015-08-31": "$1,199", "2015-05-31": "$1,035", "2015-02-28": "$1,109", "2014-11-30": "$1,123", "2014-08-31": "$1,102", "2014-05-31": "$859", "2014-02-28": "$1,111", "2013-11-30": "$1,124", "2013-08-31": "$1,100", "2013-05-31": "$1,059", "2013-02-28": "$1,076", "2012-11-30": "$1,060", "2012-08-31": "$1,051", "2012-05-31": "$1,054", "2012-02-29": "$1,012", "2011-11-30": "$1,019", "2011-08-31": "$1,017", "2011-05-31": "$1,012", "2011-02-28": "$938", "2010-11-30": "$937", "2010-08-31": "$924", "2010-05-31": "$909", "2010-02-28": "$862", "2009-11-30": "$885", "2009-08-31": "$892", "2009-05-31": "$879", "2009-02-28": "$909", "2008-11-30": "$985", "2008-08-31": "$1,002", "2008-05-31": "$1,009", "2008-02-29": "$976", "2007-11-30": "$984", "2007-08-31": "$969", "2007-05-31": "$964", "2007-02-28": "$905", "2006-11-30": "$923", "2006-08-31": "$914", "2006-05-31": "$908", "2006-02-28": "$836", "2005-11-30": "$836", "2005-08-31": "$823", "2005-05-31": "$809", "2005-02-28": "$755"}}, "gross-profit": {"Cintas Annual Gross Profit (Millions of US $)": {"2020": "$3,234", "2019": "$3,129", "2018": "$2,909", "2017": "$2,380", "2016": "$2,101", "2015": "$1,893", "2014": "$1,750", "2013": "$1,753", "2012": "$1,739", "2011": "$1,609", "2010": "$1,498", "2009": "$1,551", "2008": "$1,682", "2007": "$1,581", "2006": "$1,455", "2005": "$1,305"}, "Cintas Quarterly Gross Profit (Millions of US $)": {"2020-11-30": "$820", "2020-08-31": "$826", "2020-05-31": "$708", "2020-02-29": "$824", "2019-11-30": "$852", "2019-08-31": "$849", "2019-05-31": "$824", "2019-02-28": "$755", "2018-11-30": "$775", "2018-08-31": "$775", "2018-05-31": "$752", "2018-02-28": "$700", "2017-11-30": "$716", "2017-08-31": "$739", "2017-05-31": "$679", "2017-02-28": "$560", "2016-11-30": "$565", "2016-08-31": "$576", "2016-05-31": "$525", "2016-02-29": "$525", "2015-11-30": "$527", "2015-08-31": "$524", "2015-05-31": "$458", "2015-02-28": "$475", "2014-11-30": "$481", "2014-08-31": "$478", "2014-05-31": "$357", "2014-02-28": "$470", "2013-11-30": "$467", "2013-08-31": "$456", "2013-05-31": "$433", "2013-02-28": "$442", "2012-11-30": "$432", "2012-08-31": "$446", "2012-05-31": "$444", "2012-02-29": "$426", "2011-11-30": "$430", "2011-08-31": "$439", "2011-05-31": "$433", "2011-02-28": "$392", "2010-11-30": "$391", "2010-08-31": "$394", "2010-05-31": "$386", "2010-02-28": "$360", "2009-11-30": "$370", "2009-08-31": "$383", "2009-05-31": "$334", "2009-02-28": "$376", "2008-11-30": "$415", "2008-08-31": "$425", "2008-05-31": "$432", "2008-02-29": "$411", "2007-11-30": "$421", "2007-08-31": "$417", "2007-05-31": "$414", "2007-02-28": "$386", "2006-11-30": "$391", "2006-08-31": "$390", "2006-05-31": "$396", "2006-02-28": "$353", "2005-11-30": "$350", "2005-08-31": "$355", "2005-05-31": "$349", "2005-02-28": "$321"}}, "operating-income": {"Cintas Annual Operating Income (Millions of US $)": {"2020": "$1,163", "2019": "$1,134", "2018": "$950", "2017": "$774", "2016": "$769", "2015": "$684", "2014": "$603", "2013": "$566", "2012": "$540", "2011": "$440", "2010": "$391", "2009": "$409", "2008": "$577", "2007": "$577", "2006": "$543", "2005": "$487"}, "Cintas Quarterly Operating Income (Millions of US $)": {"2020-11-30": "$353", "2020-08-31": "$350", "2020-05-31": "$207", "2020-02-29": "$315", "2019-11-30": "$334", "2019-08-31": "$306", "2019-05-31": "$314", "2019-02-28": "$278", "2018-11-30": "$276", "2018-08-31": "$265", "2018-05-31": "$266", "2018-02-28": "$200", "2017-11-30": "$235", "2017-08-31": "$249", "2017-05-31": "$177", "2017-02-28": "$192", "2016-11-30": "$200", "2016-08-31": "$204", "2016-05-31": "$190", "2016-02-29": "$193", "2015-11-30": "$200", "2015-08-31": "$186", "2015-05-31": "$165", "2015-02-28": "$174", "2014-11-30": "$182", "2014-08-31": "$163", "2014-05-31": "$161", "2014-02-28": "$150", "2013-11-30": "$152", "2013-08-31": "$140", "2013-05-31": "$155", "2013-02-28": "$133", "2012-11-30": "$139", "2012-08-31": "$139", "2012-05-31": "$141", "2012-02-29": "$138", "2011-11-30": "$133", "2011-08-31": "$129", "2011-05-31": "$129", "2011-02-28": "$109", "2010-11-30": "$102", "2010-08-31": "$100", "2010-05-31": "$102", "2010-02-28": "$84", "2009-11-30": "$106", "2009-08-31": "$99", "2009-05-31": "$22", "2009-02-28": "$119", "2008-11-30": "$130", "2008-08-31": "$138", "2008-05-31": "$153", "2008-02-29": "$138", "2007-11-30": "$145", "2007-08-31": "$141", "2007-05-31": "$156", "2007-02-28": "$133", "2006-11-30": "$142", "2006-08-31": "$146", "2006-05-31": "$154", "2006-02-28": "$129", "2005-11-30": "$129", "2005-08-31": "$131", "2005-05-31": "$127", "2005-02-28": "$118"}}, "ebitda": {"Cintas Annual EBITDA (Millions of US $)": {"2020": "$1,542", "2019": "$1,494", "2018": "$1,229", "2017": "$970", "2016": "$934", "2015": "$839", "2014": "$794", "2013": "$755", "2012": "$734", "2011": "$634", "2010": "$584", "2009": "$609", "2008": "$769", "2007": "$753", "2006": "$704", "2005": "$635"}, "Cintas Quarterly EBITDA (Millions of US $)": {"2020-11-30": "$449", "2020-08-31": "$446", "2020-05-31": "$304", "2020-02-29": "$411", "2019-11-30": "$429", "2019-08-31": "$398", "2019-05-31": "$408", "2019-02-28": "$370", "2018-11-30": "$364", "2018-08-31": "$352", "2018-05-31": "$340", "2018-02-28": "$266", "2017-11-30": "$306", "2017-08-31": "$318", "2017-05-31": "$242", "2017-02-28": "$237", "2016-11-30": "$244", "2016-08-31": "$247", "2016-05-31": "$233", "2016-02-29": "$235", "2015-11-30": "$241", "2015-08-31": "$225", "2015-05-31": "$204", "2015-02-28": "$212", "2014-11-30": "$220", "2014-08-31": "$203", "2014-05-31": "$207", "2014-02-28": "$198", "2013-11-30": "$201", "2013-08-31": "$188", "2013-05-31": "$203", "2013-02-28": "$181", "2012-11-30": "$186", "2012-08-31": "$186", "2012-05-31": "$190", "2012-02-29": "$186", "2011-11-30": "$181", "2011-08-31": "$177", "2011-05-31": "$178", "2011-02-28": "$157", "2010-11-30": "$150", "2010-08-31": "$148", "2010-05-31": "$150", "2010-02-28": "$132", "2009-11-30": "$154", "2009-08-31": "$148", "2009-05-31": "$72", "2009-02-28": "$170", "2008-11-30": "$180", "2008-08-31": "$188", "2008-05-31": "$203", "2008-02-29": "$187", "2007-11-30": "$193", "2007-08-31": "$187", "2007-05-31": "$202", "2007-02-28": "$177", "2006-11-30": "$185", "2006-08-31": "$189", "2006-05-31": "$197", "2006-02-28": "$169", "2005-11-30": "$169", "2005-08-31": "$169", "2005-05-31": "$165", "2005-02-28": "$155"}}, "net-income": {"Cintas Annual Net Income (Millions of US $)": {"2020": "$876", "2019": "$885", "2018": "$843", "2017": "$481", "2016": "$694", "2015": "$431", "2014": "$374", "2013": "$315", "2012": "$296", "2011": "$247", "2010": "$216", "2009": "$226", "2008": "$335", "2007": "$335", "2006": "$323", "2005": "$293"}, "Cintas Quarterly Net Income (Millions of US $)": {"2020-11-30": "$283", "2020-08-31": "$298", "2020-05-31": "$149", "2020-02-29": "$235", "2019-11-30": "$244", "2019-08-31": "$249", "2019-05-31": "$226", "2019-02-28": "$203", "2018-11-30": "$243", "2018-08-31": "$213", "2018-05-31": "$186", "2018-02-28": "$302", "2017-11-30": "$137", "2017-08-31": "$217", "2017-05-31": "$84", "2017-02-28": "$118", "2016-11-30": "$140", "2016-08-31": "$138", "2016-05-31": "$131", "2016-02-29": "$117", "2015-11-30": "$345", "2015-08-31": "$100", "2015-05-31": "$105", "2015-02-28": "$95", "2014-11-30": "$120", "2014-08-31": "$110", "2014-05-31": "$127", "2014-02-28": "$85", "2013-11-30": "$85", "2013-08-31": "$78", "2013-05-31": "$87", "2013-02-28": "$74", "2012-11-30": "$78", "2012-08-31": "$76", "2012-05-31": "$78", "2012-02-29": "$75", "2011-11-30": "$74", "2011-08-31": "$68", "2011-05-31": "$71", "2011-02-28": "$59", "2010-11-30": "$56", "2010-08-31": "$61", "2010-05-31": "$55", "2010-02-28": "$49", "2009-11-30": "$57", "2009-08-31": "$54", "2009-05-31": "$4", "2009-02-28": "$72", "2008-11-30": "$72", "2008-08-31": "$79", "2008-05-31": "$90", "2008-02-29": "$82", "2007-11-30": "$83", "2007-08-31": "$81", "2007-05-31": "$90", "2007-02-28": "$77", "2006-11-30": "$83", "2006-08-31": "$85", "2006-05-31": "$92", "2006-02-28": "$77", "2005-11-30": "$77", "2005-08-31": "$78", "2005-05-31": "$75", "2005-02-28": "$71"}}, "eps-earnings-per-share-diluted": {"Cintas Annual EPS": {"2020": "$8.11", "2019": "$7.99", "2018": "$7.56", "2017": "$4.38", "2016": "$6.21", "2015": "$3.63", "2014": "$3.05", "2013": "$2.52", "2012": "$2.27", "2011": "$1.68", "2010": "$1.40", "2009": "$1.48", "2008": "$2.15", "2007": "$2.09", "2006": "$1.92", "2005": "$1.69"}, "Cintas Quarterly EPS": {"2020-11-30": "$2.62", "2020-08-31": "$2.78", "2020-05-31": "$1.36", "2020-02-29": "$2.16", "2019-11-30": "$2.27", "2019-08-31": "$2.32", "2019-05-31": "$2.07", "2019-02-28": "$1.85", "2018-11-30": "$2.18", "2018-08-31": "$1.89", "2018-05-31": "$1.66", "2018-02-28": "$2.71", "2017-11-30": "$1.23", "2017-08-31": "$1.96", "2017-05-31": "$0.76", "2017-02-28": "$1.07", "2016-11-30": "$1.29", "2016-08-31": "$1.26", "2016-05-31": "$1.22", "2016-02-29": "$1.05", "2015-11-30": "$3.06", "2015-08-31": "$0.88", "2015-05-31": "$0.90", "2015-02-28": "$0.80", "2014-11-30": "$1.00", "2014-08-31": "$0.93", "2014-05-31": "$1.03", "2014-02-28": "$0.69", "2013-11-30": "$0.70", "2013-08-31": "$0.63", "2013-05-31": "$0.69", "2013-02-28": "$0.60", "2012-11-30": "$0.63", "2012-08-31": "$0.60", "2012-05-31": "$0.60", "2012-02-29": "$0.58", "2011-11-30": "$0.57", "2011-08-31": "$0.52", "2011-05-31": "$0.49", "2011-02-28": "$0.41", "2010-11-30": "$0.38", "2010-08-31": "$0.40", "2010-05-31": "$0.36", "2010-02-28": "$0.32", "2009-11-30": "$0.37", "2009-08-31": "$0.35", "2009-05-31": "$0.03", "2009-02-28": "$0.47", "2008-11-30": "$0.47", "2008-08-31": "$0.51", "2008-05-31": "$0.58", "2008-02-29": "$0.53", "2007-11-30": "$0.53", "2007-08-31": "$0.51", "2007-05-31": "$0.57", "2007-02-28": "$0.48", "2006-11-30": "$0.51", "2006-08-31": "$0.53", "2006-05-31": "$0.55", "2006-02-28": "$0.45", "2005-11-30": "$0.46", "2005-08-31": "$0.46", "2005-05-31": "$0.43", "2005-02-28": "$0.41"}}, "shares-outstanding": {"Cintas Annual Shares Outstanding (Millions of Shares)": {"2020": "107", "2019": "109", "2018": "110", "2017": "108", "2016": "110", "2015": "118", "2014": "122", "2013": "125", "2012": "130", "2011": "147", "2010": "153", "2009": "153", "2008": "156", "2007": "160", "2006": "169", "2005": "173"}, "Cintas Quarterly Shares Outstanding (Millions of Shares)": {"2020-11-30": "108", "2020-08-31": "107", "2020-05-31": "107", "2020-02-29": "108", "2019-11-30": "107", "2019-08-31": "107", "2019-05-31": "109", "2019-02-28": "108", "2018-11-30": "110", "2018-08-31": "111", "2018-05-31": "110", "2018-02-28": "110", "2017-11-30": "110", "2017-08-31": "109", "2017-05-31": "108", "2017-02-28": "108", "2016-11-30": "108", "2016-08-31": "107", "2016-05-31": "110", "2016-02-29": "109", "2015-11-30": "110", "2015-08-31": "112", "2015-05-31": "118", "2015-02-28": "118", "2014-11-30": "119", "2014-08-31": "118", "2014-05-31": "122", "2014-02-28": "121", "2013-11-30": "121", "2013-08-31": "123", "2013-05-31": "125", "2013-02-28": "124", "2012-11-30": "125", "2012-08-31": "126", "2012-05-31": "130", "2012-02-29": "130", "2011-11-30": "130", "2011-08-31": "131", "2011-05-31": "147", "2011-02-28": "145", "2010-11-30": "146", "2010-08-31": "152", "2010-05-31": "153", "2010-02-28": "153", "2009-11-30": "153", "2009-08-31": "153", "2009-05-31": "153", "2009-02-28": "153", "2008-11-30": "153", "2008-08-31": "153", "2008-05-31": "156", "2008-02-29": "154", "2007-11-30": "157", "2007-08-31": "159", "2007-05-31": "160", "2007-02-28": "160", "2006-11-30": "161", "2006-08-31": "161", "2006-05-31": "169", "2006-02-28": "169", "2005-11-30": "169", "2005-08-31": "170", "2005-05-31": "173", "2005-02-28": "173"}}, "total-assets": {"Cintas Annual Total Assets (Millions of US $)": {"2020": "$7,670", "2019": "$7,437", "2018": "$6,958", "2017": "$6,844", "2016": "$4,099", "2015": "$4,192", "2014": "$4,462", "2013": "$4,346", "2012": "$4,166", "2011": "$4,352", "2010": "$3,970", "2009": "$3,721", "2008": "$3,809", "2007": "$3,570", "2006": "$3,425", "2005": "$3,060"}, "Cintas Quarterly Total Assets (Millions of US $)": {"2020-11-30": "$8,455", "2020-08-31": "$8,043", "2020-05-31": "$7,670", "2020-02-29": "$7,902", "2019-11-30": "$7,887", "2019-08-31": "$7,662", "2019-05-31": "$7,437", "2019-02-28": "$7,434", "2018-11-30": "$7,405", "2018-08-31": "$7,287", "2018-05-31": "$6,958", "2018-02-28": "$6,929", "2017-11-30": "$6,979", "2017-08-31": "$6,852", "2017-05-31": "$6,844", "2017-02-28": "$4,271", "2016-11-30": "$4,215", "2016-08-31": "$4,167", "2016-05-31": "$4,099", "2016-02-29": "$4,231", "2015-11-30": "$4,451", "2015-08-31": "$4,123", "2015-05-31": "$4,192", "2015-02-28": "$4,266", "2014-11-30": "$4,698", "2014-08-31": "$4,556", "2014-05-31": "$4,462", "2014-02-28": "$4,400", "2013-11-30": "$4,365", "2013-08-31": "$4,311", "2013-05-31": "$4,346", "2013-02-28": "$4,221", "2012-11-30": "$4,218", "2012-08-31": "$4,152", "2012-05-31": "$4,166", "2012-02-29": "$4,253", "2011-11-30": "$4,215", "2011-08-31": "$4,128", "2011-05-31": "$4,352", "2011-02-28": "$3,972", "2010-11-30": "$3,928", "2010-08-31": "$3,891", "2010-05-31": "$3,970", "2010-02-28": "$3,960", "2009-11-30": "$3,886", "2009-08-31": "$3,779", "2009-05-31": "$3,721", "2009-02-28": "$3,719", "2008-11-30": "$3,767", "2008-08-31": "$3,827", "2008-05-31": "$3,809", "2008-02-29": "$3,762", "2007-11-30": "$3,700", "2007-08-31": "$3,621", "2007-05-31": "$3,570", "2007-02-28": "$3,507", "2006-11-30": "$3,435", "2006-08-31": "$3,384", "2006-05-31": "$3,425", "2006-02-28": "$3,362", "2005-11-30": "$3,121", "2005-08-31": "$3,043", "2005-05-31": "$3,060", "2005-02-28": "$3,056"}}, "cash-on-hand": {"Cintas Annual Cash on Hand (Millions of US $)": {"2020": "$145", "2019": "$97", "2018": "$139", "2017": "$191", "2016": "$210", "2015": "$433", "2014": "$513", "2013": "$358", "2012": "$340", "2011": "$525", "2010": "$566", "2009": "$250", "2008": "$192", "2007": "$155", "2006": "$241", "2005": "$309"}, "Cintas Quarterly Cash on Hand (Millions of US $)": {"2020-11-30": "$703", "2020-08-31": "$422", "2020-05-31": "$145", "2020-02-29": "$234", "2019-11-30": "$227", "2019-08-31": "$102", "2019-05-31": "$97", "2019-02-28": "$81", "2018-11-30": "$88", "2018-08-31": "$118", "2018-05-31": "$139", "2018-02-28": "$186", "2017-11-30": "$259", "2017-08-31": "$213", "2017-05-31": "$191", "2017-02-28": "$147", "2016-11-30": "$144", "2016-08-31": "$164", "2016-05-31": "$210", "2016-02-29": "$387", "2015-11-30": "$673", "2015-08-31": "$200", "2015-05-31": "$433", "2015-02-28": "$403", "2014-11-30": "$827", "2014-08-31": "$581", "2014-05-31": "$513", "2014-02-28": "$354", "2013-11-30": "$313", "2013-08-31": "$283", "2013-05-31": "$358", "2013-02-28": "$246", "2012-11-30": "$276", "2012-08-31": "$330", "2012-05-31": "$340", "2012-02-29": "$353", "2011-11-30": "$338", "2011-08-31": "$277", "2011-05-31": "$525", "2011-02-28": "$217", "2010-11-30": "$285", "2010-08-31": "$369", "2010-05-31": "$566", "2010-02-28": "$552", "2009-11-30": "$480", "2009-08-31": "$358", "2009-05-31": "$250", "2009-02-28": "$152", "2008-11-30": "$127", "2008-08-31": "$181", "2008-05-31": "$192", "2008-02-29": "$164", "2007-11-30": "$154", "2007-08-31": "$138", "2007-05-31": "$155", "2007-02-28": "$157", "2006-11-30": "$172", "2006-08-31": "$175", "2006-05-31": "$241", "2006-02-28": "$251", "2005-11-30": "$256", "2005-08-31": "$258", "2005-05-31": "$309", "2005-02-28": "$368"}}, "long-term-debt": {"Cintas Annual Long Term Debt (Millions of US $)": {"2020": "$2,540", "2019": "$2,538", "2018": "$2,535", "2017": "$2,771", "2016": "$1,044", "2015": "$1,300", "2014": "$1,300", "2013": "$1,301", "2012": "$1,059", "2011": "$1,285", "2010": "$785", "2009": "$786", "2008": "$943", "2007": "$877", "2006": "$794", "2005": "$465"}, "Cintas Quarterly Long Term Debt (Millions of US $)": {"2020-11-30": "$2,291", "2020-08-31": "$2,290", "2020-05-31": "$2,540", "2020-02-29": "$2,539", "2019-11-30": "$2,539", "2019-08-31": "$2,538", "2019-05-31": "$2,538", "2019-02-28": "$2,537", "2018-11-30": "$2,536", "2018-08-31": "$2,536", "2018-05-31": "$2,535", "2018-02-28": "$2,535", "2017-11-30": "$2,534", "2017-08-31": "$2,534", "2017-05-31": "$2,771", "2017-02-28": "$745", "2016-11-30": "$1,045", "2016-08-31": "$1,045", "2016-05-31": "$1,044", "2016-02-29": "$1,050", "2015-11-30": "$1,050", "2015-08-31": "$1,050", "2015-05-31": "$1,300", "2015-02-28": "$1,300", "2014-11-30": "$1,300", "2014-08-31": "$1,300", "2014-05-31": "$1,300", "2014-02-28": "$1,301", "2013-11-30": "$1,301", "2013-08-31": "$1,301", "2013-05-31": "$1,301", "2013-02-28": "$1,309", "2012-11-30": "$1,309", "2012-08-31": "$1,309", "2012-05-31": "$1,059", "2012-02-29": "$1,059", "2011-11-30": "$1,059", "2011-08-31": "$1,060", "2011-05-31": "$1,285", "2011-02-28": "$806", "2010-11-30": "$785", "2010-08-31": "$786", "2010-05-31": "$785", "2010-02-28": "$786", "2009-11-30": "$786", "2009-08-31": "$786", "2009-05-31": "$786", "2009-02-28": "$786", "2008-11-30": "$870", "2008-08-31": "$950", "2008-05-31": "$943", "2008-02-29": "$964", "2007-11-30": "$947", "2007-08-31": "$877", "2007-05-31": "$877", "2007-02-28": "$654", "2006-11-30": "$562", "2006-08-31": "$627", "2006-05-31": "$794", "2006-02-28": "$634", "2005-11-30": "$462", "2005-08-31": "$511", "2005-05-31": "$465", "2005-02-28": "$462"}}, "total-liabilities": {"Cintas Annual Total Liabilities (Millions of US $)": {"2020": "$4,435", "2019": "$4,434", "2018": "$3,942", "2017": "$4,541", "2016": "$2,256", "2015": "$2,260", "2014": "$2,270", "2013": "$2,144", "2012": "$2,027", "2011": "$2,049", "2010": "$1,436", "2009": "$1,354", "2008": "$1,554", "2007": "$1,403", "2006": "$1,335", "2005": "$956"}, "Cintas Quarterly Total Liabilities (Millions of US $)": {"2020-11-30": "$4,857", "2020-08-31": "$4,439", "2020-05-31": "$4,435", "2020-02-29": "$4,578", "2019-11-30": "$4,782", "2019-08-31": "$4,611", "2019-05-31": "$4,434", "2019-02-28": "$4,254", "2018-11-30": "$4,378", "2018-08-31": "$3,941", "2018-05-31": "$3,942", "2018-02-28": "$4,035", "2017-11-30": "$4,426", "2017-08-31": "$4,286", "2017-05-31": "$4,541", "2017-02-28": "$2,093", "2016-11-30": "$2,189", "2016-08-31": "$2,180", "2016-05-31": "$2,256", "2016-02-29": "$2,281", "2015-11-30": "$2,526", "2015-08-31": "$2,274", "2015-05-31": "$2,260", "2015-02-28": "$2,219", "2014-11-30": "$2,494", "2014-08-31": "$2,284", "2014-05-31": "$2,270", "2014-02-28": "$2,156", "2013-11-30": "$2,217", "2013-08-31": "$2,115", "2013-05-31": "$2,144", "2013-02-28": "$2,091", "2012-11-30": "$2,137", "2012-08-31": "$1,998", "2012-05-31": "$2,027", "2012-02-29": "$2,057", "2011-11-30": "$2,113", "2011-08-31": "$2,013", "2011-05-31": "$2,049", "2011-02-28": "$1,499", "2010-11-30": "$1,533", "2010-08-31": "$1,421", "2010-05-31": "$1,436", "2010-02-28": "$1,485", "2009-11-30": "$1,390", "2009-08-31": "$1,354", "2009-05-31": "$1,354", "2009-02-28": "$1,399", "2008-11-30": "$1,442", "2008-08-31": "$1,536", "2008-05-31": "$1,554", "2008-02-29": "$1,597", "2007-11-30": "$1,552", "2007-08-31": "$1,377", "2007-05-31": "$1,403", "2007-02-28": "$1,451", "2006-11-30": "$1,339", "2006-08-31": "$1,333", "2006-05-31": "$1,335", "2006-02-28": "$1,178", "2005-11-30": "$958", "2005-08-31": "$950", "2005-05-31": "$956", "2005-02-28": "$975"}}, "total-share-holder-equity": {"Cintas Annual Share Holder Equity (Millions of US $)": {"2020": "$3,235", "2019": "$3,003", "2018": "$3,017", "2017": "$2,303", "2016": "$1,843", "2015": "$1,932", "2014": "$2,193", "2013": "$2,201", "2012": "$2,139", "2011": "$2,303", "2010": "$2,534", "2009": "$2,367", "2008": "$2,254", "2007": "$2,168", "2006": "$2,090", "2005": "$2,104"}, "Cintas Quarterly Share Holder Equity (Millions of US $)": {"2020-11-30": "$3,598", "2020-08-31": "$3,605", "2020-05-31": "$3,235", "2020-02-29": "$3,324", "2019-11-30": "$3,105", "2019-08-31": "$3,051", "2019-05-31": "$3,003", "2019-02-28": "$3,179", "2018-11-30": "$3,027", "2018-08-31": "$3,346", "2018-05-31": "$3,017", "2018-02-28": "$2,894", "2017-11-30": "$2,553", "2017-08-31": "$2,566", "2017-05-31": "$2,303", "2017-02-28": "$2,178", "2016-11-30": "$2,026", "2016-08-31": "$1,987", "2016-05-31": "$1,843", "2016-02-29": "$1,950", "2015-11-30": "$1,925", "2015-08-31": "$1,849", "2015-05-31": "$1,932", "2015-02-28": "$2,048", "2014-11-30": "$2,203", "2014-08-31": "$2,272", "2014-05-31": "$2,193", "2014-02-28": "$2,244", "2013-11-30": "$2,148", "2013-08-31": "$2,196", "2013-05-31": "$2,201", "2013-02-28": "$2,130", "2012-11-30": "$2,081", "2012-08-31": "$2,154", "2012-05-31": "$2,139", "2012-02-29": "$2,197", "2011-11-30": "$2,103", "2011-08-31": "$2,114", "2011-05-31": "$2,303", "2011-02-28": "$2,473", "2010-11-30": "$2,395", "2010-08-31": "$2,470", "2010-05-31": "$2,534", "2010-02-28": "$2,475", "2009-11-30": "$2,496", "2009-08-31": "$2,425", "2009-05-31": "$2,367", "2009-02-28": "$2,320", "2008-11-30": "$2,325", "2008-08-31": "$2,291", "2008-05-31": "$2,254", "2008-02-29": "$2,165", "2007-11-30": "$2,148", "2007-08-31": "$2,244", "2007-05-31": "$2,168", "2007-02-28": "$2,056", "2006-11-30": "$2,096", "2006-08-31": "$2,051", "2006-05-31": "$2,090", "2006-02-28": "$2,185", "2005-11-30": "$2,163", "2005-08-31": "$2,093", "2005-05-31": "$2,104", "2005-02-28": "$2,081"}}, "profit-margins": {"current": "13.9%"}, "gross margin": {"2020-11-30": "45.83%", "2020-08-31": "45.71%", "2020-05-31": "45.63%", "2020-02-29": "46.13%", "2019-11-30": "46.00%", "2019-08-31": "45.72%", "2019-05-31": "45.40%", "2019-02-28": "45.17%", "2018-11-30": "44.97%", "2018-08-31": "44.84%", "2018-05-31": "44.88%", "2018-02-28": "44.72%", "2017-11-30": "44.88%", "2017-08-31": "44.87%", "2017-05-31": "44.71%", "2017-02-28": "44.92%", "2016-11-30": "44.57%", "2016-08-31": "44.26%", "2016-05-31": "43.81%", "2016-02-29": "43.56%", "2015-11-30": "43.49%", "2015-08-31": "43.39%", "2015-05-31": "43.31%", "2015-02-28": "42.71%", "2014-11-30": "42.57%", "2014-08-31": "42.23%", "2014-05-31": "41.73%", "2014-02-28": "41.56%", "2013-11-30": "41.25%", "2013-08-31": "41.05%", "2013-05-31": "41.29%", "2013-02-28": "41.59%", "2012-11-30": "41.85%", "2012-08-31": "42.21%", "2012-05-31": "42.39%", "2012-02-29": "42.56%", "2011-11-30": "42.50%", "2011-08-31": "42.39%", "2011-05-31": "42.25%", "2011-02-28": "42.15%", "2010-11-30": "42.15%", "2010-08-31": "42.18%", "2010-05-31": "42.25%", "2010-02-28": "41.13%", "2009-11-30": "41.04%", "2009-08-31": "41.15%", "2009-05-31": "41.06%", "2009-02-28": "42.20%", "2008-11-30": "42.37%", "2008-08-31": "42.53%", "2008-05-31": "42.69%", "2008-02-29": "42.72%", "2007-11-30": "42.86%", "2007-08-31": "42.75%", "2007-05-31": "42.66%", "2007-02-28": "42.82%", "2006-11-30": "42.73%", "2006-08-31": "42.62%", "2006-05-31": "42.73%", "2006-02-28": "42.58%", "2005-11-30": "42.66%"}, "operating margin": {"2020-11-30": "17.66%", "2020-08-31": "17.17%", "2020-05-31": "16.40%", "2020-02-29": "17.48%", "2019-11-30": "17.28%", "2019-08-31": "16.76%", "2019-05-31": "16.44%", "2019-02-28": "16.03%", "2018-11-30": "15.09%", "2018-08-31": "14.72%", "2018-05-31": "14.67%", "2018-02-28": "13.59%", "2017-11-30": "14.21%", "2017-08-31": "14.43%", "2017-05-31": "14.52%", "2017-02-28": "15.86%", "2016-11-30": "16.01%", "2016-08-31": "16.18%", "2016-05-31": "16.03%", "2016-02-29": "15.93%", "2015-11-30": "15.89%", "2015-08-31": "15.83%", "2015-05-31": "15.66%", "2015-02-28": "16.22%", "2014-11-30": "15.64%", "2014-08-31": "14.92%", "2014-05-31": "14.38%", "2014-02-28": "13.59%", "2013-11-30": "13.31%", "2013-08-31": "13.20%", "2013-05-31": "13.33%", "2013-02-28": "13.02%", "2012-11-30": "13.33%", "2012-08-31": "13.32%", "2012-05-31": "13.19%", "2012-02-29": "13.03%", "2011-11-30": "12.54%", "2011-08-31": "12.01%", "2011-05-31": "11.55%", "2011-02-28": "11.14%", "2010-11-30": "10.68%", "2010-08-31": "10.95%", "2010-05-31": "11.02%", "2010-02-28": "8.84%", "2009-11-30": "9.71%", "2009-08-31": "10.10%", "2009-05-31": "10.83%", "2009-02-28": "13.83%", "2008-11-30": "14.07%", "2008-08-31": "14.45%", "2008-05-31": "14.65%", "2008-02-29": "14.90%", "2007-11-30": "15.04%", "2007-08-31": "15.21%", "2007-05-31": "15.57%", "2007-02-28": "15.75%", "2006-11-30": "15.95%", "2006-08-31": "15.97%", "2006-05-31": "15.96%", "2006-02-28": "15.62%", "2005-11-30": "15.67%"}, "ebitda margin": {"2020-11-30": "23.22%", "2020-08-31": "22.64%", "2020-05-31": "21.76%", "2020-02-29": "22.67%", "2019-11-30": "22.51%", "2019-08-31": "21.98%", "2019-05-31": "21.68%", "2019-02-28": "21.07%", "2018-11-30": "19.81%", "2018-08-31": "19.26%", "2018-05-31": "18.99%", "2018-02-28": "17.86%", "2017-11-30": "18.37%", "2017-08-31": "18.37%", "2017-05-31": "18.22%", "2017-02-28": "19.39%", "2016-11-30": "19.51%", "2016-08-31": "19.65%", "2016-05-31": "19.47%", "2016-02-29": "19.38%", "2015-11-30": "19.33%", "2015-08-31": "19.28%", "2015-05-31": "19.20%", "2015-02-28": "20.08%", "2014-11-30": "19.74%", "2014-08-31": "19.28%", "2014-05-31": "18.93%", "2014-02-28": "17.98%", "2013-11-30": "17.73%", "2013-08-31": "17.65%", "2013-05-31": "17.80%", "2013-02-28": "17.52%", "2012-11-30": "17.91%", "2012-08-31": "17.96%", "2012-05-31": "17.89%", "2012-02-29": "17.78%", "2011-11-30": "17.39%", "2011-08-31": "16.96%", "2011-05-31": "16.61%", "2011-02-28": "16.32%", "2010-11-30": "15.97%", "2010-08-31": "16.31%", "2010-05-31": "16.46%", "2010-02-28": "14.38%", "2009-11-30": "15.26%", "2009-08-31": "15.55%", "2009-05-31": "16.16%", "2009-02-28": "18.98%", "2008-11-30": "19.08%", "2008-08-31": "19.42%", "2008-05-31": "19.55%", "2008-02-29": "19.75%", "2007-11-30": "19.86%", "2007-08-31": "19.97%", "2007-05-31": "20.32%", "2007-02-28": "20.49%", "2006-11-30": "20.66%", "2006-08-31": "20.72%", "2006-05-31": "20.69%", "2006-02-28": "20.34%", "2005-11-30": "20.42%"}, "pre tax profit margin": {"2020-11-30": "16.22%", "2020-08-31": "15.74%", "2020-05-31": "14.94%", "2020-02-29": "16.06%", "2019-11-30": "15.83%", "2019-08-31": "16.29%", "2019-05-31": "16.00%", "2019-02-28": "15.59%", "2018-11-30": "14.65%", "2018-08-31": "13.15%", "2018-05-31": "12.98%", "2018-02-28": "11.55%", "2017-11-30": "12.24%", "2017-08-31": "12.63%", "2017-05-31": "12.91%", "2017-02-28": "14.73%", "2016-11-30": "14.83%", "2016-08-31": "14.93%", "2016-05-31": "14.70%", "2016-02-29": "14.54%", "2015-11-30": "14.45%", "2015-08-31": "14.35%", "2015-05-31": "14.67%", "2015-02-28": "15.19%", "2014-11-30": "14.61%", "2014-08-31": "13.89%", "2014-05-31": "12.80%", "2014-02-28": "12.06%", "2013-11-30": "11.79%", "2013-08-31": "11.66%", "2013-05-31": "11.80%", "2013-02-28": "11.46%", "2012-11-30": "11.73%", "2012-08-31": "11.65%", "2012-05-31": "11.48%", "2012-02-29": "11.45%", "2011-11-30": "11.06%", "2011-08-31": "10.68%", "2011-05-31": "10.34%", "2011-02-28": "9.90%", "2010-11-30": "9.44%", "2010-08-31": "9.66%", "2010-05-31": "9.70%", "2010-02-28": "7.50%", "2009-11-30": "8.36%", "2009-08-31": "8.79%", "2009-05-31": "9.56%", "2009-02-28": "12.60%", "2008-11-30": "12.87%", "2008-08-31": "13.27%", "2008-05-31": "13.46%", "2008-02-29": "13.69%", "2007-11-30": "13.84%", "2007-08-31": "14.01%", "2007-05-31": "14.38%", "2007-02-28": "14.66%", "2006-11-30": "14.97%", "2006-08-31": "15.08%", "2006-05-31": "15.19%", "2006-02-28": "14.98%", "2005-11-30": "15.05%"}, "net profit margin": {"2020-11-30": "13.91%", "2020-08-31": "13.19%", "2020-05-31": "12.38%", "2020-02-29": "13.14%", "2019-11-30": "12.93%", "2019-08-31": "13.15%", "2019-05-31": "12.84%", "2019-02-28": "12.49%", "2018-11-30": "14.14%", "2018-08-31": "12.77%", "2018-05-31": "13.00%", "2018-02-28": "11.68%", "2017-11-30": "9.26%", "2017-08-31": "9.86%", "2017-05-31": "9.02%", "2017-02-28": "10.64%", "2016-11-30": "10.70%", "2016-08-31": "15.03%", "2016-05-31": "14.45%", "2016-02-29": "14.29%", "2015-11-30": "14.14%", "2015-08-31": "9.40%", "2015-05-31": "9.84%", "2015-02-28": "10.78%", "2014-11-30": "10.54%", "2014-08-31": "9.70%", "2014-05-31": "8.94%", "2014-02-28": "7.62%", "2013-11-30": "7.43%", "2013-08-31": "7.38%", "2013-05-31": "7.42%", "2013-02-28": "7.22%", "2012-11-30": "7.35%", "2012-08-31": "7.33%", "2012-05-31": "7.19%", "2012-02-29": "7.09%", "2011-11-30": "6.82%", "2011-08-31": "6.51%", "2011-05-31": "6.48%", "2011-02-28": "6.23%", "2010-11-30": "6.08%", "2010-08-31": "6.20%", "2010-05-31": "6.06%", "2010-02-28": "4.66%", "2009-11-30": "5.25%", "2009-08-31": "5.51%", "2009-05-31": "6.01%", "2009-02-28": "8.02%", "2008-11-30": "8.13%", "2008-08-31": "8.41%", "2008-05-31": "8.53%", "2008-02-29": "8.63%", "2007-11-30": "8.66%", "2007-08-31": "8.80%", "2007-05-31": "9.04%", "2007-02-28": "9.23%", "2006-11-30": "9.41%", "2006-08-31": "9.47%", "2006-05-31": "9.52%", "2006-02-28": "9.29%", "2005-11-30": "9.34%"}, "pe ratio": {"current": "38.72", "2021-02-05": "38.72", "2020-11-30": "39.88", "2020-08-31": "38.85", "2020-05-31": "30.55", "2020-02-29": "30.21", "2019-11-30": "30.18", "2019-08-31": "31.00", "2019-05-31": "27.47", "2019-02-28": "26.94", "2018-11-30": "21.94", "2018-08-31": "27.84", "2018-05-31": "23.56", "2018-02-28": "25.04", "2017-11-30": "30.65", "2017-08-31": "25.69", "2017-05-31": "27.78", "2017-02-28": "23.66", "2016-11-30": "23.08", "2016-08-31": "17.07", "2016-05-31": "14.61", "2016-02-29": "13.61", "2015-11-30": "15.49", "2015-08-31": "22.39", "2015-05-31": "22.37", "2015-02-28": "20.94", "2014-11-30": "18.90", "2014-08-31": "18.18", "2014-05-31": "18.76", "2014-02-28": "20.62", "2013-11-30": "19.51", "2013-08-31": "17.01", "2013-05-31": "16.45", "2013-02-28": "16.40", "2012-11-30": "15.61", "2012-08-31": "15.38", "2012-05-31": "14.53", "2012-02-29": "15.96", "2011-11-30": "13.66", "2011-08-31": "15.60", "2011-05-31": "17.17", "2011-02-28": "15.93", "2010-11-30": "16.09", "2010-08-31": "15.17", "2010-05-31": "16.03", "2010-02-28": "19.99", "2009-11-30": "19.49", "2009-08-31": "17.59", "2009-05-31": "13.32", "2009-02-28": "8.46", "2008-11-30": "9.53", "2008-08-31": "11.87", "2008-05-31": "11.38", "2008-02-29": "11.15", "2007-11-30": "12.51", "2007-08-31": "14.47", "2007-05-31": "15.00", "2007-02-28": "15.94", "2006-11-30": "16.66"}, "price sales": {"2021-02-05": "5.35", "2020-11-30": "5.51", "2020-08-31": "5.08", "2020-05-31": "3.75", "2020-02-29": "3.96", "2019-11-30": "3.89", "2019-08-31": "4.04", "2019-05-31": "3.48", "2019-02-28": "3.31", "2018-11-30": "3.06", "2018-08-31": "3.50", "2018-05-31": "3.01", "2018-02-28": "2.87", "2017-11-30": "2.78", "2017-08-31": "2.49", "2017-05-31": "2.46", "2017-02-28": "2.49", "2016-11-30": "2.44", "2016-08-31": "2.52", "2016-05-31": "2.08", "2016-02-29": "1.92", "2015-11-30": "2.19", "2015-08-31": "2.09", "2015-05-31": "2.19", "2015-02-28": "2.23", "2014-11-30": "1.97", "2014-08-31": "1.75", "2014-05-31": "1.66", "2014-02-28": "1.56", "2013-11-30": "1.44", "2013-08-31": "1.25", "2013-05-31": "1.22", "2013-02-28": "1.19", "2012-11-30": "1.15", "2012-08-31": "1.13", "2012-05-31": "1.05", "2012-02-29": "1.14", "2011-11-30": "0.94", "2011-08-31": "1.02", "2011-05-31": "1.12", "2011-02-28": "0.99", "2010-11-30": "0.97", "2010-08-31": "0.94", "2010-05-31": "0.97", "2010-02-28": "0.93", "2009-11-30": "1.02", "2009-08-31": "0.97", "2009-05-31": "0.80", "2009-02-28": "0.68", "2008-11-30": "0.77", "2008-08-31": "1.00", "2008-05-31": "0.97", "2008-02-29": "0.96", "2007-11-30": "1.09", "2007-08-31": "1.27", "2007-05-31": "1.36", "2007-02-28": "1.47", "2006-11-30": "1.57"}, "price book": {"current": "10.03", "2021-02-05": "10.07", "2020-11-30": "10.37", "2020-08-31": "9.64", "2020-05-31": "7.91", "2020-02-29": "8.33", "2019-11-30": "8.57", "2019-08-31": "8.83", "2019-05-31": "7.54", "2019-02-28": "6.74", "2018-11-30": "6.43", "2018-08-31": "6.67", "2018-05-31": "6.28", "2018-02-28": "6.15", "2017-11-30": "6.42", "2017-08-31": "5.40", "2017-05-31": "5.57", "2017-02-28": "5.51", "2016-11-30": "5.74", "2016-08-31": "5.92", "2016-05-31": "5.17", "2016-02-29": "4.40", "2015-11-30": "4.91", "2015-08-31": "4.77", "2015-05-31": "4.69", "2015-02-28": "4.40", "2014-11-30": "3.67", "2014-08-31": "3.14", "2014-05-31": "3.05", "2014-02-28": "2.99", "2013-11-30": "2.85", "2013-08-31": "2.39", "2013-05-31": "2.30", "2013-02-28": "2.30", "2012-11-30": "2.23", "2012-08-31": "2.10", "2012-05-31": "1.95", "2012-02-29": "2.04", "2011-11-30": "1.68", "2011-08-31": "1.72", "2011-05-31": "1.72", "2011-02-28": "1.45", "2010-11-30": "1.42", "2010-08-31": "1.32", "2010-05-31": "1.35", "2010-02-28": "1.32", "2009-11-30": "1.46", "2009-08-31": "1.46", "2009-05-31": "1.27", "2009-02-28": "1.13", "2008-11-30": "1.31", "2008-08-31": "1.70", "2008-05-31": "1.67", "2008-02-29": "1.69", "2007-11-30": "1.87", "2007-08-31": "2.12", "2007-05-31": "2.29", "2007-02-28": "2.55", "2006-11-30": "2.61", "2006-08-31": "2.35", "2006-05-31": "2.68", "2006-02-28": "2.56"}, "price fcf": {"2021-02-05": "", "2020-11-30": "$10.67", "2020-08-31": "$10.69", "2020-05-31": "$10.04", "2020-02-29": "$10.00", "2019-11-30": "$9.49", "2019-08-31": "$8.32", "2019-05-31": "$7.23", "2019-02-28": "$6.37", "2018-11-30": "$5.94", "2018-08-31": "$5.43", "2018-05-31": "$6.31", "2018-02-28": "$6.31", "2017-11-30": "$5.44", "2017-08-31": "$5.58", "2017-05-31": "$4.55", "2017-02-28": "$3.37", "2016-11-30": "$1.79", "2016-08-31": "$1.75", "2016-05-31": "$1.73", "2016-02-29": "$2.08", "2015-11-30": "$2.87", "2015-08-31": "$3.12", "2015-05-31": "$3.08", "2015-02-28": "$3.36", "2014-11-30": "$4.10", "2014-08-31": "$4.10", "2014-05-31": "$3.78", "2014-02-28": "$3.36", "2013-11-30": "$3.03", "2013-08-31": "$2.85", "2013-05-31": "$2.86", "2013-02-28": "$2.66", "2012-11-30": "$2.66", "2012-08-31": "$2.66", "2012-05-31": "$2.38", "2012-02-29": "$2.09", "2011-11-30": "$1.68", "2011-08-31": "$1.26", "2011-05-31": "$1.08", "2011-02-28": "$1.13", "2010-11-30": "$1.51", "2010-08-31": "$2.10", "2010-05-31": "$2.97", "2010-02-28": "$3.31", "2009-11-30": "$3.47", "2009-08-31": "$2.94", "2009-05-31": "$2.38", "2009-02-28": "$2.17", "2008-11-30": "$1.66", "2008-08-31": "$2.41", "2008-05-31": "$2.26", "2008-02-29": "$1.91", "2007-11-30": "$1.88", "2007-08-31": "$1.62", "2007-05-31": "$1.67", "2007-02-28": "$1.78", "2006-11-30": "$2.71"}, "net worth": {"value": "$36.23B"}, "current ratio": {"current": "2.06", "2020-11-30": "2.06", "2020-08-31": "2.44", "2020-05-31": "2.61", "2020-02-29": "2.34", "2019-11-30": "1.92", "2019-08-31": "2.04", "2019-05-31": "1.98", "2019-02-28": "2.24", "2018-11-30": "1.99", "2018-08-31": "3.10", "2018-05-31": "2.55", "2018-02-28": "2.16", "2017-11-30": "1.77", "2017-08-31": "1.84", "2017-05-31": "1.73", "2017-02-28": "1.73", "2016-11-30": "2.14", "2016-08-31": "2.24", "2016-05-31": "1.95", "2016-02-29": "2.05", "2015-11-30": "1.81", "2015-08-31": "1.81", "2015-05-31": "3.41", "2015-02-28": "2.95", "2014-11-30": "2.52", "2014-08-31": "3.17", "2014-05-31": "2.87", "2014-02-28": "3.01", "2013-11-30": "2.63", "2013-08-31": "3.05", "2013-05-31": "2.92", "2013-02-28": "3.01", "2012-11-30": "2.74", "2012-08-31": "3.97", "2012-05-31": "2.28", "2012-02-29": "2.51", "2011-11-30": "2.21", "2011-08-31": "2.40", "2011-05-31": "3.92", "2011-02-28": "3.38", "2010-11-30": "2.89", "2010-08-31": "3.82", "2010-05-31": "3.96", "2010-02-28": "3.45", "2009-11-30": "4.24", "2009-08-31": "4.26", "2009-05-31": "4.22", "2009-02-28": "3.21", "2008-11-30": "3.84", "2008-08-31": "3.74", "2008-05-31": "3.49", "2008-02-29": "3.16", "2007-11-30": "3.38", "2007-08-31": "4.50", "2007-05-31": "2.87", "2007-02-28": "1.66", "2006-11-30": "1.75", "2006-08-31": "1.93", "2006-05-31": "2.87", "2006-02-28": "2.81", "2005-11-30": "3.17", "2005-08-31": "3.72", "2005-05-31": "3.27", "2005-02-28": "3.09"}, "quick ratio": {"2020-11-30": "1.70", "2020-08-31": "1.99", "2020-05-31": "2.15", "2020-02-29": "2.01", "2019-11-30": "1.65", "2019-08-31": "1.74", "2019-05-31": "1.69", "2019-02-28": "1.90", "2018-11-30": "1.70", "2018-08-31": "2.65", "2018-05-31": "2.19", "2018-02-28": "1.86", "2017-11-30": "1.53", "2017-08-31": "1.57", "2017-05-31": "1.48", "2017-02-28": "1.44", "2016-11-30": "1.79", "2016-08-31": "1.88", "2016-05-31": "1.65", "2016-02-29": "1.75", "2015-11-30": "1.58", "2015-08-31": "1.56", "2015-05-31": "2.97", "2015-02-28": "2.55", "2014-11-30": "2.24", "2014-08-31": "2.77", "2014-05-31": "2.47", "2014-02-28": "2.55", "2013-11-30": "2.23", "2013-08-31": "2.57", "2013-05-31": "2.49", "2013-02-28": "2.52", "2012-11-30": "2.31", "2012-08-31": "3.34", "2012-05-31": "1.91", "2012-02-29": "2.08", "2011-11-30": "1.81", "2011-08-31": "1.94", "2011-05-31": "3.34", "2011-02-28": "2.79", "2010-11-30": "2.45", "2010-08-31": "3.30", "2010-05-31": "3.52", "2010-02-28": "3.07", "2009-11-30": "3.76", "2009-08-31": "3.67", "2009-05-31": "3.55", "2009-02-28": "2.54", "2008-11-30": "3.06", "2008-08-31": "3.04", "2008-05-31": "2.84", "2008-02-29": "2.54", "2007-11-30": "2.72", "2007-08-31": "3.59", "2007-05-31": "2.30", "2007-02-28": "1.33", "2006-11-30": "1.42", "2006-08-31": "1.57", "2006-05-31": "2.39", "2006-02-28": "2.30", "2005-11-30": "2.58", "2005-08-31": "2.99", "2005-05-31": "2.67", "2005-02-28": "2.53"}, "debt equity ratio": {"current": "0.64", "2020-11-30": "1.35", "2020-08-31": "1.23", "2020-05-31": "1.37", "2020-02-29": "1.38", "2019-11-30": "1.54", "2019-08-31": "1.51", "2019-05-31": "1.48", "2019-02-28": "1.34", "2018-11-30": "1.45", "2018-08-31": "1.18", "2018-05-31": "1.31", "2018-02-28": "1.39", "2017-11-30": "1.73", "2017-08-31": "1.67", "2017-05-31": "1.97", "2017-02-28": "0.96", "2016-11-30": "1.08", "2016-08-31": "1.10", "2016-05-31": "1.22", "2016-02-29": "1.17", "2015-11-30": "1.31", "2015-08-31": "1.23", "2015-05-31": "1.17", "2015-02-28": "1.08", "2014-11-30": "1.13", "2014-08-31": "1.01", "2014-05-31": "1.04", "2014-02-28": "0.96", "2013-11-30": "1.03", "2013-08-31": "0.96", "2013-05-31": "0.97", "2013-02-28": "0.98", "2012-11-30": "1.03", "2012-08-31": "0.93", "2012-05-31": "0.95", "2012-02-29": "0.94", "2011-11-30": "1.01", "2011-08-31": "0.95", "2011-05-31": "0.89", "2011-02-28": "0.61", "2010-11-30": "0.64", "2010-08-31": "0.58", "2010-05-31": "0.57", "2010-02-28": "0.60", "2009-11-30": "0.56", "2009-08-31": "0.56", "2009-05-31": "0.57", "2009-02-28": "0.60", "2008-11-30": "0.62", "2008-08-31": "0.67", "2008-05-31": "0.69", "2008-02-29": "0.74", "2007-11-30": "0.72", "2007-08-31": "0.61", "2007-05-31": "0.65", "2007-02-28": "0.71", "2006-11-30": "0.64", "2006-08-31": "0.65", "2006-05-31": "0.64", "2006-02-28": "0.54", "2005-11-30": "0.44", "2005-08-31": "0.45", "2005-05-31": "0.45", "2005-02-28": "0.47"}, "return on equity": {"2020-11-30": "28.05%", "2020-08-31": "27.91%", "2020-05-31": "27.59%", "2020-02-29": "30.57%", "2019-11-30": "29.89%", "2019-08-31": "30.05%", "2019-05-31": "28.20%", "2019-02-28": "26.89%", "2018-11-30": "30.74%", "2018-08-31": "28.38%", "2018-05-31": "30.53%", "2018-02-28": "28.69%", "2017-11-30": "23.17%", "2017-08-31": "24.64%", "2017-05-31": "22.60%", "2017-02-28": "26.24%", "2016-11-30": "26.95%", "2016-08-31": "37.95%", "2016-05-31": "36.63%", "2016-02-29": "34.85%", "2015-11-30": "33.27%", "2015-08-31": "20.92%", "2015-05-31": "20.34%", "2015-02-28": "20.74%", "2014-11-30": "19.84%", "2014-08-31": "18.38%", "2014-05-31": "17.08%", "2014-02-28": "15.25%", "2013-11-30": "14.94%", "2013-08-31": "14.73%", "2013-05-31": "14.71%", "2013-02-28": "14.39%", "2012-11-30": "14.33%", "2012-08-31": "14.10%", "2012-05-31": "13.80%", "2012-02-29": "13.22%", "2011-11-30": "12.10%", "2011-08-31": "10.94%", "2011-05-31": "10.25%", "2011-02-28": "9.36%", "2010-11-30": "8.95%", "2010-08-31": "8.90%", "2010-05-31": "8.66%", "2010-02-28": "6.72%", "2009-11-30": "7.79%", "2009-08-31": "8.56%", "2009-05-31": "9.76%", "2009-02-28": "13.62%", "2008-11-30": "14.30%", "2008-08-31": "15.08%", "2008-05-31": "15.25%", "2008-02-29": "15.40%", "2007-11-30": "15.37%", "2007-08-31": "15.46%", "2007-05-31": "16.01%", "2007-02-28": "16.25%", "2006-11-30": "16.01%", "2006-08-31": "15.60%", "2006-05-31": "15.19%", "2006-02-28": "14.37%", "2005-11-30": "14.26%"}, "return on assets": {"2020-11-30": "12.04%", "2020-08-31": "11.76%", "2020-05-31": "11.27%", "2020-02-29": "12.35%", "2019-11-30": "12.12%", "2019-08-31": "12.31%", "2019-05-31": "11.97%", "2019-02-28": "11.62%", "2018-11-30": "13.21%", "2018-08-31": "11.91%", "2018-05-31": "12.15%", "2018-02-28": "10.72%", "2017-11-30": "8.92%", "2017-08-31": "10.08%", "2017-05-31": "9.85%", "2017-02-28": "12.58%", "2016-11-30": "12.59%", "2016-08-31": "17.25%", "2016-05-31": "16.40%", "2016-02-29": "15.70%", "2015-11-30": "15.15%", "2015-08-31": "9.72%", "2015-05-31": "9.71%", "2015-02-28": "10.05%", "2014-11-30": "9.76%", "2014-08-31": "9.15%", "2014-05-31": "8.55%", "2014-02-28": "7.69%", "2013-11-30": "7.52%", "2013-08-31": "7.42%", "2013-05-31": "7.44%", "2013-02-28": "7.30%", "2012-11-30": "7.31%", "2012-08-31": "7.22%", "2012-05-31": "7.04%", "2012-02-29": "6.80%", "2011-11-30": "6.53%", "2011-08-31": "6.20%", "2011-05-31": "6.12%", "2011-02-28": "5.86%", "2010-11-30": "5.61%", "2010-08-31": "5.65%", "2010-05-31": "5.51%", "2010-02-28": "4.27%", "2009-11-30": "4.95%", "2009-08-31": "5.39%", "2009-05-31": "6.04%", "2009-02-28": "8.28%", "2008-11-30": "8.52%", "2008-08-31": "8.85%", "2008-05-31": "9.02%", "2008-02-29": "9.17%", "2007-11-30": "9.20%", "2007-08-31": "9.37%", "2007-05-31": "9.64%", "2007-02-28": "9.80%", "2006-11-30": "9.91%", "2006-08-31": "9.96%", "2006-05-31": "10.01%", "2006-02-28": "9.76%", "2005-11-30": "9.80%"}, "return on investments": {"2020-11-30": "20.92%", "2020-08-31": "20.81%", "2020-05-31": "20.32%", "2020-02-29": "22.42%", "2019-11-30": "21.91%", "2019-08-31": "20.96%", "2019-05-31": "19.96%", "2019-02-28": "19.11%", "2018-11-30": "17.96%", "2018-08-31": "17.60%", "2018-05-31": "17.95%", "2018-02-28": "16.65%", "2017-11-30": "18.76%", "2017-08-31": "20.24%", "2017-05-31": "21.93%", "2017-02-28": "26.39%", "2016-11-30": "26.26%", "2016-08-31": "26.47%", "2016-05-31": "26.15%", "2016-02-29": "24.58%", "2015-11-30": "23.29%", "2015-08-31": "21.78%", "2015-05-31": "20.04%", "2015-02-28": "19.55%", "2014-11-30": "18.59%", "2014-08-31": "17.81%", "2014-05-31": "17.25%", "2014-02-28": "17.07%", "2013-11-30": "16.71%", "2013-08-31": "16.40%", "2013-05-31": "16.41%", "2013-02-28": "16.37%", "2012-11-30": "16.74%", "2012-08-31": "16.85%", "2012-05-31": "16.92%", "2012-02-29": "16.06%", "2011-11-30": "15.15%", "2011-08-31": "14.19%", "2011-05-31": "13.23%", "2011-02-28": "12.67%", "2010-11-30": "11.92%", "2010-08-31": "11.95%", "2010-05-31": "11.96%", "2010-02-28": "9.64%", "2009-11-30": "10.85%", "2009-08-31": "11.69%", "2009-05-31": "12.89%", "2009-02-28": "16.96%", "2008-11-30": "17.52%", "2008-08-31": "18.13%", "2008-05-31": "18.40%", "2008-02-29": "18.72%", "2007-11-30": "19.21%", "2007-08-31": "19.84%", "2007-05-31": "20.81%", "2007-02-28": "21.04%", "2006-11-30": "20.69%", "2006-08-31": "20.28%", "2006-05-31": "19.87%", "2006-02-28": "19.44%", "2005-11-30": "19.54%"}, "return on tangible equity": {"2020-11-30": "852.10%", "2020-08-31": "-8819.05%", "2020-05-31": "-583.69%", "2020-02-29": "-449.47%", "2019-11-30": "-364.79%", "2019-08-31": "-325.15%", "2019-05-31": "-397.31%", "2019-02-28": "-362.27%", "2018-11-30": "-304.76%", "2018-08-31": "-194.54%", "2018-05-31": "-134.24%", "2018-02-28": "-92.50%", "2017-11-30": "-115.53%", "2017-08-31": "-483.98%", "2017-05-31": "198.35%", "2017-02-28": "83.55%", "2016-11-30": "91.08%", "2016-08-31": "129.84%", "2016-05-31": "128.99%", "2016-02-29": "113.29%", "2015-11-30": "99.85%", "2015-08-31": "56.47%", "2015-05-31": "48.97%", "2015-02-28": "49.02%", "2014-11-30": "50.41%", "2014-08-31": "53.17%", "2014-05-31": "57.78%", "2014-02-28": "57.81%", "2013-11-30": "58.70%", "2013-08-31": "59.00%", "2013-05-31": "58.06%", "2013-02-28": "56.80%", "2012-11-30": "54.19%", "2012-08-31": "52.02%", "2012-05-31": "52.01%", "2012-02-29": "47.92%", "2011-11-30": "41.06%", "2011-08-31": "34.17%", "2011-05-31": "28.99%", "2011-02-28": "24.51%", "2010-11-30": "22.61%", "2010-08-31": "21.63%", "2010-05-31": "20.91%", "2010-02-28": "16.60%", "2009-11-30": "19.68%", "2009-08-31": "22.35%", "2009-05-31": "26.20%", "2009-02-28": "37.50%", "2008-11-30": "40.73%", "2008-08-31": "44.31%", "2008-05-31": "44.83%", "2008-02-29": "45.36%", "2007-11-30": "45.28%", "2007-08-31": "44.58%", "2007-05-31": "46.45%", "2007-02-28": "46.35%", "2006-11-30": "43.04%", "2006-08-31": "38.52%", "2006-05-31": "34.47%", "2006-02-28": "30.29%", "2005-11-30": "28.42%"}, "dividend yield history": {"last payout": "$3.51", "last yield": "1.02%"}}