{"ticker": "CSCO", "price": {"title": "Cisco Historical Annual Stock Price Data", "value": 48.08, "historical": {"2021": {"Average Stock Price": "45.3140", "Year Open": "44.7500", "Year High": "48.0800", "Year Low": "43.9600", "Year Close": "48.0800", "Annual % Change": "7.44%"}, "2020": {"Average Stock Price": "43.0915", "Year Open": "48.4200", "Year High": "49.9300", "Year Low": "33.2000", "Year Close": "44.7500", "Annual % Change": "-6.69%"}, "2019": {"Average Stock Price": "50.5712", "Year Open": "42.9500", "Year High": "58.0500", "Year Low": "41.0700", "Year Close": "47.9600", "Annual % Change": "10.69%"}, "2018": {"Average Stock Price": "44.2226", "Year Open": "38.8600", "Year High": "49.1400", "Year Low": "38.7700", "Year Close": "43.3300", "Annual % Change": "13.13%"}, "2017": {"Average Stock Price": "33.1431", "Year Open": "30.5400", "Year High": "38.7400", "Year Low": "29.9800", "Year Close": "38.3000", "Annual % Change": "26.74%"}, "2016": {"Average Stock Price": "28.7897", "Year Open": "26.4100", "Year High": "31.8700", "Year Low": "22.5100", "Year Close": "30.2200", "Annual % Change": "11.29%"}, "2015": {"Average Stock Price": "27.8499", "Year Open": "27.6100", "Year High": "30.1900", "Year Low": "24.6200", "Year Close": "27.1550", "Annual % Change": "-2.37%"}, "2014": {"Average Stock Price": "24.2531", "Year Open": "22.0000", "Year High": "28.4600", "Year Low": "21.3499", "Year Close": "27.8150", "Annual % Change": "24.01%"}, "2013": {"Average Stock Price": "22.6386", "Year Open": "20.3400", "Year High": "26.3770", "Year Low": "20.2400", "Year Close": "22.4300", "Annual % Change": "14.15%"}, "2012": {"Average Stock Price": "18.5831", "Year Open": "18.6300", "Year High": "21.1900", "Year Low": "15.1200", "Year Close": "19.6494", "Annual % Change": "8.68%"}, "2011": {"Average Stock Price": "17.3647", "Year Open": "20.4900", "Year High": "22.0500", "Year Low": "13.7300", "Year Close": "18.0800", "Annual % Change": "-10.63%"}, "2010": {"Average Stock Price": "23.2065", "Year Open": "24.6900", "Year High": "27.5700", "Year Low": "19.0700", "Year Close": "20.2300", "Annual % Change": "-15.50%"}, "2009": {"Average Stock Price": "19.9926", "Year Open": "16.9600", "Year High": "24.3800", "Year Low": "13.6200", "Year Close": "23.9400", "Annual % Change": "46.87%"}, "2008": {"Average Stock Price": "22.4805", "Year Open": "26.5400", "Year High": "27.5400", "Year Low": "14.4700", "Year Close": "16.3000", "Annual % Change": "-39.79%"}, "2007": {"Average Stock Price": "28.5748", "Year Open": "27.7300", "Year High": "34.0800", "Year Low": "25.3000", "Year Close": "27.0699", "Annual % Change": "-0.95%"}, "2006": {"Average Stock Price": "21.6135", "Year Open": "17.4500", "Year High": "27.6300", "Year Low": "17.2400", "Year Close": "27.3300", "Annual % Change": "59.64%"}, "2005": {"Average Stock Price": "18.1615", "Year Open": "19.3200", "Year High": "20.1700", "Year Low": "16.9300", "Year Close": "17.1200", "Annual % Change": "-11.39%"}, "2004": {"Average Stock Price": "21.6024", "Year Open": "24.2500", "Year High": "29.1300", "Year Low": "17.7900", "Year Close": "19.3200", "Annual % Change": "-20.26%"}, "2003": {"Average Stock Price": "17.8145", "Year Open": "13.6400", "Year High": "24.4000", "Year Low": "12.6900", "Year Close": "24.2300", "Annual % Change": "84.96%"}, "2002": {"Average Stock Price": "14.6163", "Year Open": "19.2300", "Year High": "21.0000", "Year Low": "8.6000", "Year Close": "13.1000", "Annual % Change": "-27.66%"}, "2001": {"Average Stock Price": "20.6709", "Year Open": "33.3100", "Year High": "42.6300", "Year Low": "11.2400", "Year Close": "18.1100", "Annual % Change": "-52.65%"}, "2000": {"Average Stock Price": "60.5196", "Year Open": "54.0500", "Year High": "80.0600", "Year Low": "36.5000", "Year Close": "38.2500", "Annual % Change": "-28.57%"}, "1999": {"Average Stock Price": "32.4544", "Year Open": "23.8275", "Year High": "53.5500", "Year Low": "23.7825", "Year Close": "53.5500", "Annual % Change": "130.32%"}, "1998": {"Average Stock Price": "14.2442", "Year Open": "9.6767", "Year High": "24.1250", "Year Low": "9.0417", "Year Close": "23.2500", "Annual % Change": "150.22%"}, "1997": {"Average Stock Price": "7.7620", "Year Open": "6.9867", "Year High": "10.0489", "Year Low": "5.1533", "Year Close": "9.2917", "Annual % Change": "31.44%"}, "1996": {"Average Stock Price": "5.9717", "Year Open": "4.2433", "Year High": "7.6244", "Year Low": "3.6317", "Year Close": "7.0689", "Annual % Change": "70.52%"}, "1995": {"Average Stock Price": "3.0262", "Year Open": "1.8956", "Year High": "4.8817", "Year Low": "1.8089", "Year Close": "4.1456", "Annual % Change": "112.41%"}, "1994": {"Average Stock Price": "1.6350", "Year Open": "1.7847", "Year High": "2.2431", "Year Low": "1.0906", "Year Close": "1.9517", "Annual % Change": "8.71%"}, "1993": {"Average Stock Price": "1.3867", "Year Open": "1.0833", "Year High": "1.8264", "Year Low": "1.0833", "Year Close": "1.7953", "Annual % Change": "64.42%"}, "1992": {"Average Stock Price": "0.6871", "Year Open": "0.4566", "Year High": "1.1111", "Year Low": "0.4566", "Year Close": "1.0919", "Annual % Change": "137.32%"}, "1991": {"Average Stock Price": "0.2565", "Year Open": "0.1519", "Year High": "0.4653", "Year Low": "0.1380", "Year Close": "0.4601", "Annual % Change": "195.31%"}}}, "market cap": {"value": "$203.16B"}, "income statement": {"Revenue": {"2020-07-31": "49301.00000", "2019-07-31": "51904.00000", "2018-07-31": "49330.00000", "2017-07-31": "48005.00000", "2016-07-31": "49247.00000", "2015-07-31": "49161.00000", "2014-07-31": "47142.00000", "2013-07-31": "48607.00000", "2012-07-31": "46061.00000", "2011-07-31": "43218.00000", "2010-07-31": "40040.00000", "2009-07-31": "36117.00000", "2008-07-31": "39540.00000", "2007-07-31": "34922.00000", "2006-07-31": "28484.00000", "2005-07-31": "24801.00000"}, "Cost Of Goods Sold": {"2020-07-31": "17618.00000", "2019-07-31": "19238.00000", "2018-07-31": "18724.00000", "2017-07-31": "17781.00000", "2016-07-31": "18287.00000", "2015-07-31": "19480.00000", "2014-07-31": "19373.00000", "2013-07-31": "19167.00000", "2012-07-31": "17852.00000", "2011-07-31": "16682.00000", "2010-07-31": "14397.00000", "2009-07-31": "13023.00000", "2008-07-31": "14194.00000", "2007-07-31": "12663.00000", "2006-07-31": "9737.00000", "2005-07-31": "8130.00000"}, "Gross Profit": {"2020-07-31": "31683.00000", "2019-07-31": "32666.00000", "2018-07-31": "30606.00000", "2017-07-31": "30224.00000", "2016-07-31": "30960.00000", "2015-07-31": "29681.00000", "2014-07-31": "27769.00000", "2013-07-31": "29440.00000", "2012-07-31": "28209.00000", "2011-07-31": "26536.00000", "2010-07-31": "25643.00000", "2009-07-31": "23094.00000", "2008-07-31": "25346.00000", "2007-07-31": "22259.00000", "2006-07-31": "18747.00000", "2005-07-31": "16671.00000"}, "Research And Development Expenses": {"2020-07-31": "6347.00000", "2019-07-31": "6577.00000", "2018-07-31": "6332.00000", "2017-07-31": "6059.00000", "2016-07-31": "6296.00000", "2015-07-31": "6207.00000", "2014-07-31": "6294.00000", "2013-07-31": "5942.00000", "2012-07-31": "5488.00000", "2011-07-31": "5823.00000", "2010-07-31": "5273.00000", "2009-07-31": "5208.00000", "2008-07-31": "5325.00000", "2007-07-31": "4598.00000", "2006-07-31": "4067.00000", "2005-07-31": "3322.00000"}, "SG&A Expenses": {"2020-07-31": "11094.00000", "2019-07-31": "11398.00000", "2018-07-31": "11386.00000", "2017-07-31": "11177.00000", "2016-07-31": "11433.00000", "2015-07-31": "11861.00000", "2014-07-31": "11437.00000", "2013-07-31": "11802.00000", "2012-07-31": "11969.00000", "2011-07-31": "11720.00000", "2010-07-31": "10715.00000", "2009-07-31": "9968.00000", "2008-07-31": "10077.00000", "2007-07-31": "8552.00000", "2006-07-31": "7200.00000", "2005-07-31": "5680.00000"}, "Other Operating Income Or Expenses": {"2020-07-31": "", "2019-07-31": "", "2018-07-31": "", "2017-07-31": "", "2016-07-31": "", "2015-07-31": "", "2014-07-31": "", "2013-07-31": "", "2012-07-31": "", "2011-07-31": "", "2010-07-31": "", "2009-07-31": "", "2008-07-31": "", "2007-07-31": "", "2006-07-31": "", "2005-07-31": ""}, "Operating Expenses": {"2020-07-31": "35681.00000", "2019-07-31": "37685.00000", "2018-07-31": "37021.00000", "2017-07-31": "36032.00000", "2016-07-31": "36587.00000", "2015-07-31": "38391.00000", "2014-07-31": "37797.00000", "2013-07-31": "37411.00000", "2012-07-31": "35996.00000", "2011-07-31": "35544.00000", "2010-07-31": "30876.00000", "2009-07-31": "28795.00000", "2008-07-31": "30098.00000", "2007-07-31": "26301.00000", "2006-07-31": "21488.00000", "2005-07-31": "17385.00000"}, "Operating Income": {"2020-07-31": "13620.00000", "2019-07-31": "14219.00000", "2018-07-31": "12309.00000", "2017-07-31": "11973.00000", "2016-07-31": "12660.00000", "2015-07-31": "10770.00000", "2014-07-31": "9345.00000", "2013-07-31": "11196.00000", "2012-07-31": "10065.00000", "2011-07-31": "7674.00000", "2010-07-31": "9164.00000", "2009-07-31": "7322.00000", "2008-07-31": "9442.00000", "2007-07-31": "8621.00000", "2006-07-31": "6996.00000", "2005-07-31": "7416.00000"}, "Total Non-Operating Income/Expense": {"2020-07-31": "350.00000", "2019-07-31": "352.00000", "2018-07-31": "730.00000", "2017-07-31": "314.00000", "2016-07-31": "260.00000", "2015-07-31": "431.00000", "2014-07-31": "370.00000", "2013-07-31": "31.00000", "2012-07-31": "94.00000", "2011-07-31": "151.00000", "2010-07-31": "251.00000", "2009-07-31": "371.00000", "2008-07-31": "813.00000", "2007-07-31": "840.00000", "2006-07-31": "637.00000", "2005-07-31": "620.00000"}, "Pre-Tax Income": {"2020-07-31": "13970.00000", "2019-07-31": "14571.00000", "2018-07-31": "13039.00000", "2017-07-31": "12287.00000", "2016-07-31": "12920.00000", "2015-07-31": "11201.00000", "2014-07-31": "9715.00000", "2013-07-31": "11227.00000", "2012-07-31": "10159.00000", "2011-07-31": "7825.00000", "2010-07-31": "9415.00000", "2009-07-31": "7693.00000", "2008-07-31": "10255.00000", "2007-07-31": "9461.00000", "2006-07-31": "7633.00000", "2005-07-31": "8036.00000"}, "Income Taxes": {"2020-07-31": "2756.00000", "2019-07-31": "2950.00000", "2018-07-31": "12929.00000", "2017-07-31": "2678.00000", "2016-07-31": "2181.00000", "2015-07-31": "2220.00000", "2014-07-31": "1862.00000", "2013-07-31": "1244.00000", "2012-07-31": "2118.00000", "2011-07-31": "1335.00000", "2010-07-31": "1648.00000", "2009-07-31": "1559.00000", "2008-07-31": "2203.00000", "2007-07-31": "2128.00000", "2006-07-31": "2053.00000", "2005-07-31": "2295.00000"}, "Income After Taxes": {"2020-07-31": "11214.00000", "2019-07-31": "11621.00000", "2018-07-31": "110.00000", "2017-07-31": "9609.00000", "2016-07-31": "10739.00000", "2015-07-31": "8981.00000", "2014-07-31": "7853.00000", "2013-07-31": "9983.00000", "2012-07-31": "8041.00000", "2011-07-31": "6490.00000", "2010-07-31": "7767.00000", "2009-07-31": "6134.00000", "2008-07-31": "8052.00000", "2007-07-31": "7333.00000", "2006-07-31": "5580.00000", "2005-07-31": "5741.00000"}, "Other Income": {"2020-07-31": "", "2019-07-31": "", "2018-07-31": "", "2017-07-31": "", "2016-07-31": "", "2015-07-31": "", "2014-07-31": "", "2013-07-31": "", "2012-07-31": "", "2011-07-31": "", "2010-07-31": "", "2009-07-31": "", "2008-07-31": "", "2007-07-31": "", "2006-07-31": "", "2005-07-31": ""}, "Income From Continuous Operations": {"2020-07-31": "11214.00000", "2019-07-31": "11621.00000", "2018-07-31": "110.00000", "2017-07-31": "9609.00000", "2016-07-31": "10739.00000", "2015-07-31": "8981.00000", "2014-07-31": "7853.00000", "2013-07-31": "9983.00000", "2012-07-31": "8041.00000", "2011-07-31": "6490.00000", "2010-07-31": "7767.00000", "2009-07-31": "6134.00000", "2008-07-31": "8052.00000", "2007-07-31": "7333.00000", "2006-07-31": "5580.00000", "2005-07-31": "5741.00000"}, "Income From Discontinued Operations": {"2020-07-31": "", "2019-07-31": "", "2018-07-31": "", "2017-07-31": "", "2016-07-31": "", "2015-07-31": "", "2014-07-31": "", "2013-07-31": "", "2012-07-31": "", "2011-07-31": "", "2010-07-31": "", "2009-07-31": "", "2008-07-31": "", "2007-07-31": "", "2006-07-31": "", "2005-07-31": ""}, "Net Income": {"2020-07-31": "11214.00000", "2019-07-31": "11621.00000", "2018-07-31": "110.00000", "2017-07-31": "9609.00000", "2016-07-31": "10739.00000", "2015-07-31": "8981.00000", "2014-07-31": "7853.00000", "2013-07-31": "9983.00000", "2012-07-31": "8041.00000", "2011-07-31": "6490.00000", "2010-07-31": "7767.00000", "2009-07-31": "6134.00000", "2008-07-31": "8052.00000", "2007-07-31": "7333.00000", "2006-07-31": "5580.00000", "2005-07-31": "5741.00000"}, "EBITDA": {"2020-07-31": "15428.00000", "2019-07-31": "16116.00000", "2018-07-31": "14501.00000", "2017-07-31": "14259.00000", "2016-07-31": "14810.00000", "2015-07-31": "13212.00000", "2014-07-31": "11784.00000", "2013-07-31": "13656.00000", "2012-07-31": "12273.00000", "2011-07-31": "10160.00000", "2010-07-31": "11194.00000", "2009-07-31": "9090.00000", "2008-07-31": "11186.00000", "2007-07-31": "10034.00000", "2006-07-31": "8289.00000", "2005-07-31": "8436.00000"}, "EBIT": {"2020-07-31": "13620.00000", "2019-07-31": "14219.00000", "2018-07-31": "12309.00000", "2017-07-31": "11973.00000", "2016-07-31": "12660.00000", "2015-07-31": "10770.00000", "2014-07-31": "9345.00000", "2013-07-31": "11196.00000", "2012-07-31": "10065.00000", "2011-07-31": "7674.00000", "2010-07-31": "9164.00000", "2009-07-31": "7322.00000", "2008-07-31": "9442.00000", "2007-07-31": "8621.00000", "2006-07-31": "6996.00000", "2005-07-31": "7416.00000"}, "Basic Shares Outstanding": {"2020-07-31": "4236.00000", "2019-07-31": "4419.00000", "2018-07-31": "4837.00000", "2017-07-31": "5010.00000", "2016-07-31": "5053.00000", "2015-07-31": "5104.00000", "2014-07-31": "5234.00000", "2013-07-31": "5329.00000", "2012-07-31": "5370.00000", "2011-07-31": "5529.00000", "2010-07-31": "5732.00000", "2009-07-31": "5828.00000", "2008-07-31": "5986.00000", "2007-07-31": "6055.00000", "2006-07-31": "6158.00000", "2005-07-31": "6487.00000"}, "Shares Outstanding": {"2020-07-31": "4254.00000", "2019-07-31": "4453.00000", "2018-07-31": "4881.00000", "2017-07-31": "5049.00000", "2016-07-31": "5088.00000", "2015-07-31": "5146.00000", "2014-07-31": "5281.00000", "2013-07-31": "5380.00000", "2012-07-31": "5404.00000", "2011-07-31": "5563.00000", "2010-07-31": "5848.00000", "2009-07-31": "5857.00000", "2008-07-31": "6163.00000", "2007-07-31": "6265.00000", "2006-07-31": "6272.00000", "2005-07-31": "6612.00000"}, "Basic EPS": {"2020-07-31": "2.65000", "2019-07-31": "2.63000", "2018-07-31": "0.02000", "2017-07-31": "1.92000", "2016-07-31": "2.13000", "2015-07-31": "1.76000", "2014-07-31": "1.50000", "2013-07-31": "1.87000", "2012-07-31": "1.50000", "2011-07-31": "1.17000", "2010-07-31": "1.36000", "2009-07-31": "1.05000", "2008-07-31": "1.35000", "2007-07-31": "1.21000", "2006-07-31": "0.91000", "2005-07-31": "0.88000"}, "EPS - Earnings Per Share": {"2020-07-31": "2.64000", "2019-07-31": "2.61000", "2018-07-31": "0.02000", "2017-07-31": "1.90000", "2016-07-31": "2.11000", "2015-07-31": "1.75000", "2014-07-31": "1.49000", "2013-07-31": "1.86000", "2012-07-31": "1.49000", "2011-07-31": "1.17000", "2010-07-31": "1.33000", "2009-07-31": "1.05000", "2008-07-31": "1.31000", "2007-07-31": "1.17000", "2006-07-31": "0.89000", "2005-07-31": "0.87000"}}, "income statement, quarterly": {"Revenue": {"2020-10-31": "11929.00000", "2020-07-31": "12154.00000", "2020-04-30": "11983.00000", "2020-01-31": "12005.00000", "2019-10-31": "13159.00000", "2019-07-31": "13428.00000", "2019-04-30": "12958.00000", "2019-01-31": "12446.00000", "2018-10-31": "13072.00000", "2018-07-31": "12844.00000", "2018-04-30": "12463.00000", "2018-01-31": "11887.00000", "2017-10-31": "12136.00000", "2017-07-31": "12133.00000", "2017-04-30": "11940.00000", "2017-01-31": "11580.00000", "2016-10-31": "12352.00000", "2016-07-31": "12638.00000", "2016-04-30": "12000.00000", "2016-01-31": "11927.00000", "2015-10-31": "12682.00000", "2015-07-31": "12843.00000", "2015-04-30": "12137.00000", "2015-01-31": "11936.00000", "2014-10-31": "12245.00000", "2014-07-31": "12357.00000", "2014-04-30": "11545.00000", "2014-01-31": "11155.00000", "2013-10-31": "12085.00000", "2013-07-31": "12417.00000", "2013-04-30": "12216.00000", "2013-01-31": "12098.00000", "2012-10-31": "11876.00000", "2012-07-31": "11690.00000", "2012-04-30": "11588.00000", "2012-01-31": "11527.00000", "2011-10-31": "11256.00000", "2011-07-31": "11195.00000", "2011-04-30": "10866.00000", "2011-01-31": "10407.00000", "2010-10-31": "10750.00000", "2010-07-31": "10836.00000", "2010-04-30": "10368.00000", "2010-01-31": "9815.00000", "2009-10-31": "9021.00000", "2009-07-31": "8535.00000", "2009-04-30": "8162.00000", "2009-01-31": "9089.00000", "2008-10-31": "10331.00000", "2008-07-31": "10364.00000", "2008-04-30": "9791.00000", "2008-01-31": "9831.00000", "2007-10-31": "9554.00000", "2007-07-31": "9433.00000", "2007-04-30": "8866.00000", "2007-01-31": "8439.00000", "2006-10-31": "8184.00000", "2006-07-31": "7984.00000", "2006-04-30": "7322.00000", "2006-01-31": "6628.00000", "2005-10-31": "6550.00000", "2005-07-31": "6581.00000", "2005-04-30": "6187.00000", "2005-01-31": "6062.00000"}, "Cost Of Goods Sold": {"2020-10-31": "4348.00000", "2020-07-31": "4470.00000", "2020-04-30": "4212.00000", "2020-01-31": "4241.00000", "2019-10-31": "4695.00000", "2019-07-31": "4854.00000", "2019-04-30": "4785.00000", "2019-01-31": "4673.00000", "2018-10-31": "4926.00000", "2018-07-31": "4922.00000", "2018-04-30": "4704.00000", "2018-01-31": "4389.00000", "2017-10-31": "4709.00000", "2017-07-31": "4587.00000", "2017-04-30": "4422.00000", "2017-01-31": "4304.00000", "2016-10-31": "4468.00000", "2016-07-31": "4663.00000", "2016-04-30": "4279.00000", "2016-01-31": "4495.00000", "2015-10-31": "4850.00000", "2015-07-31": "5110.00000", "2015-04-30": "4612.00000", "2015-01-31": "4846.00000", "2014-10-31": "4912.00000", "2014-07-31": "4952.00000", "2014-04-30": "4539.00000", "2014-01-31": "5204.00000", "2013-10-31": "4678.00000", "2013-07-31": "5070.00000", "2013-04-30": "4705.00000", "2013-01-31": "4755.00000", "2012-10-31": "4637.00000", "2012-07-31": "4605.00000", "2012-04-30": "4419.00000", "2012-01-31": "4462.00000", "2011-10-31": "4366.00000", "2011-07-31": "4334.00000", "2011-04-30": "4207.00000", "2011-01-31": "4146.00000", "2010-10-31": "3995.00000", "2010-07-31": "4043.00000", "2010-04-30": "3738.00000", "2010-01-31": "3483.00000", "2009-10-31": "3133.00000", "2009-07-31": "3074.00000", "2009-04-30": "2933.00000", "2009-01-31": "3366.00000", "2008-10-31": "3650.00000", "2008-07-31": "3733.00000", "2008-04-30": "3521.00000", "2008-01-31": "3526.00000", "2007-10-31": "3414.00000", "2007-07-31": "3442.00000", "2007-04-30": "3219.00000", "2007-01-31": "3051.00000", "2006-10-31": "2951.00000", "2006-07-31": "2839.00000", "2006-04-30": "2596.00000", "2006-01-31": "2162.00000", "2005-10-31": "2140.00000", "2005-07-31": "2113.00000", "2005-04-30": "2052.00000", "2005-01-31": "2009.00000"}, "Gross Profit": {"2020-10-31": "7581.00000", "2020-07-31": "7684.00000", "2020-04-30": "7771.00000", "2020-01-31": "7764.00000", "2019-10-31": "8464.00000", "2019-07-31": "8574.00000", "2019-04-30": "8173.00000", "2019-01-31": "7773.00000", "2018-10-31": "8146.00000", "2018-07-31": "7922.00000", "2018-04-30": "7759.00000", "2018-01-31": "7498.00000", "2017-10-31": "7427.00000", "2017-07-31": "7546.00000", "2017-04-30": "7518.00000", "2017-01-31": "7276.00000", "2016-10-31": "7884.00000", "2016-07-31": "7975.00000", "2016-04-30": "7721.00000", "2016-01-31": "7432.00000", "2015-10-31": "7832.00000", "2015-07-31": "7733.00000", "2015-04-30": "7525.00000", "2015-01-31": "7090.00000", "2014-10-31": "7333.00000", "2014-07-31": "7405.00000", "2014-04-30": "7006.00000", "2014-01-31": "5951.00000", "2013-10-31": "7407.00000", "2013-07-31": "7347.00000", "2013-04-30": "7511.00000", "2013-01-31": "7343.00000", "2012-10-31": "7239.00000", "2012-07-31": "7085.00000", "2012-04-30": "7169.00000", "2012-01-31": "7065.00000", "2011-10-31": "6890.00000", "2011-07-31": "6861.00000", "2011-04-30": "6659.00000", "2011-01-31": "6261.00000", "2010-10-31": "6755.00000", "2010-07-31": "6793.00000", "2010-04-30": "6630.00000", "2010-01-31": "6332.00000", "2009-10-31": "5888.00000", "2009-07-31": "5461.00000", "2009-04-30": "5229.00000", "2009-01-31": "5723.00000", "2008-10-31": "6681.00000", "2008-07-31": "6631.00000", "2008-04-30": "6270.00000", "2008-01-31": "6305.00000", "2007-10-31": "6140.00000", "2007-07-31": "5991.00000", "2007-04-30": "5647.00000", "2007-01-31": "5388.00000", "2006-10-31": "5233.00000", "2006-07-31": "5145.00000", "2006-04-30": "4726.00000", "2006-01-31": "4466.00000", "2005-10-31": "4410.00000", "2005-07-31": "4468.00000", "2005-04-30": "4135.00000", "2005-01-31": "4053.00000"}, "Research And Development Expenses": {"2020-10-31": "1612.00000", "2020-07-31": "1565.00000", "2020-04-30": "1546.00000", "2020-01-31": "1570.00000", "2019-10-31": "1666.00000", "2019-07-31": "1753.00000", "2019-04-30": "1659.00000", "2019-01-31": "1557.00000", "2018-10-31": "1608.00000", "2018-07-31": "1626.00000", "2018-04-30": "1590.00000", "2018-01-31": "1549.00000", "2017-10-31": "1567.00000", "2017-07-31": "1499.00000", "2017-04-30": "1507.00000", "2017-01-31": "1508.00000", "2016-10-31": "1545.00000", "2016-07-31": "1601.00000", "2016-04-30": "1626.00000", "2016-01-31": "1509.00000", "2015-10-31": "1560.00000", "2015-07-31": "1548.00000", "2015-04-30": "1547.00000", "2015-01-31": "1529.00000", "2014-10-31": "1583.00000", "2014-07-31": "1593.00000", "2014-04-30": "1565.00000", "2014-01-31": "1412.00000", "2013-10-31": "1724.00000", "2013-07-31": "1517.00000", "2013-04-30": "1542.00000", "2013-01-31": "1452.00000", "2012-10-31": "1431.00000", "2012-07-31": "1416.00000", "2012-04-30": "1358.00000", "2012-01-31": "1339.00000", "2011-10-31": "1375.00000", "2011-07-31": "1484.00000", "2011-04-30": "1430.00000", "2011-01-31": "1478.00000", "2010-10-31": "1431.00000", "2010-07-31": "1391.00000", "2010-04-30": "1411.00000", "2010-01-31": "1247.00000", "2009-10-31": "1224.00000", "2009-07-31": "1280.00000", "2009-04-30": "1243.00000", "2009-01-31": "1279.00000", "2008-10-31": "1406.00000", "2008-07-31": "1350.00000", "2008-04-30": "1483.00000", "2008-01-31": "1260.00000", "2007-10-31": "1232.00000", "2007-07-31": "1277.00000", "2007-04-30": "1144.00000", "2007-01-31": "1094.00000", "2006-10-31": "1083.00000", "2006-07-31": "1064.00000", "2006-04-30": "1041.00000", "2006-01-31": "966.00000", "2005-10-31": "996.00000", "2005-07-31": "883.00000", "2005-04-30": "823.00000", "2005-01-31": "811.00000"}, "SG&A Expenses": {"2020-10-31": "2761.00000", "2020-07-31": "2712.00000", "2020-04-30": "2649.00000", "2020-01-31": "2734.00000", "2019-10-31": "2999.00000", "2019-07-31": "3053.00000", "2019-04-30": "2944.00000", "2019-01-31": "2780.00000", "2018-10-31": "2621.00000", "2018-07-31": "2891.00000", "2018-04-30": "2886.00000", "2018-01-31": "2718.00000", "2017-10-31": "2891.00000", "2017-07-31": "2813.00000", "2017-04-30": "2713.00000", "2017-01-31": "2678.00000", "2016-10-31": "2973.00000", "2016-07-31": "2976.00000", "2016-04-30": "3013.00000", "2016-01-31": "2462.00000", "2015-10-31": "2982.00000", "2015-07-31": "3085.00000", "2015-04-30": "2959.00000", "2015-01-31": "2798.00000", "2014-10-31": "3019.00000", "2014-07-31": "2981.00000", "2014-04-30": "2802.00000", "2014-01-31": "2728.00000", "2013-10-31": "2926.00000", "2013-07-31": "2950.00000", "2013-04-30": "2905.00000", "2013-01-31": "2971.00000", "2012-10-31": "2976.00000", "2012-07-31": "3128.00000", "2012-04-30": "2945.00000", "2012-01-31": "2892.00000", "2011-10-31": "3004.00000", "2011-07-31": "3052.00000", "2011-04-30": "2912.00000", "2011-01-31": "2896.00000", "2010-10-31": "2860.00000", "2010-07-31": "2946.00000", "2010-04-30": "2757.00000", "2010-01-31": "2577.00000", "2009-10-31": "2435.00000", "2009-07-31": "2497.00000", "2009-04-30": "2258.00000", "2009-01-31": "2535.00000", "2008-10-31": "2678.00000", "2008-07-31": "2603.00000", "2008-04-30": "2529.00000", "2008-01-31": "2525.00000", "2007-10-31": "2420.00000", "2007-07-31": "2228.00000", "2007-04-30": "2208.00000", "2007-01-31": "2066.00000", "2006-10-31": "2050.00000", "2006-07-31": "1911.00000", "2006-04-30": "1845.00000", "2006-01-31": "1713.00000", "2005-10-31": "1731.00000", "2005-07-31": "1526.00000", "2005-04-30": "1434.00000", "2005-01-31": "1370.00000"}, "Other Operating Income Or Expenses": {"2020-10-31": "", "2020-07-31": "", "2020-04-30": "", "2020-01-31": "", "2019-10-31": "", "2019-07-31": "", "2019-04-30": "", "2019-01-31": "", "2018-10-31": "", "2018-07-31": "", "2018-04-30": "", "2018-01-31": "", "2017-10-31": "", "2017-07-31": "", "2017-04-30": "", "2017-01-31": "", "2016-10-31": "", "2016-07-31": "", "2016-04-30": "", "2016-01-31": "", "2015-10-31": "", "2015-07-31": "", "2015-04-30": "", "2015-01-31": "", "2014-10-31": "", "2014-07-31": "", "2014-04-30": "", "2014-01-31": "", "2013-10-31": "", "2013-07-31": "", "2013-04-30": "", "2013-01-31": "", "2012-10-31": "", "2012-07-31": "", "2012-04-30": "", "2012-01-31": "", "2011-10-31": "", "2011-07-31": "", "2011-04-30": "", "2011-01-31": "", "2010-10-31": "", "2010-07-31": "", "2010-04-30": "", "2010-01-31": "", "2009-10-31": "", "2009-07-31": "", "2009-04-30": "", "2009-01-31": "", "2008-10-31": "", "2008-07-31": "", "2008-04-30": "", "2008-01-31": "", "2007-10-31": "", "2007-07-31": "", "2007-04-30": "", "2007-01-31": "", "2006-10-31": "", "2006-07-31": "", "2006-04-30": "", "2006-01-31": "", "2005-10-31": "", "2005-07-31": "", "2005-04-30": "", "2005-01-31": ""}, "Operating Expenses": {"2020-10-31": "9359.00000", "2020-07-31": "8907.00000", "2020-04-30": "8569.00000", "2020-01-31": "8625.00000", "2019-10-31": "9580.00000", "2019-07-31": "9738.00000", "2019-04-30": "9445.00000", "2019-01-31": "9235.00000", "2018-10-31": "9267.00000", "2018-07-31": "9498.00000", "2018-04-30": "9329.00000", "2018-01-31": "8814.00000", "2017-10-31": "9380.00000", "2017-07-31": "9099.00000", "2017-04-30": "8771.00000", "2017-01-31": "8687.00000", "2016-10-31": "9475.00000", "2016-07-31": "9335.00000", "2016-04-30": "9016.00000", "2016-01-31": "8633.00000", "2015-10-31": "9603.00000", "2015-07-31": "9962.00000", "2015-04-30": "9212.00000", "2015-01-31": "9314.00000", "2014-10-31": "9903.00000", "2014-07-31": "9676.00000", "2014-04-30": "9003.00000", "2014-01-31": "9488.00000", "2013-10-31": "9630.00000", "2013-07-31": "9603.00000", "2013-04-30": "9274.00000", "2013-01-31": "9309.00000", "2012-10-31": "9225.00000", "2012-07-31": "9319.00000", "2012-04-30": "8838.00000", "2012-01-31": "8793.00000", "2011-10-31": "9046.00000", "2011-07-31": "9739.00000", "2011-04-30": "8683.00000", "2011-01-31": "8723.00000", "2010-10-31": "8399.00000", "2010-07-31": "8511.00000", "2010-04-30": "8023.00000", "2010-01-31": "7445.00000", "2009-10-31": "6897.00000", "2009-07-31": "7075.00000", "2009-04-30": "6555.00000", "2009-01-31": "7316.00000", "2008-10-31": "7849.00000", "2008-07-31": "7835.00000", "2008-04-30": "7650.00000", "2008-01-31": "7427.00000", "2007-10-31": "7186.00000", "2007-07-31": "7130.00000", "2007-04-30": "6669.00000", "2007-01-31": "6309.00000", "2006-10-31": "6193.00000", "2006-07-31": "5994.00000", "2006-04-30": "5669.00000", "2006-01-31": "4897.00000", "2005-10-31": "4928.00000", "2005-07-31": "4584.00000", "2005-04-30": "4369.00000", "2005-01-31": "4249.00000"}, "Operating Income": {"2020-10-31": "2570.00000", "2020-07-31": "3247.00000", "2020-04-30": "3414.00000", "2020-01-31": "3380.00000", "2019-10-31": "3579.00000", "2019-07-31": "3690.00000", "2019-04-30": "3513.00000", "2019-01-31": "3211.00000", "2018-10-31": "3805.00000", "2018-07-31": "3346.00000", "2018-04-30": "3134.00000", "2018-01-31": "3073.00000", "2017-10-31": "2756.00000", "2017-07-31": "3034.00000", "2017-04-30": "3169.00000", "2017-01-31": "2893.00000", "2016-10-31": "2877.00000", "2016-07-31": "3303.00000", "2016-04-30": "2984.00000", "2016-01-31": "3294.00000", "2015-10-31": "3079.00000", "2015-07-31": "2881.00000", "2015-04-30": "2925.00000", "2015-01-31": "2622.00000", "2014-10-31": "2342.00000", "2014-07-31": "2681.00000", "2014-04-30": "2542.00000", "2014-01-31": "1667.00000", "2013-10-31": "2455.00000", "2013-07-31": "2814.00000", "2013-04-30": "2942.00000", "2013-01-31": "2789.00000", "2012-10-31": "2651.00000", "2012-07-31": "2371.00000", "2012-04-30": "2750.00000", "2012-01-31": "2734.00000", "2011-10-31": "2210.00000", "2011-07-31": "1456.00000", "2011-04-30": "2183.00000", "2011-01-31": "1684.00000", "2010-10-31": "2351.00000", "2010-07-31": "2325.00000", "2010-04-30": "2345.00000", "2010-01-31": "2370.00000", "2009-10-31": "2124.00000", "2009-07-31": "1460.00000", "2009-04-30": "1607.00000", "2009-01-31": "1773.00000", "2008-10-31": "2482.00000", "2008-07-31": "2529.00000", "2008-04-30": "2141.00000", "2008-01-31": "2404.00000", "2007-10-31": "2368.00000", "2007-07-31": "2303.00000", "2007-04-30": "2197.00000", "2007-01-31": "2130.00000", "2006-10-31": "1991.00000", "2006-07-31": "1990.00000", "2006-04-30": "1653.00000", "2006-01-31": "1731.00000", "2005-10-31": "1622.00000", "2005-07-31": "1997.00000", "2005-04-30": "1818.00000", "2005-01-31": "1813.00000"}, "Total Non-Operating Income/Expense": {"2020-10-31": "111.00000", "2020-07-31": "59.00000", "2020-04-30": "30.00000", "2020-01-31": "154.00000", "2019-10-31": "107.00000", "2019-07-31": "14.00000", "2019-04-30": "102.00000", "2019-01-31": "132.00000", "2018-10-31": "104.00000", "2018-07-31": "246.00000", "2018-04-30": "119.00000", "2018-01-31": "159.00000", "2017-10-31": "206.00000", "2017-07-31": "146.00000", "2017-04-30": "22.00000", "2017-01-31": "70.00000", "2016-10-31": "76.00000", "2016-07-31": "91.00000", "2016-04-30": "99.00000", "2016-01-31": "12.00000", "2015-10-31": "58.00000", "2015-07-31": "52.00000", "2015-04-30": "110.00000", "2015-01-31": "251.00000", "2014-10-31": "18.00000", "2014-07-31": "97.00000", "2014-04-30": "100.00000", "2014-01-31": "88.00000", "2013-10-31": "85.00000", "2013-07-31": "57.00000", "2013-04-30": "3.00000", "2013-01-31": "-9.00000", "2012-10-31": "-20.00000", "2012-07-31": "15.00000", "2012-04-30": "29.00000", "2012-01-31": "15.00000", "2011-10-31": "35.00000", "2011-07-31": "11.00000", "2011-04-30": "20.00000", "2011-01-31": "46.00000", "2010-10-31": "74.00000", "2010-07-31": "93.00000", "2010-04-30": "58.00000", "2010-01-31": "-15.00000", "2009-10-31": "115.00000", "2009-07-31": "73.00000", "2009-04-30": "80.00000", "2009-01-31": "95.00000", "2008-10-31": "123.00000", "2008-07-31": "157.00000", "2008-04-30": "168.00000", "2008-01-31": "234.00000", "2007-10-31": "254.00000", "2007-07-31": "228.00000", "2007-04-30": "222.00000", "2007-01-31": "205.00000", "2006-10-31": "185.00000", "2006-07-31": "156.00000", "2006-04-30": "159.00000", "2006-01-31": "185.00000", "2005-10-31": "137.00000", "2005-07-31": "156.00000", "2005-04-30": "150.00000", "2005-01-31": "144.00000"}, "Pre-Tax Income": {"2020-10-31": "2681.00000", "2020-07-31": "3306.00000", "2020-04-30": "3444.00000", "2020-01-31": "3534.00000", "2019-10-31": "3686.00000", "2019-07-31": "3704.00000", "2019-04-30": "3615.00000", "2019-01-31": "3343.00000", "2018-10-31": "3909.00000", "2018-07-31": "3592.00000", "2018-04-30": "3253.00000", "2018-01-31": "3232.00000", "2017-10-31": "2962.00000", "2017-07-31": "3180.00000", "2017-04-30": "3191.00000", "2017-01-31": "2963.00000", "2016-10-31": "2953.00000", "2016-07-31": "3394.00000", "2016-04-30": "3083.00000", "2016-01-31": "3306.00000", "2015-10-31": "3137.00000", "2015-07-31": "2933.00000", "2015-04-30": "3035.00000", "2015-01-31": "2873.00000", "2014-10-31": "2360.00000", "2014-07-31": "2778.00000", "2014-04-30": "2642.00000", "2014-01-31": "1755.00000", "2013-10-31": "2540.00000", "2013-07-31": "2871.00000", "2013-04-30": "2945.00000", "2013-01-31": "2780.00000", "2012-10-31": "2631.00000", "2012-07-31": "2386.00000", "2012-04-30": "2779.00000", "2012-01-31": "2749.00000", "2011-10-31": "2245.00000", "2011-07-31": "1467.00000", "2011-04-30": "2203.00000", "2011-01-31": "1730.00000", "2010-10-31": "2425.00000", "2010-07-31": "2418.00000", "2010-04-30": "2403.00000", "2010-01-31": "2355.00000", "2009-10-31": "2239.00000", "2009-07-31": "1533.00000", "2009-04-30": "1687.00000", "2009-01-31": "1868.00000", "2008-10-31": "2605.00000", "2008-07-31": "2686.00000", "2008-04-30": "2309.00000", "2008-01-31": "2638.00000", "2007-10-31": "2622.00000", "2007-07-31": "2531.00000", "2007-04-30": "2419.00000", "2007-01-31": "2335.00000", "2006-10-31": "2176.00000", "2006-07-31": "2146.00000", "2006-04-30": "1812.00000", "2006-01-31": "1916.00000", "2005-10-31": "1759.00000", "2005-07-31": "2153.00000", "2005-04-30": "1968.00000", "2005-01-31": "1957.00000"}, "Income Taxes": {"2020-10-31": "507.00000", "2020-07-31": "670.00000", "2020-04-30": "670.00000", "2020-01-31": "656.00000", "2019-10-31": "760.00000", "2019-07-31": "1498.00000", "2019-04-30": "571.00000", "2019-01-31": "521.00000", "2018-10-31": "360.00000", "2018-07-31": "-211.00000", "2018-04-30": "562.00000", "2018-01-31": "12010.00000", "2017-10-31": "568.00000", "2017-07-31": "756.00000", "2017-04-30": "676.00000", "2017-01-31": "615.00000", "2016-10-31": "631.00000", "2016-07-31": "581.00000", "2016-04-30": "734.00000", "2016-01-31": "159.00000", "2015-10-31": "707.00000", "2015-07-31": "614.00000", "2015-04-30": "598.00000", "2015-01-31": "476.00000", "2014-10-31": "532.00000", "2014-07-31": "531.00000", "2014-04-30": "461.00000", "2014-01-31": "326.00000", "2013-10-31": "544.00000", "2013-07-31": "601.00000", "2013-04-30": "467.00000", "2013-01-31": "-363.00000", "2012-10-31": "539.00000", "2012-07-31": "469.00000", "2012-04-30": "614.00000", "2012-01-31": "567.00000", "2011-10-31": "468.00000", "2011-07-31": "235.00000", "2011-04-30": "396.00000", "2011-01-31": "209.00000", "2010-10-31": "495.00000", "2010-07-31": "483.00000", "2010-04-30": "211.00000", "2010-01-31": "502.00000", "2009-10-31": "452.00000", "2009-07-31": "452.00000", "2009-04-30": "339.00000", "2009-01-31": "364.00000", "2008-10-31": "404.00000", "2008-07-31": "672.00000", "2008-04-30": "536.00000", "2008-01-31": "578.00000", "2007-10-31": "417.00000", "2007-07-31": "601.00000", "2007-04-30": "545.00000", "2007-01-31": "414.00000", "2006-10-31": "568.00000", "2006-07-31": "602.00000", "2006-04-30": "412.00000", "2006-01-31": "541.00000", "2005-10-31": "498.00000", "2005-07-31": "613.00000", "2005-04-30": "563.00000", "2005-01-31": "557.00000"}, "Income After Taxes": {"2020-10-31": "2174.00000", "2020-07-31": "2636.00000", "2020-04-30": "2774.00000", "2020-01-31": "2878.00000", "2019-10-31": "2926.00000", "2019-07-31": "2206.00000", "2019-04-30": "3044.00000", "2019-01-31": "2822.00000", "2018-10-31": "3549.00000", "2018-07-31": "3803.00000", "2018-04-30": "2691.00000", "2018-01-31": "-8778.00000", "2017-10-31": "2394.00000", "2017-07-31": "2424.00000", "2017-04-30": "2515.00000", "2017-01-31": "2348.00000", "2016-10-31": "2322.00000", "2016-07-31": "2813.00000", "2016-04-30": "2349.00000", "2016-01-31": "3147.00000", "2015-10-31": "2430.00000", "2015-07-31": "2319.00000", "2015-04-30": "2437.00000", "2015-01-31": "2397.00000", "2014-10-31": "1828.00000", "2014-07-31": "2247.00000", "2014-04-30": "2181.00000", "2014-01-31": "1429.00000", "2013-10-31": "1996.00000", "2013-07-31": "2270.00000", "2013-04-30": "2478.00000", "2013-01-31": "3143.00000", "2012-10-31": "2092.00000", "2012-07-31": "1917.00000", "2012-04-30": "2165.00000", "2012-01-31": "2182.00000", "2011-10-31": "1777.00000", "2011-07-31": "1232.00000", "2011-04-30": "1807.00000", "2011-01-31": "1521.00000", "2010-10-31": "1930.00000", "2010-07-31": "1935.00000", "2010-04-30": "2192.00000", "2010-01-31": "1853.00000", "2009-10-31": "1787.00000", "2009-07-31": "1081.00000", "2009-04-30": "1348.00000", "2009-01-31": "1504.00000", "2008-10-31": "2201.00000", "2008-07-31": "2014.00000", "2008-04-30": "1773.00000", "2008-01-31": "2060.00000", "2007-10-31": "2205.00000", "2007-07-31": "1930.00000", "2007-04-30": "1874.00000", "2007-01-31": "1921.00000", "2006-10-31": "1608.00000", "2006-07-31": "1544.00000", "2006-04-30": "1400.00000", "2006-01-31": "1375.00000", "2005-10-31": "1261.00000", "2005-07-31": "1540.00000", "2005-04-30": "1405.00000", "2005-01-31": "1400.00000"}, "Other Income": {"2020-10-31": "", "2020-07-31": "", "2020-04-30": "", "2020-01-31": "", "2019-10-31": "", "2019-07-31": "", "2019-04-30": "", "2019-01-31": "", "2018-10-31": "", "2018-07-31": "", "2018-04-30": "", "2018-01-31": "", "2017-10-31": "", "2017-07-31": "", "2017-04-30": "", "2017-01-31": "", "2016-10-31": "", "2016-07-31": "", "2016-04-30": "", "2016-01-31": "", "2015-10-31": "", "2015-07-31": "", "2015-04-30": "", "2015-01-31": "", "2014-10-31": "", "2014-07-31": "", "2014-04-30": "", "2014-01-31": "", "2013-10-31": "", "2013-07-31": "", "2013-04-30": "", "2013-01-31": "", "2012-10-31": "", "2012-07-31": "", "2012-04-30": "", "2012-01-31": "", "2011-10-31": "", "2011-07-31": "", "2011-04-30": "", "2011-01-31": "", "2010-10-31": "", "2010-07-31": "", "2010-04-30": "", "2010-01-31": "", "2009-10-31": "", "2009-07-31": "", "2009-04-30": "", "2009-01-31": "", "2008-10-31": "", "2008-07-31": "", "2008-04-30": "", "2008-01-31": "", "2007-10-31": "", "2007-07-31": "", "2007-04-30": "", "2007-01-31": "", "2006-10-31": "", "2006-07-31": "", "2006-04-30": "", "2006-01-31": "", "2005-10-31": "", "2005-07-31": "", "2005-04-30": "", "2005-01-31": ""}, "Income From Continuous Operations": {"2020-10-31": "2174.00000", "2020-07-31": "2636.00000", "2020-04-30": "2774.00000", "2020-01-31": "2878.00000", "2019-10-31": "2926.00000", "2019-07-31": "2206.00000", "2019-04-30": "3044.00000", "2019-01-31": "2822.00000", "2018-10-31": "3549.00000", "2018-07-31": "3803.00000", "2018-04-30": "2691.00000", "2018-01-31": "-8778.00000", "2017-10-31": "2394.00000", "2017-07-31": "2424.00000", "2017-04-30": "2515.00000", "2017-01-31": "2348.00000", "2016-10-31": "2322.00000", "2016-07-31": "2813.00000", "2016-04-30": "2349.00000", "2016-01-31": "3147.00000", "2015-10-31": "2430.00000", "2015-07-31": "2319.00000", "2015-04-30": "2437.00000", "2015-01-31": "2397.00000", "2014-10-31": "1828.00000", "2014-07-31": "2247.00000", "2014-04-30": "2181.00000", "2014-01-31": "1429.00000", "2013-10-31": "1996.00000", "2013-07-31": "2270.00000", "2013-04-30": "2478.00000", "2013-01-31": "3143.00000", "2012-10-31": "2092.00000", "2012-07-31": "1917.00000", "2012-04-30": "2165.00000", "2012-01-31": "2182.00000", "2011-10-31": "1777.00000", "2011-07-31": "1232.00000", "2011-04-30": "1807.00000", "2011-01-31": "1521.00000", "2010-10-31": "1930.00000", "2010-07-31": "1935.00000", "2010-04-30": "2192.00000", "2010-01-31": "1853.00000", "2009-10-31": "1787.00000", "2009-07-31": "1081.00000", "2009-04-30": "1348.00000", "2009-01-31": "1504.00000", "2008-10-31": "2201.00000", "2008-07-31": "2014.00000", "2008-04-30": "1773.00000", "2008-01-31": "2060.00000", "2007-10-31": "2205.00000", "2007-07-31": "1930.00000", "2007-04-30": "1874.00000", "2007-01-31": "1921.00000", "2006-10-31": "1608.00000", "2006-07-31": "1544.00000", "2006-04-30": "1400.00000", "2006-01-31": "1375.00000", "2005-10-31": "1261.00000", "2005-07-31": "1540.00000", "2005-04-30": "1405.00000", "2005-01-31": "1400.00000"}, "Income From Discontinued Operations": {"2020-10-31": "", "2020-07-31": "", "2020-04-30": "", "2020-01-31": "", "2019-10-31": "", "2019-07-31": "", "2019-04-30": "", "2019-01-31": "", "2018-10-31": "", "2018-07-31": "", "2018-04-30": "", "2018-01-31": "", "2017-10-31": "", "2017-07-31": "", "2017-04-30": "", "2017-01-31": "", "2016-10-31": "", "2016-07-31": "", "2016-04-30": "", "2016-01-31": "", "2015-10-31": "", "2015-07-31": "", "2015-04-30": "", "2015-01-31": "", "2014-10-31": "", "2014-07-31": "", "2014-04-30": "", "2014-01-31": "", "2013-10-31": "", "2013-07-31": "", "2013-04-30": "", "2013-01-31": "", "2012-10-31": "", "2012-07-31": "", "2012-04-30": "", "2012-01-31": "", "2011-10-31": "", "2011-07-31": "", "2011-04-30": "", "2011-01-31": "", "2010-10-31": "", "2010-07-31": "", "2010-04-30": "", "2010-01-31": "", "2009-10-31": "", "2009-07-31": "", "2009-04-30": "", "2009-01-31": "", "2008-10-31": "", "2008-07-31": "", "2008-04-30": "", "2008-01-31": "", "2007-10-31": "", "2007-07-31": "", "2007-04-30": "", "2007-01-31": "", "2006-10-31": "", "2006-07-31": "", "2006-04-30": "", "2006-01-31": "", "2005-10-31": "", "2005-07-31": "", "2005-04-30": "", "2005-01-31": ""}, "Net Income": {"2020-10-31": "2174.00000", "2020-07-31": "2636.00000", "2020-04-30": "2774.00000", "2020-01-31": "2878.00000", "2019-10-31": "2926.00000", "2019-07-31": "2206.00000", "2019-04-30": "3044.00000", "2019-01-31": "2822.00000", "2018-10-31": "3549.00000", "2018-07-31": "3803.00000", "2018-04-30": "2691.00000", "2018-01-31": "-8778.00000", "2017-10-31": "2394.00000", "2017-07-31": "2424.00000", "2017-04-30": "2515.00000", "2017-01-31": "2348.00000", "2016-10-31": "2322.00000", "2016-07-31": "2813.00000", "2016-04-30": "2349.00000", "2016-01-31": "3147.00000", "2015-10-31": "2430.00000", "2015-07-31": "2319.00000", "2015-04-30": "2437.00000", "2015-01-31": "2397.00000", "2014-10-31": "1828.00000", "2014-07-31": "2247.00000", "2014-04-30": "2181.00000", "2014-01-31": "1429.00000", "2013-10-31": "1996.00000", "2013-07-31": "2270.00000", "2013-04-30": "2478.00000", "2013-01-31": "3143.00000", "2012-10-31": "2092.00000", "2012-07-31": "1917.00000", "2012-04-30": "2165.00000", "2012-01-31": "2182.00000", "2011-10-31": "1777.00000", "2011-07-31": "1232.00000", "2011-04-30": "1807.00000", "2011-01-31": "1521.00000", "2010-10-31": "1930.00000", "2010-07-31": "1935.00000", "2010-04-30": "2192.00000", "2010-01-31": "1853.00000", "2009-10-31": "1787.00000", "2009-07-31": "1081.00000", "2009-04-30": "1348.00000", "2009-01-31": "1504.00000", "2008-10-31": "2201.00000", "2008-07-31": "2014.00000", "2008-04-30": "1773.00000", "2008-01-31": "2060.00000", "2007-10-31": "2205.00000", "2007-07-31": "1930.00000", "2007-04-30": "1874.00000", "2007-01-31": "1921.00000", "2006-10-31": "1608.00000", "2006-07-31": "1544.00000", "2006-04-30": "1400.00000", "2006-01-31": "1375.00000", "2005-10-31": "1261.00000", "2005-07-31": "1540.00000", "2005-04-30": "1405.00000", "2005-01-31": "1400.00000"}, "EBITDA": {"2020-10-31": "3021.00000", "2020-07-31": "3691.00000", "2020-04-30": "3860.00000", "2020-01-31": "3837.00000", "2019-10-31": "4040.00000", "2019-07-31": "4154.00000", "2019-04-30": "3994.00000", "2019-01-31": "3698.00000", "2018-10-31": "4270.00000", "2018-07-31": "3862.00000", "2018-04-30": "3698.00000", "2018-01-31": "3619.00000", "2017-10-31": "3322.00000", "2017-07-31": "3612.00000", "2017-04-30": "3729.00000", "2017-01-31": "3442.00000", "2016-10-31": "3476.00000", "2016-07-31": "3907.00000", "2016-04-30": "3525.00000", "2016-01-31": "3792.00000", "2015-10-31": "3586.00000", "2015-07-31": "3524.00000", "2015-04-30": "3495.00000", "2015-01-31": "3252.00000", "2014-10-31": "2941.00000", "2014-07-31": "3309.00000", "2014-04-30": "3150.00000", "2014-01-31": "2279.00000", "2013-10-31": "3046.00000", "2013-07-31": "3423.00000", "2013-04-30": "3561.00000", "2013-01-31": "3406.00000", "2012-10-31": "3266.00000", "2012-07-31": "2763.00000", "2012-04-30": "3381.00000", "2012-01-31": "3298.00000", "2011-10-31": "2831.00000", "2011-07-31": "2129.00000", "2011-04-30": "2756.00000", "2011-01-31": "2371.00000", "2010-10-31": "2904.00000", "2010-07-31": "2940.00000", "2010-04-30": "2818.00000", "2010-01-31": "2883.00000", "2009-10-31": "2553.00000", "2009-07-31": "1984.00000", "2009-04-30": "2033.00000", "2009-01-31": "2198.00000", "2008-10-31": "2875.00000", "2008-07-31": "2959.00000", "2008-04-30": "2577.00000", "2008-01-31": "2861.00000", "2007-10-31": "2789.00000", "2007-07-31": "2677.00000", "2007-04-30": "2546.00000", "2007-01-31": "2472.00000", "2006-10-31": "2339.00000", "2006-07-31": "2427.00000", "2006-04-30": "1997.00000", "2006-01-31": "1985.00000", "2005-10-31": "1880.00000", "2005-07-31": "2260.00000", "2005-04-30": "2064.00000", "2005-01-31": "2073.00000"}, "EBIT": {"2020-10-31": "2570.00000", "2020-07-31": "3247.00000", "2020-04-30": "3414.00000", "2020-01-31": "3380.00000", "2019-10-31": "3579.00000", "2019-07-31": "3690.00000", "2019-04-30": "3513.00000", "2019-01-31": "3211.00000", "2018-10-31": "3805.00000", "2018-07-31": "3346.00000", "2018-04-30": "3134.00000", "2018-01-31": "3073.00000", "2017-10-31": "2756.00000", "2017-07-31": "3034.00000", "2017-04-30": "3169.00000", "2017-01-31": "2893.00000", "2016-10-31": "2877.00000", "2016-07-31": "3303.00000", "2016-04-30": "2984.00000", "2016-01-31": "3294.00000", "2015-10-31": "3079.00000", "2015-07-31": "2881.00000", "2015-04-30": "2925.00000", "2015-01-31": "2622.00000", "2014-10-31": "2342.00000", "2014-07-31": "2681.00000", "2014-04-30": "2542.00000", "2014-01-31": "1667.00000", "2013-10-31": "2455.00000", "2013-07-31": "2814.00000", "2013-04-30": "2942.00000", "2013-01-31": "2789.00000", "2012-10-31": "2651.00000", "2012-07-31": "2371.00000", "2012-04-30": "2750.00000", "2012-01-31": "2734.00000", "2011-10-31": "2210.00000", "2011-07-31": "1456.00000", "2011-04-30": "2183.00000", "2011-01-31": "1684.00000", "2010-10-31": "2351.00000", "2010-07-31": "2325.00000", "2010-04-30": "2345.00000", "2010-01-31": "2370.00000", "2009-10-31": "2124.00000", "2009-07-31": "1460.00000", "2009-04-30": "1607.00000", "2009-01-31": "1773.00000", "2008-10-31": "2482.00000", "2008-07-31": "2529.00000", "2008-04-30": "2141.00000", "2008-01-31": "2404.00000", "2007-10-31": "2368.00000", "2007-07-31": "2303.00000", "2007-04-30": "2197.00000", "2007-01-31": "2130.00000", "2006-10-31": "1991.00000", "2006-07-31": "1990.00000", "2006-04-30": "1653.00000", "2006-01-31": "1731.00000", "2005-10-31": "1622.00000", "2005-07-31": "1997.00000", "2005-04-30": "1818.00000", "2005-01-31": "1813.00000"}, "Basic Shares Outstanding": {"2020-10-31": "4230.00000", "2020-07-31": "4236.00000", "2020-04-30": "4230.00000", "2020-01-31": "4242.00000", "2019-10-31": "4246.00000", "2019-07-31": "4419.00000", "2019-04-30": "4370.00000", "2019-01-31": "4470.00000", "2018-10-31": "4565.00000", "2018-07-31": "4837.00000", "2018-04-30": "4791.00000", "2018-01-31": "4924.00000", "2017-10-31": "4959.00000", "2017-07-31": "5010.00000", "2017-04-30": "5005.00000", "2017-01-31": "5015.00000", "2016-10-31": "5027.00000", "2016-07-31": "5053.00000", "2016-04-30": "5032.00000", "2016-01-31": "5070.00000", "2015-10-31": "5080.00000", "2015-07-31": "5104.00000", "2015-04-30": "5102.00000", "2015-01-31": "5117.00000", "2014-10-31": "5112.00000", "2014-07-31": "5234.00000", "2014-04-30": "5143.00000", "2014-01-31": "5294.00000", "2013-10-31": "5378.00000", "2013-07-31": "5329.00000", "2013-04-30": "5329.00000", "2013-01-31": "5318.00000", "2012-10-31": "5301.00000", "2012-07-31": "5370.00000", "2012-04-30": "5388.00000", "2012-01-31": "5368.00000", "2011-10-31": "5394.00000", "2011-07-31": "5529.00000", "2011-04-30": "5508.00000", "2011-01-31": "5531.00000", "2010-10-31": "5595.00000", "2010-07-31": "5732.00000", "2010-04-30": "5731.00000", "2010-01-31": "5741.00000", "2009-10-31": "5767.00000", "2009-07-31": "5828.00000", "2009-04-30": "5805.00000", "2009-01-31": "5848.00000", "2008-10-31": "5881.00000", "2008-07-31": "5986.00000", "2008-04-30": "5942.00000", "2008-01-31": "6010.00000", "2007-10-31": "6087.00000", "2007-07-31": "6055.00000", "2007-04-30": "6034.00000", "2007-01-31": "6057.00000", "2006-10-31": "6061.00000", "2006-07-31": "6158.00000", "2006-04-30": "6160.00000", "2006-01-31": "6146.00000", "2005-10-31": "6245.00000", "2005-07-31": "6487.00000", "2005-04-30": "6435.00000", "2005-01-31": "6521.00000"}, "Shares Outstanding": {"2020-10-31": "4244.00000", "2020-07-31": "4254.00000", "2020-04-30": "4243.00000", "2020-01-31": "4260.00000", "2019-10-31": "4273.00000", "2019-07-31": "4453.00000", "2019-04-30": "4415.00000", "2019-01-31": "4505.00000", "2018-10-31": "4614.00000", "2018-07-31": "4881.00000", "2018-04-30": "4844.00000", "2018-01-31": "4924.00000", "2017-10-31": "4994.00000", "2017-07-31": "5049.00000", "2017-04-30": "5045.00000", "2017-01-31": "5040.00000", "2016-10-31": "5066.00000", "2016-07-31": "5088.00000", "2016-04-30": "5065.00000", "2016-01-31": "5097.00000", "2015-10-31": "5113.00000", "2015-07-31": "5146.00000", "2015-04-30": "5148.00000", "2015-01-31": "5160.00000", "2014-10-31": "5156.00000", "2014-07-31": "5281.00000", "2014-04-30": "5180.00000", "2014-01-31": "5327.00000", "2013-10-31": "5430.00000", "2013-07-31": "5380.00000", "2013-04-30": "5387.00000", "2013-01-31": "5357.00000", "2012-10-31": "5334.00000", "2012-07-31": "5404.00000", "2012-04-30": "5456.00000", "2012-01-31": "5401.00000", "2011-10-31": "5407.00000", "2011-07-31": "5563.00000", "2011-04-30": "5537.00000", "2011-01-31": "5587.00000", "2010-10-31": "5675.00000", "2010-07-31": "5848.00000", "2010-04-30": "5869.00000", "2010-01-31": "5862.00000", "2009-10-31": "5871.00000", "2009-07-31": "5857.00000", "2009-04-30": "5818.00000", "2009-01-31": "5864.00000", "2008-10-31": "5972.00000", "2008-07-31": "6163.00000", "2008-04-30": "6069.00000", "2008-01-31": "6202.00000", "2007-10-31": "6330.00000", "2007-07-31": "6265.00000", "2007-04-30": "6244.00000", "2007-01-31": "6291.00000", "2006-10-31": "6199.00000", "2006-07-31": "6272.00000", "2006-04-30": "6289.00000", "2006-01-31": "6248.00000", "2005-10-31": "6340.00000", "2005-07-31": "6612.00000", "2005-04-30": "6541.00000", "2005-01-31": "6652.00000"}, "Basic EPS": {"2020-10-31": "0.51000", "2020-07-31": "0.62000", "2020-04-30": "0.66000", "2020-01-31": "0.68000", "2019-10-31": "0.69000", "2019-07-31": "0.52000", "2019-04-30": "0.70000", "2019-01-31": "0.63000", "2018-10-31": "0.78000", "2018-07-31": "0.76000", "2018-04-30": "0.56000", "2018-01-31": "-1.78000", "2017-10-31": "0.48000", "2017-07-31": "0.49000", "2017-04-30": "0.50000", "2017-01-31": "0.47000", "2016-10-31": "0.46000", "2016-07-31": "0.56000", "2016-04-30": "0.47000", "2016-01-31": "0.62000", "2015-10-31": "0.48000", "2015-07-31": "0.45000", "2015-04-30": "0.48000", "2015-01-31": "0.47000", "2014-10-31": "0.36000", "2014-07-31": "0.44000", "2014-04-30": "0.42000", "2014-01-31": "0.27000", "2013-10-31": "0.37000", "2013-07-31": "0.42000", "2013-04-30": "0.47000", "2013-01-31": "0.59000", "2012-10-31": "0.39000", "2012-07-31": "0.36000", "2012-04-30": "0.40000", "2012-01-31": "0.41000", "2011-10-31": "0.33000", "2011-07-31": "0.23000", "2011-04-30": "0.33000", "2011-01-31": "0.27000", "2010-10-31": "0.34000", "2010-07-31": "0.35000", "2010-04-30": "0.38000", "2010-01-31": "0.32000", "2009-10-31": "0.31000", "2009-07-31": "0.19000", "2009-04-30": "0.23000", "2009-01-31": "0.26000", "2008-10-31": "0.37000", "2008-07-31": "0.35000", "2008-04-30": "0.30000", "2008-01-31": "0.34000", "2007-10-31": "0.36000", "2007-07-31": "0.31000", "2007-04-30": "0.31000", "2007-01-31": "0.32000", "2006-10-31": "0.27000", "2006-07-31": "0.26000", "2006-04-30": "0.23000", "2006-01-31": "0.22000", "2005-10-31": "0.20000", "2005-07-31": "0.24000", "2005-04-30": "0.22000", "2005-01-31": "0.21000"}, "EPS - Earnings Per Share": {"2020-10-31": "0.51000", "2020-07-31": "0.63000", "2020-04-30": "0.65000", "2020-01-31": "0.68000", "2019-10-31": "0.68000", "2019-07-31": "0.52000", "2019-04-30": "0.69000", "2019-01-31": "0.63000", "2018-10-31": "0.77000", "2018-07-31": "0.76000", "2018-04-30": "0.56000", "2018-01-31": "-1.78000", "2017-10-31": "0.48000", "2017-07-31": "0.47000", "2017-04-30": "0.50000", "2017-01-31": "0.47000", "2016-10-31": "0.46000", "2016-07-31": "0.55000", "2016-04-30": "0.46000", "2016-01-31": "0.62000", "2015-10-31": "0.48000", "2015-07-31": "0.47000", "2015-04-30": "0.47000", "2015-01-31": "0.46000", "2014-10-31": "0.35000", "2014-07-31": "0.43000", "2014-04-30": "0.42000", "2014-01-31": "0.27000", "2013-10-31": "0.37000", "2013-07-31": "0.42000", "2013-04-30": "0.46000", "2013-01-31": "0.59000", "2012-10-31": "0.39000", "2012-07-31": "0.36000", "2012-04-30": "0.40000", "2012-01-31": "0.40000", "2011-10-31": "0.33000", "2011-07-31": "0.23000", "2011-04-30": "0.33000", "2011-01-31": "0.27000", "2010-10-31": "0.34000", "2010-07-31": "0.34000", "2010-04-30": "0.37000", "2010-01-31": "0.32000", "2009-10-31": "0.30000", "2009-07-31": "0.19000", "2009-04-30": "0.23000", "2009-01-31": "0.26000", "2008-10-31": "0.37000", "2008-07-31": "0.34000", "2008-04-30": "0.29000", "2008-01-31": "0.33000", "2007-10-31": "0.35000", "2007-07-31": "0.30000", "2007-04-30": "0.30000", "2007-01-31": "0.31000", "2006-10-31": "0.26000", "2006-07-31": "0.25000", "2006-04-30": "0.22000", "2006-01-31": "0.22000", "2005-10-31": "0.20000", "2005-07-31": "0.24000", "2005-04-30": "0.21000", "2005-01-31": "0.21000"}}, "balance sheet": {"Cash On Hand": {"2020-07-31": "29419.00000", "2019-07-31": "33413.00000", "2018-07-31": "46548.00000", "2017-07-31": "70492.00000", "2016-07-31": "65756.00000", "2015-07-31": "60416.00000", "2014-07-31": "52074.00000", "2013-07-31": "50610.00000", "2012-07-31": "48716.00000", "2011-07-31": "44585.00000", "2010-07-31": "39861.00000", "2009-07-31": "35001.00000", "2008-07-31": "26235.00000", "2007-07-31": "22266.00000", "2006-07-31": "17814.00000", "2005-07-31": "16055.00000"}, "Receivables": {"2020-07-31": "5472.00000", "2019-07-31": "5491.00000", "2018-07-31": "5554.00000", "2017-07-31": "5146.00000", "2016-07-31": "5847.00000", "2015-07-31": "5344.00000", "2014-07-31": "5157.00000", "2013-07-31": "5470.00000", "2012-07-31": "4369.00000", "2011-07-31": "4698.00000", "2010-07-31": "4929.00000", "2009-07-31": "3177.00000", "2008-07-31": "3821.00000", "2007-07-31": "3989.00000", "2006-07-31": "3303.00000", "2005-07-31": "2216.00000"}, "Inventory": {"2020-07-31": "1282.00000", "2019-07-31": "1383.00000", "2018-07-31": "1846.00000", "2017-07-31": "1616.00000", "2016-07-31": "1217.00000", "2015-07-31": "1627.00000", "2014-07-31": "1591.00000", "2013-07-31": "1476.00000", "2012-07-31": "1663.00000", "2011-07-31": "1486.00000", "2010-07-31": "1327.00000", "2009-07-31": "1074.00000", "2008-07-31": "1235.00000", "2007-07-31": "1322.00000", "2006-07-31": "1371.00000", "2005-07-31": "1297.00000"}, "Pre-Paid Expenses": {"2020-07-31": "", "2019-07-31": "", "2018-07-31": "", "2017-07-31": "", "2016-07-31": "", "2015-07-31": "", "2014-07-31": "", "2013-07-31": "", "2012-07-31": "", "2011-07-31": "", "2010-07-31": "", "2009-07-31": "2605.00000", "2008-07-31": "2333.00000", "2007-07-31": "2044.00000", "2006-07-31": "1584.00000", "2005-07-31": "967.00000"}, "Other Current Assets": {"2020-07-31": "2349.00000", "2019-07-31": "2373.00000", "2018-07-31": "2940.00000", "2017-07-31": "1593.00000", "2016-07-31": "1627.00000", "2015-07-31": "1490.00000", "2014-07-31": "1331.00000", "2013-07-31": "1312.00000", "2012-07-31": "1230.00000", "2011-07-31": "941.00000", "2010-07-31": "875.00000", "2009-07-31": "", "2008-07-31": "", "2007-07-31": "", "2006-07-31": "", "2005-07-31": ""}, "Total Current Assets": {"2020-07-31": "43573.00000", "2019-07-31": "47755.00000", "2018-07-31": "61837.00000", "2017-07-31": "83703.00000", "2016-07-31": "78719.00000", "2015-07-31": "73368.00000", "2014-07-31": "67114.00000", "2013-07-31": "65521.00000", "2012-07-31": "61933.00000", "2011-07-31": "57231.00000", "2010-07-31": "51421.00000", "2009-07-31": "44177.00000", "2008-07-31": "35699.00000", "2007-07-31": "31574.00000", "2006-07-31": "25676.00000", "2005-07-31": "22010.00000"}, "Property, Plant, And Equipment": {"2020-07-31": "2453.00000", "2019-07-31": "2789.00000", "2018-07-31": "3006.00000", "2017-07-31": "3322.00000", "2016-07-31": "3506.00000", "2015-07-31": "3332.00000", "2014-07-31": "3252.00000", "2013-07-31": "3322.00000", "2012-07-31": "3402.00000", "2011-07-31": "3916.00000", "2010-07-31": "3941.00000", "2009-07-31": "4043.00000", "2008-07-31": "4151.00000", "2007-07-31": "3893.00000", "2006-07-31": "3440.00000", "2005-07-31": "3320.00000"}, "Long-Term Investments": {"2020-07-31": "", "2019-07-31": "", "2018-07-31": "", "2017-07-31": "", "2016-07-31": "", "2015-07-31": "", "2014-07-31": "", "2013-07-31": "", "2012-07-31": "", "2011-07-31": "", "2010-07-31": "", "2009-07-31": "", "2008-07-31": "", "2007-07-31": "", "2006-07-31": "", "2005-07-31": ""}, "Goodwill And Intangible Assets": {"2020-07-31": "35382.00000", "2019-07-31": "35730.00000", "2018-07-31": "34258.00000", "2017-07-31": "32305.00000", "2016-07-31": "29126.00000", "2015-07-31": "26845.00000", "2014-07-31": "27519.00000", "2013-07-31": "25322.00000", "2012-07-31": "18957.00000", "2011-07-31": "19359.00000", "2010-07-31": "19948.00000", "2009-07-31": "14627.00000", "2008-07-31": "14481.00000", "2007-07-31": "14661.00000", "2006-07-31": "11388.00000", "2005-07-31": "5844.00000"}, "Other Long-Term Assets": {"2020-07-31": "3741.00000", "2019-07-31": "2496.00000", "2018-07-31": "1582.00000", "2017-07-31": "1511.00000", "2016-07-31": "1844.00000", "2015-07-31": "1516.00000", "2014-07-31": "3267.00000", "2013-07-31": "3115.00000", "2012-07-31": "3882.00000", "2011-07-31": "3101.00000", "2010-07-31": "3206.00000", "2009-07-31": "5281.00000", "2008-07-31": "4403.00000", "2007-07-31": "3212.00000", "2006-07-31": "2811.00000", "2005-07-31": "2709.00000"}, "Total Long-Term Assets": {"2020-07-31": "51280.00000", "2019-07-31": "50038.00000", "2018-07-31": "46947.00000", "2017-07-31": "46115.00000", "2016-07-31": "42933.00000", "2015-07-31": "40005.00000", "2014-07-31": "37956.00000", "2013-07-31": "35670.00000", "2012-07-31": "29826.00000", "2011-07-31": "29864.00000", "2010-07-31": "29709.00000", "2009-07-31": "23951.00000", "2008-07-31": "23035.00000", "2007-07-31": "21766.00000", "2006-07-31": "17639.00000", "2005-07-31": "11873.00000"}, "Total Assets": {"2020-07-31": "94853.00000", "2019-07-31": "97793.00000", "2018-07-31": "108784.00000", "2017-07-31": "129818.00000", "2016-07-31": "121652.00000", "2015-07-31": "113373.00000", "2014-07-31": "105070.00000", "2013-07-31": "101191.00000", "2012-07-31": "91759.00000", "2011-07-31": "87095.00000", "2010-07-31": "81130.00000", "2009-07-31": "68128.00000", "2008-07-31": "58734.00000", "2007-07-31": "53340.00000", "2006-07-31": "43315.00000", "2005-07-31": "33883.00000"}, "Total Current Liabilities": {"2020-07-31": "25331.00000", "2019-07-31": "31712.00000", "2018-07-31": "27035.00000", "2017-07-31": "27583.00000", "2016-07-31": "24911.00000", "2015-07-31": "23412.00000", "2014-07-31": "19809.00000", "2013-07-31": "21996.00000", "2012-07-31": "17731.00000", "2011-07-31": "17506.00000", "2010-07-31": "19233.00000", "2009-07-31": "13655.00000", "2008-07-31": "13858.00000", "2007-07-31": "13358.00000", "2006-07-31": "11313.00000", "2005-07-31": "9511.00000"}, "Long Term Debt": {"2020-07-31": "11578.00000", "2019-07-31": "14475.00000", "2018-07-31": "20331.00000", "2017-07-31": "25725.00000", "2016-07-31": "24483.00000", "2015-07-31": "21457.00000", "2014-07-31": "20337.00000", "2013-07-31": "12928.00000", "2012-07-31": "16297.00000", "2011-07-31": "16234.00000", "2010-07-31": "12188.00000", "2009-07-31": "10295.00000", "2008-07-31": "6393.00000", "2007-07-31": "6408.00000", "2006-07-31": "6332.00000", "2005-07-31": ""}, "Other Non-Current Liabilities": {"2020-07-31": "10984.00000", "2019-07-31": "10236.00000", "2018-07-31": "10019.00000", "2017-07-31": "2700.00000", "2016-07-31": "2356.00000", "2015-07-31": "3438.00000", "2014-07-31": "3599.00000", "2013-07-31": "2978.00000", "2012-07-31": "2402.00000", "2011-07-31": "1914.00000", "2010-07-31": "2005.00000", "2009-07-31": "2546.00000", "2008-07-31": "1418.00000", "2007-07-31": "438.00000", "2006-07-31": "511.00000", "2005-07-31": ""}, "Total Long Term Liabilities": {"2020-07-31": "31602.00000", "2019-07-31": "32510.00000", "2018-07-31": "38545.00000", "2017-07-31": "36098.00000", "2016-07-31": "33156.00000", "2015-07-31": "30254.00000", "2014-07-31": "28600.00000", "2013-07-31": "20067.00000", "2012-07-31": "22727.00000", "2011-07-31": "22330.00000", "2010-07-31": "17612.00000", "2009-07-31": "15796.00000", "2008-07-31": "10523.00000", "2007-07-31": "8502.00000", "2006-07-31": "8090.00000", "2005-07-31": "1198.00000"}, "Total Liabilities": {"2020-07-31": "56933.00000", "2019-07-31": "64222.00000", "2018-07-31": "65580.00000", "2017-07-31": "63681.00000", "2016-07-31": "58067.00000", "2015-07-31": "53666.00000", "2014-07-31": "48409.00000", "2013-07-31": "42063.00000", "2012-07-31": "40458.00000", "2011-07-31": "39836.00000", "2010-07-31": "36845.00000", "2009-07-31": "29451.00000", "2008-07-31": "24381.00000", "2007-07-31": "21860.00000", "2006-07-31": "19403.00000", "2005-07-31": "10709.00000"}, "Common Stock Net": {"2020-07-31": "41202.00000", "2019-07-31": "40266.00000", "2018-07-31": "42820.00000", "2017-07-31": "45253.00000", "2016-07-31": "44516.00000", "2015-07-31": "43592.00000", "2014-07-31": "41884.00000", "2013-07-31": "42297.00000", "2012-07-31": "39271.00000", "2011-07-31": "38648.00000", "2010-07-31": "37793.00000", "2009-07-31": "34344.00000", "2008-07-31": "33505.00000", "2007-07-31": "30687.00000", "2006-07-31": "24257.00000", "2005-07-31": "22394.00000"}, "Retained Earnings (Accumulated Deficit)": {"2020-07-31": "-2763.00000", "2019-07-31": "-5903.00000", "2018-07-31": "1233.00000", "2017-07-31": "20838.00000", "2016-07-31": "19396.00000", "2015-07-31": "16045.00000", "2014-07-31": "14093.00000", "2013-07-31": "16215.00000", "2012-07-31": "11354.00000", "2011-07-31": "7284.00000", "2010-07-31": "5851.00000", "2009-07-31": "3868.00000", "2008-07-31": "120.00000", "2007-07-31": "231.00000", "2006-07-31": "-617.00000", "2005-07-31": "506.00000"}, "Comprehensive Income": {"2020-07-31": "-519.00000", "2019-07-31": "-792.00000", "2018-07-31": "-849.00000", "2017-07-31": "46.00000", "2016-07-31": "-326.00000", "2015-07-31": "61.00000", "2014-07-31": "677.00000", "2013-07-31": "608.00000", "2012-07-31": "661.00000", "2011-07-31": "1294.00000", "2010-07-31": "623.00000", "2009-07-31": "435.00000", "2008-07-31": "728.00000", "2007-07-31": "562.00000", "2006-07-31": "272.00000", "2005-07-31": "274.00000"}, "Other Share Holders Equity": {"2020-07-31": "", "2019-07-31": "", "2018-07-31": "", "2017-07-31": "", "2016-07-31": "", "2015-07-31": "", "2014-07-31": "", "2013-07-31": "", "2012-07-31": "", "2011-07-31": "", "2010-07-31": "", "2009-07-31": "", "2008-07-31": "", "2007-07-31": "", "2006-07-31": "", "2005-07-31": ""}, "Share Holder Equity": {"2020-07-31": "37920.00000", "2019-07-31": "33571.00000", "2018-07-31": "43204.00000", "2017-07-31": "66137.00000", "2016-07-31": "63585.00000", "2015-07-31": "59707.00000", "2014-07-31": "56661.00000", "2013-07-31": "59128.00000", "2012-07-31": "51301.00000", "2011-07-31": "47259.00000", "2010-07-31": "44285.00000", "2009-07-31": "38677.00000", "2008-07-31": "34353.00000", "2007-07-31": "31480.00000", "2006-07-31": "23912.00000", "2005-07-31": "23174.00000"}, "Total Liabilities And Share Holders Equity": {"2020-07-31": "94853.00000", "2019-07-31": "97793.00000", "2018-07-31": "108784.00000", "2017-07-31": "129818.00000", "2016-07-31": "121652.00000", "2015-07-31": "113373.00000", "2014-07-31": "105070.00000", "2013-07-31": "101191.00000", "2012-07-31": "91759.00000", "2011-07-31": "87095.00000", "2010-07-31": "81130.00000", "2009-07-31": "68128.00000", "2008-07-31": "58734.00000", "2007-07-31": "53340.00000", "2006-07-31": "43315.00000", "2005-07-31": "33883.00000"}}, "balance sheet, quarterly": {"Cash On Hand": {"2020-10-31": "30012.00000", "2020-07-31": "29419.00000", "2020-04-30": "28574.00000", "2020-01-31": "27062.00000", "2019-10-31": "28035.00000", "2019-07-31": "33413.00000", "2019-04-30": "34643.00000", "2019-01-31": "40383.00000", "2018-10-31": "42593.00000", "2018-07-31": "46548.00000", "2018-04-30": "54431.00000", "2018-01-31": "73683.00000", "2017-10-31": "71588.00000", "2017-07-31": "70492.00000", "2017-04-30": "67974.00000", "2017-01-31": "71845.00000", "2016-10-31": "70968.00000", "2016-07-31": "65756.00000", "2016-04-30": "63512.00000", "2016-01-31": "60375.00000", "2015-10-31": "59107.00000", "2015-07-31": "60416.00000", "2015-04-30": "54419.00000", "2015-01-31": "53022.00000", "2014-10-31": "52107.00000", "2014-07-31": "52074.00000", "2014-04-30": "50469.00000", "2014-01-31": "47065.00000", "2013-10-31": "48201.00000", "2013-07-31": "50610.00000", "2013-04-30": "47388.00000", "2013-01-31": "46376.00000", "2012-10-31": "45000.00000", "2012-07-31": "48716.00000", "2012-04-30": "48412.00000", "2012-01-31": "46742.00000", "2011-10-31": "44388.00000", "2011-07-31": "44585.00000", "2011-04-30": "43367.00000", "2011-01-31": "40229.00000", "2010-10-31": "38925.00000", "2010-07-31": "39861.00000", "2010-04-30": "39106.00000", "2010-01-31": "39638.00000", "2009-10-31": "35365.00000", "2009-07-31": "35001.00000", "2009-04-30": "33551.00000", "2009-01-31": "29531.00000", "2008-10-31": "26763.00000", "2008-07-31": "26235.00000", "2008-04-30": "24433.00000", "2008-01-31": "22693.00000", "2007-10-31": "24679.00000", "2007-07-31": "22266.00000", "2007-04-30": "22336.00000", "2007-01-31": "20681.00000", "2006-10-31": "19520.00000", "2006-07-31": "17814.00000", "2006-04-30": "18183.00000", "2006-01-31": "14989.00000", "2005-10-31": "13490.00000", "2005-07-31": "16055.00000", "2005-04-30": "5038.00000", "2005-01-31": "5764.00000"}, "Receivables": {"2020-10-31": "3980.00000", "2020-07-31": "5472.00000", "2020-04-30": "4569.00000", "2020-01-31": "4330.00000", "2019-10-31": "4878.00000", "2019-07-31": "5491.00000", "2019-04-30": "3795.00000", "2019-01-31": "3745.00000", "2018-10-31": "4536.00000", "2018-07-31": "5554.00000", "2018-04-30": "4274.00000", "2018-01-31": "3963.00000", "2017-10-31": "4206.00000", "2017-07-31": "5146.00000", "2017-04-30": "4635.00000", "2017-01-31": "4458.00000", "2016-10-31": "4805.00000", "2016-07-31": "5847.00000", "2016-04-30": "4047.00000", "2016-01-31": "4302.00000", "2015-10-31": "4712.00000", "2015-07-31": "5344.00000", "2015-04-30": "4889.00000", "2015-01-31": "4541.00000", "2014-10-31": "4375.00000", "2014-07-31": "5157.00000", "2014-04-30": "4443.00000", "2014-01-31": "4378.00000", "2013-10-31": "5188.00000", "2013-07-31": "5470.00000", "2013-04-30": "4942.00000", "2013-01-31": "4462.00000", "2012-10-31": "3942.00000", "2012-07-31": "4369.00000", "2012-04-30": "3980.00000", "2012-01-31": "3876.00000", "2011-10-31": "4300.00000", "2011-07-31": "4698.00000", "2011-04-30": "4413.00000", "2011-01-31": "4620.00000", "2010-10-31": "4471.00000", "2010-07-31": "4929.00000", "2010-04-30": "4078.00000", "2010-01-31": "4237.00000", "2009-10-31": "3159.00000", "2009-07-31": "3177.00000", "2009-04-30": "2392.00000", "2009-01-31": "2893.00000", "2008-10-31": "3278.00000", "2008-07-31": "3821.00000", "2008-04-30": "4183.00000", "2008-01-31": "4165.00000", "2007-10-31": "3418.00000", "2007-07-31": "3989.00000", "2007-04-30": "3238.00000", "2007-01-31": "2908.00000", "2006-10-31": "3091.00000", "2006-07-31": "3303.00000", "2006-04-30": "2980.00000", "2006-01-31": "2537.00000", "2005-10-31": "2342.00000", "2005-07-31": "2216.00000", "2005-04-30": "2241.00000", "2005-01-31": "2278.00000"}, "Inventory": {"2020-10-31": "1303.00000", "2020-07-31": "1282.00000", "2020-04-30": "1212.00000", "2020-01-31": "1353.00000", "2019-10-31": "1344.00000", "2019-07-31": "1383.00000", "2019-04-30": "1513.00000", "2019-01-31": "1701.00000", "2018-10-31": "1572.00000", "2018-07-31": "1846.00000", "2018-04-30": "1900.00000", "2018-01-31": "1896.00000", "2017-10-31": "1693.00000", "2017-07-31": "1616.00000", "2017-04-30": "1366.00000", "2017-01-31": "1264.00000", "2016-10-31": "1176.00000", "2016-07-31": "1217.00000", "2016-04-30": "1343.00000", "2016-01-31": "1362.00000", "2015-10-31": "1482.00000", "2015-07-31": "1627.00000", "2015-04-30": "1760.00000", "2015-01-31": "1890.00000", "2014-10-31": "1676.00000", "2014-07-31": "1591.00000", "2014-04-30": "1528.00000", "2014-01-31": "1548.00000", "2013-10-31": "1466.00000", "2013-07-31": "1476.00000", "2013-04-30": "1469.00000", "2013-01-31": "1574.00000", "2012-10-31": "1709.00000", "2012-07-31": "1663.00000", "2012-04-30": "1497.00000", "2012-01-31": "1590.00000", "2011-10-31": "1622.00000", "2011-07-31": "1486.00000", "2011-04-30": "1442.00000", "2011-01-31": "1602.00000", "2010-10-31": "1523.00000", "2010-07-31": "1327.00000", "2010-04-30": "1250.00000", "2010-01-31": "1215.00000", "2009-10-31": "1089.00000", "2009-07-31": "1074.00000", "2009-04-30": "1023.00000", "2009-01-31": "1107.00000", "2008-10-31": "1209.00000", "2008-07-31": "1235.00000", "2008-04-30": "1279.00000", "2008-01-31": "1267.00000", "2007-10-31": "1315.00000", "2007-07-31": "1322.00000", "2007-04-30": "1289.00000", "2007-01-31": "1642.00000", "2006-10-31": "1477.00000", "2006-07-31": "1371.00000", "2006-04-30": "1313.00000", "2006-01-31": "1345.00000", "2005-10-31": "1318.00000", "2005-07-31": "1297.00000", "2005-04-30": "1280.00000", "2005-01-31": "1255.00000"}, "Pre-Paid Expenses": {"2020-10-31": "", "2020-07-31": "", "2020-04-30": "", "2020-01-31": "", "2019-10-31": "", "2019-07-31": "", "2019-04-30": "", "2019-01-31": "", "2018-10-31": "", "2018-07-31": "", "2018-04-30": "", "2018-01-31": "", "2017-10-31": "", "2017-07-31": "", "2017-04-30": "", "2017-01-31": "", "2016-10-31": "", "2016-07-31": "", "2016-04-30": "", "2016-01-31": "", "2015-10-31": "", "2015-07-31": "", "2015-04-30": "", "2015-01-31": "", "2014-10-31": "", "2014-07-31": "", "2014-04-30": "", "2014-01-31": "", "2013-10-31": "", "2013-07-31": "", "2013-04-30": "", "2013-01-31": "", "2012-10-31": "", "2012-07-31": "", "2012-04-30": "", "2012-01-31": "", "2011-10-31": "", "2011-07-31": "", "2011-04-30": "", "2011-01-31": "", "2010-10-31": "", "2010-07-31": "", "2010-04-30": "", "2010-01-31": "", "2009-10-31": "", "2009-07-31": "2605.00000", "2009-04-30": "2320.00000", "2009-01-31": "2330.00000", "2008-10-31": "2341.00000", "2008-07-31": "2333.00000", "2008-04-30": "2172.00000", "2008-01-31": "2269.00000", "2007-10-31": "2127.00000", "2007-07-31": "2044.00000", "2007-04-30": "1922.00000", "2007-01-31": "1612.00000", "2006-10-31": "1581.00000", "2006-07-31": "1584.00000", "2006-04-30": "1527.00000", "2006-01-31": "1264.00000", "2005-10-31": "1193.00000", "2005-07-31": "967.00000", "2005-04-30": "867.00000", "2005-01-31": "792.00000"}, "Other Current Assets": {"2020-10-31": "2589.00000", "2020-07-31": "2349.00000", "2020-04-30": "2249.00000", "2020-01-31": "2481.00000", "2019-10-31": "2433.00000", "2019-07-31": "2373.00000", "2019-04-30": "2331.00000", "2019-01-31": "2231.00000", "2018-10-31": "2134.00000", "2018-07-31": "2940.00000", "2018-04-30": "1668.00000", "2018-01-31": "1583.00000", "2017-10-31": "1555.00000", "2017-07-31": "1593.00000", "2017-04-30": "1348.00000", "2017-01-31": "1329.00000", "2016-10-31": "1651.00000", "2016-07-31": "1627.00000", "2016-04-30": "2230.00000", "2016-01-31": "1618.00000", "2015-10-31": "1433.00000", "2015-07-31": "1490.00000", "2015-04-30": "1476.00000", "2015-01-31": "1565.00000", "2014-10-31": "1284.00000", "2014-07-31": "1331.00000", "2014-04-30": "1273.00000", "2014-01-31": "1263.00000", "2013-10-31": "1476.00000", "2013-07-31": "1312.00000", "2013-04-30": "1363.00000", "2013-01-31": "2122.00000", "2012-10-31": "1277.00000", "2012-07-31": "1230.00000", "2012-04-30": "1510.00000", "2012-01-31": "1441.00000", "2011-10-31": "1499.00000", "2011-07-31": "941.00000", "2011-04-30": "3862.00000", "2011-01-31": "3561.00000", "2010-10-31": "3495.00000", "2010-07-31": "875.00000", "2010-04-30": "3047.00000", "2010-01-31": "2816.00000", "2009-10-31": "2879.00000", "2009-07-31": "", "2009-04-30": "", "2009-01-31": "", "2008-10-31": "", "2008-07-31": "", "2008-04-30": "", "2008-01-31": "", "2007-10-31": "", "2007-07-31": "", "2007-04-30": "", "2007-01-31": "", "2006-10-31": "", "2006-07-31": "", "2006-04-30": "", "2006-01-31": "", "2005-10-31": "", "2005-07-31": "", "2005-04-30": "", "2005-01-31": ""}, "Total Current Assets": {"2020-10-31": "42989.00000", "2020-07-31": "43573.00000", "2020-04-30": "41307.00000", "2020-01-31": "40053.00000", "2019-10-31": "41716.00000", "2019-07-31": "47755.00000", "2019-04-30": "47311.00000", "2019-01-31": "53117.00000", "2018-10-31": "55686.00000", "2018-07-31": "61837.00000", "2018-04-30": "67141.00000", "2018-01-31": "86050.00000", "2017-10-31": "84080.00000", "2017-07-31": "83703.00000", "2017-04-30": "79962.00000", "2017-01-31": "83392.00000", "2016-10-31": "83141.00000", "2016-07-31": "78719.00000", "2016-04-30": "78571.00000", "2016-01-31": "75005.00000", "2015-10-31": "73946.00000", "2015-07-31": "73368.00000", "2015-04-30": "69331.00000", "2015-01-31": "67882.00000", "2014-10-31": "66396.00000", "2014-07-31": "67114.00000", "2014-04-30": "64288.00000", "2014-01-31": "60689.00000", "2013-10-31": "62796.00000", "2013-07-31": "65521.00000", "2013-04-30": "61417.00000", "2013-01-31": "60725.00000", "2012-10-31": "57907.00000", "2012-07-31": "61933.00000", "2012-04-30": "61212.00000", "2012-01-31": "59298.00000", "2011-10-31": "57267.00000", "2011-07-31": "57231.00000", "2011-04-30": "55204.00000", "2011-01-31": "52066.00000", "2010-10-31": "50406.00000", "2010-07-31": "51421.00000", "2010-04-30": "49758.00000", "2010-01-31": "50139.00000", "2009-10-31": "44697.00000", "2009-07-31": "44177.00000", "2009-04-30": "41336.00000", "2009-01-31": "37995.00000", "2008-10-31": "35662.00000", "2008-07-31": "35699.00000", "2008-04-30": "34145.00000", "2008-01-31": "32442.00000", "2007-10-31": "33455.00000", "2007-07-31": "31574.00000", "2007-04-30": "30540.00000", "2007-01-31": "28516.00000", "2006-10-31": "27251.00000", "2006-07-31": "25676.00000", "2006-04-30": "25487.00000", "2006-01-31": "21611.00000", "2005-10-31": "19753.00000", "2005-07-31": "22010.00000", "2005-04-30": "10963.00000", "2005-01-31": "11970.00000"}, "Property, Plant, And Equipment": {"2020-10-31": "2412.00000", "2020-07-31": "2453.00000", "2020-04-30": "2535.00000", "2020-01-31": "2621.00000", "2019-10-31": "2669.00000", "2019-07-31": "2789.00000", "2019-04-30": "2834.00000", "2019-01-31": "2931.00000", "2018-10-31": "2956.00000", "2018-07-31": "3006.00000", "2018-04-30": "3082.00000", "2018-01-31": "3113.00000", "2017-10-31": "3202.00000", "2017-07-31": "3322.00000", "2017-04-30": "3395.00000", "2017-01-31": "3422.00000", "2016-10-31": "3499.00000", "2016-07-31": "3506.00000", "2016-04-30": "3529.00000", "2016-01-31": "3386.00000", "2015-10-31": "3346.00000", "2015-07-31": "3332.00000", "2015-04-30": "3276.00000", "2015-01-31": "3212.00000", "2014-10-31": "3233.00000", "2014-07-31": "3252.00000", "2014-04-30": "3310.00000", "2014-01-31": "3234.00000", "2013-10-31": "3273.00000", "2013-07-31": "3322.00000", "2013-04-30": "3330.00000", "2013-01-31": "3403.00000", "2012-10-31": "3409.00000", "2012-07-31": "3402.00000", "2012-04-30": "3634.00000", "2012-01-31": "3711.00000", "2011-10-31": "3753.00000", "2011-07-31": "3916.00000", "2011-04-30": "4023.00000", "2011-01-31": "4031.00000", "2010-10-31": "3984.00000", "2010-07-31": "3941.00000", "2010-04-30": "3994.00000", "2010-01-31": "3958.00000", "2009-10-31": "3976.00000", "2009-07-31": "4043.00000", "2009-04-30": "4089.00000", "2009-01-31": "4141.00000", "2008-10-31": "4181.00000", "2008-07-31": "4151.00000", "2008-04-30": "4045.00000", "2008-01-31": "3973.00000", "2007-10-31": "3956.00000", "2007-07-31": "3893.00000", "2007-04-30": "3695.00000", "2007-01-31": "3539.00000", "2006-10-31": "3444.00000", "2006-07-31": "3440.00000", "2006-04-30": "3479.00000", "2006-01-31": "3316.00000", "2005-10-31": "3335.00000", "2005-07-31": "3320.00000", "2005-04-30": "3298.00000", "2005-01-31": "3302.00000"}, "Long-Term Investments": {"2020-10-31": "", "2020-07-31": "", "2020-04-30": "", "2020-01-31": "", "2019-10-31": "", "2019-07-31": "", "2019-04-30": "", "2019-01-31": "", "2018-10-31": "", "2018-07-31": "", "2018-04-30": "", "2018-01-31": "", "2017-10-31": "", "2017-07-31": "", "2017-04-30": "", "2017-01-31": "", "2016-10-31": "", "2016-07-31": "", "2016-04-30": "", "2016-01-31": "", "2015-10-31": "", "2015-07-31": "", "2015-04-30": "", "2015-01-31": "", "2014-10-31": "", "2014-07-31": "", "2014-04-30": "", "2014-01-31": "", "2013-10-31": "", "2013-07-31": "", "2013-04-30": "", "2013-01-31": "", "2012-10-31": "", "2012-07-31": "", "2012-04-30": "", "2012-01-31": "", "2011-10-31": "", "2011-07-31": "", "2011-04-30": "", "2011-01-31": "", "2010-10-31": "", "2010-07-31": "", "2010-04-30": "", "2010-01-31": "", "2009-10-31": "", "2009-07-31": "", "2009-04-30": "", "2009-01-31": "", "2008-10-31": "", "2008-07-31": "", "2008-04-30": "", "2008-01-31": "", "2007-10-31": "", "2007-07-31": "", "2007-04-30": "", "2007-01-31": "", "2006-10-31": "", "2006-07-31": "", "2006-04-30": "", "2006-01-31": "", "2005-10-31": "", "2005-07-31": "", "2005-04-30": "11111.00000", "2005-01-31": "10761.00000"}, "Goodwill And Intangible Assets": {"2020-10-31": "36116.00000", "2020-07-31": "35382.00000", "2020-04-30": "35197.00000", "2020-01-31": "35518.00000", "2019-10-31": "35685.00000", "2019-07-31": "35730.00000", "2019-04-30": "35942.00000", "2019-01-31": "35563.00000", "2018-10-31": "36102.00000", "2018-07-31": "34258.00000", "2018-04-30": "34335.00000", "2018-01-31": "32865.00000", "2017-10-31": "32910.00000", "2017-07-31": "32305.00000", "2017-04-30": "32220.00000", "2017-01-31": "28939.00000", "2016-10-31": "29120.00000", "2016-07-31": "29126.00000", "2016-04-30": "29506.00000", "2016-01-31": "27280.00000", "2015-10-31": "27174.00000", "2015-07-31": "26845.00000", "2015-04-30": "27024.00000", "2015-01-31": "27137.00000", "2014-10-31": "27430.00000", "2014-07-31": "27519.00000", "2014-04-30": "27537.00000", "2014-01-31": "27779.00000", "2013-10-31": "27639.00000", "2013-07-31": "25322.00000", "2013-04-30": "25048.00000", "2013-01-31": "24903.00000", "2012-10-31": "23892.00000", "2012-07-31": "18957.00000", "2012-04-30": "19140.00000", "2012-01-31": "19077.00000", "2011-10-31": "19192.00000", "2011-07-31": "19359.00000", "2011-04-30": "19582.00000", "2011-01-31": "19545.00000", "2010-10-31": "19918.00000", "2010-07-31": "19948.00000", "2010-04-30": "20116.00000", "2010-01-31": "17084.00000", "2009-10-31": "14494.00000", "2009-07-31": "14627.00000", "2009-04-30": "14225.00000", "2009-01-31": "14364.00000", "2008-10-31": "14530.00000", "2008-07-31": "14481.00000", "2008-04-30": "14600.00000", "2008-01-31": "14728.00000", "2007-10-31": "14537.00000", "2007-07-31": "14661.00000", "2007-04-30": "11402.00000", "2007-01-31": "11278.00000", "2006-10-31": "11363.00000", "2006-07-31": "11388.00000", "2006-04-30": "11542.00000", "2006-01-31": "5932.00000", "2005-10-31": "5960.00000", "2005-07-31": "5844.00000", "2005-04-30": "5522.00000", "2005-01-31": "5070.00000"}, "Other Long-Term Assets": {"2020-10-31": "3832.00000", "2020-07-31": "3741.00000", "2020-04-30": "3676.00000", "2020-01-31": "3581.00000", "2019-10-31": "3628.00000", "2019-07-31": "2496.00000", "2019-04-30": "2315.00000", "2019-01-31": "2205.00000", "2018-10-31": "2081.00000", "2018-07-31": "1582.00000", "2018-04-30": "1491.00000", "2018-01-31": "1472.00000", "2017-10-31": "1448.00000", "2017-07-31": "1511.00000", "2017-04-30": "1454.00000", "2017-01-31": "1538.00000", "2016-10-31": "1686.00000", "2016-07-31": "1844.00000", "2016-04-30": "3148.00000", "2016-01-31": "3068.00000", "2015-10-31": "3270.00000", "2015-07-31": "1516.00000", "2015-04-30": "3075.00000", "2015-01-31": "3142.00000", "2014-10-31": "3228.00000", "2014-07-31": "3267.00000", "2014-04-30": "3184.00000", "2014-01-31": "3097.00000", "2013-10-31": "3140.00000", "2013-07-31": "3115.00000", "2013-04-30": "3451.00000", "2013-01-31": "3510.00000", "2012-10-31": "3740.00000", "2012-07-31": "3882.00000", "2012-04-30": "3650.00000", "2012-01-31": "3701.00000", "2011-10-31": "3543.00000", "2011-07-31": "3101.00000", "2011-04-30": "6541.00000", "2011-01-31": "6339.00000", "2010-10-31": "5707.00000", "2010-07-31": "3206.00000", "2010-04-30": "5424.00000", "2010-01-31": "5222.00000", "2009-10-31": "5513.00000", "2009-07-31": "5281.00000", "2009-04-30": "5016.00000", "2009-01-31": "4857.00000", "2008-10-31": "4514.00000", "2008-07-31": "4403.00000", "2008-04-30": "4333.00000", "2008-01-31": "4157.00000", "2007-10-31": "3754.00000", "2007-07-31": "3212.00000", "2007-04-30": "3198.00000", "2007-01-31": "2921.00000", "2006-10-31": "2850.00000", "2006-07-31": "2811.00000", "2006-04-30": "2574.00000", "2006-01-31": "2793.00000", "2005-10-31": "2707.00000", "2005-07-31": "2709.00000", "2005-04-30": "3076.00000", "2005-01-31": "2722.00000"}, "Total Long-Term Assets": {"2020-10-31": "52014.00000", "2020-07-31": "51280.00000", "2020-04-30": "50087.00000", "2020-01-31": "50373.00000", "2019-10-31": "50776.00000", "2019-07-31": "50038.00000", "2019-04-30": "49976.00000", "2019-01-31": "49345.00000", "2018-10-31": "49743.00000", "2018-07-31": "46947.00000", "2018-04-30": "46867.00000", "2018-01-31": "45460.00000", "2017-10-31": "46442.00000", "2017-07-31": "46115.00000", "2017-04-30": "45988.00000", "2017-01-31": "42856.00000", "2016-10-31": "43146.00000", "2016-07-31": "42933.00000", "2016-04-30": "40083.00000", "2016-01-31": "37637.00000", "2015-10-31": "37827.00000", "2015-07-31": "40005.00000", "2015-04-30": "36881.00000", "2015-01-31": "37040.00000", "2014-10-31": "37582.00000", "2014-07-31": "37956.00000", "2014-04-30": "37568.00000", "2014-01-31": "37738.00000", "2013-10-31": "37945.00000", "2013-07-31": "35670.00000", "2013-04-30": "35667.00000", "2013-01-31": "35653.00000", "2012-10-31": "34736.00000", "2012-07-31": "29826.00000", "2012-04-30": "29942.00000", "2012-01-31": "29961.00000", "2011-10-31": "29697.00000", "2011-07-31": "29864.00000", "2011-04-30": "30146.00000", "2011-01-31": "29915.00000", "2010-10-31": "29609.00000", "2010-07-31": "29709.00000", "2010-04-30": "29534.00000", "2010-01-31": "26264.00000", "2009-10-31": "23983.00000", "2009-07-31": "23951.00000", "2009-04-30": "23330.00000", "2009-01-31": "23362.00000", "2008-10-31": "23225.00000", "2008-07-31": "23035.00000", "2008-04-30": "22978.00000", "2008-01-31": "22858.00000", "2007-10-31": "22247.00000", "2007-07-31": "21766.00000", "2007-04-30": "18295.00000", "2007-01-31": "17738.00000", "2006-10-31": "17657.00000", "2006-07-31": "17639.00000", "2006-04-30": "17595.00000", "2006-01-31": "12041.00000", "2005-10-31": "12002.00000", "2005-07-31": "11873.00000", "2005-04-30": "23007.00000", "2005-01-31": "21855.00000"}, "Total Assets": {"2020-10-31": "95003.00000", "2020-07-31": "94853.00000", "2020-04-30": "91394.00000", "2020-01-31": "90426.00000", "2019-10-31": "92492.00000", "2019-07-31": "97793.00000", "2019-04-30": "97287.00000", "2019-01-31": "102462.00000", "2018-10-31": "105429.00000", "2018-07-31": "108784.00000", "2018-04-30": "114008.00000", "2018-01-31": "131510.00000", "2017-10-31": "130522.00000", "2017-07-31": "129818.00000", "2017-04-30": "125950.00000", "2017-01-31": "126248.00000", "2016-10-31": "126287.00000", "2016-07-31": "121652.00000", "2016-04-30": "118654.00000", "2016-01-31": "112642.00000", "2015-10-31": "111773.00000", "2015-07-31": "113373.00000", "2015-04-30": "106212.00000", "2015-01-31": "104922.00000", "2014-10-31": "103978.00000", "2014-07-31": "105070.00000", "2014-04-30": "101856.00000", "2014-01-31": "98427.00000", "2013-10-31": "100741.00000", "2013-07-31": "101191.00000", "2013-04-30": "97084.00000", "2013-01-31": "96378.00000", "2012-10-31": "92643.00000", "2012-07-31": "91759.00000", "2012-04-30": "91154.00000", "2012-01-31": "89259.00000", "2011-10-31": "86964.00000", "2011-07-31": "87095.00000", "2011-04-30": "85350.00000", "2011-01-31": "81981.00000", "2010-10-31": "80015.00000", "2010-07-31": "81130.00000", "2010-04-30": "79292.00000", "2010-01-31": "76403.00000", "2009-10-31": "68680.00000", "2009-07-31": "68128.00000", "2009-04-30": "64666.00000", "2009-01-31": "61357.00000", "2008-10-31": "58887.00000", "2008-07-31": "58734.00000", "2008-04-30": "57123.00000", "2008-01-31": "55300.00000", "2007-10-31": "55702.00000", "2007-07-31": "53340.00000", "2007-04-30": "48835.00000", "2007-01-31": "46254.00000", "2006-10-31": "44908.00000", "2006-07-31": "43315.00000", "2006-04-30": "43082.00000", "2006-01-31": "33652.00000", "2005-10-31": "31755.00000", "2005-07-31": "33883.00000", "2005-04-30": "33970.00000", "2005-01-31": "33825.00000"}, "Total Current Liabilities": {"2020-10-31": "26991.00000", "2020-07-31": "25331.00000", "2020-04-30": "25937.00000", "2020-01-31": "22088.00000", "2019-10-31": "24597.00000", "2019-07-31": "31712.00000", "2019-04-30": "27913.00000", "2019-01-31": "29479.00000", "2018-10-31": "26414.00000", "2018-07-31": "27035.00000", "2018-04-30": "28642.00000", "2018-01-31": "35364.00000", "2017-10-31": "29284.00000", "2017-07-31": "27583.00000", "2017-04-30": "22718.00000", "2017-01-31": "22708.00000", "2016-10-31": "23217.00000", "2016-07-31": "24911.00000", "2016-04-30": "24003.00000", "2016-01-31": "22799.00000", "2015-10-31": "22100.00000", "2015-07-31": "23412.00000", "2015-04-30": "23245.00000", "2015-01-31": "20034.00000", "2014-10-31": "20056.00000", "2014-07-31": "19809.00000", "2014-04-30": "18515.00000", "2014-01-31": "22944.00000", "2013-10-31": "21728.00000", "2013-07-31": "21996.00000", "2013-04-30": "21063.00000", "2013-01-31": "17950.00000", "2012-10-31": "17114.00000", "2012-07-31": "17731.00000", "2012-04-30": "17124.00000", "2012-01-31": "17598.00000", "2011-10-31": "17461.00000", "2011-07-31": "17506.00000", "2011-04-30": "16110.00000", "2011-01-31": "18505.00000", "2010-10-31": "18120.00000", "2010-07-31": "19233.00000", "2010-04-30": "18439.00000", "2010-01-31": "14405.00000", "2009-10-31": "13162.00000", "2009-07-31": "13655.00000", "2009-04-30": "12861.00000", "2009-01-31": "13604.00000", "2008-10-31": "13548.00000", "2008-07-31": "13858.00000", "2008-04-30": "13359.00000", "2008-01-31": "12193.00000", "2007-10-31": "12220.00000", "2007-07-31": "13358.00000", "2007-04-30": "11972.00000", "2007-01-31": "11491.00000", "2006-10-31": "11281.00000", "2006-07-31": "11313.00000", "2006-04-30": "10430.00000", "2006-01-31": "9521.00000", "2005-10-31": "9236.00000", "2005-07-31": "9511.00000", "2005-04-30": "9187.00000", "2005-01-31": "9072.00000"}, "Long Term Debt": {"2020-10-31": "9564.00000", "2020-07-31": "11578.00000", "2020-04-30": "11578.00000", "2020-01-31": "14494.00000", "2019-10-31": "14497.00000", "2019-07-31": "14475.00000", "2019-04-30": "15921.00000", "2019-01-31": "15893.00000", "2018-10-31": "18323.00000", "2018-07-31": "20331.00000", "2018-04-30": "20336.00000", "2018-01-31": "25625.00000", "2017-10-31": "25684.00000", "2017-07-31": "25725.00000", "2017-04-30": "28222.00000", "2017-01-31": "30471.00000", "2016-10-31": "30634.00000", "2016-07-31": "24483.00000", "2016-04-30": "24431.00000", "2016-01-31": "21591.00000", "2015-10-31": "21594.00000", "2015-07-31": "21457.00000", "2015-04-30": "16586.00000", "2015-01-31": "19667.00000", "2014-10-31": "19615.00000", "2014-07-31": "20337.00000", "2014-04-30": "20384.00000", "2014-01-31": "12385.00000", "2013-10-31": "12947.00000", "2013-07-31": "12928.00000", "2013-04-30": "12956.00000", "2013-01-31": "16254.00000", "2012-10-31": "16272.00000", "2012-07-31": "16297.00000", "2012-04-30": "16286.00000", "2012-01-31": "16299.00000", "2011-10-31": "16264.00000", "2011-07-31": "16234.00000", "2011-04-30": "16168.00000", "2011-01-31": "12152.00000", "2010-10-31": "12214.00000", "2010-07-31": "12188.00000", "2010-04-30": "12119.00000", "2010-01-31": "15194.00000", "2009-10-31": "10273.00000", "2009-07-31": "10295.00000", "2009-04-30": "10317.00000", "2009-01-31": "6348.00000", "2008-10-31": "6371.00000", "2008-07-31": "6393.00000", "2008-04-30": "6415.00000", "2008-01-31": "6851.00000", "2007-10-31": "6582.00000", "2007-07-31": "6408.00000", "2007-04-30": "6478.00000", "2007-01-31": "6416.00000", "2006-10-31": "6455.00000", "2006-07-31": "6332.00000", "2006-04-30": "6346.00000", "2006-01-31": "", "2005-10-31": "", "2005-07-31": "", "2005-04-30": "", "2005-01-31": ""}, "Other Non-Current Liabilities": {"2020-10-31": "11089.00000", "2020-07-31": "10984.00000", "2020-04-30": "10233.00000", "2020-01-31": "10263.00000", "2019-10-31": "11019.00000", "2019-07-31": "10236.00000", "2019-04-30": "9310.00000", "2019-01-31": "9016.00000", "2018-10-31": "9667.00000", "2018-07-31": "10019.00000", "2018-04-30": "10717.00000", "2018-01-31": "10853.00000", "2017-10-31": "2359.00000", "2017-07-31": "2700.00000", "2017-04-30": "2650.00000", "2017-01-31": "2408.00000", "2016-10-31": "2287.00000", "2016-07-31": "2356.00000", "2016-04-30": "2252.00000", "2016-01-31": "1985.00000", "2015-10-31": "2753.00000", "2015-07-31": "3438.00000", "2015-04-30": "2738.00000", "2015-01-31": "2836.00000", "2014-10-31": "3297.00000", "2014-07-31": "3599.00000", "2014-04-30": "3208.00000", "2014-01-31": "3120.00000", "2013-10-31": "3162.00000", "2013-07-31": "2978.00000", "2013-04-30": "2637.00000", "2013-01-31": "2436.00000", "2012-10-31": "2654.00000", "2012-07-31": "2402.00000", "2012-04-30": "2286.00000", "2012-01-31": "2169.00000", "2011-10-31": "2073.00000", "2011-07-31": "1914.00000", "2011-04-30": "1938.00000", "2011-01-31": "1709.00000", "2010-10-31": "1670.00000", "2010-07-31": "2005.00000", "2010-04-30": "1733.00000", "2010-01-31": "2366.00000", "2009-10-31": "2345.00000", "2009-07-31": "2546.00000", "2009-04-30": "1542.00000", "2009-01-31": "1896.00000", "2008-10-31": "1341.00000", "2008-07-31": "1418.00000", "2008-04-30": "1661.00000", "2008-01-31": "1166.00000", "2007-10-31": "1171.00000", "2007-07-31": "438.00000", "2007-04-30": "373.00000", "2007-01-31": "414.00000", "2006-10-31": "410.00000", "2006-07-31": "511.00000", "2006-04-30": "495.00000", "2006-01-31": "", "2005-10-31": "", "2005-07-31": "", "2005-04-30": "", "2005-01-31": ""}, "Total Long Term Liabilities": {"2020-10-31": "29855.00000", "2020-07-31": "31602.00000", "2020-04-30": "29749.00000", "2020-01-31": "32805.00000", "2019-10-31": "33472.00000", "2019-07-31": "32510.00000", "2019-04-30": "32570.00000", "2019-01-31": "32194.00000", "2018-10-31": "35167.00000", "2018-07-31": "38545.00000", "2018-04-30": "38705.00000", "2018-01-31": "44164.00000", "2017-10-31": "35688.00000", "2017-07-31": "36098.00000", "2017-04-30": "37850.00000", "2017-01-31": "39722.00000", "2016-10-31": "39657.00000", "2016-07-31": "33156.00000", "2016-04-30": "32293.00000", "2016-01-31": "28965.00000", "2015-10-31": "29688.00000", "2015-07-31": "30254.00000", "2015-04-30": "24134.00000", "2015-01-31": "27155.00000", "2014-10-31": "27207.00000", "2014-07-31": "28600.00000", "2014-04-30": "27545.00000", "2014-01-31": "19399.00000", "2013-10-31": "20104.00000", "2013-07-31": "20067.00000", "2013-04-30": "19223.00000", "2013-01-31": "22903.00000", "2012-10-31": "22828.00000", "2012-07-31": "22727.00000", "2012-04-30": "22652.00000", "2012-01-31": "22396.00000", "2011-10-31": "22289.00000", "2011-07-31": "22330.00000", "2011-04-30": "22034.00000", "2011-01-31": "17790.00000", "2010-10-31": "17200.00000", "2010-07-31": "17612.00000", "2010-04-30": "17001.00000", "2010-01-31": "20466.00000", "2009-10-31": "15492.00000", "2009-07-31": "15796.00000", "2009-04-30": "14549.00000", "2009-01-31": "10970.00000", "2008-10-31": "10304.00000", "2008-07-31": "10523.00000", "2008-04-30": "10626.00000", "2008-01-31": "10295.00000", "2007-10-31": "9610.00000", "2007-07-31": "8502.00000", "2007-04-30": "8345.00000", "2007-01-31": "8181.00000", "2006-10-31": "8098.00000", "2006-07-31": "8090.00000", "2006-04-30": "8037.00000", "2006-01-31": "1167.00000", "2005-10-31": "1082.00000", "2005-07-31": "1198.00000", "2005-04-30": "1027.00000", "2005-01-31": "1002.00000"}, "Total Liabilities": {"2020-10-31": "56846.00000", "2020-07-31": "56933.00000", "2020-04-30": "55686.00000", "2020-01-31": "54893.00000", "2019-10-31": "58069.00000", "2019-07-31": "64222.00000", "2019-04-30": "60483.00000", "2019-01-31": "61673.00000", "2018-10-31": "61581.00000", "2018-07-31": "65580.00000", "2018-04-30": "67347.00000", "2018-01-31": "79528.00000", "2017-10-31": "64972.00000", "2017-07-31": "63681.00000", "2017-04-30": "60568.00000", "2017-01-31": "62430.00000", "2016-10-31": "62874.00000", "2016-07-31": "58067.00000", "2016-04-30": "56296.00000", "2016-01-31": "51764.00000", "2015-10-31": "51788.00000", "2015-07-31": "53666.00000", "2015-04-30": "47379.00000", "2015-01-31": "47189.00000", "2014-10-31": "47263.00000", "2014-07-31": "48409.00000", "2014-04-30": "46060.00000", "2014-01-31": "42343.00000", "2013-10-31": "41832.00000", "2013-07-31": "42063.00000", "2013-04-30": "40286.00000", "2013-01-31": "40853.00000", "2012-10-31": "39942.00000", "2012-07-31": "40458.00000", "2012-04-30": "39776.00000", "2012-01-31": "39994.00000", "2011-10-31": "39750.00000", "2011-07-31": "39836.00000", "2011-04-30": "38144.00000", "2011-01-31": "36295.00000", "2010-10-31": "35320.00000", "2010-07-31": "36845.00000", "2010-04-30": "35440.00000", "2010-01-31": "34871.00000", "2009-10-31": "28654.00000", "2009-07-31": "29451.00000", "2009-04-30": "27410.00000", "2009-01-31": "24574.00000", "2008-10-31": "23852.00000", "2008-07-31": "24381.00000", "2008-04-30": "23985.00000", "2008-01-31": "22488.00000", "2007-10-31": "21830.00000", "2007-07-31": "21860.00000", "2007-04-30": "20317.00000", "2007-01-31": "19672.00000", "2006-10-31": "19379.00000", "2006-07-31": "19403.00000", "2006-04-30": "18467.00000", "2006-01-31": "10688.00000", "2005-10-31": "10318.00000", "2005-07-31": "10709.00000", "2005-04-30": "10214.00000", "2005-01-31": "10074.00000"}, "Common Stock Net": {"2020-10-31": "41360.00000", "2020-07-31": "41202.00000", "2020-04-30": "40691.00000", "2020-01-31": "40617.00000", "2019-10-31": "40321.00000", "2019-07-31": "40266.00000", "2019-04-30": "40577.00000", "2019-01-31": "41361.00000", "2018-10-31": "41897.00000", "2018-07-31": "42820.00000", "2018-04-30": "43556.00000", "2018-01-31": "44535.00000", "2017-10-31": "44872.00000", "2017-07-31": "45253.00000", "2017-04-30": "45003.00000", "2017-01-31": "44585.00000", "2016-10-31": "44236.00000", "2016-07-31": "44516.00000", "2016-04-30": "44137.00000", "2016-01-31": "43857.00000", "2015-10-31": "43643.00000", "2015-07-31": "43592.00000", "2015-04-30": "43133.00000", "2015-01-31": "42685.00000", "2014-10-31": "41984.00000", "2014-07-31": "41884.00000", "2014-04-30": "41241.00000", "2014-01-31": "41438.00000", "2013-10-31": "42166.00000", "2013-07-31": "42297.00000", "2013-04-30": "40431.00000", "2013-01-31": "39970.00000", "2012-10-31": "39290.00000", "2012-07-31": "39271.00000", "2012-04-30": "39510.00000", "2012-01-31": "38906.00000", "2011-10-31": "38297.00000", "2011-07-31": "38648.00000", "2011-04-30": "38639.00000", "2011-01-31": "38302.00000", "2010-10-31": "37691.00000", "2010-07-31": "37793.00000", "2010-04-30": "37584.00000", "2010-01-31": "35687.00000", "2009-10-31": "34803.00000", "2009-07-31": "34344.00000", "2009-04-30": "33974.00000", "2009-01-31": "34092.00000", "2008-10-31": "33791.00000", "2008-07-31": "33505.00000", "2008-04-30": "32931.00000", "2008-01-31": "32773.00000", "2007-10-31": "32510.00000", "2007-07-31": "30687.00000", "2007-04-30": "28411.00000", "2007-01-31": "27245.00000", "2006-10-31": "25419.00000", "2006-07-31": "24257.00000", "2006-04-30": "24132.00000", "2006-01-31": "22907.00000", "2005-10-31": "22261.00000", "2005-07-31": "22394.00000", "2005-04-30": "22450.00000", "2005-01-31": "22145.00000"}, "Retained Earnings (Accumulated Deficit)": {"2020-10-31": "-2756.00000", "2020-07-31": "-2763.00000", "2020-04-30": "-3874.00000", "2020-01-31": "-4384.00000", "2019-10-31": "-5083.00000", "2019-07-31": "-5903.00000", "2019-04-30": "-2877.00000", "2019-01-31": "538.00000", "2018-10-31": "3169.00000", "2018-07-31": "1233.00000", "2018-04-30": "3709.00000", "2018-01-31": "7364.00000", "2017-10-31": "20647.00000", "2017-07-31": "20838.00000", "2017-04-30": "20721.00000", "2017-01-31": "20027.00000", "2016-10-31": "19694.00000", "2016-07-31": "19396.00000", "2016-04-30": "18448.00000", "2016-01-31": "17821.00000", "2015-10-31": "16586.00000", "2015-07-31": "16045.00000", "2015-04-30": "15503.00000", "2015-01-31": "14847.00000", "2014-10-31": "14273.00000", "2014-07-31": "14093.00000", "2014-04-30": "13849.00000", "2014-01-31": "13928.00000", "2013-10-31": "15959.00000", "2013-07-31": "16215.00000", "2013-04-30": "15668.00000", "2013-01-31": "14647.00000", "2012-10-31": "12563.00000", "2012-07-31": "11354.00000", "2012-04-30": "10869.00000", "2012-01-31": "9490.00000", "2011-10-31": "7910.00000", "2011-07-31": "7284.00000", "2011-04-30": "7217.00000", "2011-01-31": "6363.00000", "2010-10-31": "6034.00000", "2010-07-31": "5851.00000", "2010-04-30": "5570.00000", "2010-01-31": "5086.00000", "2009-10-31": "4354.00000", "2009-07-31": "3868.00000", "2009-04-30": "3292.00000", "2009-01-31": "2695.00000", "2008-10-31": "1580.00000", "2008-07-31": "120.00000", "2008-04-30": "-843.00000", "2008-01-31": "-1073.00000", "2007-10-31": "121.00000", "2007-07-31": "231.00000", "2007-04-30": "-457.00000", "2007-01-31": "-1083.00000", "2006-10-31": "-233.00000", "2006-07-31": "-617.00000", "2006-04-30": "121.00000", "2006-01-31": "-268.00000", "2005-10-31": "-1046.00000", "2005-07-31": "506.00000", "2005-04-30": "1002.00000", "2005-01-31": "1245.00000"}, "Comprehensive Income": {"2020-10-31": "-447.00000", "2020-07-31": "-519.00000", "2020-04-30": "-1109.00000", "2020-01-31": "-700.00000", "2019-10-31": "-815.00000", "2019-07-31": "-792.00000", "2019-04-30": "-896.00000", "2019-01-31": "-1110.00000", "2018-10-31": "-1218.00000", "2018-07-31": "-849.00000", "2018-04-30": "-604.00000", "2018-01-31": "83.00000", "2017-10-31": "31.00000", "2017-07-31": "46.00000", "2017-04-30": "-342.00000", "2017-01-31": "-801.00000", "2016-10-31": "-524.00000", "2016-07-31": "-326.00000", "2016-04-30": "-227.00000", "2016-01-31": "-807.00000", "2015-10-31": "-252.00000", "2015-07-31": "61.00000", "2015-04-30": "187.00000", "2015-01-31": "186.00000", "2014-10-31": "451.00000", "2014-07-31": "677.00000", "2014-04-30": "697.00000", "2014-01-31": "703.00000", "2013-10-31": "772.00000", "2013-07-31": "608.00000", "2013-04-30": "689.00000", "2013-01-31": "898.00000", "2012-10-31": "833.00000", "2012-07-31": "661.00000", "2012-04-30": "978.00000", "2012-01-31": "850.00000", "2011-10-31": "981.00000", "2011-07-31": "1294.00000", "2011-04-30": "1307.00000", "2011-01-31": "976.00000", "2010-10-31": "950.00000", "2010-07-31": "623.00000", "2010-04-30": "676.00000", "2010-01-31": "739.00000", "2009-10-31": "845.00000", "2009-07-31": "435.00000", "2009-04-30": "-10.00000", "2009-01-31": "-4.00000", "2008-10-31": "-336.00000", "2008-07-31": "728.00000", "2008-04-30": "1050.00000", "2008-01-31": "1112.00000", "2007-10-31": "1241.00000", "2007-07-31": "562.00000", "2007-04-30": "564.00000", "2007-01-31": "420.00000", "2006-10-31": "343.00000", "2006-07-31": "272.00000", "2006-04-30": "362.00000", "2006-01-31": "325.00000", "2005-10-31": "222.00000", "2005-07-31": "274.00000", "2005-04-30": "304.00000", "2005-01-31": "361.00000"}, "Other Share Holders Equity": {"2020-10-31": "", "2020-07-31": "", "2020-04-30": "", "2020-01-31": "", "2019-10-31": "", "2019-07-31": "", "2019-04-30": "", "2019-01-31": "", "2018-10-31": "", "2018-07-31": "", "2018-04-30": "", "2018-01-31": "", "2017-10-31": "", "2017-07-31": "", "2017-04-30": "", "2017-01-31": "", "2016-10-31": "", "2016-07-31": "", "2016-04-30": "", "2016-01-31": "", "2015-10-31": "", "2015-07-31": "", "2015-04-30": "", "2015-01-31": "", "2014-10-31": "", "2014-07-31": "", "2014-04-30": "", "2014-01-31": "", "2013-10-31": "", "2013-07-31": "", "2013-04-30": "", "2013-01-31": "", "2012-10-31": "", "2012-07-31": "", "2012-04-30": "", "2012-01-31": "", "2011-10-31": "", "2011-07-31": "", "2011-04-30": "", "2011-01-31": "", "2010-10-31": "", "2010-07-31": "", "2010-04-30": "", "2010-01-31": "", "2009-10-31": "", "2009-07-31": "", "2009-04-30": "", "2009-01-31": "", "2008-10-31": "", "2008-07-31": "", "2008-04-30": "", "2008-01-31": "", "2007-10-31": "", "2007-07-31": "", "2007-04-30": "", "2007-01-31": "", "2006-10-31": "", "2006-07-31": "", "2006-04-30": "", "2006-01-31": "", "2005-10-31": "", "2005-07-31": "", "2005-04-30": "", "2005-01-31": ""}, "Share Holder Equity": {"2020-10-31": "38157.00000", "2020-07-31": "37920.00000", "2020-04-30": "35708.00000", "2020-01-31": "35533.00000", "2019-10-31": "34423.00000", "2019-07-31": "33571.00000", "2019-04-30": "36804.00000", "2019-01-31": "40789.00000", "2018-10-31": "43848.00000", "2018-07-31": "43204.00000", "2018-04-30": "46661.00000", "2018-01-31": "51982.00000", "2017-10-31": "65550.00000", "2017-07-31": "66137.00000", "2017-04-30": "65382.00000", "2017-01-31": "63818.00000", "2016-10-31": "63413.00000", "2016-07-31": "63585.00000", "2016-04-30": "62358.00000", "2016-01-31": "60878.00000", "2015-10-31": "59985.00000", "2015-07-31": "59707.00000", "2015-04-30": "58833.00000", "2015-01-31": "57733.00000", "2014-10-31": "56715.00000", "2014-07-31": "56661.00000", "2014-04-30": "55796.00000", "2014-01-31": "56084.00000", "2013-10-31": "58909.00000", "2013-07-31": "59128.00000", "2013-04-30": "56798.00000", "2013-01-31": "55525.00000", "2012-10-31": "52701.00000", "2012-07-31": "51301.00000", "2012-04-30": "51378.00000", "2012-01-31": "49265.00000", "2011-10-31": "47214.00000", "2011-07-31": "47259.00000", "2011-04-30": "47206.00000", "2011-01-31": "45686.00000", "2010-10-31": "44695.00000", "2010-07-31": "44285.00000", "2010-04-30": "43852.00000", "2010-01-31": "41532.00000", "2009-10-31": "40026.00000", "2009-07-31": "38677.00000", "2009-04-30": "37256.00000", "2009-01-31": "36783.00000", "2008-10-31": "35035.00000", "2008-07-31": "34353.00000", "2008-04-30": "33138.00000", "2008-01-31": "32812.00000", "2007-10-31": "33872.00000", "2007-07-31": "31480.00000", "2007-04-30": "28518.00000", "2007-01-31": "26582.00000", "2006-10-31": "25529.00000", "2006-07-31": "23912.00000", "2006-04-30": "24615.00000", "2006-01-31": "22964.00000", "2005-10-31": "21437.00000", "2005-07-31": "23174.00000", "2005-04-30": "23756.00000", "2005-01-31": "23751.00000"}, "Total Liabilities And Share Holders Equity": {"2020-10-31": "95003.00000", "2020-07-31": "94853.00000", "2020-04-30": "91394.00000", "2020-01-31": "90426.00000", "2019-10-31": "92492.00000", "2019-07-31": "97793.00000", "2019-04-30": "97287.00000", "2019-01-31": "102462.00000", "2018-10-31": "105429.00000", "2018-07-31": "108784.00000", "2018-04-30": "114008.00000", "2018-01-31": "131510.00000", "2017-10-31": "130522.00000", "2017-07-31": "129818.00000", "2017-04-30": "125950.00000", "2017-01-31": "126248.00000", "2016-10-31": "126287.00000", "2016-07-31": "121652.00000", "2016-04-30": "118654.00000", "2016-01-31": "112642.00000", "2015-10-31": "111773.00000", "2015-07-31": "113373.00000", "2015-04-30": "106212.00000", "2015-01-31": "104922.00000", "2014-10-31": "103978.00000", "2014-07-31": "105070.00000", "2014-04-30": "101856.00000", "2014-01-31": "98427.00000", "2013-10-31": "100741.00000", "2013-07-31": "101191.00000", "2013-04-30": "97084.00000", "2013-01-31": "96378.00000", "2012-10-31": "92643.00000", "2012-07-31": "91759.00000", "2012-04-30": "91154.00000", "2012-01-31": "89259.00000", "2011-10-31": "86964.00000", "2011-07-31": "87095.00000", "2011-04-30": "85350.00000", "2011-01-31": "81981.00000", "2010-10-31": "80015.00000", "2010-07-31": "81130.00000", "2010-04-30": "79292.00000", "2010-01-31": "76403.00000", "2009-10-31": "68680.00000", "2009-07-31": "68128.00000", "2009-04-30": "64666.00000", "2009-01-31": "61357.00000", "2008-10-31": "58887.00000", "2008-07-31": "58734.00000", "2008-04-30": "57123.00000", "2008-01-31": "55300.00000", "2007-10-31": "55702.00000", "2007-07-31": "53340.00000", "2007-04-30": "48835.00000", "2007-01-31": "46254.00000", "2006-10-31": "44908.00000", "2006-07-31": "43315.00000", "2006-04-30": "43082.00000", "2006-01-31": "33652.00000", "2005-10-31": "31755.00000", "2005-07-31": "33883.00000", "2005-04-30": "33970.00000", "2005-01-31": "33825.00000"}}, "cash flow statement": {"Net Income/Loss": {"2020-07-31": "11214.00000", "2019-07-31": "11621.00000", "2018-07-31": "110.00000", "2017-07-31": "9609.00000", "2016-07-31": "10739.00000", "2015-07-31": "8981.00000", "2014-07-31": "7853.00000", "2013-07-31": "9983.00000", "2012-07-31": "8041.00000", "2011-07-31": "6490.00000", "2010-07-31": "7767.00000", "2009-07-31": "6134.00000", "2008-07-31": "8052.00000", "2007-07-31": "7333.00000", "2006-07-31": "5580.00000", "2005-07-31": "5741.00000"}, "Total Depreciation And Amortization - Cash Flow": {"2020-07-31": "1808.00000", "2019-07-31": "1897.00000", "2018-07-31": "2192.00000", "2017-07-31": "2286.00000", "2016-07-31": "2150.00000", "2015-07-31": "2442.00000", "2014-07-31": "2439.00000", "2013-07-31": "2460.00000", "2012-07-31": "2208.00000", "2011-07-31": "2486.00000", "2010-07-31": "2030.00000", "2009-07-31": "1768.00000", "2008-07-31": "1744.00000", "2007-07-31": "1413.00000", "2006-07-31": "1293.00000", "2005-07-31": "1020.00000"}, "Other Non-Cash Items": {"2020-07-31": "1486.00000", "2019-07-31": "1236.00000", "2018-07-31": "2020.00000", "2017-07-31": "1395.00000", "2016-07-31": "809.00000", "2015-07-31": "1165.00000", "2014-07-31": "332.00000", "2013-07-31": "944.00000", "2012-07-31": "1440.00000", "2011-07-31": "1268.00000", "2010-07-31": "718.00000", "2009-07-31": "832.00000", "2008-07-31": "-139.00000", "2007-07-31": "-698.00000", "2006-07-31": "384.00000", "2005-07-31": "175.00000"}, "Total Non-Cash Items": {"2020-07-31": "3294.00000", "2019-07-31": "3133.00000", "2018-07-31": "4212.00000", "2017-07-31": "3681.00000", "2016-07-31": "2959.00000", "2015-07-31": "3607.00000", "2014-07-31": "2771.00000", "2013-07-31": "3404.00000", "2012-07-31": "3648.00000", "2011-07-31": "3754.00000", "2010-07-31": "2748.00000", "2009-07-31": "2600.00000", "2008-07-31": "1605.00000", "2007-07-31": "715.00000", "2006-07-31": "1677.00000", "2005-07-31": "1195.00000"}, "Change In Accounts Receivable": {"2020-07-31": "-107.00000", "2019-07-31": "-84.00000", "2018-07-31": "-269.00000", "2017-07-31": "756.00000", "2016-07-31": "-404.00000", "2015-07-31": "-413.00000", "2014-07-31": "340.00000", "2013-07-31": "-1001.00000", "2012-07-31": "272.00000", "2011-07-31": "298.00000", "2010-07-31": "-1528.00000", "2009-07-31": "610.00000", "2008-07-31": "171.00000", "2007-07-31": "-597.00000", "2006-07-31": "-913.00000", "2005-07-31": "-373.00000"}, "Change In Inventories": {"2020-07-31": "84.00000", "2019-07-31": "131.00000", "2018-07-31": "-244.00000", "2017-07-31": "-394.00000", "2016-07-31": "315.00000", "2015-07-31": "-116.00000", "2014-07-31": "-109.00000", "2013-07-31": "218.00000", "2012-07-31": "-287.00000", "2011-07-31": "-147.00000", "2010-07-31": "-158.00000", "2009-07-31": "187.00000", "2008-07-31": "104.00000", "2007-07-31": "61.00000", "2006-07-31": "121.00000", "2005-07-31": "-84.00000"}, "Change In Accounts Payable": {"2020-07-31": "141.00000", "2019-07-31": "87.00000", "2018-07-31": "504.00000", "2017-07-31": "311.00000", "2016-07-31": "-65.00000", "2015-07-31": "87.00000", "2014-07-31": "-23.00000", "2013-07-31": "164.00000", "2012-07-31": "-7.00000", "2011-07-31": "-28.00000", "2010-07-31": "139.00000", "2009-07-31": "-208.00000", "2008-07-31": "62.00000", "2007-07-31": "-107.00000", "2006-07-31": "-43.00000", "2005-07-31": "62.00000"}, "Change In Assets/Liabilities": {"2020-07-31": "1200.00000", "2019-07-31": "354.00000", "2018-07-31": "1135.00000", "2017-07-31": "-37.00000", "2016-07-31": "427.00000", "2015-07-31": "346.00000", "2014-07-31": "1351.00000", "2013-07-31": "231.00000", "2012-07-31": "-493.00000", "2011-07-31": "-68.00000", "2010-07-31": "585.00000", "2009-07-31": "-369.00000", "2008-07-31": "1566.00000", "2007-07-31": "1116.00000", "2006-07-31": "584.00000", "2005-07-31": "234.00000"}, "Total Change In Assets/Liabilities": {"2020-07-31": "918.00000", "2019-07-31": "1077.00000", "2018-07-31": "9344.00000", "2017-07-31": "586.00000", "2016-07-31": "-128.00000", "2015-07-31": "-36.00000", "2014-07-31": "1708.00000", "2013-07-31": "-493.00000", "2012-07-31": "-198.00000", "2011-07-31": "-165.00000", "2010-07-31": "-342.00000", "2009-07-31": "1163.00000", "2008-07-31": "2432.00000", "2007-07-31": "2056.00000", "2006-07-31": "642.00000", "2005-07-31": "632.00000"}, "Cash Flow From Operating Activities": {"2020-07-31": "15426.00000", "2019-07-31": "15831.00000", "2018-07-31": "13666.00000", "2017-07-31": "13876.00000", "2016-07-31": "13570.00000", "2015-07-31": "12552.00000", "2014-07-31": "12332.00000", "2013-07-31": "12894.00000", "2012-07-31": "11491.00000", "2011-07-31": "10079.00000", "2010-07-31": "10173.00000", "2009-07-31": "9897.00000", "2008-07-31": "12089.00000", "2007-07-31": "10104.00000", "2006-07-31": "7899.00000", "2005-07-31": "7568.00000"}, "Net Change In Property, Plant, And Equipment": {"2020-07-31": "-591.00000", "2019-07-31": "-887.00000", "2018-07-31": "-775.00000", "2017-07-31": "-957.00000", "2016-07-31": "-1105.00000", "2015-07-31": "-1205.00000", "2014-07-31": "-1043.00000", "2013-07-31": "-1019.00000", "2012-07-31": "-1076.00000", "2011-07-31": "-1174.00000", "2010-07-31": "-1008.00000", "2009-07-31": "-1005.00000", "2008-07-31": "-1268.00000", "2007-07-31": "-1251.00000", "2006-07-31": "-772.00000", "2005-07-31": "-692.00000"}, "Net Change In Intangible Assets": {"2020-07-31": "", "2019-07-31": "", "2018-07-31": "", "2017-07-31": "", "2016-07-31": "", "2015-07-31": "", "2014-07-31": "", "2013-07-31": "", "2012-07-31": "", "2011-07-31": "", "2010-07-31": "", "2009-07-31": "", "2008-07-31": "", "2007-07-31": "", "2006-07-31": "", "2005-07-31": ""}, "Net Acquisitions/Divestitures": {"2020-07-31": "-327.00000", "2019-07-31": "-2175.00000", "2018-07-31": "-2979.00000", "2017-07-31": "-3324.00000", "2016-07-31": "-2789.00000", "2015-07-31": "-326.00000", "2014-07-31": "-2989.00000", "2013-07-31": "-6766.00000", "2012-07-31": "-375.00000", "2011-07-31": "-266.00000", "2010-07-31": "-5279.00000", "2009-07-31": "-426.00000", "2008-07-31": "-398.00000", "2007-07-31": "-3684.00000", "2006-07-31": "-5399.00000", "2005-07-31": "-911.00000"}, "Net Change In Short-term Investments": {"2020-07-31": "", "2019-07-31": "", "2018-07-31": "", "2017-07-31": "-42702.00000", "2016-07-31": "", "2015-07-31": "", "2014-07-31": "", "2013-07-31": "", "2012-07-31": "", "2011-07-31": "", "2010-07-31": "", "2009-07-31": "", "2008-07-31": "16086.00000", "2007-07-31": "15273.00000", "2006-07-31": "", "2005-07-31": ""}, "Net Change In Long-Term Investments": {"2020-07-31": "4428.00000", "2019-07-31": "17911.00000", "2018-07-31": "19091.00000", "2017-07-31": "40951.00000", "2016-07-31": "-4032.00000", "2015-07-31": "-8379.00000", "2014-07-31": "-2635.00000", "2013-07-31": "-3916.00000", "2012-07-31": "-2480.00000", "2011-07-31": "-1516.00000", "2010-07-31": "-5772.00000", "2009-07-31": "-8489.00000", "2008-07-31": "-18596.00000", "2007-07-31": "-18529.00000", "2006-07-31": "-3438.00000", "2005-07-31": "4145.00000"}, "Net Change In Investments - Total": {"2020-07-31": "4428.00000", "2019-07-31": "17911.00000", "2018-07-31": "19091.00000", "2017-07-31": "-1751.00000", "2016-07-31": "-4032.00000", "2015-07-31": "-8379.00000", "2014-07-31": "-2635.00000", "2013-07-31": "-3916.00000", "2012-07-31": "-2480.00000", "2011-07-31": "-1516.00000", "2010-07-31": "-5772.00000", "2009-07-31": "-8489.00000", "2008-07-31": "-2510.00000", "2007-07-31": "-3256.00000", "2006-07-31": "-3438.00000", "2005-07-31": "4145.00000"}, "Investing Activities - Other": {"2020-07-31": "-10.00000", "2019-07-31": "-12.00000", "2018-07-31": "-19.00000", "2017-07-31": "-4.00000", "2016-07-31": "-191.00000", "2015-07-31": "-178.00000", "2014-07-31": "24.00000", "2013-07-31": "-67.00000", "2012-07-31": "116.00000", "2011-07-31": "22.00000", "2010-07-31": "128.00000", "2009-07-31": "-39.00000", "2008-07-31": "-17.00000", "2007-07-31": "-151.00000", "2006-07-31": "-35.00000", "2005-07-31": "72.00000"}, "Cash Flow From Investing Activities": {"2020-07-31": "3500.00000", "2019-07-31": "14837.00000", "2018-07-31": "15318.00000", "2017-07-31": "-6036.00000", "2016-07-31": "-8117.00000", "2015-07-31": "-10088.00000", "2014-07-31": "-6643.00000", "2013-07-31": "-11768.00000", "2012-07-31": "-3815.00000", "2011-07-31": "-2934.00000", "2010-07-31": "-11931.00000", "2009-07-31": "-9959.00000", "2008-07-31": "-4193.00000", "2007-07-31": "-8342.00000", "2006-07-31": "-9644.00000", "2005-07-31": "2614.00000"}, "Net Long-Term Debt": {"2020-07-31": "-6720.00000", "2019-07-31": "-4530.00000", "2018-07-31": "-5498.00000", "2017-07-31": "2829.00000", "2016-07-31": "3115.00000", "2015-07-31": "4473.00000", "2014-07-31": "4705.00000", "2013-07-31": "8.00000", "2012-07-31": "", "2011-07-31": "996.00000", "2010-07-31": "4944.00000", "2009-07-31": "3491.00000", "2008-07-31": "", "2007-07-31": "", "2006-07-31": "6481.00000", "2005-07-31": ""}, "Net Current Debt": {"2020-07-31": "-3470.00000", "2019-07-31": "3446.00000", "2018-07-31": "-2502.00000", "2017-07-31": "2497.00000", "2016-07-31": "-4.00000", "2015-07-31": "-4.00000", "2014-07-31": "-2.00000", "2013-07-31": "-20.00000", "2012-07-31": "-557.00000", "2011-07-31": "512.00000", "2010-07-31": "41.00000", "2009-07-31": "", "2008-07-31": "", "2007-07-31": "", "2006-07-31": "", "2005-07-31": ""}, "Debt Issuance/Retirement Net - Total": {"2020-07-31": "-10190.00000", "2019-07-31": "-1084.00000", "2018-07-31": "-8000.00000", "2017-07-31": "5326.00000", "2016-07-31": "3111.00000", "2015-07-31": "4469.00000", "2014-07-31": "4703.00000", "2013-07-31": "-12.00000", "2012-07-31": "-557.00000", "2011-07-31": "1508.00000", "2010-07-31": "4985.00000", "2009-07-31": "3491.00000", "2008-07-31": "", "2007-07-31": "", "2006-07-31": "6481.00000", "2005-07-31": ""}, "Net Common Equity Issued/Repurchased": {"2020-07-31": "-2731.00000", "2019-07-31": "-20939.00000", "2018-07-31": "-17627.00000", "2017-07-31": "-3596.00000", "2016-07-31": "-3339.00000", "2015-07-31": "-2810.00000", "2014-07-31": "-7936.00000", "2013-07-31": "235.00000", "2012-07-31": "-3388.00000", "2011-07-31": "-5065.00000", "2010-07-31": "-4586.00000", "2009-07-31": "-2748.00000", "2008-07-31": "-7324.00000", "2007-07-31": "-2375.00000", "2006-07-31": "-6613.00000", "2005-07-31": "-9148.00000"}, "Net Total Equity Issued/Repurchased": {"2020-07-31": "-2731.00000", "2019-07-31": "-20939.00000", "2018-07-31": "-17627.00000", "2017-07-31": "-3596.00000", "2016-07-31": "-3339.00000", "2015-07-31": "-2810.00000", "2014-07-31": "-7936.00000", "2013-07-31": "235.00000", "2012-07-31": "-3388.00000", "2011-07-31": "-5065.00000", "2010-07-31": "-4586.00000", "2009-07-31": "-2748.00000", "2008-07-31": "-7324.00000", "2007-07-31": "-2375.00000", "2006-07-31": "-6613.00000", "2005-07-31": "-9148.00000"}, "Total Common And Preferred Stock Dividends Paid": {"2020-07-31": "-6016.00000", "2019-07-31": "-5979.00000", "2018-07-31": "-5968.00000", "2017-07-31": "-5511.00000", "2016-07-31": "-4750.00000", "2015-07-31": "-4086.00000", "2014-07-31": "-3758.00000", "2013-07-31": "-3310.00000", "2012-07-31": "-1501.00000", "2011-07-31": "-658.00000", "2010-07-31": "", "2009-07-31": "", "2008-07-31": "", "2007-07-31": "", "2006-07-31": "", "2005-07-31": ""}, "Financial Activities - Other": {"2020-07-31": "51.00000", "2019-07-31": "113.00000", "2018-07-31": "-169.00000", "2017-07-31": "-25.00000", "2016-07-31": "279.00000", "2015-07-31": "114.00000", "2014-07-31": "103.00000", "2013-07-31": "87.00000", "2012-07-31": "-93.00000", "2011-07-31": "151.00000", "2010-07-31": "222.00000", "2009-07-31": "-154.00000", "2008-07-31": "891.00000", "2007-07-31": "1044.00000", "2006-07-31": "432.00000", "2005-07-31": "-14.00000"}, "Cash Flow From Financial Activities": {"2020-07-31": "-18886.00000", "2019-07-31": "-27889.00000", "2018-07-31": "-31764.00000", "2017-07-31": "-3806.00000", "2016-07-31": "-4699.00000", "2015-07-31": "-2313.00000", "2014-07-31": "-6888.00000", "2013-07-31": "-3000.00000", "2012-07-31": "-5539.00000", "2011-07-31": "-4064.00000", "2010-07-31": "621.00000", "2009-07-31": "589.00000", "2008-07-31": "-6433.00000", "2007-07-31": "-1331.00000", "2006-07-31": "300.00000", "2005-07-31": "-9162.00000"}, "Net Cash Flow": {"2020-07-31": "40.00000", "2019-07-31": "2779.00000", "2018-07-31": "-2780.00000", "2017-07-31": "4034.00000", "2016-07-31": "754.00000", "2015-07-31": "151.00000", "2014-07-31": "-1199.00000", "2013-07-31": "-1874.00000", "2012-07-31": "2137.00000", "2011-07-31": "3081.00000", "2010-07-31": "-1137.00000", "2009-07-31": "527.00000", "2008-07-31": "1463.00000", "2007-07-31": "431.00000", "2006-07-31": "-1445.00000", "2005-07-31": "1020.00000"}, "Stock-Based Compensation": {"2020-07-31": "1569.00000", "2019-07-31": "1570.00000", "2018-07-31": "1576.00000", "2017-07-31": "1526.00000", "2016-07-31": "1458.00000", "2015-07-31": "1440.00000", "2014-07-31": "1348.00000", "2013-07-31": "1120.00000", "2012-07-31": "1401.00000", "2011-07-31": "1620.00000", "2010-07-31": "1517.00000", "2009-07-31": "1231.00000", "2008-07-31": "1112.00000", "2007-07-31": "965.00000", "2006-07-31": "1137.00000", "2005-07-31": "154.00000"}, "Common Stock Dividends Paid": {"2020-07-31": "-6016.00000", "2019-07-31": "-5979.00000", "2018-07-31": "-5968.00000", "2017-07-31": "-5511.00000", "2016-07-31": "-4750.00000", "2015-07-31": "-4086.00000", "2014-07-31": "-3758.00000", "2013-07-31": "-3310.00000", "2012-07-31": "-1501.00000", "2011-07-31": "-658.00000", "2010-07-31": "0.00000", "2009-07-31": "0.00000", "2008-07-31": "", "2007-07-31": "", "2006-07-31": "", "2005-07-31": ""}}, "cash flow statement, quarterly": {"Net Income/Loss": {"2020-10-31": "2174.00000", "2020-07-31": 2636, "2020-04-30": 2774, "2020-01-31": 2878, "2019-10-31": "2926.00000", "2019-07-31": 2206, "2019-04-30": 3044, "2019-01-31": 2822, "2018-10-31": "3549.00000", "2018-07-31": 3803, "2018-04-30": 2691, "2018-01-31": -8778, "2017-10-31": "2394.00000", "2017-07-31": 2424, "2017-04-30": 2515, "2017-01-31": 2348, "2016-10-31": "2322.00000", "2016-07-31": 2813, "2016-04-30": 2349, "2016-01-31": 3147, "2015-10-31": "2430.00000", "2015-07-31": 2319, "2015-04-30": 2437, "2015-01-31": 2397, "2014-10-31": "1828.00000", "2014-07-31": 2247, "2014-04-30": 2181, "2014-01-31": 1429, "2013-10-31": "1996.00000", "2013-07-31": 2270, "2013-04-30": 2478, "2013-01-31": 3143, "2012-10-31": "2092.00000", "2012-07-31": 1917, "2012-04-30": 2165, "2012-01-31": 2182, "2011-10-31": "1777.00000", "2011-07-31": 1232, "2011-04-30": 1807, "2011-01-31": 1521, "2010-10-31": "1930.00000", "2010-07-31": 1935, "2010-04-30": 2192, "2010-01-31": 1853, "2009-10-31": "1787.00000", "2009-07-31": 1081, "2009-04-30": 1348, "2009-01-31": 1504, "2008-10-31": "2201.00000", "2008-07-31": 2014, "2008-04-30": 1773, "2008-01-31": 2060, "2007-10-31": "2205.00000", "2007-07-31": 1930, "2007-04-30": 1874, "2007-01-31": 1921, "2006-10-31": "1608.00000", "2006-07-31": 1544, "2006-04-30": 1400, "2006-01-31": 1375, "2005-10-31": "1261.00000", "2005-07-31": 1540, "2005-04-30": 1405, "2005-01-31": 2796}, "Total Depreciation And Amortization - Cash Flow": {"2020-10-31": "451.00000", "2020-07-31": 444, "2020-04-30": 446, "2020-01-31": 457, "2019-10-31": "461.00000", "2019-07-31": 464, "2019-04-30": 481, "2019-01-31": 487, "2018-10-31": "465.00000", "2018-07-31": 516, "2018-04-30": 564, "2018-01-31": 546, "2017-10-31": "566.00000", "2017-07-31": 578, "2017-04-30": 560, "2017-01-31": 549, "2016-10-31": "599.00000", "2016-07-31": 604, "2016-04-30": 541, "2016-01-31": 498, "2015-10-31": "507.00000", "2015-07-31": 643, "2015-04-30": 570, "2015-01-31": 630, "2014-10-31": "599.00000", "2014-07-31": 628, "2014-04-30": 608, "2014-01-31": 612, "2013-10-31": "591.00000", "2013-07-31": 609, "2013-04-30": 619, "2013-01-31": 617, "2012-10-31": "615.00000", "2012-07-31": 392, "2012-04-30": 631, "2012-01-31": 564, "2011-10-31": "621.00000", "2011-07-31": 673, "2011-04-30": 573, "2011-01-31": 687, "2010-10-31": "553.00000", "2010-07-31": 615, "2010-04-30": 473, "2010-01-31": 513, "2009-10-31": "429.00000", "2009-07-31": 524, "2009-04-30": 426, "2009-01-31": 425, "2008-10-31": "393.00000", "2008-07-31": 430, "2008-04-30": 436, "2008-01-31": 457, "2007-10-31": "421.00000", "2007-07-31": 374, "2007-04-30": 349, "2007-01-31": 342, "2006-10-31": "348.00000", "2006-07-31": 437, "2006-04-30": 344, "2006-01-31": 254, "2005-10-31": "258.00000", "2005-07-31": 263, "2005-04-30": 246, "2005-01-31": 511}, "Other Non-Cash Items": {"2020-10-31": "272.00000", "2020-07-31": 338, "2020-04-30": 357, "2020-01-31": 273, "2019-10-31": "518.00000", "2019-07-31": 398, "2019-04-30": 350, "2019-01-31": 142, "2018-10-31": "346.00000", "2018-07-31": 86, "2018-04-30": 345, "2018-01-31": 1092, "2017-10-31": "497.00000", "2017-07-31": 345, "2017-04-30": 370, "2017-01-31": 194, "2016-10-31": "486.00000", "2016-07-31": -112, "2016-04-30": 252, "2016-01-31": 170, "2015-10-31": "499.00000", "2015-07-31": -66, "2015-04-30": 372, "2015-01-31": 253, "2014-10-31": "606.00000", "2014-07-31": -232, "2014-04-30": 114, "2014-01-31": 151, "2013-10-31": "299.00000", "2013-07-31": 86, "2013-04-30": 139, "2013-01-31": 274, "2012-10-31": "445.00000", "2012-07-31": 383, "2012-04-30": 333, "2012-01-31": 321, "2011-10-31": "403.00000", "2011-07-31": 319, "2011-04-30": 247, "2011-01-31": 115, "2010-10-31": "587.00000", "2010-07-31": 154, "2010-04-30": 86, "2010-01-31": 128, "2009-10-31": "350.00000", "2009-07-31": -30, "2009-04-30": 389, "2009-01-31": 70, "2008-10-31": "403.00000", "2008-07-31": 350, "2008-04-30": 9, "2008-01-31": 28, "2007-10-31": "-526.00000", "2007-07-31": -343, "2007-04-30": -259, "2007-01-31": -202, "2006-10-31": "106.00000", "2006-07-31": -135, "2006-04-30": -48, "2006-01-31": 66, "2005-10-31": "501.00000", "2005-07-31": -458, "2005-04-30": 421, "2005-01-31": 212}, "Total Non-Cash Items": {"2020-10-31": "723.00000", "2020-07-31": 782, "2020-04-30": 803, "2020-01-31": 730, "2019-10-31": "979.00000", "2019-07-31": 862, "2019-04-30": 831, "2019-01-31": 629, "2018-10-31": "811.00000", "2018-07-31": 602, "2018-04-30": 909, "2018-01-31": 1638, "2017-10-31": "1063.00000", "2017-07-31": 923, "2017-04-30": 930, "2017-01-31": 743, "2016-10-31": "1085.00000", "2016-07-31": 492, "2016-04-30": 793, "2016-01-31": 668, "2015-10-31": "1006.00000", "2015-07-31": 577, "2015-04-30": 942, "2015-01-31": 883, "2014-10-31": "1205.00000", "2014-07-31": 396, "2014-04-30": 722, "2014-01-31": 763, "2013-10-31": "890.00000", "2013-07-31": 695, "2013-04-30": 758, "2013-01-31": 891, "2012-10-31": "1060.00000", "2012-07-31": 775, "2012-04-30": 964, "2012-01-31": 885, "2011-10-31": "1024.00000", "2011-07-31": 992, "2011-04-30": 820, "2011-01-31": 802, "2010-10-31": "1140.00000", "2010-07-31": 769, "2010-04-30": 559, "2010-01-31": 641, "2009-10-31": "779.00000", "2009-07-31": 494, "2009-04-30": 815, "2009-01-31": 495, "2008-10-31": "796.00000", "2008-07-31": 780, "2008-04-30": 445, "2008-01-31": 485, "2007-10-31": "-105.00000", "2007-07-31": 31, "2007-04-30": 90, "2007-01-31": 140, "2006-10-31": "454.00000", "2006-07-31": 302, "2006-04-30": 296, "2006-01-31": 320, "2005-10-31": "759.00000", "2005-07-31": -195, "2005-04-30": 667, "2005-01-31": 723}, "Change In Accounts Receivable": {"2020-10-31": "1526.00000", "2020-07-31": -881, "2020-04-30": -310, "2020-01-31": 569, "2019-10-31": "515.00000", "2019-07-31": -1644, "2019-04-30": -53, "2019-01-31": 721, "2018-10-31": "892.00000", "2018-07-31": -1333, "2018-04-30": -172, "2018-01-31": 279, "2017-10-31": "957.00000", "2017-07-31": -497, "2017-04-30": -143, "2017-01-31": 347, "2016-10-31": "1049.00000", "2016-07-31": -1816, "2016-04-30": 424, "2016-01-31": 357, "2015-10-31": "631.00000", "2015-07-31": -510, "2015-04-30": -404, "2015-01-31": -222, "2014-10-31": "723.00000", "2014-07-31": -724, "2014-04-30": -70, "2014-01-31": 773, "2013-10-31": "361.00000", "2013-07-31": -562, "2013-04-30": -539, "2013-01-31": -515, "2012-10-31": "615.00000", "2012-07-31": -388, "2012-04-30": -101, "2012-01-31": 362, "2011-10-31": "399.00000", "2011-07-31": -305, "2011-04-30": 260, "2011-01-31": -163, "2010-10-31": "506.00000", "2010-07-31": -866, "2010-04-30": 332, "2010-01-31": -1032, "2009-10-31": "38.00000", "2009-07-31": -727, "2009-04-30": 519, "2009-01-31": 365, "2008-10-31": "453.00000", "2008-07-31": 390, "2008-04-30": -23, "2008-01-31": -750, "2007-10-31": "554.00000", "2007-07-31": -657, "2007-04-30": -335, "2007-01-31": 189, "2006-10-31": "206.00000", "2006-07-31": -325, "2006-04-30": -259, "2006-01-31": -194, "2005-10-31": "-135.00000", "2005-07-31": 34, "2005-04-30": 39, "2005-01-31": -446}, "Change In Inventories": {"2020-10-31": "-21.00000", "2020-07-31": -59, "2020-04-30": 118, "2020-01-31": -9, "2019-10-31": "34.00000", "2019-07-31": 132, "2019-04-30": 202, "2019-01-31": -169, "2018-10-31": "-34.00000", "2018-07-31": 45, "2018-04-30": -13, "2018-01-31": -196, "2017-10-31": "-80.00000", "2017-07-31": -245, "2017-04-30": -98, "2017-01-31": -95, "2016-10-31": "44.00000", "2016-07-31": 126, "2016-04-30": 36, "2016-01-31": 23, "2015-10-31": "130.00000", "2015-07-31": 119, "2015-04-30": 105, "2015-01-31": -233, "2014-10-31": "-107.00000", "2014-07-31": -59, "2014-04-30": 27, "2014-01-31": -99, "2013-10-31": "22.00000", "2013-07-31": -20, "2013-04-30": 44, "2013-01-31": 152, "2012-10-31": "42.00000", "2012-07-31": -174, "2012-04-30": 81, "2012-01-31": -26, "2011-10-31": "-168.00000", "2011-07-31": -42, "2011-04-30": 165, "2011-01-31": -77, "2010-10-31": "-193.00000", "2010-07-31": -72, "2010-04-30": -6, "2010-01-31": -72, "2009-10-31": "-8.00000", "2009-07-31": -12, "2009-04-30": 86, "2009-01-31": 105, "2008-10-31": "8.00000", "2008-07-31": 50, "2008-04-30": -12, "2008-01-31": 59, "2007-10-31": "7.00000", "2007-07-31": -21, "2007-04-30": 353, "2007-01-31": -165, "2006-10-31": "-106.00000", "2006-07-31": -58, "2006-04-30": 294, "2006-01-31": -50, "2005-10-31": "-65.00000", "2005-07-31": 145, "2005-04-30": -72, "2005-01-31": -157}, "Change In Accounts Payable": {"2020-10-31": "73.00000", "2020-07-31": -183, "2020-04-30": 450, "2020-01-31": -81, "2019-10-31": "-45.00000", "2019-07-31": 35, "2019-04-30": 348, "2019-01-31": -143, "2018-10-31": "-153.00000", "2018-07-31": 356, "2018-04-30": 486, "2018-01-31": -103, "2017-10-31": "-235.00000", "2017-07-31": 162, "2017-04-30": 247, "2017-01-31": -35, "2016-10-31": "-63.00000", "2016-07-31": 49, "2016-04-30": 33, "2016-01-31": -151, "2015-10-31": "4.00000", "2015-07-31": -14, "2015-04-30": 133, "2015-01-31": -27, "2014-10-31": "-5.00000", "2014-07-31": -21, "2014-04-30": 159, "2014-01-31": -132, "2013-10-31": "-29.00000", "2013-07-31": 73, "2013-04-30": 108, "2013-01-31": 2, "2012-10-31": "-19.00000", "2012-07-31": -41, "2012-04-30": 112, "2012-01-31": -114, "2011-10-31": "36.00000", "2011-07-31": 75, "2011-04-30": 2, "2011-01-31": -150, "2010-10-31": "45.00000", "2010-07-31": -21, "2010-04-30": 102, "2010-01-31": 6, "2009-10-31": "52.00000", "2009-07-31": -10, "2009-04-30": 30, "2009-01-31": -193, "2008-10-31": "-35.00000", "2008-07-31": 50, "2008-04-30": 45, "2008-01-31": -65, "2007-10-31": "32.00000", "2007-07-31": -90, "2007-04-30": -68, "2007-01-31": 62, "2006-10-31": "-11.00000", "2006-07-31": 43, "2006-04-30": -35, "2006-01-31": -37, "2005-10-31": "-14.00000", "2005-07-31": 21, "2005-04-30": 33, "2005-01-31": 8}, "Change In Assets/Liabilities": {"2020-10-31": "-130.00000", "2020-07-31": 987, "2020-04-30": -206, "2020-01-31": 438, "2019-10-31": "-19.00000", "2019-07-31": 935, "2019-04-30": -385, "2019-01-31": 321, "2018-10-31": "-517.00000", "2018-07-31": 1257, "2018-04-30": -276, "2018-01-31": 539, "2017-10-31": "-385.00000", "2017-07-31": 1018, "2017-04-30": -486, "2017-01-31": 365, "2016-10-31": "-934.00000", "2016-07-31": 1514, "2016-04-30": -642, "2016-01-31": 241, "2015-10-31": "-686.00000", "2015-07-31": 752, "2015-04-30": -256, "2015-01-31": 110, "2014-10-31": "-260.00000", "2014-07-31": 857, "2014-04-30": -302, "2014-01-31": 538, "2013-10-31": "258.00000", "2013-07-31": 945, "2013-04-30": -670, "2013-01-31": 550, "2012-10-31": "-594.00000", "2012-07-31": 382, "2012-04-30": -314, "2012-01-31": -412, "2011-10-31": "-149.00000", "2011-07-31": 635, "2011-04-30": -503, "2011-01-31": 475, "2010-10-31": "-675.00000", "2010-07-31": 801, "2010-04-30": -560, "2010-01-31": 900, "2009-10-31": "-556.00000", "2009-07-31": 610, "2009-04-30": -942, "2009-01-31": 388, "2008-10-31": "-425.00000", "2008-07-31": 422, "2008-04-30": 276, "2008-01-31": 767, "2007-10-31": "101.00000", "2007-07-31": 772, "2007-04-30": -110, "2007-01-31": 353, "2006-10-31": "101.00000", "2006-07-31": 256, "2006-04-30": 247, "2006-01-31": 365, "2005-10-31": "-284.00000", "2005-07-31": 18, "2005-04-30": 57, "2005-01-31": 159}, "Total Change In Assets/Liabilities": {"2020-10-31": "1199.00000", "2020-07-31": 384, "2020-04-30": 660, "2020-01-31": 192, "2019-10-31": "-318.00000", "2019-07-31": 874, "2019-04-30": 454, "2019-01-31": 346, "2018-10-31": "-597.00000", "2018-07-31": -305, "2018-04-30": -1184, "2018-01-31": 11210, "2017-10-31": "-377.00000", "2017-07-31": 654, "2017-04-30": -72, "2017-01-31": 681, "2016-10-31": "-677.00000", "2016-07-31": 513, "2016-04-30": -78, "2016-01-31": 107, "2015-10-31": "-670.00000", "2015-07-31": 1242, "2015-04-30": -339, "2015-01-31": -397, "2014-10-31": "-542.00000", "2014-07-31": 969, "2014-04-30": 295, "2014-01-31": 681, "2013-10-31": "-237.00000", "2013-07-31": 1021, "2013-04-30": -142, "2013-01-31": -685, "2012-10-31": "-687.00000", "2012-07-31": 396, "2012-04-30": -160, "2012-01-31": 34, "2011-10-31": "-468.00000", "2011-07-31": 600, "2011-04-30": 352, "2011-01-31": 286, "2010-10-31": "-1403.00000", "2010-07-31": 528, "2010-04-30": 216, "2010-01-31": -8, "2009-10-31": "-1078.00000", "2009-07-31": 410, "2009-04-30": -167, "2009-01-31": 1199, "2008-10-31": "-279.00000", "2008-07-31": 735, "2008-04-30": 810, "2008-01-31": -102, "2007-10-31": "989.00000", "2007-07-31": 777, "2007-04-30": 473, "2007-01-31": 597, "2006-10-31": "209.00000", "2006-07-31": 471, "2006-04-30": 619, "2006-01-31": 170, "2005-10-31": "-618.00000", "2005-07-31": 1091, "2005-04-30": -188, "2005-01-31": -271}, "Cash Flow From Operating Activities": {"2020-10-31": "4096.00000", "2020-07-31": 3802, "2020-04-30": 4237, "2020-01-31": 3800, "2019-10-31": "3587.00000", "2019-07-31": 3942, "2019-04-30": 4329, "2019-01-31": 3797, "2018-10-31": "3763.00000", "2018-07-31": 4100, "2018-04-30": 2416, "2018-01-31": 4070, "2017-10-31": "3080.00000", "2017-07-31": 4001, "2017-04-30": 3373, "2017-01-31": 3772, "2016-10-31": "2730.00000", "2016-07-31": 3818, "2016-04-30": 3064, "2016-01-31": 3922, "2015-10-31": "2766.00000", "2015-07-31": 4138, "2015-04-30": 3040, "2015-01-31": 2883, "2014-10-31": "2491.00000", "2014-07-31": 3612, "2014-04-30": 3198, "2014-01-31": 2873, "2013-10-31": "2649.00000", "2013-07-31": 3986, "2013-04-30": 3094, "2013-01-31": 3349, "2012-10-31": "2465.00000", "2012-07-31": 3088, "2012-04-30": 2969, "2012-01-31": 3101, "2011-10-31": "2333.00000", "2011-07-31": 2824, "2011-04-30": 2979, "2011-01-31": 2609, "2010-10-31": "1667.00000", "2010-07-31": 3232, "2010-04-30": 2967, "2010-01-31": 2486, "2009-10-31": "1488.00000", "2009-07-31": 1985, "2009-04-30": 1996, "2009-01-31": 3198, "2008-10-31": "2718.00000", "2008-07-31": 3529, "2008-04-30": 3028, "2008-01-31": 2443, "2007-10-31": "3089.00000", "2007-07-31": 2738, "2007-04-30": 2437, "2007-01-31": 2658, "2006-10-31": "2271.00000", "2006-07-31": 2317, "2006-04-30": 2315, "2006-01-31": 1865, "2005-10-31": "1402.00000", "2005-07-31": 2436, "2005-04-30": 1884, "2005-01-31": 3248}, "Net Change In Property, Plant, And Equipment": {"2020-10-31": "-167.00000", "2020-07-31": -204, "2020-04-30": -127, "2020-01-31": -62, "2019-10-31": "-198.00000", "2019-07-31": -201, "2019-04-30": -223, "2019-01-31": -253, "2018-10-31": "-210.00000", "2018-07-31": -209, "2018-04-30": -238, "2018-01-31": -161, "2017-10-31": "-167.00000", "2017-07-31": -207, "2017-04-30": -229, "2017-01-31": -248, "2016-10-31": "-273.00000", "2016-07-31": -236, "2016-04-30": -304, "2016-01-31": -309, "2015-10-31": "-256.00000", "2015-07-31": -306, "2015-04-30": -354, "2015-01-31": -263, "2014-10-31": "-282.00000", "2014-07-31": -261, "2014-04-30": -369, "2014-01-31": -254, "2013-10-31": "-159.00000", "2013-07-31": -233, "2013-04-30": -268, "2013-01-31": -277, "2012-10-31": "-241.00000", "2012-07-31": -246, "2012-04-30": -281, "2012-01-31": -284, "2011-10-31": "-265.00000", "2011-07-31": -244, "2011-04-30": -278, "2011-01-31": -326, "2010-10-31": "-326.00000", "2010-07-31": -309, "2010-04-30": -291, "2010-01-31": -248, "2009-10-31": "-160.00000", "2009-07-31": -211, "2009-04-30": -209, "2009-01-31": -224, "2008-10-31": "-361.00000", "2008-07-31": -360, "2008-04-30": -317, "2008-01-31": -295, "2007-10-31": "-296.00000", "2007-07-31": -339, "2007-04-30": -364, "2007-01-31": -334, "2006-10-31": "-214.00000", "2006-07-31": -177, "2006-04-30": -201, "2006-01-31": -179, "2005-10-31": "-215.00000", "2005-07-31": -222, "2005-04-30": -180, "2005-01-31": -290}, "Net Change In Intangible Assets": {"2020-10-31": "", "2020-07-31": 0, "2020-04-30": 0, "2020-01-31": 0, "2019-10-31": "", "2019-07-31": 0, "2019-04-30": 0, "2019-01-31": 0, "2018-10-31": "", "2018-07-31": 0, "2018-04-30": 0, "2018-01-31": 0, "2017-10-31": "", "2017-07-31": 0, "2017-04-30": 0, "2017-01-31": 0, "2016-10-31": "", "2016-07-31": 0, "2016-04-30": 0, "2016-01-31": 0, "2015-10-31": "", "2015-07-31": 0, "2015-04-30": 0, "2015-01-31": 0, "2014-10-31": "", "2014-07-31": 0, "2014-04-30": 0, "2014-01-31": 0, "2013-10-31": "", "2013-07-31": 0, "2013-04-30": 0, "2013-01-31": 0, "2012-10-31": "", "2012-07-31": 0, "2012-04-30": 0, "2012-01-31": 0, "2011-10-31": "", "2011-07-31": 0, "2011-04-30": 0, "2011-01-31": 0, "2010-10-31": "", "2010-07-31": 0, "2010-04-30": 0, "2010-01-31": 0, "2009-10-31": "", "2009-07-31": 0, "2009-04-30": 0, "2009-01-31": 0, "2008-10-31": "", "2008-07-31": 0, "2008-04-30": 0, "2008-01-31": 0, "2007-10-31": "", "2007-07-31": 0, "2007-04-30": 0, "2007-01-31": 0, "2006-10-31": "", "2006-07-31": 0, "2006-04-30": 0, "2006-01-31": 0, "2005-10-31": "", "2005-07-31": 0, "2005-04-30": 0, "2005-01-31": 0}, "Net Acquisitions/Divestitures": {"2020-10-31": "-830.00000", "2020-07-31": -90, "2020-04-30": -74, "2020-01-31": 0, "2019-10-31": "-163.00000", "2019-07-31": 0, "2019-04-30": -576, "2019-01-31": 365, "2018-10-31": "-1964.00000", "2018-07-31": -217, "2018-04-30": -2035, "2018-01-31": -2, "2017-10-31": "-725.00000", "2017-07-31": -113, "2017-04-30": -2960, "2017-01-31": 0, "2016-10-31": "-251.00000", "2016-07-31": 372, "2016-04-30": -2444, "2016-01-31": -103, "2015-10-31": "-614.00000", "2015-07-31": -88, "2015-04-30": -21, "2015-01-31": -33, "2014-10-31": "-184.00000", "2014-07-31": -205, "2014-04-30": 0, "2014-01-31": -337, "2013-10-31": "-2447.00000", "2013-07-31": -395, "2013-04-30": -336, "2013-01-31": -1123, "2012-10-31": "-4912.00000", "2012-07-31": -42, "2012-04-30": -224, "2012-01-31": -71, "2011-10-31": "-38.00000", "2011-07-31": 0, "2011-04-30": -172, "2011-01-31": -25, "2010-10-31": "-69.00000", "2010-07-31": -329, "2010-04-30": -2642, "2010-01-31": -2308, "2009-10-31": "", "2009-07-31": -88, "2009-04-30": -11, "2009-01-31": -39, "2008-10-31": "-288.00000", "2008-07-31": -13, "2008-04-30": 0, "2008-01-31": -340, "2007-10-31": "-45.00000", "2007-07-31": -3297, "2007-04-30": -221, "2007-01-31": -45, "2006-10-31": "-121.00000", "2006-07-31": -52, "2006-04-30": -5197, "2006-01-31": -28, "2005-10-31": "-122.00000", "2005-07-31": -300, "2005-04-30": -58, "2005-01-31": -553}, "Net Change In Short-term Investments": {"2020-10-31": "", "2020-07-31": -4737, "2020-04-30": 4737, "2020-01-31": 0, "2019-10-31": "", "2019-07-31": -5391, "2019-04-30": 5391, "2019-01-31": 0, "2018-10-31": "", "2018-07-31": 0, "2018-04-30": 0, "2018-01-31": 0, "2017-10-31": "", "2017-07-31": -42702, "2017-04-30": 0, "2017-01-31": 0, "2016-10-31": "", "2016-07-31": 0, "2016-04-30": 0, "2016-01-31": 0, "2015-10-31": "", "2015-07-31": 0, "2015-04-30": 0, "2015-01-31": 0, "2014-10-31": "", "2014-07-31": 0, "2014-04-30": 0, "2014-01-31": 0, "2013-10-31": "", "2013-07-31": 0, "2013-04-30": 0, "2013-01-31": 0, "2012-10-31": "", "2012-07-31": 0, "2012-04-30": 0, "2012-01-31": 0, "2011-10-31": "", "2011-07-31": 0, "2011-04-30": 0, "2011-01-31": 0, "2010-10-31": "", "2010-07-31": 0, "2010-04-30": 0, "2010-01-31": 0, "2009-10-31": "", "2009-07-31": 0, "2009-04-30": 0, "2009-01-31": 0, "2008-10-31": "", "2008-07-31": 16086, "2008-04-30": 0, "2008-01-31": -2917, "2007-10-31": "2917.00000", "2007-07-31": 15273, "2007-04-30": 0, "2007-01-31": 0, "2006-10-31": "", "2006-07-31": 0, "2006-04-30": 0, "2006-01-31": 0, "2005-10-31": "", "2005-07-31": 0, "2005-04-30": 0, "2005-01-31": 0}, "Net Change In Long-Term Investments": {"2020-10-31": "-1713.00000", "2020-07-31": 5530, "2020-04-30": -4300, "2020-01-31": 915, "2019-10-31": "2283.00000", "2019-07-31": 8281, "2019-04-30": 1014, "2019-01-31": 3767, "2018-10-31": "4849.00000", "2018-07-31": 8505, "2018-04-30": 8029, "2018-01-31": 4160, "2017-10-31": "-1603.00000", "2017-07-31": 43713, "2017-04-30": 1454, "2017-01-31": 679, "2016-10-31": "-4895.00000", "2016-07-31": -3134, "2016-04-30": 120, "2016-01-31": -949, "2015-10-31": "-69.00000", "2015-07-31": -3403, "2015-04-30": -2211, "2015-01-31": -352, "2014-10-31": "-2413.00000", "2014-07-31": -1093, "2014-04-30": -2555, "2014-01-31": 1158, "2013-10-31": "-145.00000", "2013-07-31": -430, "2013-04-30": -2847, "2013-01-31": 736, "2012-10-31": "-1375.00000", "2012-07-31": 2776, "2012-04-30": -3669, "2012-01-31": 1378, "2011-10-31": "-2965.00000", "2011-07-31": -203, "2011-04-30": -1382, "2011-01-31": -140, "2010-10-31": "209.00000", "2010-07-31": -108, "2010-04-30": -135, "2010-01-31": -4393, "2009-10-31": "-1136.00000", "2009-07-31": -2925, "2009-04-30": -866, "2009-01-31": -2568, "2008-10-31": "-2130.00000", "2008-07-31": -19201, "2008-04-30": -947, "2008-01-31": 5323, "2007-10-31": "-3771.00000", "2007-07-31": -16544, "2007-04-30": 1513, "2007-01-31": -2947, "2006-10-31": "-551.00000", "2006-07-31": -665, "2006-04-30": -4102, "2006-01-31": 1985, "2005-10-31": "-656.00000", "2005-07-31": 2246, "2005-04-30": 418, "2005-01-31": 1481}, "Net Change In Investments - Total": {"2020-10-31": "-1713.00000", "2020-07-31": 793, "2020-04-30": 437, "2020-01-31": 915, "2019-10-31": "2283.00000", "2019-07-31": 2890, "2019-04-30": 6405, "2019-01-31": 3767, "2018-10-31": "4849.00000", "2018-07-31": 8505, "2018-04-30": 8029, "2018-01-31": 4160, "2017-10-31": "-1603.00000", "2017-07-31": 1011, "2017-04-30": 1454, "2017-01-31": 679, "2016-10-31": "-4895.00000", "2016-07-31": -3134, "2016-04-30": 120, "2016-01-31": -949, "2015-10-31": "-69.00000", "2015-07-31": -3403, "2015-04-30": -2211, "2015-01-31": -352, "2014-10-31": "-2413.00000", "2014-07-31": -1093, "2014-04-30": -2555, "2014-01-31": 1158, "2013-10-31": "-145.00000", "2013-07-31": -430, "2013-04-30": -2847, "2013-01-31": 736, "2012-10-31": "-1375.00000", "2012-07-31": 2776, "2012-04-30": -3669, "2012-01-31": 1378, "2011-10-31": "-2965.00000", "2011-07-31": -203, "2011-04-30": -1382, "2011-01-31": -140, "2010-10-31": "209.00000", "2010-07-31": -108, "2010-04-30": -135, "2010-01-31": -4393, "2009-10-31": "-1136.00000", "2009-07-31": -2925, "2009-04-30": -866, "2009-01-31": -2568, "2008-10-31": "-2130.00000", "2008-07-31": -3115, "2008-04-30": -947, "2008-01-31": 2406, "2007-10-31": "-854.00000", "2007-07-31": -1271, "2007-04-30": 1513, "2007-01-31": -2947, "2006-10-31": "-551.00000", "2006-07-31": -665, "2006-04-30": -4102, "2006-01-31": 1985, "2005-10-31": "-656.00000", "2005-07-31": 2246, "2005-04-30": 418, "2005-01-31": 1481}, "Investing Activities - Other": {"2020-10-31": "", "2020-07-31": 0, "2020-04-30": 0, "2020-01-31": -10, "2019-10-31": "", "2019-07-31": 0, "2019-04-30": 0, "2019-01-31": -12, "2018-10-31": "", "2018-07-31": -3, "2018-04-30": 1, "2018-01-31": -7, "2017-10-31": "-10.00000", "2017-07-31": -39, "2017-04-30": 25, "2017-01-31": -13, "2016-10-31": "23.00000", "2016-07-31": -368, "2016-04-30": 264, "2016-01-31": -76, "2015-10-31": "-11.00000", "2015-07-31": -63, "2015-04-30": -6, "2015-01-31": -111, "2014-10-31": "2.00000", "2014-07-31": 54, "2014-04-30": -24, "2014-01-31": -2, "2013-10-31": "-4.00000", "2013-07-31": -57, "2013-04-30": -6, "2013-01-31": -2, "2012-10-31": "-2.00000", "2012-07-31": -59, "2012-04-30": 15, "2012-01-31": 83, "2011-10-31": "77.00000", "2011-07-31": -26, "2011-04-30": 20, "2011-01-31": 9, "2010-10-31": "19.00000", "2010-07-31": 48, "2010-04-30": 20, "2010-01-31": 17, "2009-10-31": "43.00000", "2009-07-31": 15, "2009-04-30": 0, "2009-01-31": 6, "2008-10-31": "-60.00000", "2008-07-31": -23, "2008-04-30": 117, "2008-01-31": -46, "2007-10-31": "-65.00000", "2007-07-31": -64, "2007-04-30": -60, "2007-01-31": 14, "2006-10-31": "-41.00000", "2006-07-31": 21, "2006-04-30": 53, "2006-01-31": 21, "2005-10-31": "-130.00000", "2005-07-31": -11, "2005-04-30": -10, "2005-01-31": 93}, "Cash Flow From Investing Activities": {"2020-10-31": "-2710.00000", "2020-07-31": 499, "2020-04-30": 236, "2020-01-31": 843, "2019-10-31": "1922.00000", "2019-07-31": 2689, "2019-04-30": 5606, "2019-01-31": 3867, "2018-10-31": "2675.00000", "2018-07-31": 8076, "2018-04-30": 5757, "2018-01-31": 3990, "2017-10-31": "-2505.00000", "2017-07-31": 652, "2017-04-30": -1710, "2017-01-31": 418, "2016-10-31": "-5396.00000", "2016-07-31": -3366, "2016-04-30": -2364, "2016-01-31": -1437, "2015-10-31": "-950.00000", "2015-07-31": -3860, "2015-04-30": -2592, "2015-01-31": -759, "2014-10-31": "-2877.00000", "2014-07-31": -1505, "2014-04-30": -2948, "2014-01-31": 565, "2013-10-31": "-2755.00000", "2013-07-31": -1115, "2013-04-30": -3457, "2013-01-31": -666, "2012-10-31": "-6530.00000", "2012-07-31": 2429, "2012-04-30": -4159, "2012-01-31": 1106, "2011-10-31": "-3191.00000", "2011-07-31": -473, "2011-04-30": -1812, "2011-01-31": -482, "2010-10-31": "-167.00000", "2010-07-31": -698, "2010-04-30": -3048, "2010-01-31": -6932, "2009-10-31": "-1253.00000", "2009-07-31": -3209, "2009-04-30": -1086, "2009-01-31": -2825, "2008-10-31": "-2839.00000", "2008-07-31": -3511, "2008-04-30": -1147, "2008-01-31": 1725, "2007-10-31": "-1260.00000", "2007-07-31": -4971, "2007-04-30": 868, "2007-01-31": -3312, "2006-10-31": "-927.00000", "2006-07-31": -873, "2006-04-30": -9447, "2006-01-31": 1799, "2005-10-31": "-1123.00000", "2005-07-31": 1713, "2005-04-30": 170, "2005-01-31": 731}, "Net Long-Term Debt": {"2020-10-31": "", "2020-07-31": -1500, "2020-04-30": 0, "2020-01-31": -2500, "2019-10-31": "-2720.00000", "2019-07-31": -810, "2019-04-30": -3720, "2019-01-31": 0, "2018-10-31": "", "2018-07-31": -2500, "2018-04-30": -3645, "2018-01-31": -4087, "2017-10-31": "4734.00000", "2017-07-31": 748, "2017-04-30": -4150, "2017-01-31": 0, "2016-10-31": "6231.00000", "2016-07-31": 0, "2016-04-30": 3977, "2016-01-31": -10, "2015-10-31": "-852.00000", "2015-07-31": 4980, "2015-04-30": -1, "2015-01-31": -503, "2014-10-31": "-3.00000", "2014-07-31": -22, "2014-04-30": 4745, "2014-01-31": -22, "2013-10-31": "4.00000", "2013-07-31": 8, "2013-04-30": 0, "2013-01-31": 0, "2012-10-31": "", "2012-07-31": 0, "2012-04-30": 0, "2012-01-31": 0, "2011-10-31": "", "2011-07-31": -113, "2011-04-30": 1109, "2011-01-31": 0, "2010-10-31": "", "2010-07-31": 0, "2010-04-30": 0, "2010-01-31": 4310, "2009-10-31": "634.00000", "2009-07-31": 0, "2009-04-30": 3491, "2009-01-31": 0, "2008-10-31": "", "2008-07-31": 0, "2008-04-30": 0, "2008-01-31": 0, "2007-10-31": "", "2007-07-31": 0, "2007-04-30": 0, "2007-01-31": 0, "2006-10-31": "", "2006-07-31": 0, "2006-04-30": 6481, "2006-01-31": 0, "2005-10-31": "", "2005-07-31": 0, "2005-04-30": 0, "2005-01-31": 0}, "Net Current Debt": {"2020-10-31": "", "2020-07-31": 0, "2020-04-30": 0, "2020-01-31": 0, "2019-10-31": "-3470.00000", "2019-07-31": 1723, "2019-04-30": 1723, "2019-01-31": 0, "2018-10-31": "", "2018-07-31": 0, "2018-04-30": -7597, "2018-01-31": 7593, "2017-10-31": "-2498.00000", "2017-07-31": 497, "2017-04-30": 1700, "2017-01-31": 300, "2016-10-31": "", "2016-07-31": 0, "2016-04-30": 0, "2016-01-31": 0, "2015-10-31": "-4.00000", "2015-07-31": -500, "2015-04-30": 500, "2015-01-31": 0, "2014-10-31": "-4.00000", "2014-07-31": 0, "2014-04-30": -1000, "2014-01-31": 1000, "2013-10-31": "-2.00000", "2013-07-31": 0, "2013-04-30": -24, "2013-01-31": -19, "2012-10-31": "23.00000", "2012-07-31": -52, "2012-04-30": -522, "2012-01-31": 17, "2011-10-31": "", "2011-07-31": 120, "2011-04-30": 369, "2011-01-31": 39, "2010-10-31": "-16.00000", "2010-07-31": -21, "2010-04-30": 62, "2010-01-31": 0, "2009-10-31": "", "2009-07-31": 0, "2009-04-30": 0, "2009-01-31": 0, "2008-10-31": "", "2008-07-31": 0, "2008-04-30": 0, "2008-01-31": 0, "2007-10-31": "", "2007-07-31": 0, "2007-04-30": 0, "2007-01-31": 0, "2006-10-31": "", "2006-07-31": 0, "2006-04-30": 0, "2006-01-31": 0, "2005-10-31": "", "2005-07-31": 0, "2005-04-30": 0, "2005-01-31": 0}, "Debt Issuance/Retirement Net - Total": {"2020-10-31": "", "2020-07-31": -1500, "2020-04-30": 0, "2020-01-31": -2500, "2019-10-31": "-6190.00000", "2019-07-31": 913, "2019-04-30": -1997, "2019-01-31": 0, "2018-10-31": "", "2018-07-31": -2500, "2018-04-30": -11242, "2018-01-31": 3506, "2017-10-31": "2236.00000", "2017-07-31": 1245, "2017-04-30": -2450, "2017-01-31": 300, "2016-10-31": "6231.00000", "2016-07-31": 0, "2016-04-30": 3977, "2016-01-31": -10, "2015-10-31": "-856.00000", "2015-07-31": 4480, "2015-04-30": 499, "2015-01-31": -503, "2014-10-31": "-7.00000", "2014-07-31": -22, "2014-04-30": 3745, "2014-01-31": 978, "2013-10-31": "2.00000", "2013-07-31": 8, "2013-04-30": -24, "2013-01-31": -19, "2012-10-31": "23.00000", "2012-07-31": -52, "2012-04-30": -522, "2012-01-31": 17, "2011-10-31": "", "2011-07-31": 7, "2011-04-30": 1478, "2011-01-31": 39, "2010-10-31": "-16.00000", "2010-07-31": -21, "2010-04-30": 62, "2010-01-31": 4310, "2009-10-31": "634.00000", "2009-07-31": 0, "2009-04-30": 3491, "2009-01-31": 0, "2008-10-31": "", "2008-07-31": 0, "2008-04-30": 0, "2008-01-31": 0, "2007-10-31": "", "2007-07-31": 0, "2007-04-30": 0, "2007-01-31": 0, "2006-10-31": "", "2006-07-31": 0, "2006-04-30": 6481, "2006-01-31": 0, "2005-10-31": "", "2005-07-31": 0, "2005-04-30": 0, "2005-01-31": 0}, "Net Common Equity Issued/Repurchased": {"2020-10-31": "-888.00000", "2020-07-31": 112, "2020-04-30": -1092, "2020-01-31": -775, "2019-10-31": "-976.00000", "2019-07-31": -4617, "2019-04-30": -6058, "2019-01-31": -4878, "2018-10-31": "-5386.00000", "2018-07-31": -5842, "2018-04-30": -6197, "2018-01-31": -3569, "2017-10-31": "-2019.00000", "2017-07-31": -1001, "2017-04-30": -558, "2017-01-31": -701, "2016-10-31": "-1336.00000", "2016-07-31": -487, "2016-04-30": -797, "2016-01-31": -848, "2015-10-31": "-1207.00000", "2015-07-31": -654, "2015-04-30": -753, "2015-01-31": -326, "2014-10-31": "-1077.00000", "2014-07-31": -679, "2014-04-30": -2105, "2014-01-31": -3412, "2013-10-31": "-1740.00000", "2013-07-31": 845, "2013-04-30": -405, "2013-01-31": 64, "2012-10-31": "-269.00000", "2012-07-31": -1635, "2012-04-30": -51, "2012-01-31": -24, "2011-10-31": "-1678.00000", "2011-07-31": -1017, "2011-04-30": -656, "2011-01-31": -1065, "2010-10-31": "-2327.00000", "2010-07-31": -1926, "2010-04-30": -852, "2010-01-31": 61, "2009-10-31": "-1869.00000", "2009-07-31": -427, "2009-04-30": -1159, "2009-01-31": -384, "2008-10-31": "-778.00000", "2008-07-31": -843, "2008-04-30": -1526, "2008-01-31": -3501, "2007-10-31": "-1454.00000", "2007-07-31": 187, "2007-04-30": -560, "2007-01-31": -1521, "2006-10-31": "-481.00000", "2006-07-31": -2417, "2006-04-30": -511, "2006-01-31": -321, "2005-10-31": "-3364.00000", "2005-07-31": -1997, "2005-04-30": -1878, "2005-01-31": -5273}, "Net Total Equity Issued/Repurchased": {"2020-10-31": "-888.00000", "2020-07-31": 112, "2020-04-30": -1092, "2020-01-31": -775, "2019-10-31": "-976.00000", "2019-07-31": -4617, "2019-04-30": -6058, "2019-01-31": -4878, "2018-10-31": "-5386.00000", "2018-07-31": -5842, "2018-04-30": -6197, "2018-01-31": -3569, "2017-10-31": "-2019.00000", "2017-07-31": -1001, "2017-04-30": -558, "2017-01-31": -701, "2016-10-31": "-1336.00000", "2016-07-31": -487, "2016-04-30": -797, "2016-01-31": -848, "2015-10-31": "-1207.00000", "2015-07-31": -654, "2015-04-30": -753, "2015-01-31": -326, "2014-10-31": "-1077.00000", "2014-07-31": -679, "2014-04-30": -2105, "2014-01-31": -3412, "2013-10-31": "-1740.00000", "2013-07-31": 845, "2013-04-30": -405, "2013-01-31": 64, "2012-10-31": "-269.00000", "2012-07-31": -1635, "2012-04-30": -51, "2012-01-31": -24, "2011-10-31": "-1678.00000", "2011-07-31": -1017, "2011-04-30": -656, "2011-01-31": -1065, "2010-10-31": "-2327.00000", "2010-07-31": -1926, "2010-04-30": -852, "2010-01-31": 61, "2009-10-31": "-1869.00000", "2009-07-31": -427, "2009-04-30": -1159, "2009-01-31": -384, "2008-10-31": "-778.00000", "2008-07-31": -843, "2008-04-30": -1526, "2008-01-31": -3501, "2007-10-31": "-1454.00000", "2007-07-31": 187, "2007-04-30": -560, "2007-01-31": -1521, "2006-10-31": "-481.00000", "2006-07-31": -2417, "2006-04-30": -511, "2006-01-31": -321, "2005-10-31": "-3364.00000", "2005-07-31": -1997, "2005-04-30": -1878, "2005-01-31": -5273}, "Total Common And Preferred Stock Dividends Paid": {"2020-10-31": "-1520.00000", "2020-07-31": -1525, "2020-04-30": -1519, "2020-01-31": -1486, "2019-10-31": "-1486.00000", "2019-07-31": -1490, "2019-04-30": -1519, "2019-01-31": -1470, "2018-10-31": "-1500.00000", "2018-07-31": -1535, "2018-04-30": -1572, "2018-01-31": -1425, "2017-10-31": "-1436.00000", "2017-07-31": -1448, "2017-04-30": -1451, "2017-01-31": -1304, "2016-10-31": "-1308.00000", "2016-07-31": -1309, "2016-04-30": -1308, "2016-01-31": -1065, "2015-10-31": "-1068.00000", "2015-07-31": -1069, "2015-04-30": -1070, "2015-01-31": -974, "2014-10-31": "-973.00000", "2014-07-31": -974, "2014-04-30": -974, "2014-01-31": -896, "2013-10-31": "-914.00000", "2013-07-31": -918, "2013-04-30": -905, "2013-01-31": -743, "2012-10-31": "-744.00000", "2012-07-31": -425, "2012-04-30": -432, "2012-01-31": -322, "2011-10-31": "-322.00000", "2011-07-31": -329, "2011-04-30": -329, "2011-01-31": 0, "2010-10-31": "", "2010-07-31": 0, "2010-04-30": 0, "2010-01-31": 0, "2009-10-31": "", "2009-07-31": 0, "2009-04-30": 0, "2009-01-31": 0, "2008-10-31": "", "2008-07-31": 0, "2008-04-30": 0, "2008-01-31": 0, "2007-10-31": "", "2007-07-31": 0, "2007-04-30": 0, "2007-01-31": 0, "2006-10-31": "", "2006-07-31": 0, "2006-04-30": 0, "2006-01-31": 0, "2005-10-31": "", "2005-07-31": 0, "2005-04-30": 0, "2005-01-31": 0}, "Financial Activities - Other": {"2020-10-31": "35.00000", "2020-07-31": 54, "2020-04-30": 9, "2020-01-31": 4, "2019-10-31": "-16.00000", "2019-07-31": 62, "2019-04-30": 33, "2019-01-31": 77, "2018-10-31": "-59.00000", "2018-07-31": -77, "2018-04-30": -70, "2018-01-31": 9, "2017-10-31": "-31.00000", "2017-07-31": 100, "2017-04-30": 14, "2017-01-31": -170, "2016-10-31": "31.00000", "2016-07-31": 80, "2016-04-30": 9, "2016-01-31": -6, "2015-10-31": "196.00000", "2015-07-31": -28, "2015-04-30": -51, "2015-01-31": 89, "2014-10-31": "104.00000", "2014-07-31": 53, "2014-04-30": -14, "2014-01-31": -23, "2013-10-31": "87.00000", "2013-07-31": -3, "2013-04-30": -28, "2013-01-31": 89, "2012-10-31": "29.00000", "2012-07-31": -67, "2012-04-30": 95, "2012-01-31": -64, "2011-10-31": "-57.00000", "2011-07-31": 15, "2011-04-30": 51, "2011-01-31": 27, "2010-10-31": "58.00000", "2010-07-31": 33, "2010-04-30": 122, "2010-01-31": 11, "2009-10-31": "56.00000", "2009-07-31": 10, "2009-04-30": -58, "2009-01-31": -11, "2008-10-31": "-95.00000", "2008-07-31": -138, "2008-04-30": 597, "2008-01-31": 122, "2007-10-31": "310.00000", "2007-07-31": 317, "2007-04-30": 278, "2007-01-31": 296, "2006-10-31": "153.00000", "2006-07-31": 33, "2006-04-30": 248, "2006-01-31": 104, "2005-10-31": "47.00000", "2005-07-31": -51, "2005-04-30": -8, "2005-01-31": 45}, "Cash Flow From Financial Activities": {"2020-10-31": "-2373.00000", "2020-07-31": -2859, "2020-04-30": -2602, "2020-01-31": -4757, "2019-10-31": "-8668.00000", "2019-07-31": -5132, "2019-04-30": -9541, "2019-01-31": -6271, "2018-10-31": "-6945.00000", "2018-07-31": -9954, "2018-04-30": -19081, "2018-01-31": -1479, "2017-10-31": "-1250.00000", "2017-07-31": -1104, "2017-04-30": -4445, "2017-01-31": -1875, "2016-10-31": "3618.00000", "2016-07-31": -1716, "2016-04-30": 1881, "2016-01-31": -1929, "2015-10-31": "-2935.00000", "2015-07-31": 2729, "2015-04-30": -1375, "2015-01-31": -1714, "2014-10-31": "-1953.00000", "2014-07-31": -1622, "2014-04-30": 652, "2014-01-31": -3353, "2013-10-31": "-2565.00000", "2013-07-31": -68, "2013-04-30": -1362, "2013-01-31": -609, "2012-10-31": "-961.00000", "2012-07-31": -2179, "2012-04-30": -910, "2012-01-31": -393, "2011-10-31": "-2057.00000", "2011-07-31": -1324, "2011-04-30": 544, "2011-01-31": -999, "2010-10-31": "-2285.00000", "2010-07-31": -1914, "2010-04-30": -668, "2010-01-31": 4382, "2009-10-31": "-1179.00000", "2009-07-31": -417, "2009-04-30": 2274, "2009-01-31": -395, "2008-10-31": "-873.00000", "2008-07-31": -981, "2008-04-30": -929, "2008-01-31": -3379, "2007-10-31": "-1144.00000", "2007-07-31": 504, "2007-04-30": -282, "2007-01-31": -1225, "2006-10-31": "-328.00000", "2006-07-31": -2384, "2006-04-30": 6218, "2006-01-31": -217, "2005-10-31": "-3317.00000", "2005-07-31": -2048, "2005-04-30": -1886, "2005-01-31": -5228}, "Net Cash Flow": {"2020-10-31": "-987.00000", "2020-07-31": 1442, "2020-04-30": 1871, "2020-01-31": -114, "2019-10-31": "-3159.00000", "2019-07-31": 1499, "2019-04-30": 394, "2019-01-31": 1393, "2018-10-31": "-507.00000", "2018-07-31": 2222, "2018-04-30": -10908, "2018-01-31": 6581, "2017-10-31": "-675.00000", "2017-07-31": 3549, "2017-04-30": -2782, "2017-01-31": 2315, "2016-10-31": "952.00000", "2016-07-31": -1264, "2016-04-30": 2581, "2016-01-31": 556, "2015-10-31": "-1119.00000", "2015-07-31": 3007, "2015-04-30": -927, "2015-01-31": 410, "2014-10-31": "-2339.00000", "2014-07-31": 485, "2014-04-30": 902, "2014-01-31": 85, "2013-10-31": "-2671.00000", "2013-07-31": 2803, "2013-04-30": -1725, "2013-01-31": 2074, "2012-10-31": "-5026.00000", "2012-07-31": 3338, "2012-04-30": -2100, "2012-01-31": 3814, "2011-10-31": "-2915.00000", "2011-07-31": 1027, "2011-04-30": 1711, "2011-01-31": 1128, "2010-10-31": "-785.00000", "2010-07-31": 620, "2010-04-30": -749, "2010-01-31": -64, "2009-10-31": "-944.00000", "2009-07-31": -1641, "2009-04-30": 3184, "2009-01-31": -22, "2008-10-31": "-994.00000", "2008-07-31": -963, "2008-04-30": 952, "2008-01-31": 789, "2007-10-31": "685.00000", "2007-07-31": -1729, "2007-04-30": 3023, "2007-01-31": -1879, "2006-10-31": "1016.00000", "2006-07-31": -940, "2006-04-30": -914, "2006-01-31": 3447, "2005-10-31": "-3038.00000", "2005-07-31": 2101, "2005-04-30": 168, "2005-01-31": -1249}, "Stock-Based Compensation": {"2020-10-31": "438.00000", "2020-07-31": 399, "2020-04-30": 391, "2020-01-31": 384, "2019-10-31": "395.00000", "2019-07-31": 404, "2019-04-30": 374, "2019-01-31": 389, "2018-10-31": "403.00000", "2018-07-31": 392, "2018-04-30": 399, "2018-01-31": 393, "2017-10-31": "392.00000", "2017-07-31": 402, "2017-04-30": 400, "2017-01-31": 352, "2016-10-31": "372.00000", "2016-07-31": 357, "2016-04-30": 395, "2016-01-31": 330, "2015-10-31": "376.00000", "2015-07-31": 396, "2015-04-30": 367, "2015-01-31": 308, "2014-10-31": "369.00000", "2014-07-31": 339, "2014-04-30": 353, "2014-01-31": 347, "2013-10-31": "309.00000", "2013-07-31": 240, "2013-04-30": 272, "2013-01-31": 302, "2012-10-31": "306.00000", "2012-07-31": 369, "2012-04-30": 337, "2012-01-31": 354, "2011-10-31": "341.00000", "2011-07-31": 383, "2011-04-30": 400, "2011-01-31": 430, "2010-10-31": "407.00000", "2010-07-31": 391, "2010-04-30": 434, "2010-01-31": 371, "2009-10-31": "321.00000", "2009-07-31": 330, "2009-04-30": 299, "2009-01-31": 298, "2008-10-31": "304.00000", "2008-07-31": 278, "2008-04-30": 290, "2008-01-31": 294, "2007-10-31": "250.00000", "2007-07-31": 229, "2007-04-30": 245, "2007-01-31": 256, "2006-10-31": "235.00000", "2006-07-31": 223, "2006-04-30": 284, "2006-01-31": 285, "2005-10-31": "345.00000", "2005-07-31": 34, "2005-04-30": 44, "2005-01-31": 76}, "Common Stock Dividends Paid": {"2020-10-31": "-1520.00000", "2020-07-31": -1525, "2020-04-30": -1519, "2020-01-31": -1486, "2019-10-31": "-1486.00000", "2019-07-31": -1490, "2019-04-30": -1519, "2019-01-31": -1470, "2018-10-31": "-1500.00000", "2018-07-31": -1535, "2018-04-30": -1572, "2018-01-31": -1425, "2017-10-31": "-1436.00000", "2017-07-31": -1448, "2017-04-30": -1451, "2017-01-31": -1304, "2016-10-31": "-1308.00000", "2016-07-31": -1309, "2016-04-30": -1308, "2016-01-31": -1065, "2015-10-31": "-1068.00000", "2015-07-31": -1069, "2015-04-30": -1070, "2015-01-31": -974, "2014-10-31": "-973.00000", "2014-07-31": -974, "2014-04-30": -974, "2014-01-31": -896, "2013-10-31": "-914.00000", "2013-07-31": -918, "2013-04-30": -905, "2013-01-31": -743, "2012-10-31": "-744.00000", "2012-07-31": -425, "2012-04-30": -432, "2012-01-31": -322, "2011-10-31": "-322.00000", "2011-07-31": -329, "2011-04-30": -329, "2011-01-31": 0, "2010-10-31": "0.00000", "2010-07-31": 0, "2010-04-30": 0, "2010-01-31": 0, "2009-10-31": "", "2009-07-31": 0, "2009-04-30": 0, "2009-01-31": 0, "2008-10-31": "", "2008-07-31": 0, "2008-04-30": 0, "2008-01-31": 0, "2007-10-31": "", "2007-07-31": 0, "2007-04-30": 0, "2007-01-31": 0, "2006-10-31": "", "2006-07-31": 0, "2006-04-30": 0, "2006-01-31": 0, "2005-10-31": "", "2005-07-31": 0, "2005-04-30": 0, "2005-01-31": 0}}, "financial ratios": {"Current Ratio": {"2020-07-31": "1.72010", "2019-07-31": "1.50590", "2018-07-31": "2.28730", "2017-07-31": "3.03460", "2016-07-31": "3.16000", "2015-07-31": "3.13380", "2014-07-31": "3.38810", "2013-07-31": "2.97880", "2012-07-31": "3.49290", "2011-07-31": "3.26920", "2010-07-31": "2.67360", "2009-07-31": "3.23520", "2008-07-31": "2.57610", "2007-07-31": "2.36370", "2006-07-31": "2.26960", "2005-07-31": "2.31420"}, "Long-term Debt / Capital": {"2020-07-31": "0.23390", "2019-07-31": "0.30130", "2018-07-31": "0.32000", "2017-07-31": "0.28000", "2016-07-31": "0.27800", "2015-07-31": "0.26440", "2014-07-31": "0.26410", "2013-07-31": "0.17940", "2012-07-31": "0.24110", "2011-07-31": "0.25570", "2010-07-31": "0.21580", "2009-07-31": "0.21020", "2008-07-31": "0.15690", "2007-07-31": "0.16910", "2006-07-31": "0.20940", "2005-07-31": ""}, "Debt/Equity Ratio": {"2020-07-31": "0.38460", "2019-07-31": "0.73470", "2018-07-31": "0.59180", "2017-07-31": "0.50980", "2016-07-31": "0.45050", "2015-07-31": "0.42460", "2014-07-31": "0.36790", "2013-07-31": "0.27420", "2012-07-31": "0.31830", "2011-07-31": "0.35600", "2010-07-31": "0.34510", "2009-07-31": "0.26620", "2008-07-31": "0.20070", "2007-07-31": "0.20360", "2006-07-31": "0.26480", "2005-07-31": ""}, "Gross Margin": {"2020-07-31": "64.26440", "2019-07-31": "62.93540", "2018-07-31": "62.04340", "2017-07-31": "62.96010", "2016-07-31": "62.86680", "2015-07-31": "60.37510", "2014-07-31": "58.90500", "2013-07-31": "60.56740", "2012-07-31": "61.24270", "2011-07-31": "61.40030", "2010-07-31": "64.04350", "2009-07-31": "63.94220", "2008-07-31": "64.10220", "2007-07-31": "63.73920", "2006-07-31": "65.81590", "2005-07-31": "67.21910"}, "Operating Margin": {"2020-07-31": "27.62620", "2019-07-31": "27.39480", "2018-07-31": "24.95240", "2017-07-31": "24.94120", "2016-07-31": "25.70720", "2015-07-31": "21.90760", "2014-07-31": "19.82310", "2013-07-31": "23.03370", "2012-07-31": "21.85150", "2011-07-31": "17.75650", "2010-07-31": "22.88710", "2009-07-31": "20.27300", "2008-07-31": "23.87960", "2007-07-31": "24.68640", "2006-07-31": "24.56120", "2005-07-31": "29.90200"}, "EBIT Margin": {"2020-07-31": "27.62620", "2019-07-31": "27.39480", "2018-07-31": "24.95240", "2017-07-31": "24.94120", "2016-07-31": "25.70720", "2015-07-31": "21.90760", "2014-07-31": "19.82310", "2013-07-31": "23.03370", "2012-07-31": "21.85150", "2011-07-31": "17.75650", "2010-07-31": "22.88710", "2009-07-31": "20.27300", "2008-07-31": "23.87960", "2007-07-31": "24.68640", "2006-07-31": "24.56120", "2005-07-31": "29.90200"}, "EBITDA Margin": {"2020-07-31": "31.29350", "2019-07-31": "31.04960", "2018-07-31": "29.39590", "2017-07-31": "29.70320", "2016-07-31": "30.07290", "2015-07-31": "26.87500", "2014-07-31": "24.99680", "2013-07-31": "28.09470", "2012-07-31": "26.64510", "2011-07-31": "23.50870", "2010-07-31": "27.95700", "2009-07-31": "25.16820", "2008-07-31": "28.29030", "2007-07-31": "28.73260", "2006-07-31": "29.10060", "2005-07-31": "34.01480"}, "Pre-Tax Profit Margin": {"2020-07-31": "28.33610", "2019-07-31": "28.07300", "2018-07-31": "26.43220", "2017-07-31": "25.59530", "2016-07-31": "26.23510", "2015-07-31": "22.78430", "2014-07-31": "20.60800", "2013-07-31": "23.09750", "2012-07-31": "22.05550", "2011-07-31": "18.10590", "2010-07-31": "23.51400", "2009-07-31": "21.30020", "2008-07-31": "25.93580", "2007-07-31": "27.09180", "2006-07-31": "26.79750", "2005-07-31": "32.40190"}, "Net Profit Margin": {"2020-07-31": "22.74600", "2019-07-31": "22.38940", "2018-07-31": "0.22300", "2017-07-31": "20.01670", "2016-07-31": "21.80640", "2015-07-31": "18.26860", "2014-07-31": "16.65820", "2013-07-31": "20.53820", "2012-07-31": "17.45730", "2011-07-31": "15.01690", "2010-07-31": "19.39810", "2009-07-31": "16.98370", "2008-07-31": "20.36420", "2007-07-31": "20.99820", "2006-07-31": "19.58990", "2005-07-31": "23.14830"}, "Asset Turnover": {"2020-07-31": "0.51980", "2019-07-31": "0.53080", "2018-07-31": "0.45350", "2017-07-31": "0.36980", "2016-07-31": "0.40480", "2015-07-31": "0.43360", "2014-07-31": "0.44870", "2013-07-31": "0.48030", "2012-07-31": "0.50200", "2011-07-31": "0.49620", "2010-07-31": "0.49350", "2009-07-31": "0.53010", "2008-07-31": "0.67320", "2007-07-31": "0.65470", "2006-07-31": "0.65760", "2005-07-31": "0.73200"}, "Inventory Turnover Ratio": {"2020-07-31": "13.74260", "2019-07-31": "13.91030", "2018-07-31": "10.14300", "2017-07-31": "11.00310", "2016-07-31": "15.02630", "2015-07-31": "11.97300", "2014-07-31": "12.17660", "2013-07-31": "12.98580", "2012-07-31": "10.73480", "2011-07-31": "11.22610", "2010-07-31": "10.84930", "2009-07-31": "12.12570", "2008-07-31": "11.49310", "2007-07-31": "9.57870", "2006-07-31": "7.10210", "2005-07-31": "6.26830"}, "Receiveable Turnover": {"2020-07-31": "9.00970", "2019-07-31": "9.45260", "2018-07-31": "8.88190", "2017-07-31": "9.32860", "2016-07-31": "8.42260", "2015-07-31": "9.19930", "2014-07-31": "9.14140", "2013-07-31": "8.88610", "2012-07-31": "10.54270", "2011-07-31": "9.19920", "2010-07-31": "8.12340", "2009-07-31": "11.36830", "2008-07-31": "10.34810", "2007-07-31": "8.75460", "2006-07-31": "8.62370", "2005-07-31": "11.19180"}, "Days Sales In Receivables": {"2020-07-31": "40.51200", "2019-07-31": "38.61390", "2018-07-31": "41.09490", "2017-07-31": "39.12700", "2016-07-31": "43.33570", "2015-07-31": "39.67700", "2014-07-31": "39.92840", "2013-07-31": "41.07540", "2012-07-31": "34.62120", "2011-07-31": "39.67720", "2010-07-31": "44.93220", "2009-07-31": "32.10690", "2008-07-31": "35.27230", "2007-07-31": "41.69250", "2006-07-31": "42.32530", "2005-07-31": "32.61320"}, "ROE - Return On Equity": {"2020-07-31": "29.57280", "2019-07-31": "34.61620", "2018-07-31": "0.25460", "2017-07-31": "14.52890", "2016-07-31": "16.88920", "2015-07-31": "15.04180", "2014-07-31": "13.85960", "2013-07-31": "16.88370", "2012-07-31": "15.67420", "2011-07-31": "13.73280", "2010-07-31": "17.53870", "2009-07-31": "15.85960", "2008-07-31": "23.43900", "2007-07-31": "23.29420", "2006-07-31": "23.33560", "2005-07-31": "24.77350"}, "Return On Tangible Equity": {"2020-07-31": "441.84400", "2019-07-31": "-538.25850", "2018-07-31": "1.22960", "2017-07-31": "28.40210", "2016-07-31": "31.16460", "2015-07-31": "27.32940", "2014-07-31": "26.94740", "2013-07-31": "29.53030", "2012-07-31": "24.86090", "2011-07-31": "23.26170", "2010-07-31": "31.91440", "2009-07-31": "25.50520", "2008-07-31": "40.51930", "2007-07-31": "43.59950", "2006-07-31": "44.55450", "2005-07-31": "33.12750"}, "ROA - Return On Assets": {"2020-07-31": "11.82250", "2019-07-31": "11.88330", "2018-07-31": "0.10110", "2017-07-31": "7.40190", "2016-07-31": "8.82760", "2015-07-31": "7.92160", "2014-07-31": "7.47410", "2013-07-31": "9.86550", "2012-07-31": "8.76320", "2011-07-31": "7.45160", "2010-07-31": "9.57350", "2009-07-31": "9.00360", "2008-07-31": "13.70930", "2007-07-31": "13.74770", "2006-07-31": "12.88240", "2005-07-31": "16.94360"}, "ROI - Return On Investment": {"2020-07-31": "22.65550", "2019-07-31": "24.18720", "2018-07-31": "0.17310", "2017-07-31": "10.46030", "2016-07-31": "12.19400", "2015-07-31": "11.06530", "2014-07-31": "10.19900", "2013-07-31": "13.85450", "2012-07-31": "11.89530", "2011-07-31": "10.22160", "2010-07-31": "13.75350", "2009-07-31": "12.52550", "2008-07-31": "19.76150", "2007-07-31": "19.35440", "2006-07-31": "18.44990", "2005-07-31": "24.77350"}, "Book Value Per Share": {"2020-07-31": "8.94970", "2019-07-31": "7.89910", "2018-07-31": "9.36370", "2017-07-31": "13.27250", "2016-07-31": "12.64370", "2015-07-31": "11.74180", "2014-07-31": "11.09480", "2013-07-31": "10.97200", "2012-07-31": "9.68310", "2011-07-31": "8.69530", "2010-07-31": "7.83110", "2009-07-31": "6.68570", "2008-07-31": "5.82950", "2007-07-31": "5.16070", "2006-07-31": "3.94650", "2005-07-31": "3.66040"}, "Operating Cash Flow Per Share": {"2020-07-31": 0.0711, "2019-07-31": 0.7553, "2018-07-31": 0.0515, "2017-07-31": 0.0812, "2016-07-31": 0.2279, "2015-07-31": 0.104, "2014-07-31": -0.0615, "2013-07-31": 0.2703, "2012-07-31": 0.3146, "2011-07-31": 0.0722, "2010-07-31": 0.0498, "2009-07-31": -0.2717, "2008-07-31": 0.3487, "2007-07-31": 0.3534, "2006-07-31": 0.1148, "2005-07-31": 1.1446}, "Free Cash Flow Per Share": {"2020-07-31": 0.1314, "2019-07-31": 0.7148, "2018-07-31": 0.0824, "2017-07-31": 0.1088, "2016-07-31": 0.2449, "2015-07-31": 0.0673, "2014-07-31": -0.0695, "2013-07-31": 0.2799, "2012-07-31": 0.3265, "2011-07-31": 0.0336, "2010-07-31": 0.049, "2009-07-31": -0.2376, "2008-07-31": 0.3427, "2007-07-31": 0.2768, "2006-07-31": 0.0964, "2005-07-31": 1.0399}}, "financial ratios, quarterly": {"Current Ratio": {"2020-10-31": "1.59270", "2020-07-31": "1.72010", "2020-04-30": "1.59260", "2020-01-31": "1.81330", "2019-10-31": "1.69600", "2019-07-31": "1.50590", "2019-04-30": "1.69490", "2019-01-31": "1.80190", "2018-10-31": "2.10820", "2018-07-31": "2.28730", "2018-04-30": "2.34410", "2018-01-31": "2.43330", "2017-10-31": "2.87120", "2017-07-31": "3.03460", "2017-04-30": "3.51980", "2017-01-31": "3.67240", "2016-10-31": "3.58100", "2016-07-31": "3.16000", "2016-04-30": "3.27340", "2016-01-31": "3.28980", "2015-10-31": "3.34600", "2015-07-31": "3.13380", "2015-04-30": "2.98260", "2015-01-31": "3.38830", "2014-10-31": "3.31050", "2014-07-31": "3.38810", "2014-04-30": "3.47220", "2014-01-31": "2.64510", "2013-10-31": "2.89010", "2013-07-31": "2.97880", "2013-04-30": "2.91590", "2013-01-31": "3.38300", "2012-10-31": "3.38360", "2012-07-31": "3.49290", "2012-04-30": "3.57460", "2012-01-31": "3.36960", "2011-10-31": "3.27970", "2011-07-31": "3.26920", "2011-04-30": "3.42670", "2011-01-31": "2.81360", "2010-10-31": "2.78180", "2010-07-31": "2.67360", "2010-04-30": "2.69850", "2010-01-31": "3.48070", "2009-10-31": "3.39590", "2009-07-31": "3.23520", "2009-04-30": "3.21410", "2009-01-31": "2.79290", "2008-10-31": "2.63230", "2008-07-31": "2.57610", "2008-04-30": "2.55600", "2008-01-31": "2.66070", "2007-10-31": "2.73770", "2007-07-31": "2.36370", "2007-04-30": "2.55100", "2007-01-31": "2.48160", "2006-10-31": "2.41570", "2006-07-31": "2.26960", "2006-04-30": "2.44360", "2006-01-31": "2.26980", "2005-10-31": "2.13870", "2005-07-31": "2.31420", "2005-04-30": "1.19330", "2005-01-31": "1.31940"}, "Long-term Debt / Capital": {"2020-10-31": "0.20040", "2020-07-31": "0.23390", "2020-04-30": "0.24490", "2020-01-31": "0.28970", "2019-10-31": "0.29630", "2019-07-31": "0.30130", "2019-04-30": "0.30200", "2019-01-31": "0.28040", "2018-10-31": "0.29470", "2018-07-31": "0.32000", "2018-04-30": "0.30350", "2018-01-31": "0.33020", "2017-10-31": "0.28150", "2017-07-31": "0.28000", "2017-04-30": "0.30150", "2017-01-31": "0.32320", "2016-10-31": "0.32570", "2016-07-31": "0.27800", "2016-04-30": "0.28150", "2016-01-31": "0.26180", "2015-10-31": "0.26470", "2015-07-31": "0.26440", "2015-04-30": "0.21990", "2015-01-31": "0.25410", "2014-10-31": "0.25700", "2014-07-31": "0.26410", "2014-04-30": "0.26760", "2014-01-31": "0.18090", "2013-10-31": "0.18020", "2013-07-31": "0.17940", "2013-04-30": "0.18570", "2013-01-31": "0.22640", "2012-10-31": "0.23590", "2012-07-31": "0.24110", "2012-04-30": "0.24070", "2012-01-31": "0.24860", "2011-10-31": "0.25620", "2011-07-31": "0.25570", "2011-04-30": "0.25510", "2011-01-31": "0.21010", "2010-10-31": "0.21460", "2010-07-31": "0.21580", "2010-04-30": "0.21650", "2010-01-31": "0.26780", "2009-10-31": "0.20420", "2009-07-31": "0.21020", "2009-04-30": "0.21690", "2009-01-31": "0.14720", "2008-10-31": "0.15390", "2008-07-31": "0.15690", "2008-04-30": "0.16220", "2008-01-31": "0.17270", "2007-10-31": "0.16270", "2007-07-31": "0.16910", "2007-04-30": "0.18510", "2007-01-31": "0.19440", "2006-10-31": "0.20180", "2006-07-31": "0.20940", "2006-04-30": "0.20500", "2006-01-31": "", "2005-10-31": "", "2005-07-31": "", "2005-04-30": "", "2005-01-31": ""}, "Debt/Equity Ratio": {"2020-10-31": "0.38170", "2020-07-31": "0.38460", "2020-04-30": "0.45040", "2020-01-31": "0.45010", "2019-10-31": "0.53730", "2019-07-31": "0.73470", "2019-04-30": "0.64390", "2019-01-31": "0.62840", "2018-10-31": "0.58300", "2018-07-31": "0.59180", "2018-04-30": "0.60160", "2018-01-31": "0.75730", "2017-10-31": "0.54800", "2017-07-31": "0.50980", "2017-04-30": "0.49660", "2017-01-31": "0.54720", "2016-10-31": "0.54860", "2016-07-31": "0.45050", "2016-04-30": "0.45860", "2016-01-31": "0.40410", "2015-10-31": "0.41050", "2015-07-31": "0.42460", "2015-04-30": "0.35700", "2015-01-31": "0.35550", "2014-10-31": "0.36980", "2014-07-31": "0.36790", "2014-04-30": "0.37440", "2014-01-31": "0.30570", "2013-10-31": "0.27540", "2013-07-31": "0.27420", "2013-04-30": "0.28610", "2013-01-31": "0.29340", "2012-10-31": "0.30980", "2012-07-31": "0.31830", "2012-04-30": "0.31860", "2012-01-31": "0.34310", "2011-10-31": "0.35690", "2011-07-31": "0.35600", "2011-04-30": "0.35480", "2011-01-31": "0.33360", "2010-10-31": "0.34180", "2010-07-31": "0.34510", "2010-04-30": "0.34770", "2010-01-31": "0.36580", "2009-10-31": "0.25670", "2009-07-31": "0.26620", "2009-04-30": "0.27690", "2009-01-31": "0.18620", "2008-10-31": "0.19610", "2008-07-31": "0.20070", "2008-04-30": "0.20870", "2008-01-31": "0.20880", "2007-10-31": "0.19430", "2007-07-31": "0.20360", "2007-04-30": "0.22720", "2007-01-31": "0.24140", "2006-10-31": "0.25280", "2006-07-31": "0.26480", "2006-04-30": "0.25780", "2006-01-31": "", "2005-10-31": "", "2005-07-31": "", "2005-04-30": "", "2005-01-31": ""}, "Gross Margin": {"2020-10-31": "63.55100", "2020-07-31": "63.22200", "2020-04-30": "64.85020", "2020-01-31": "64.67310", "2019-10-31": "64.32100", "2019-07-31": "63.85170", "2019-04-30": "63.07300", "2019-01-31": "62.45380", "2018-10-31": "62.31640", "2018-07-31": "61.67860", "2018-04-30": "62.25630", "2018-01-31": "63.07730", "2017-10-31": "61.19810", "2017-07-31": "62.19400", "2017-04-30": "62.96480", "2017-01-31": "62.83250", "2016-10-31": "63.82770", "2016-07-31": "63.10330", "2016-04-30": "64.34170", "2016-01-31": "62.31240", "2015-10-31": "61.75680", "2015-07-31": "60.21180", "2015-04-30": "62.00050", "2015-01-31": "59.40010", "2014-10-31": "59.88570", "2014-07-31": "59.92560", "2014-04-30": "60.68430", "2014-01-31": "53.34830", "2013-10-31": "61.29090", "2013-07-31": "59.16890", "2013-04-30": "61.48490", "2013-01-31": "60.69600", "2012-10-31": "60.95490", "2012-07-31": "60.60740", "2012-04-30": "61.86570", "2012-01-31": "61.29090", "2011-10-31": "61.21180", "2011-07-31": "61.28630", "2011-04-30": "61.28290", "2011-01-31": "60.16140", "2010-10-31": "62.83720", "2010-07-31": "62.68920", "2010-04-30": "63.94680", "2010-01-31": "64.51350", "2009-10-31": "65.26990", "2009-07-31": "63.98360", "2009-04-30": "64.06520", "2009-01-31": "62.96620", "2008-10-31": "64.66940", "2008-07-31": "63.98110", "2008-04-30": "64.03840", "2008-01-31": "64.13390", "2007-10-31": "64.26630", "2007-07-31": "63.51110", "2007-04-30": "63.69280", "2007-01-31": "63.84640", "2006-10-31": "63.94180", "2006-07-31": "64.44140", "2006-04-30": "64.54520", "2006-01-31": "67.38080", "2005-10-31": "67.32830", "2005-07-31": "67.89240", "2005-04-30": "66.83370", "2005-01-31": "66.85910"}, "Operating Margin": {"2020-10-31": "21.54410", "2020-07-31": "26.71550", "2020-04-30": "28.49040", "2020-01-31": "28.15490", "2019-10-31": "27.19810", "2019-07-31": "27.47990", "2019-04-30": "27.11070", "2019-01-31": "25.79950", "2018-10-31": "29.10800", "2018-07-31": "26.05110", "2018-04-30": "25.14640", "2018-01-31": "25.85180", "2017-10-31": "22.70930", "2017-07-31": "25.00620", "2017-04-30": "26.54100", "2017-01-31": "24.98270", "2016-10-31": "23.29180", "2016-07-31": "26.13550", "2016-04-30": "24.86670", "2016-01-31": "27.61800", "2015-10-31": "24.27850", "2015-07-31": "22.43250", "2015-04-30": "24.09990", "2015-01-31": "21.96720", "2014-10-31": "19.12620", "2014-07-31": "21.69620", "2014-04-30": "22.01820", "2014-01-31": "14.94400", "2013-10-31": "20.31440", "2013-07-31": "22.66250", "2013-04-30": "24.08320", "2013-01-31": "23.05340", "2012-10-31": "22.32230", "2012-07-31": "20.28230", "2012-04-30": "23.73150", "2012-01-31": "23.71820", "2011-10-31": "19.63400", "2011-07-31": "13.00580", "2011-04-30": "20.09020", "2011-01-31": "16.18140", "2010-10-31": "21.86980", "2010-07-31": "21.45630", "2010-04-30": "22.61770", "2010-01-31": "24.14670", "2009-10-31": "23.54510", "2009-07-31": "17.10600", "2009-04-30": "19.68880", "2009-01-31": "19.50710", "2008-10-31": "24.02480", "2008-07-31": "24.40180", "2008-04-30": "21.86700", "2008-01-31": "24.45330", "2007-10-31": "24.78540", "2007-07-31": "24.41430", "2007-04-30": "24.78010", "2007-01-31": "25.24000", "2006-10-31": "24.32800", "2006-07-31": "24.92490", "2006-04-30": "22.57580", "2006-01-31": "26.11650", "2005-10-31": "24.76340", "2005-07-31": "30.34490", "2005-04-30": "29.38420", "2005-01-31": "29.90760"}, "EBIT Margin": {"2020-10-31": "21.54410", "2020-07-31": "26.71550", "2020-04-30": "28.49040", "2020-01-31": "28.15490", "2019-10-31": "27.19810", "2019-07-31": "27.47990", "2019-04-30": "27.11070", "2019-01-31": "25.79950", "2018-10-31": "29.10800", "2018-07-31": "26.05110", "2018-04-30": "25.14640", "2018-01-31": "25.85180", "2017-10-31": "22.70930", "2017-07-31": "25.00620", "2017-04-30": "26.54100", "2017-01-31": "24.98270", "2016-10-31": "23.29180", "2016-07-31": "26.13550", "2016-04-30": "24.86670", "2016-01-31": "27.61800", "2015-10-31": "24.27850", "2015-07-31": "22.43250", "2015-04-30": "24.09990", "2015-01-31": "21.96720", "2014-10-31": "19.12620", "2014-07-31": "21.69620", "2014-04-30": "22.01820", "2014-01-31": "14.94400", "2013-10-31": "20.31440", "2013-07-31": "22.66250", "2013-04-30": "24.08320", "2013-01-31": "23.05340", "2012-10-31": "22.32230", "2012-07-31": "20.28230", "2012-04-30": "23.73150", "2012-01-31": "23.71820", "2011-10-31": "19.63400", "2011-07-31": "13.00580", "2011-04-30": "20.09020", "2011-01-31": "16.18140", "2010-10-31": "21.86980", "2010-07-31": "21.45630", "2010-04-30": "22.61770", "2010-01-31": "24.14670", "2009-10-31": "23.54510", "2009-07-31": "17.10600", "2009-04-30": "19.68880", "2009-01-31": "19.50710", "2008-10-31": "24.02480", "2008-07-31": "24.40180", "2008-04-30": "21.86700", "2008-01-31": "24.45330", "2007-10-31": "24.78540", "2007-07-31": "24.41430", "2007-04-30": "24.78010", "2007-01-31": "25.24000", "2006-10-31": "24.32800", "2006-07-31": "24.92490", "2006-04-30": "22.57580", "2006-01-31": "26.11650", "2005-10-31": "24.76340", "2005-07-31": "30.34490", "2005-04-30": "29.38420", "2005-01-31": "29.90760"}, "EBITDA Margin": {"2020-10-31": "", "2020-07-31": "", "2020-04-30": "", "2020-01-31": "", "2019-10-31": "", "2019-07-31": "", "2019-04-30": "", "2019-01-31": "", "2018-10-31": "", "2018-07-31": "", "2018-04-30": "", "2018-01-31": "", "2017-10-31": "", "2017-07-31": "", "2017-04-30": "", "2017-01-31": "", "2016-10-31": "", "2016-07-31": "", "2016-04-30": "", "2016-01-31": "", "2015-10-31": "", "2015-07-31": "", "2015-04-30": "", "2015-01-31": "", "2014-10-31": "", "2014-07-31": "", "2014-04-30": "", "2014-01-31": "", "2013-10-31": "", "2013-07-31": "", "2013-04-30": "", "2013-01-31": "", "2012-10-31": "", "2012-07-31": "", "2012-04-30": "", "2012-01-31": "", "2011-10-31": "", "2011-07-31": "", "2011-04-30": "", "2011-01-31": "", "2010-10-31": "", "2010-07-31": "", "2010-04-30": "", "2010-01-31": "", "2009-10-31": "", "2009-07-31": "", "2009-04-30": "", "2009-01-31": "", "2008-10-31": "", "2008-07-31": "", "2008-04-30": "", "2008-01-31": "", "2007-10-31": "", "2007-07-31": "", "2007-04-30": "", "2007-01-31": "", "2006-10-31": "", "2006-07-31": "", "2006-04-30": "", "2006-01-31": "", "2005-10-31": "", "2005-07-31": "", "2005-04-30": "", "2005-01-31": ""}, "Pre-Tax Profit Margin": {"2020-10-31": "22.47460", "2020-07-31": "27.20090", "2020-04-30": "28.74070", "2020-01-31": "29.43770", "2019-10-31": "28.01130", "2019-07-31": "27.58420", "2019-04-30": "27.89780", "2019-01-31": "26.86000", "2018-10-31": "29.90360", "2018-07-31": "27.96640", "2018-04-30": "26.10130", "2018-01-31": "27.18940", "2017-10-31": "24.40670", "2017-07-31": "26.20950", "2017-04-30": "26.72530", "2017-01-31": "25.58720", "2016-10-31": "23.90710", "2016-07-31": "26.85550", "2016-04-30": "25.69170", "2016-01-31": "27.71860", "2015-10-31": "24.73590", "2015-07-31": "22.83730", "2015-04-30": "25.00620", "2015-01-31": "24.07000", "2014-10-31": "19.27320", "2014-07-31": "22.48120", "2014-04-30": "22.88440", "2014-01-31": "15.73290", "2013-10-31": "21.01780", "2013-07-31": "23.12150", "2013-04-30": "24.10770", "2013-01-31": "22.97900", "2012-10-31": "22.15390", "2012-07-31": "20.41060", "2012-04-30": "23.98170", "2012-01-31": "23.84840", "2011-10-31": "19.94490", "2011-07-31": "13.10410", "2011-04-30": "20.27430", "2011-01-31": "16.62340", "2010-10-31": "22.55810", "2010-07-31": "22.31450", "2010-04-30": "23.17710", "2010-01-31": "23.99390", "2009-10-31": "24.81990", "2009-07-31": "17.96130", "2009-04-30": "20.66900", "2009-01-31": "20.55230", "2008-10-31": "25.21540", "2008-07-31": "25.91660", "2008-04-30": "23.58290", "2008-01-31": "26.83350", "2007-10-31": "27.44400", "2007-07-31": "26.83130", "2007-04-30": "27.28400", "2007-01-31": "27.66920", "2006-10-31": "26.58850", "2006-07-31": "26.87880", "2006-04-30": "24.74730", "2006-01-31": "28.90770", "2005-10-31": "26.85500", "2005-07-31": "32.71540", "2005-04-30": "31.80860", "2005-01-31": "32.28310"}, "Net Profit Margin": {"2020-10-31": "18.22450", "2020-07-31": "21.68830", "2020-04-30": "23.14950", "2020-01-31": "23.97330", "2019-10-31": "22.23570", "2019-07-31": "16.42840", "2019-04-30": "23.49130", "2019-01-31": "22.67400", "2018-10-31": "27.14960", "2018-07-31": "29.60920", "2018-04-30": "21.59190", "2018-01-31": "-73.84540", "2017-10-31": "19.72640", "2017-07-31": "19.97860", "2017-04-30": "21.06370", "2017-01-31": "20.27630", "2016-10-31": "18.79860", "2016-07-31": "22.25830", "2016-04-30": "19.57500", "2016-01-31": "26.38550", "2015-10-31": "19.16100", "2015-07-31": "18.05650", "2015-04-30": "20.07910", "2015-01-31": "20.08210", "2014-10-31": "14.92850", "2014-07-31": "18.18400", "2014-04-30": "18.89130", "2014-01-31": "12.81040", "2013-10-31": "16.51630", "2013-07-31": "18.28140", "2013-04-30": "20.28490", "2013-01-31": "25.97950", "2012-10-31": "17.61540", "2012-07-31": "16.39860", "2012-04-30": "18.68310", "2012-01-31": "18.92950", "2011-10-31": "15.78710", "2011-07-31": "11.00490", "2011-04-30": "16.62990", "2011-01-31": "14.61520", "2010-10-31": "17.95350", "2010-07-31": "17.85710", "2010-04-30": "21.14200", "2010-01-31": "18.87930", "2009-10-31": "19.80930", "2009-07-31": "12.66550", "2009-04-30": "16.51560", "2009-01-31": "16.54750", "2008-10-31": "21.30480", "2008-07-31": "19.43270", "2008-04-30": "18.10850", "2008-01-31": "20.95410", "2007-10-31": "23.07930", "2007-07-31": "20.46010", "2007-04-30": "21.13690", "2007-01-31": "22.76340", "2006-10-31": "19.64810", "2006-07-31": "19.33870", "2006-04-30": "19.12050", "2006-01-31": "20.74530", "2005-10-31": "19.25190", "2005-07-31": "23.40070", "2005-04-30": "22.70890", "2005-01-31": "23.09470"}, "Asset Turnover": {"2020-10-31": "0.12560", "2020-07-31": "0.12810", "2020-04-30": "0.13110", "2020-01-31": "0.13280", "2019-10-31": "0.14230", "2019-07-31": "0.13730", "2019-04-30": "0.13320", "2019-01-31": "0.12150", "2018-10-31": "0.12400", "2018-07-31": "0.11810", "2018-04-30": "0.10930", "2018-01-31": "0.09040", "2017-10-31": "0.09300", "2017-07-31": "0.09350", "2017-04-30": "0.09480", "2017-01-31": "0.09170", "2016-10-31": "0.09780", "2016-07-31": "0.10390", "2016-04-30": "0.10110", "2016-01-31": "0.10590", "2015-10-31": "0.11350", "2015-07-31": "0.11330", "2015-04-30": "0.11430", "2015-01-31": "0.11380", "2014-10-31": "0.11780", "2014-07-31": "0.11760", "2014-04-30": "0.11330", "2014-01-31": "0.11330", "2013-10-31": "0.12000", "2013-07-31": "0.12270", "2013-04-30": "0.12580", "2013-01-31": "0.12550", "2012-10-31": "0.12820", "2012-07-31": "0.12740", "2012-04-30": "0.12710", "2012-01-31": "0.12910", "2011-10-31": "0.12940", "2011-07-31": "0.12850", "2011-04-30": "0.12730", "2011-01-31": "0.12690", "2010-10-31": "0.13430", "2010-07-31": "0.13360", "2010-04-30": "0.13080", "2010-01-31": "0.12850", "2009-10-31": "0.13130", "2009-07-31": "0.12530", "2009-04-30": "0.12620", "2009-01-31": "0.14810", "2008-10-31": "0.17540", "2008-07-31": "0.17650", "2008-04-30": "0.17140", "2008-01-31": "0.17780", "2007-10-31": "0.17150", "2007-07-31": "0.17680", "2007-04-30": "0.18160", "2007-01-31": "0.18240", "2006-10-31": "0.18220", "2006-07-31": "0.18430", "2006-04-30": "0.17000", "2006-01-31": "0.19700", "2005-10-31": "0.20630", "2005-07-31": "0.19420", "2005-04-30": "0.18210", "2005-01-31": "0.17920"}, "Inventory Turnover Ratio": {"2020-10-31": "3.33690", "2020-07-31": "3.48670", "2020-04-30": "3.47520", "2020-01-31": "3.13450", "2019-10-31": "3.49330", "2019-07-31": "3.50980", "2019-04-30": "3.16260", "2019-01-31": "2.74720", "2018-10-31": "3.13360", "2018-07-31": "2.66630", "2018-04-30": "2.47580", "2018-01-31": "2.31490", "2017-10-31": "2.78150", "2017-07-31": "2.83850", "2017-04-30": "3.23720", "2017-01-31": "3.40510", "2016-10-31": "3.79930", "2016-07-31": "3.83160", "2016-04-30": "3.18620", "2016-01-31": "3.30030", "2015-10-31": "3.27260", "2015-07-31": "3.14080", "2015-04-30": "2.62050", "2015-01-31": "2.56400", "2014-10-31": "2.93080", "2014-07-31": "3.11250", "2014-04-30": "2.97060", "2014-01-31": "3.36180", "2013-10-31": "3.19100", "2013-07-31": "3.43500", "2013-04-30": "3.20290", "2013-01-31": "3.02100", "2012-10-31": "2.71330", "2012-07-31": "2.76910", "2012-04-30": "2.95190", "2012-01-31": "2.80630", "2011-10-31": "2.69170", "2011-07-31": "2.91660", "2011-04-30": "2.91750", "2011-01-31": "2.58800", "2010-10-31": "2.62310", "2010-07-31": "3.04670", "2010-04-30": "2.99040", "2010-01-31": "2.86670", "2009-10-31": "2.87700", "2009-07-31": "2.86220", "2009-04-30": "2.86710", "2009-01-31": "3.04070", "2008-10-31": "3.01900", "2008-07-31": "3.02270", "2008-04-30": "2.75290", "2008-01-31": "2.78300", "2007-10-31": "2.59620", "2007-07-31": "2.60360", "2007-04-30": "2.49730", "2007-01-31": "1.85810", "2006-10-31": "1.99800", "2006-07-31": "2.07080", "2006-04-30": "1.97720", "2006-01-31": "1.60740", "2005-10-31": "1.62370", "2005-07-31": "1.62910", "2005-04-30": "1.60310", "2005-01-31": "1.60080"}, "Receiveable Turnover": {"2020-10-31": "2.99720", "2020-07-31": "2.22110", "2020-04-30": "2.62270", "2020-01-31": "2.77250", "2019-10-31": "2.69760", "2019-07-31": "2.44550", "2019-04-30": "3.41450", "2019-01-31": "3.32340", "2018-10-31": "2.88180", "2018-07-31": "2.31260", "2018-04-30": "2.91600", "2018-01-31": "2.99950", "2017-10-31": "2.88540", "2017-07-31": "2.35780", "2017-04-30": "2.57610", "2017-01-31": "2.59760", "2016-10-31": "2.57070", "2016-07-31": "2.16150", "2016-04-30": "2.96520", "2016-01-31": "2.77240", "2015-10-31": "2.69140", "2015-07-31": "2.40330", "2015-04-30": "2.48250", "2015-01-31": "2.62850", "2014-10-31": "2.79890", "2014-07-31": "2.39620", "2014-04-30": "2.59850", "2014-01-31": "2.54800", "2013-10-31": "2.32940", "2013-07-31": "2.27000", "2013-04-30": "2.47190", "2013-01-31": "2.71130", "2012-10-31": "3.01270", "2012-07-31": "2.67570", "2012-04-30": "2.91160", "2012-01-31": "2.97390", "2011-10-31": "2.61770", "2011-07-31": "2.38290", "2011-04-30": "2.46230", "2011-01-31": "2.25260", "2010-10-31": "2.40440", "2010-07-31": "2.19840", "2010-04-30": "2.54240", "2010-01-31": "2.31650", "2009-10-31": "2.85570", "2009-07-31": "2.68650", "2009-04-30": "3.41220", "2009-01-31": "3.14170", "2008-10-31": "3.15160", "2008-07-31": "2.71240", "2008-04-30": "2.34070", "2008-01-31": "2.36040", "2007-10-31": "2.79520", "2007-07-31": "2.36480", "2007-04-30": "2.73810", "2007-01-31": "2.90200", "2006-10-31": "2.64770", "2006-07-31": "2.41720", "2006-04-30": "2.45700", "2006-01-31": "2.61250", "2005-10-31": "2.79680", "2005-07-31": "2.96980", "2005-04-30": "2.76080", "2005-01-31": "2.66110"}, "Days Sales In Receivables": {"2020-10-31": "30.02770", "2020-07-31": "40.52000", "2020-04-30": "34.31610", "2020-01-31": "32.46150", "2019-10-31": "33.36270", "2019-07-31": "36.80300", "2019-04-30": "26.35820", "2019-01-31": "27.08100", "2018-10-31": "31.23010", "2018-07-31": "38.91780", "2018-04-30": "30.86420", "2018-01-31": "30.00510", "2017-10-31": "31.19150", "2017-07-31": "38.17190", "2017-04-30": "34.93720", "2017-01-31": "34.64770", "2016-10-31": "35.01050", "2016-07-31": "41.63870", "2016-04-30": "30.35250", "2016-01-31": "32.46250", "2015-10-31": "33.43950", "2015-07-31": "37.44920", "2015-04-30": "36.25360", "2015-01-31": "34.24010", "2014-10-31": "32.15600", "2014-07-31": "37.56010", "2014-04-30": "34.63580", "2014-01-31": "35.32230", "2013-10-31": "38.63630", "2013-07-31": "39.64730", "2013-04-30": "36.40960", "2013-01-31": "33.19390", "2012-10-31": "29.87370", "2012-07-31": "33.63640", "2012-04-30": "30.91130", "2012-01-31": "30.26290", "2011-10-31": "34.38170", "2011-07-31": "37.76870", "2011-04-30": "36.55160", "2011-01-31": "39.95390", "2010-10-31": "37.43160", "2010-07-31": "40.93850", "2010-04-30": "35.39930", "2010-01-31": "38.85180", "2009-10-31": "31.51650", "2009-07-31": "33.50090", "2009-04-30": "26.37590", "2009-01-31": "28.64670", "2008-10-31": "28.55680", "2008-07-31": "33.18120", "2008-04-30": "38.45060", "2008-01-31": "38.12940", "2007-10-31": "32.19800", "2007-07-31": "38.05890", "2007-04-30": "32.86940", "2007-01-31": "31.01320", "2006-10-31": "33.99190", "2006-07-31": "37.23320", "2006-04-30": "36.62930", "2006-01-31": "34.44930", "2005-10-31": "32.18020", "2005-07-31": "30.30540", "2005-04-30": "32.59900", "2005-01-31": "33.82050"}, "ROE - Return On Equity": {"2020-10-31": "5.69750", "2020-07-31": "6.95150", "2020-04-30": "7.76860", "2020-01-31": "8.09950", "2019-10-31": "8.50010", "2019-07-31": "6.57110", "2019-04-30": "8.27080", "2019-01-31": "6.91850", "2018-10-31": "8.09390", "2018-07-31": "8.80240", "2018-04-30": "5.76710", "2018-01-31": "-16.88660", "2017-10-31": "3.65220", "2017-07-31": "3.66510", "2017-04-30": "3.84660", "2017-01-31": "3.67920", "2016-10-31": "3.66170", "2016-07-31": "4.42400", "2016-04-30": "3.76700", "2016-01-31": "5.16940", "2015-10-31": "4.05100", "2015-07-31": "3.88400", "2015-04-30": "4.14220", "2015-01-31": "4.15190", "2014-10-31": "3.22310", "2014-07-31": "3.96570", "2014-04-30": "3.90890", "2014-01-31": "2.54800", "2013-10-31": "3.38830", "2013-07-31": "3.83910", "2013-04-30": "4.36280", "2013-01-31": "5.66050", "2012-10-31": "3.96960", "2012-07-31": "3.73680", "2012-04-30": "4.21390", "2012-01-31": "4.42910", "2011-10-31": "3.76370", "2011-07-31": "2.60690", "2011-04-30": "3.82790", "2011-01-31": "3.32920", "2010-10-31": "4.31820", "2010-07-31": "4.36940", "2010-04-30": "4.99860", "2010-01-31": "4.46160", "2009-10-31": "4.46460", "2009-07-31": "2.79490", "2009-04-30": "3.61820", "2009-01-31": "4.08880", "2008-10-31": "6.28230", "2008-07-31": "5.86270", "2008-04-30": "5.35040", "2008-01-31": "6.27820", "2007-10-31": "6.50980", "2007-07-31": "6.13090", "2007-04-30": "6.57130", "2007-01-31": "7.22670", "2006-10-31": "6.29870", "2006-07-31": "6.45700", "2006-04-30": "5.68760", "2006-01-31": "5.98760", "2005-10-31": "5.88240", "2005-07-31": "6.64540", "2005-04-30": "5.91430", "2005-01-31": "5.89450"}, "Return On Tangible Equity": {"2020-10-31": "106.51640", "2020-07-31": "103.86130", "2020-04-30": "542.85710", "2020-01-31": "19186.67000", "2019-10-31": "-231.85420", "2019-07-31": "-102.17690", "2019-04-30": "353.13230", "2019-01-31": "53.99920", "2018-10-31": "45.81720", "2018-07-31": "42.51060", "2018-04-30": "21.83190", "2018-01-31": "-45.91720", "2017-10-31": "7.33460", "2017-07-31": "7.16480", "2017-04-30": "7.58400", "2017-01-31": "6.73180", "2016-10-31": "6.77110", "2016-07-31": "8.16330", "2016-04-30": "7.15030", "2016-01-31": "9.36660", "2015-10-31": "7.40610", "2015-07-31": "7.05680", "2015-04-30": "7.66140", "2015-01-31": "7.83440", "2014-10-31": "6.24210", "2014-07-31": "7.71050", "2014-04-30": "7.71790", "2014-01-31": "5.04860", "2013-10-31": "6.38310", "2013-07-31": "6.71480", "2013-04-30": "7.80470", "2013-01-31": "10.26390", "2012-10-31": "7.26160", "2012-07-31": "5.92690", "2012-04-30": "6.71570", "2012-01-31": "7.22800", "2011-10-31": "6.34140", "2011-07-31": "4.41580", "2011-04-30": "6.54140", "2011-01-31": "5.81840", "2010-10-31": "7.78950", "2010-07-31": "7.95090", "2010-04-30": "9.23490", "2010-01-31": "7.57940", "2009-10-31": "6.99910", "2009-07-31": "4.49480", "2009-04-30": "5.85300", "2009-01-31": "6.70860", "2008-10-31": "10.73400", "2008-07-31": "10.13490", "2008-04-30": "9.56410", "2008-01-31": "11.39130", "2007-10-31": "11.40420", "2007-07-31": "11.47510", "2007-04-30": "10.94880", "2007-01-31": "12.55230", "2006-10-31": "11.35110", "2006-07-31": "12.32830", "2006-04-30": "10.70910", "2006-01-31": "8.07300", "2005-10-31": "8.14760", "2005-07-31": "8.88630", "2005-04-30": "7.70540", "2005-01-31": "7.49420"}, "ROA - Return On Assets": {"2020-10-31": "2.28830", "2020-07-31": "2.77900", "2020-04-30": "3.03520", "2020-01-31": "3.18270", "2019-10-31": "3.16350", "2019-07-31": "2.25580", "2019-04-30": "3.12890", "2019-01-31": "2.75420", "2018-10-31": "3.36620", "2018-07-31": "3.49590", "2018-04-30": "2.36040", "2018-01-31": "-6.67480", "2017-10-31": "1.83420", "2017-07-31": "1.86720", "2017-04-30": "1.99680", "2017-01-31": "1.85980", "2016-10-31": "1.83870", "2016-07-31": "2.31230", "2016-04-30": "1.97970", "2016-01-31": "2.79380", "2015-10-31": "2.17400", "2015-07-31": "2.04550", "2015-04-30": "2.29450", "2015-01-31": "2.28460", "2014-10-31": "1.75810", "2014-07-31": "2.13860", "2014-04-30": "2.14130", "2014-01-31": "1.45180", "2013-10-31": "1.98130", "2013-07-31": "2.24330", "2013-04-30": "2.55240", "2013-01-31": "3.26110", "2012-10-31": "2.25810", "2012-07-31": "2.08920", "2012-04-30": "2.37510", "2012-01-31": "2.44460", "2011-10-31": "2.04340", "2011-07-31": "1.41450", "2011-04-30": "2.11720", "2011-01-31": "1.85530", "2010-10-31": "2.41200", "2010-07-31": "2.38510", "2010-04-30": "2.76450", "2010-01-31": "2.42530", "2009-10-31": "2.60190", "2009-07-31": "1.58670", "2009-04-30": "2.08460", "2009-01-31": "2.45120", "2008-10-31": "3.73770", "2008-07-31": "3.42900", "2008-04-30": "3.10380", "2008-01-31": "3.72510", "2007-10-31": "3.95860", "2007-07-31": "3.61830", "2007-04-30": "3.83740", "2007-01-31": "4.15320", "2006-10-31": "3.58070", "2006-07-31": "3.56460", "2006-04-30": "3.24960", "2006-01-31": "4.08590", "2005-10-31": "3.97100", "2005-07-31": "4.54510", "2005-04-30": "4.13600", "2005-01-31": "4.13900"}, "ROI - Return On Investment": {"2020-10-31": "4.55560", "2020-07-31": "5.32550", "2020-04-30": "5.86640", "2020-01-31": "5.75290", "2019-10-31": "5.98120", "2019-07-31": "4.59140", "2019-04-30": "5.77340", "2019-01-31": "4.97870", "2018-10-31": "5.70840", "2018-07-31": "5.98570", "2018-04-30": "4.01660", "2018-01-31": "-11.31080", "2017-10-31": "2.62400", "2017-07-31": "2.63870", "2017-04-30": "2.68690", "2017-01-31": "2.49020", "2016-10-31": "2.46900", "2016-07-31": "3.19410", "2016-04-30": "2.70660", "2016-01-31": "3.81600", "2015-10-31": "2.97870", "2015-07-31": "2.85720", "2015-04-30": "3.23130", "2015-01-31": "3.09690", "2014-10-31": "2.39490", "2014-07-31": "2.91830", "2014-04-30": "2.86300", "2014-01-31": "2.08710", "2013-10-31": "2.77780", "2013-07-31": "3.15030", "2013-04-30": "3.55250", "2013-01-31": "4.37870", "2012-10-31": "3.03310", "2012-07-31": "2.83590", "2012-04-30": "3.19960", "2012-01-31": "3.32800", "2011-10-31": "2.79940", "2011-07-31": "1.94040", "2011-04-30": "2.85130", "2011-01-31": "2.62980", "2010-10-31": "3.39140", "2010-07-31": "3.42640", "2010-04-30": "3.91630", "2010-01-31": "3.26660", "2009-10-31": "3.55280", "2009-07-31": "2.20740", "2009-04-30": "2.83350", "2009-01-31": "3.48710", "2008-10-31": "5.31570", "2008-07-31": "4.94280", "2008-04-30": "4.48260", "2008-01-31": "5.19380", "2007-10-31": "5.45060", "2007-07-31": "5.09400", "2007-04-30": "5.35490", "2007-01-31": "5.82160", "2006-10-31": "5.02750", "2006-07-31": "5.10510", "2006-04-30": "4.52180", "2006-01-31": "5.98760", "2005-10-31": "5.88240", "2005-07-31": "6.64540", "2005-04-30": "5.91430", "2005-01-31": "5.89450"}, "Book Value Per Share": {"2020-10-31": "9.03770", "2020-07-31": "8.94970", "2020-04-30": "8.46160", "2020-01-31": "8.37840", "2019-10-31": "8.11670", "2019-07-31": "7.89910", "2019-04-30": "8.53330", "2019-01-31": "9.21990", "2018-10-31": "9.70730", "2018-07-31": "9.36370", "2018-04-30": "9.85660", "2018-01-31": "10.67830", "2017-10-31": "13.23980", "2017-07-31": "13.27250", "2017-04-30": "13.08160", "2017-01-31": "12.74580", "2016-10-31": "12.62200", "2016-07-31": "12.64370", "2016-04-30": "12.38740", "2016-01-31": "12.05030", "2015-10-31": "11.80340", "2015-07-31": "11.74180", "2015-04-30": "11.55170", "2015-01-31": "11.30470", "2014-10-31": "11.10100", "2014-07-31": "11.09480", "2014-04-30": "10.90620", "2014-01-31": "10.80410", "2013-10-31": "11.00900", "2013-07-31": "10.97200", "2013-04-30": "10.68640", "2013-01-31": "10.43120", "2012-10-31": "9.92300", "2012-07-31": "9.68310", "2012-04-30": "9.54450", "2012-01-31": "9.16050", "2011-10-31": "8.79050", "2011-07-31": "8.69530", "2011-04-30": "8.58130", "2011-01-31": "8.25700", "2010-10-31": "8.01420", "2010-07-31": "7.83110", "2010-04-30": "7.66380", "2010-01-31": "7.24310", "2009-10-31": "6.95980", "2009-07-31": "6.68570", "2009-04-30": "6.45460", "2009-01-31": "6.29410", "2008-10-31": "5.97460", "2008-07-31": "5.82950", "2008-04-30": "5.60520", "2008-01-31": "5.49150", "2007-10-31": "5.56920", "2007-07-31": "5.16070", "2007-04-30": "4.71060", "2007-01-31": "4.39520", "2006-10-31": "4.21130", "2006-07-31": "3.94650", "2006-04-30": "3.99330", "2006-01-31": "3.73280", "2005-10-31": "3.48340", "2005-07-31": "3.66040", "2005-04-30": "3.70610", "2005-01-31": "3.66470"}, "Operating Cash Flow Per Share": {"2020-10-31": "0.96510", "2020-07-31": 0.8866, "2020-04-30": 1.0056, "2020-01-31": 0.8945, "2019-10-31": "0.83950", "2019-07-31": 0.8622, "2019-04-30": 1.0148, "2019-01-31": 0.8625, "2018-10-31": "0.81560", "2018-07-31": 0.825, "2018-04-30": 0.5227, "2018-01-31": 0.8354, "2017-10-31": "0.61670", "2017-07-31": 0.7909, "2017-04-30": 0.6673, "2017-01-31": 0.7512, "2016-10-31": "0.53890", "2016-07-31": 0.7417, "2016-04-30": 0.6133, "2016-01-31": 0.7711, "2015-10-31": "0.54100", "2015-07-31": 0.8048, "2015-04-30": 0.5929, "2015-01-31": 0.5584, "2014-10-31": "0.48310", "2014-07-31": 0.6518, "2014-04-30": 0.6468, "2014-01-31": 0.5488, "2013-10-31": "0.48780", "2013-07-31": 0.7431, "2013-04-30": 0.5683, "2013-01-31": 0.6232, "2012-10-31": "0.46210", "2012-07-31": 0.5863, "2012-04-30": 0.534, "2012-01-31": 0.5746, "2011-10-31": "0.43150", "2011-07-31": 0.5015, "2011-04-30": 0.545, "2011-01-31": 0.4716, "2010-10-31": "0.29370", "2010-07-31": 0.5569, "2010-04-30": 0.5048, "2010-01-31": 0.4245, "2009-10-31": "0.25340", "2009-07-31": 0.3299, "2009-04-30": 0.351, "2009-01-31": 0.5538, "2008-10-31": "0.45510", "2008-07-31": 0.5511, "2008-04-30": 0.5184, "2008-01-31": 0.404, "2007-10-31": "0.48800", "2007-07-31": 0.4331, "2007-04-30": 0.3962, "2007-01-31": 0.4172, "2006-10-31": "0.36630", "2006-07-31": 0.3718, "2006-04-30": 0.3647, "2006-01-31": 0.3018, "2005-10-31": "0.22110", "2005-07-31": 0.36, "2005-04-30": 0.2963, "2005-01-31": 0.4883}, "Free Cash Flow Per Share": {"2020-10-31": "0.92580", "2020-07-31": 0.8389, "2020-04-30": 0.9754, "2020-01-31": 0.8799, "2019-10-31": "0.79310", "2019-07-31": 0.8184, "2019-04-30": 0.9621, "2019-01-31": 0.8054, "2018-10-31": "0.77000", "2018-07-31": 0.7831, "2018-04-30": 0.4725, "2018-01-31": 0.8022, "2017-10-31": "0.58330", "2017-07-31": 0.75, "2017-04-30": 0.622, "2017-01-31": 0.7017, "2016-10-31": "0.48500", "2016-07-31": 0.6961, "2016-04-30": 0.5525, "2016-01-31": 0.7104, "2015-10-31": "0.49090", "2015-07-31": 0.7452, "2015-04-30": 0.5239, "2015-01-31": 0.5075, "2014-10-31": "0.42840", "2014-07-31": 0.6053, "2014-04-30": 0.5733, "2014-01-31": 0.5005, "2013-10-31": "0.45860", "2013-07-31": 0.6995, "2013-04-30": 0.5191, "2013-01-31": 0.5717, "2012-10-31": "0.41690", "2012-07-31": 0.5393, "2012-04-30": 0.4835, "2012-01-31": 0.522, "2011-10-31": "0.38250", "2011-07-31": 0.4585, "2011-04-30": 0.4937, "2011-01-31": 0.4123, "2010-10-31": "0.23630", "2010-07-31": 0.5036, "2010-04-30": 0.4553, "2010-01-31": 0.3821, "2009-10-31": "0.22620", "2009-07-31": 0.2948, "2009-04-30": 0.3143, "2009-01-31": 0.5144, "2008-10-31": "0.39470", "2008-07-31": 0.495, "2008-04-30": 0.4641, "2008-01-31": 0.3555, "2007-10-31": "0.44120", "2007-07-31": 0.3795, "2007-04-30": 0.3372, "2007-01-31": 0.3646, "2006-10-31": "0.33180", "2006-07-31": 0.3433, "2006-04-30": 0.3332, "2006-01-31": 0.2726, "2005-10-31": "0.18720", "2005-07-31": 0.3272, "2005-04-30": 0.268, "2005-01-31": 0.4447}}, "revenue": {"Cisco Annual Revenue (Millions of US $)": {"2020": "$49,301", "2019": "$51,904", "2018": "$49,330", "2017": "$48,005", "2016": "$49,247", "2015": "$49,161", "2014": "$47,142", "2013": "$48,607", "2012": "$46,061", "2011": "$43,218", "2010": "$40,040", "2009": "$36,117", "2008": "$39,540", "2007": "$34,922", "2006": "$28,484", "2005": "$24,801"}, "Cisco Quarterly Revenue (Millions of US $)": {"2020-10-31": "$11,929", "2020-07-31": "$12,154", "2020-04-30": "$11,983", "2020-01-31": "$12,005", "2019-10-31": "$13,159", "2019-07-31": "$13,428", "2019-04-30": "$12,958", "2019-01-31": "$12,446", "2018-10-31": "$13,072", "2018-07-31": "$12,844", "2018-04-30": "$12,463", "2018-01-31": "$11,887", "2017-10-31": "$12,136", "2017-07-31": "$12,133", "2017-04-30": "$11,940", "2017-01-31": "$11,580", "2016-10-31": "$12,352", "2016-07-31": "$12,638", "2016-04-30": "$12,000", "2016-01-31": "$11,927", "2015-10-31": "$12,682", "2015-07-31": "$12,843", "2015-04-30": "$12,137", "2015-01-31": "$11,936", "2014-10-31": "$12,245", "2014-07-31": "$12,357", "2014-04-30": "$11,545", "2014-01-31": "$11,155", "2013-10-31": "$12,085", "2013-07-31": "$12,417", "2013-04-30": "$12,216", "2013-01-31": "$12,098", "2012-10-31": "$11,876", "2012-07-31": "$11,690", "2012-04-30": "$11,588", "2012-01-31": "$11,527", "2011-10-31": "$11,256", "2011-07-31": "$11,195", "2011-04-30": "$10,866", "2011-01-31": "$10,407", "2010-10-31": "$10,750", "2010-07-31": "$10,836", "2010-04-30": "$10,368", "2010-01-31": "$9,815", "2009-10-31": "$9,021", "2009-07-31": "$8,535", "2009-04-30": "$8,162", "2009-01-31": "$9,089", "2008-10-31": "$10,331", "2008-07-31": "$10,364", "2008-04-30": "$9,791", "2008-01-31": "$9,831", "2007-10-31": "$9,554", "2007-07-31": "$9,433", "2007-04-30": "$8,866", "2007-01-31": "$8,439", "2006-10-31": "$8,184", "2006-07-31": "$7,984", "2006-04-30": "$7,322", "2006-01-31": "$6,628", "2005-10-31": "$6,550", "2005-07-31": "$6,581", "2005-04-30": "$6,187", "2005-01-31": "$6,062"}}, "gross-profit": {"Cisco Annual Gross Profit (Millions of US $)": {"2020": "$31,683", "2019": "$32,666", "2018": "$30,606", "2017": "$30,224", "2016": "$30,960", "2015": "$29,681", "2014": "$27,769", "2013": "$29,440", "2012": "$28,209", "2011": "$26,536", "2010": "$25,643", "2009": "$23,094", "2008": "$25,346", "2007": "$22,259", "2006": "$18,747", "2005": "$16,671"}, "Cisco Quarterly Gross Profit (Millions of US $)": {"2020-10-31": "$7,581", "2020-07-31": "$7,684", "2020-04-30": "$7,771", "2020-01-31": "$7,764", "2019-10-31": "$8,464", "2019-07-31": "$8,574", "2019-04-30": "$8,173", "2019-01-31": "$7,773", "2018-10-31": "$8,146", "2018-07-31": "$7,922", "2018-04-30": "$7,759", "2018-01-31": "$7,498", "2017-10-31": "$7,427", "2017-07-31": "$7,546", "2017-04-30": "$7,518", "2017-01-31": "$7,276", "2016-10-31": "$7,884", "2016-07-31": "$7,975", "2016-04-30": "$7,721", "2016-01-31": "$7,432", "2015-10-31": "$7,832", "2015-07-31": "$7,733", "2015-04-30": "$7,525", "2015-01-31": "$7,090", "2014-10-31": "$7,333", "2014-07-31": "$7,405", "2014-04-30": "$7,006", "2014-01-31": "$5,951", "2013-10-31": "$7,407", "2013-07-31": "$7,347", "2013-04-30": "$7,511", "2013-01-31": "$7,343", "2012-10-31": "$7,239", "2012-07-31": "$7,085", "2012-04-30": "$7,169", "2012-01-31": "$7,065", "2011-10-31": "$6,890", "2011-07-31": "$6,861", "2011-04-30": "$6,659", "2011-01-31": "$6,261", "2010-10-31": "$6,755", "2010-07-31": "$6,793", "2010-04-30": "$6,630", "2010-01-31": "$6,332", "2009-10-31": "$5,888", "2009-07-31": "$5,461", "2009-04-30": "$5,229", "2009-01-31": "$5,723", "2008-10-31": "$6,681", "2008-07-31": "$6,631", "2008-04-30": "$6,270", "2008-01-31": "$6,305", "2007-10-31": "$6,140", "2007-07-31": "$5,991", "2007-04-30": "$5,647", "2007-01-31": "$5,388", "2006-10-31": "$5,233", "2006-07-31": "$5,145", "2006-04-30": "$4,726", "2006-01-31": "$4,466", "2005-10-31": "$4,410", "2005-07-31": "$4,468", "2005-04-30": "$4,135", "2005-01-31": "$4,053"}}, "operating-income": {"Cisco Annual Operating Income (Millions of US $)": {"2020": "$13,620", "2019": "$14,219", "2018": "$12,309", "2017": "$11,973", "2016": "$12,660", "2015": "$10,770", "2014": "$9,345", "2013": "$11,196", "2012": "$10,065", "2011": "$7,674", "2010": "$9,164", "2009": "$7,322", "2008": "$9,442", "2007": "$8,621", "2006": "$6,996", "2005": "$7,416"}, "Cisco Quarterly Operating Income (Millions of US $)": {"2020-10-31": "$2,570", "2020-07-31": "$3,247", "2020-04-30": "$3,414", "2020-01-31": "$3,380", "2019-10-31": "$3,579", "2019-07-31": "$3,690", "2019-04-30": "$3,513", "2019-01-31": "$3,211", "2018-10-31": "$3,805", "2018-07-31": "$3,346", "2018-04-30": "$3,134", "2018-01-31": "$3,073", "2017-10-31": "$2,756", "2017-07-31": "$3,034", "2017-04-30": "$3,169", "2017-01-31": "$2,893", "2016-10-31": "$2,877", "2016-07-31": "$3,303", "2016-04-30": "$2,984", "2016-01-31": "$3,294", "2015-10-31": "$3,079", "2015-07-31": "$2,881", "2015-04-30": "$2,925", "2015-01-31": "$2,622", "2014-10-31": "$2,342", "2014-07-31": "$2,681", "2014-04-30": "$2,542", "2014-01-31": "$1,667", "2013-10-31": "$2,455", "2013-07-31": "$2,814", "2013-04-30": "$2,942", "2013-01-31": "$2,789", "2012-10-31": "$2,651", "2012-07-31": "$2,371", "2012-04-30": "$2,750", "2012-01-31": "$2,734", "2011-10-31": "$2,210", "2011-07-31": "$1,456", "2011-04-30": "$2,183", "2011-01-31": "$1,684", "2010-10-31": "$2,351", "2010-07-31": "$2,325", "2010-04-30": "$2,345", "2010-01-31": "$2,370", "2009-10-31": "$2,124", "2009-07-31": "$1,460", "2009-04-30": "$1,607", "2009-01-31": "$1,773", "2008-10-31": "$2,482", "2008-07-31": "$2,529", "2008-04-30": "$2,141", "2008-01-31": "$2,404", "2007-10-31": "$2,368", "2007-07-31": "$2,303", "2007-04-30": "$2,197", "2007-01-31": "$2,130", "2006-10-31": "$1,991", "2006-07-31": "$1,990", "2006-04-30": "$1,653", "2006-01-31": "$1,731", "2005-10-31": "$1,622", "2005-07-31": "$1,997", "2005-04-30": "$1,818", "2005-01-31": "$1,813"}}, "ebitda": {"Cisco Annual EBITDA (Millions of US $)": {"2020": "$15,428", "2019": "$16,116", "2018": "$14,501", "2017": "$14,259", "2016": "$14,810", "2015": "$13,212", "2014": "$11,784", "2013": "$13,656", "2012": "$12,273", "2011": "$10,160", "2010": "$11,194", "2009": "$9,090", "2008": "$11,186", "2007": "$10,034", "2006": "$8,289", "2005": "$8,436"}, "Cisco Quarterly EBITDA (Millions of US $)": {"2020-10-31": "$3,021", "2020-07-31": "$3,691", "2020-04-30": "$3,860", "2020-01-31": "$3,837", "2019-10-31": "$4,040", "2019-07-31": "$4,154", "2019-04-30": "$3,994", "2019-01-31": "$3,698", "2018-10-31": "$4,270", "2018-07-31": "$3,862", "2018-04-30": "$3,698", "2018-01-31": "$3,619", "2017-10-31": "$3,322", "2017-07-31": "$3,612", "2017-04-30": "$3,729", "2017-01-31": "$3,442", "2016-10-31": "$3,476", "2016-07-31": "$3,907", "2016-04-30": "$3,525", "2016-01-31": "$3,792", "2015-10-31": "$3,586", "2015-07-31": "$3,524", "2015-04-30": "$3,495", "2015-01-31": "$3,252", "2014-10-31": "$2,941", "2014-07-31": "$3,309", "2014-04-30": "$3,150", "2014-01-31": "$2,279", "2013-10-31": "$3,046", "2013-07-31": "$3,423", "2013-04-30": "$3,561", "2013-01-31": "$3,406", "2012-10-31": "$3,266", "2012-07-31": "$2,763", "2012-04-30": "$3,381", "2012-01-31": "$3,298", "2011-10-31": "$2,831", "2011-07-31": "$2,129", "2011-04-30": "$2,756", "2011-01-31": "$2,371", "2010-10-31": "$2,904", "2010-07-31": "$2,940", "2010-04-30": "$2,818", "2010-01-31": "$2,883", "2009-10-31": "$2,553", "2009-07-31": "$1,984", "2009-04-30": "$2,033", "2009-01-31": "$2,198", "2008-10-31": "$2,875", "2008-07-31": "$2,959", "2008-04-30": "$2,577", "2008-01-31": "$2,861", "2007-10-31": "$2,789", "2007-07-31": "$2,677", "2007-04-30": "$2,546", "2007-01-31": "$2,472", "2006-10-31": "$2,339", "2006-07-31": "$2,427", "2006-04-30": "$1,997", "2006-01-31": "$1,985", "2005-10-31": "$1,880", "2005-07-31": "$2,260", "2005-04-30": "$2,064", "2005-01-31": "$2,073"}}, "net-income": {"Cisco Annual Net Income (Millions of US $)": {"2020": "$11,214", "2019": "$11,621", "2018": "$110", "2017": "$9,609", "2016": "$10,739", "2015": "$8,981", "2014": "$7,853", "2013": "$9,983", "2012": "$8,041", "2011": "$6,490", "2010": "$7,767", "2009": "$6,134", "2008": "$8,052", "2007": "$7,333", "2006": "$5,580", "2005": "$5,741"}, "Cisco Quarterly Net Income (Millions of US $)": {"2020-10-31": "$2,174", "2020-07-31": "$2,636", "2020-04-30": "$2,774", "2020-01-31": "$2,878", "2019-10-31": "$2,926", "2019-07-31": "$2,206", "2019-04-30": "$3,044", "2019-01-31": "$2,822", "2018-10-31": "$3,549", "2018-07-31": "$3,803", "2018-04-30": "$2,691", "2018-01-31": "$-8,778", "2017-10-31": "$2,394", "2017-07-31": "$2,424", "2017-04-30": "$2,515", "2017-01-31": "$2,348", "2016-10-31": "$2,322", "2016-07-31": "$2,813", "2016-04-30": "$2,349", "2016-01-31": "$3,147", "2015-10-31": "$2,430", "2015-07-31": "$2,319", "2015-04-30": "$2,437", "2015-01-31": "$2,397", "2014-10-31": "$1,828", "2014-07-31": "$2,247", "2014-04-30": "$2,181", "2014-01-31": "$1,429", "2013-10-31": "$1,996", "2013-07-31": "$2,270", "2013-04-30": "$2,478", "2013-01-31": "$3,143", "2012-10-31": "$2,092", "2012-07-31": "$1,917", "2012-04-30": "$2,165", "2012-01-31": "$2,182", "2011-10-31": "$1,777", "2011-07-31": "$1,232", "2011-04-30": "$1,807", "2011-01-31": "$1,521", "2010-10-31": "$1,930", "2010-07-31": "$1,935", "2010-04-30": "$2,192", "2010-01-31": "$1,853", "2009-10-31": "$1,787", "2009-07-31": "$1,081", "2009-04-30": "$1,348", "2009-01-31": "$1,504", "2008-10-31": "$2,201", "2008-07-31": "$2,014", "2008-04-30": "$1,773", "2008-01-31": "$2,060", "2007-10-31": "$2,205", "2007-07-31": "$1,930", "2007-04-30": "$1,874", "2007-01-31": "$1,921", "2006-10-31": "$1,608", "2006-07-31": "$1,544", "2006-04-30": "$1,400", "2006-01-31": "$1,375", "2005-10-31": "$1,261", "2005-07-31": "$1,540", "2005-04-30": "$1,405", "2005-01-31": "$1,400"}}, "eps-earnings-per-share-diluted": {"Cisco Annual EPS": {"2020": "$2.64", "2019": "$2.61", "2018": "$0.02", "2017": "$1.90", "2016": "$2.11", "2015": "$1.75", "2014": "$1.49", "2013": "$1.86", "2012": "$1.49", "2011": "$1.17", "2010": "$1.33", "2009": "$1.05", "2008": "$1.31", "2007": "$1.17", "2006": "$0.89", "2005": "$0.87"}, "Cisco Quarterly EPS": {"2020-10-31": "$0.51", "2020-07-31": "$0.63", "2020-04-30": "$0.65", "2020-01-31": "$0.68", "2019-10-31": "$0.68", "2019-07-31": "$0.52", "2019-04-30": "$0.69", "2019-01-31": "$0.63", "2018-10-31": "$0.77", "2018-07-31": "$0.76", "2018-04-30": "$0.56", "2018-01-31": "$-1.78", "2017-10-31": "$0.48", "2017-07-31": "$0.47", "2017-04-30": "$0.50", "2017-01-31": "$0.47", "2016-10-31": "$0.46", "2016-07-31": "$0.55", "2016-04-30": "$0.46", "2016-01-31": "$0.62", "2015-10-31": "$0.48", "2015-07-31": "$0.47", "2015-04-30": "$0.47", "2015-01-31": "$0.46", "2014-10-31": "$0.35", "2014-07-31": "$0.43", "2014-04-30": "$0.42", "2014-01-31": "$0.27", "2013-10-31": "$0.37", "2013-07-31": "$0.42", "2013-04-30": "$0.46", "2013-01-31": "$0.59", "2012-10-31": "$0.39", "2012-07-31": "$0.36", "2012-04-30": "$0.40", "2012-01-31": "$0.40", "2011-10-31": "$0.33", "2011-07-31": "$0.23", "2011-04-30": "$0.33", "2011-01-31": "$0.27", "2010-10-31": "$0.34", "2010-07-31": "$0.34", "2010-04-30": "$0.37", "2010-01-31": "$0.32", "2009-10-31": "$0.30", "2009-07-31": "$0.19", "2009-04-30": "$0.23", "2009-01-31": "$0.26", "2008-10-31": "$0.37", "2008-07-31": "$0.34", "2008-04-30": "$0.29", "2008-01-31": "$0.33", "2007-10-31": "$0.35", "2007-07-31": "$0.30", "2007-04-30": "$0.30", "2007-01-31": "$0.31", "2006-10-31": "$0.26", "2006-07-31": "$0.25", "2006-04-30": "$0.22", "2006-01-31": "$0.22", "2005-10-31": "$0.20", "2005-07-31": "$0.24", "2005-04-30": "$0.21", "2005-01-31": "$0.21"}}, "shares-outstanding": {"Cisco Annual Shares Outstanding (Millions of Shares)": {"2020": "4,254", "2019": "4,453", "2018": "4,881", "2017": "5,049", "2016": "5,088", "2015": "5,146", "2014": "5,281", "2013": "5,380", "2012": "5,404", "2011": "5,563", "2010": "5,848", "2009": "5,857", "2008": "6,163", "2007": "6,265", "2006": "6,272", "2005": "6,612"}, "Cisco Quarterly Shares Outstanding (Millions of Shares)": {"2020-10-31": "4,244", "2020-07-31": "4,254", "2020-04-30": "4,243", "2020-01-31": "4,260", "2019-10-31": "4,273", "2019-07-31": "4,453", "2019-04-30": "4,415", "2019-01-31": "4,505", "2018-10-31": "4,614", "2018-07-31": "4,881", "2018-04-30": "4,844", "2018-01-31": "4,924", "2017-10-31": "4,994", "2017-07-31": "5,049", "2017-04-30": "5,045", "2017-01-31": "5,040", "2016-10-31": "5,066", "2016-07-31": "5,088", "2016-04-30": "5,065", "2016-01-31": "5,097", "2015-10-31": "5,113", "2015-07-31": "5,146", "2015-04-30": "5,148", "2015-01-31": "5,160", "2014-10-31": "5,156", "2014-07-31": "5,281", "2014-04-30": "5,180", "2014-01-31": "5,327", "2013-10-31": "5,430", "2013-07-31": "5,380", "2013-04-30": "5,387", "2013-01-31": "5,357", "2012-10-31": "5,334", "2012-07-31": "5,404", "2012-04-30": "5,456", "2012-01-31": "5,401", "2011-10-31": "5,407", "2011-07-31": "5,563", "2011-04-30": "5,537", "2011-01-31": "5,587", "2010-10-31": "5,675", "2010-07-31": "5,848", "2010-04-30": "5,869", "2010-01-31": "5,862", "2009-10-31": "5,871", "2009-07-31": "5,857", "2009-04-30": "5,818", "2009-01-31": "5,864", "2008-10-31": "5,972", "2008-07-31": "6,163", "2008-04-30": "6,069", "2008-01-31": "6,202", "2007-10-31": "6,330", "2007-07-31": "6,265", "2007-04-30": "6,244", "2007-01-31": "6,291", "2006-10-31": "6,199", "2006-07-31": "6,272", "2006-04-30": "6,289", "2006-01-31": "6,248", "2005-10-31": "6,340", "2005-07-31": "6,612", "2005-04-30": "6,541", "2005-01-31": "6,652"}}, "total-assets": {"Cisco Annual Total Assets (Millions of US $)": {"2020": "$94,853", "2019": "$97,793", "2018": "$108,784", "2017": "$129,818", "2016": "$121,652", "2015": "$113,373", "2014": "$105,070", "2013": "$101,191", "2012": "$91,759", "2011": "$87,095", "2010": "$81,130", "2009": "$68,128", "2008": "$58,734", "2007": "$53,340", "2006": "$43,315", "2005": "$33,883"}, "Cisco Quarterly Total Assets (Millions of US $)": {"2020-10-31": "$95,003", "2020-07-31": "$94,853", "2020-04-30": "$91,394", "2020-01-31": "$90,426", "2019-10-31": "$92,492", "2019-07-31": "$97,793", "2019-04-30": "$97,287", "2019-01-31": "$102,462", "2018-10-31": "$105,429", "2018-07-31": "$108,784", "2018-04-30": "$114,008", "2018-01-31": "$131,510", "2017-10-31": "$130,522", "2017-07-31": "$129,818", "2017-04-30": "$125,950", "2017-01-31": "$126,248", "2016-10-31": "$126,287", "2016-07-31": "$121,652", "2016-04-30": "$118,654", "2016-01-31": "$112,642", "2015-10-31": "$111,773", "2015-07-31": "$113,373", "2015-04-30": "$106,212", "2015-01-31": "$104,922", "2014-10-31": "$103,978", "2014-07-31": "$105,070", "2014-04-30": "$101,856", "2014-01-31": "$98,427", "2013-10-31": "$100,741", "2013-07-31": "$101,191", "2013-04-30": "$97,084", "2013-01-31": "$96,378", "2012-10-31": "$92,643", "2012-07-31": "$91,759", "2012-04-30": "$91,154", "2012-01-31": "$89,259", "2011-10-31": "$86,964", "2011-07-31": "$87,095", "2011-04-30": "$85,350", "2011-01-31": "$81,981", "2010-10-31": "$80,015", "2010-07-31": "$81,130", "2010-04-30": "$79,292", "2010-01-31": "$76,403", "2009-10-31": "$68,680", "2009-07-31": "$68,128", "2009-04-30": "$64,666", "2009-01-31": "$61,357", "2008-10-31": "$58,887", "2008-07-31": "$58,734", "2008-04-30": "$57,123", "2008-01-31": "$55,300", "2007-10-31": "$55,702", "2007-07-31": "$53,340", "2007-04-30": "$48,835", "2007-01-31": "$46,254", "2006-10-31": "$44,908", "2006-07-31": "$43,315", "2006-04-30": "$43,082", "2006-01-31": "$33,652", "2005-10-31": "$31,755", "2005-07-31": "$33,883", "2005-04-30": "$33,970", "2005-01-31": "$33,825"}}, "cash-on-hand": {"Cisco Annual Cash on Hand (Millions of US $)": {"2020": "$29,419", "2019": "$33,413", "2018": "$46,548", "2017": "$70,492", "2016": "$65,756", "2015": "$60,416", "2014": "$52,074", "2013": "$50,610", "2012": "$48,716", "2011": "$44,585", "2010": "$39,861", "2009": "$35,001", "2008": "$26,235", "2007": "$22,266", "2006": "$17,814", "2005": "$16,055"}, "Cisco Quarterly Cash on Hand (Millions of US $)": {"2020-10-31": "$30,012", "2020-07-31": "$29,419", "2020-04-30": "$28,574", "2020-01-31": "$27,062", "2019-10-31": "$28,035", "2019-07-31": "$33,413", "2019-04-30": "$34,643", "2019-01-31": "$40,383", "2018-10-31": "$42,593", "2018-07-31": "$46,548", "2018-04-30": "$54,431", "2018-01-31": "$73,683", "2017-10-31": "$71,588", "2017-07-31": "$70,492", "2017-04-30": "$67,974", "2017-01-31": "$71,845", "2016-10-31": "$70,968", "2016-07-31": "$65,756", "2016-04-30": "$63,512", "2016-01-31": "$60,375", "2015-10-31": "$59,107", "2015-07-31": "$60,416", "2015-04-30": "$54,419", "2015-01-31": "$53,022", "2014-10-31": "$52,107", "2014-07-31": "$52,074", "2014-04-30": "$50,469", "2014-01-31": "$47,065", "2013-10-31": "$48,201", "2013-07-31": "$50,610", "2013-04-30": "$47,388", "2013-01-31": "$46,376", "2012-10-31": "$45,000", "2012-07-31": "$48,716", "2012-04-30": "$48,412", "2012-01-31": "$46,742", "2011-10-31": "$44,388", "2011-07-31": "$44,585", "2011-04-30": "$43,367", "2011-01-31": "$40,229", "2010-10-31": "$38,925", "2010-07-31": "$39,861", "2010-04-30": "$39,106", "2010-01-31": "$39,638", "2009-10-31": "$35,365", "2009-07-31": "$35,001", "2009-04-30": "$33,551", "2009-01-31": "$29,531", "2008-10-31": "$26,763", "2008-07-31": "$26,235", "2008-04-30": "$24,433", "2008-01-31": "$22,693", "2007-10-31": "$24,679", "2007-07-31": "$22,266", "2007-04-30": "$22,336", "2007-01-31": "$20,681", "2006-10-31": "$19,520", "2006-07-31": "$17,814", "2006-04-30": "$18,183", "2006-01-31": "$14,989", "2005-10-31": "$13,490", "2005-07-31": "$16,055", "2005-04-30": "$5,038", "2005-01-31": "$5,764"}}, "long-term-debt": {"Cisco Annual Long Term Debt (Millions of US $)": {"2020": "$11,578", "2019": "$14,475", "2018": "$20,331", "2017": "$25,725", "2016": "$24,483", "2015": "$21,457", "2014": "$20,337", "2013": "$12,928", "2012": "$16,297", "2011": "$16,234", "2010": "$12,188", "2009": "$10,295", "2008": "$6,393", "2007": "$6,408", "2006": "$6,332", "2005": "$"}, "Cisco Quarterly Long Term Debt (Millions of US $)": {"2020-10-31": "$9,564", "2020-07-31": "$11,578", "2020-04-30": "$11,578", "2020-01-31": "$14,494", "2019-10-31": "$14,497", "2019-07-31": "$14,475", "2019-04-30": "$15,921", "2019-01-31": "$15,893", "2018-10-31": "$18,323", "2018-07-31": "$20,331", "2018-04-30": "$20,336", "2018-01-31": "$25,625", "2017-10-31": "$25,684", "2017-07-31": "$25,725", "2017-04-30": "$28,222", "2017-01-31": "$30,471", "2016-10-31": "$30,634", "2016-07-31": "$24,483", "2016-04-30": "$24,431", "2016-01-31": "$21,591", "2015-10-31": "$21,594", "2015-07-31": "$21,457", "2015-04-30": "$16,586", "2015-01-31": "$19,667", "2014-10-31": "$19,615", "2014-07-31": "$20,337", "2014-04-30": "$20,384", "2014-01-31": "$12,385", "2013-10-31": "$12,947", "2013-07-31": "$12,928", "2013-04-30": "$12,956", "2013-01-31": "$16,254", "2012-10-31": "$16,272", "2012-07-31": "$16,297", "2012-04-30": "$16,286", "2012-01-31": "$16,299", "2011-10-31": "$16,264", "2011-07-31": "$16,234", "2011-04-30": "$16,168", "2011-01-31": "$12,152", "2010-10-31": "$12,214", "2010-07-31": "$12,188", "2010-04-30": "$12,119", "2010-01-31": "$15,194", "2009-10-31": "$10,273", "2009-07-31": "$10,295", "2009-04-30": "$10,317", "2009-01-31": "$6,348", "2008-10-31": "$6,371", "2008-07-31": "$6,393", "2008-04-30": "$6,415", "2008-01-31": "$6,851", "2007-10-31": "$6,582", "2007-07-31": "$6,408", "2007-04-30": "$6,478", "2007-01-31": "$6,416", "2006-10-31": "$6,455", "2006-07-31": "$6,332", "2006-04-30": "$6,346", "2006-01-31": "", "2005-10-31": "", "2005-07-31": "", "2005-04-30": "", "2005-01-31": ""}}, "total-liabilities": {"Cisco Annual Total Liabilities (Millions of US $)": {"2020": "$56,933", "2019": "$64,222", "2018": "$65,580", "2017": "$63,681", "2016": "$58,067", "2015": "$53,666", "2014": "$48,409", "2013": "$42,063", "2012": "$40,458", "2011": "$39,836", "2010": "$36,845", "2009": "$29,451", "2008": "$24,381", "2007": "$21,860", "2006": "$19,403", "2005": "$10,709"}, "Cisco Quarterly Total Liabilities (Millions of US $)": {"2020-10-31": "$56,846", "2020-07-31": "$56,933", "2020-04-30": "$55,686", "2020-01-31": "$54,893", "2019-10-31": "$58,069", "2019-07-31": "$64,222", "2019-04-30": "$60,483", "2019-01-31": "$61,673", "2018-10-31": "$61,581", "2018-07-31": "$65,580", "2018-04-30": "$67,347", "2018-01-31": "$79,528", "2017-10-31": "$64,972", "2017-07-31": "$63,681", "2017-04-30": "$60,568", "2017-01-31": "$62,430", "2016-10-31": "$62,874", "2016-07-31": "$58,067", "2016-04-30": "$56,296", "2016-01-31": "$51,764", "2015-10-31": "$51,788", "2015-07-31": "$53,666", "2015-04-30": "$47,379", "2015-01-31": "$47,189", "2014-10-31": "$47,263", "2014-07-31": "$48,409", "2014-04-30": "$46,060", "2014-01-31": "$42,343", "2013-10-31": "$41,832", "2013-07-31": "$42,063", "2013-04-30": "$40,286", "2013-01-31": "$40,853", "2012-10-31": "$39,942", "2012-07-31": "$40,458", "2012-04-30": "$39,776", "2012-01-31": "$39,994", "2011-10-31": "$39,750", "2011-07-31": "$39,836", "2011-04-30": "$38,144", "2011-01-31": "$36,295", "2010-10-31": "$35,320", "2010-07-31": "$36,845", "2010-04-30": "$35,440", "2010-01-31": "$34,871", "2009-10-31": "$28,654", "2009-07-31": "$29,451", "2009-04-30": "$27,410", "2009-01-31": "$24,574", "2008-10-31": "$23,852", "2008-07-31": "$24,381", "2008-04-30": "$23,985", "2008-01-31": "$22,488", "2007-10-31": "$21,830", "2007-07-31": "$21,860", "2007-04-30": "$20,317", "2007-01-31": "$19,672", "2006-10-31": "$19,379", "2006-07-31": "$19,403", "2006-04-30": "$18,467", "2006-01-31": "$10,688", "2005-10-31": "$10,318", "2005-07-31": "$10,709", "2005-04-30": "$10,214", "2005-01-31": "$10,074"}}, "total-share-holder-equity": {"Cisco Annual Share Holder Equity (Millions of US $)": {"2020": "$37,920", "2019": "$33,571", "2018": "$43,204", "2017": "$66,137", "2016": "$63,585", "2015": "$59,707", "2014": "$56,661", "2013": "$59,128", "2012": "$51,301", "2011": "$47,259", "2010": "$44,285", "2009": "$38,677", "2008": "$34,353", "2007": "$31,480", "2006": "$23,912", "2005": "$23,174"}, "Cisco Quarterly Share Holder Equity (Millions of US $)": {"2020-10-31": "$38,157", "2020-07-31": "$37,920", "2020-04-30": "$35,708", "2020-01-31": "$35,533", "2019-10-31": "$34,423", "2019-07-31": "$33,571", "2019-04-30": "$36,804", "2019-01-31": "$40,789", "2018-10-31": "$43,848", "2018-07-31": "$43,204", "2018-04-30": "$46,661", "2018-01-31": "$51,982", "2017-10-31": "$65,550", "2017-07-31": "$66,137", "2017-04-30": "$65,382", "2017-01-31": "$63,818", "2016-10-31": "$63,413", "2016-07-31": "$63,585", "2016-04-30": "$62,358", "2016-01-31": "$60,878", "2015-10-31": "$59,985", "2015-07-31": "$59,707", "2015-04-30": "$58,833", "2015-01-31": "$57,733", "2014-10-31": "$56,715", "2014-07-31": "$56,661", "2014-04-30": "$55,796", "2014-01-31": "$56,084", "2013-10-31": "$58,909", "2013-07-31": "$59,128", "2013-04-30": "$56,798", "2013-01-31": "$55,525", "2012-10-31": "$52,701", "2012-07-31": "$51,301", "2012-04-30": "$51,378", "2012-01-31": "$49,265", "2011-10-31": "$47,214", "2011-07-31": "$47,259", "2011-04-30": "$47,206", "2011-01-31": "$45,686", "2010-10-31": "$44,695", "2010-07-31": "$44,285", "2010-04-30": "$43,852", "2010-01-31": "$41,532", "2009-10-31": "$40,026", "2009-07-31": "$38,677", "2009-04-30": "$37,256", "2009-01-31": "$36,783", "2008-10-31": "$35,035", "2008-07-31": "$34,353", "2008-04-30": "$33,138", "2008-01-31": "$32,812", "2007-10-31": "$33,872", "2007-07-31": "$31,480", "2007-04-30": "$28,518", "2007-01-31": "$26,582", "2006-10-31": "$25,529", "2006-07-31": "$23,912", "2006-04-30": "$24,615", "2006-01-31": "$22,964", "2005-10-31": "$21,437", "2005-07-31": "$23,174", "2005-04-30": "$23,756", "2005-01-31": "$23,751"}}, "profit-margins": {"current": "21.76%"}, "gross margin": {"2020-10-31": "64.07%", "2020-07-31": "64.26%", "2020-04-30": "64.41%", "2020-01-31": "63.97%", "2019-10-31": "63.44%", "2019-07-31": "62.94%", "2019-04-30": "62.38%", "2019-01-31": "62.17%", "2018-10-31": "62.32%", "2018-07-31": "62.04%", "2018-04-30": "62.18%", "2018-01-31": "62.35%", "2017-10-31": "62.29%", "2017-07-31": "62.96%", "2017-04-30": "63.19%", "2017-01-31": "63.53%", "2016-10-31": "63.40%", "2016-07-31": "62.87%", "2016-04-30": "62.12%", "2016-01-31": "61.55%", "2015-10-31": "60.85%", "2015-07-31": "60.38%", "2015-04-30": "60.30%", "2015-01-31": "59.97%", "2014-10-31": "58.55%", "2014-07-31": "58.91%", "2014-04-30": "58.71%", "2014-01-31": "58.94%", "2013-10-31": "60.65%", "2013-07-31": "60.57%", "2013-04-30": "60.94%", "2013-01-31": "61.03%", "2012-10-31": "61.18%", "2012-07-31": "61.24%", "2012-04-30": "61.42%", "2012-01-31": "61.27%", "2011-10-31": "61.00%", "2011-07-31": "61.40%", "2011-04-30": "61.76%", "2011-01-31": "62.41%", "2010-10-31": "63.47%", "2010-07-31": "64.04%", "2010-04-30": "64.42%", "2010-01-31": "64.48%", "2009-10-31": "64.07%", "2009-07-31": "63.94%", "2009-04-30": "63.94%", "2009-01-31": "63.94%", "2008-10-31": "64.21%", "2008-07-31": "64.10%", "2008-04-30": "63.99%", "2008-01-31": "63.91%", "2007-10-31": "63.83%", "2007-07-31": "63.74%", "2007-04-30": "63.97%", "2007-01-31": "64.18%", "2006-10-31": "64.98%", "2006-07-31": "65.82%", "2006-04-30": "66.73%", "2006-01-31": "67.37%", "2005-10-31": "67.24%"}, "operating margin": {"2020-10-31": "26.23%", "2020-07-31": "27.63%", "2020-04-30": "27.81%", "2020-01-31": "27.47%", "2019-10-31": "26.91%", "2019-07-31": "27.39%", "2019-04-30": "27.04%", "2019-01-31": "26.55%", "2018-10-31": "26.57%", "2018-07-31": "24.95%", "2018-04-30": "24.68%", "2018-01-31": "25.02%", "2017-10-31": "24.80%", "2017-07-31": "24.94%", "2017-04-30": "25.24%", "2017-01-31": "24.82%", "2016-10-31": "25.47%", "2016-07-31": "25.71%", "2016-04-30": "24.75%", "2016-01-31": "24.56%", "2015-10-31": "23.20%", "2015-07-31": "21.91%", "2015-04-30": "21.72%", "2015-01-31": "21.19%", "2014-10-31": "19.52%", "2014-07-31": "19.82%", "2014-04-30": "20.08%", "2014-01-31": "20.63%", "2013-10-31": "22.53%", "2013-07-31": "23.03%", "2013-04-30": "22.46%", "2013-01-31": "22.35%", "2012-10-31": "22.51%", "2012-07-31": "21.85%", "2012-04-30": "20.08%", "2012-01-31": "19.14%", "2011-10-31": "17.23%", "2011-07-31": "17.76%", "2011-04-30": "19.93%", "2011-01-31": "20.55%", "2010-10-31": "22.48%", "2010-07-31": "22.89%", "2010-04-30": "21.99%", "2010-01-31": "21.28%", "2009-10-31": "20.01%", "2009-07-31": "20.27%", "2009-04-30": "22.11%", "2009-01-31": "22.55%", "2008-10-31": "23.70%", "2008-07-31": "23.88%", "2008-04-30": "23.87%", "2008-01-31": "24.60%", "2007-10-31": "24.79%", "2007-07-31": "24.69%", "2007-04-30": "24.82%", "2007-01-31": "24.32%", "2006-10-31": "24.45%", "2006-07-31": "24.56%", "2006-04-30": "25.86%", "2006-01-31": "27.63%", "2005-10-31": "28.57%"}, "ebitda margin": {"2020-10-31": "29.97%", "2020-07-31": "31.29%", "2020-04-30": "31.42%", "2020-01-31": "31.09%", "2019-10-31": "30.56%", "2019-07-31": "31.05%", "2019-04-30": "30.83%", "2019-01-31": "30.55%", "2018-10-31": "30.73%", "2018-07-31": "29.40%", "2018-04-30": "29.31%", "2018-01-31": "29.69%", "2017-10-31": "29.52%", "2017-07-31": "29.70%", "2017-04-30": "30.00%", "2017-01-31": "29.54%", "2016-10-31": "30.05%", "2016-07-31": "30.07%", "2016-04-30": "29.17%", "2016-01-31": "29.03%", "2015-10-31": "27.94%", "2015-07-31": "26.87%", "2015-04-30": "26.70%", "2015-01-31": "26.31%", "2014-10-31": "24.69%", "2014-07-31": "25.00%", "2014-04-30": "25.21%", "2014-01-31": "25.71%", "2013-10-31": "27.52%", "2013-07-31": "28.09%", "2013-04-30": "27.14%", "2013-01-31": "27.12%", "2012-10-31": "27.22%", "2012-07-31": "26.65%", "2012-04-30": "25.54%", "2012-01-31": "24.56%", "2011-10-31": "23.07%", "2011-07-31": "23.51%", "2011-04-30": "25.60%", "2011-01-31": "26.05%", "2010-10-31": "27.64%", "2010-07-31": "27.96%", "2010-04-30": "27.13%", "2010-01-31": "26.60%", "2009-10-31": "25.19%", "2009-07-31": "25.17%", "2009-04-30": "26.52%", "2009-01-31": "26.81%", "2008-10-31": "27.96%", "2008-07-31": "28.29%", "2008-04-30": "28.24%", "2008-01-31": "28.85%", "2007-10-31": "28.89%", "2007-07-31": "28.73%", "2007-04-30": "29.23%", "2007-01-31": "28.92%", "2006-10-31": "29.05%", "2006-07-31": "29.10%", "2006-04-30": "29.99%", "2006-01-31": "31.56%", "2005-10-31": "32.61%"}, "pre tax profit margin": {"2020-10-31": "26.97%", "2020-07-31": "28.34%", "2020-04-30": "28.41%", "2020-01-31": "28.20%", "2019-10-31": "27.60%", "2019-07-31": "28.07%", "2019-04-30": "28.17%", "2019-01-31": "27.74%", "2018-10-31": "27.82%", "2018-07-31": "26.43%", "2018-04-30": "25.97%", "2018-01-31": "26.12%", "2017-10-31": "25.73%", "2017-07-31": "25.60%", "2017-04-30": "25.77%", "2017-01-31": "25.52%", "2016-10-31": "26.04%", "2016-07-31": "26.24%", "2016-04-30": "25.19%", "2016-01-31": "25.03%", "2015-10-31": "24.15%", "2015-07-31": "22.78%", "2015-04-30": "22.69%", "2015-01-31": "22.16%", "2014-10-31": "20.16%", "2014-07-31": "20.61%", "2014-04-30": "20.78%", "2014-01-31": "21.12%", "2013-10-31": "22.81%", "2013-07-31": "23.10%", "2013-04-30": "22.44%", "2013-01-31": "22.38%", "2012-10-31": "22.59%", "2012-07-31": "22.06%", "2012-04-30": "20.28%", "2012-01-31": "19.32%", "2011-10-31": "17.48%", "2011-07-31": "18.11%", "2011-04-30": "20.48%", "2011-01-31": "21.19%", "2010-10-31": "22.99%", "2010-07-31": "23.51%", "2010-04-30": "22.60%", "2010-01-31": "21.99%", "2009-10-31": "21.05%", "2009-07-31": "21.30%", "2009-04-30": "23.31%", "2009-01-31": "23.92%", "2008-10-31": "25.39%", "2008-07-31": "25.94%", "2008-04-30": "26.16%", "2008-01-31": "27.09%", "2007-10-31": "27.30%", "2007-07-31": "27.09%", "2007-04-30": "27.11%", "2007-01-31": "26.52%", "2006-10-31": "26.73%", "2006-07-31": "26.80%", "2006-04-30": "28.21%", "2006-01-31": "30.05%", "2005-10-31": "30.88%"}, "net profit margin": {"2020-10-31": "21.76%", "2020-07-31": "22.75%", "2020-04-30": "21.32%", "2020-01-31": "21.44%", "2019-10-31": "21.15%", "2019-07-31": "22.39%", "2019-04-30": "25.76%", "2019-01-31": "25.31%", "2018-10-31": "2.52%", "2018-07-31": "0.22%", "2018-04-30": "-2.61%", "2018-01-31": "-3.00%", "2017-10-31": "20.26%", "2017-07-31": "20.02%", "2017-04-30": "20.61%", "2017-01-31": "20.24%", "2016-10-31": "21.73%", "2016-07-31": "21.81%", "2016-04-30": "20.72%", "2016-01-31": "20.84%", "2015-10-31": "19.32%", "2015-07-31": "18.27%", "2015-04-30": "18.30%", "2015-01-31": "18.00%", "2014-10-31": "16.25%", "2014-07-31": "16.66%", "2014-04-30": "16.69%", "2014-01-31": "17.07%", "2013-10-31": "20.25%", "2013-07-31": "20.54%", "2013-04-30": "20.11%", "2013-01-31": "19.72%", "2012-10-31": "17.90%", "2012-07-31": "17.46%", "2012-04-30": "16.14%", "2012-01-31": "15.61%", "2011-10-31": "14.49%", "2011-07-31": "15.02%", "2011-04-30": "16.78%", "2011-01-31": "17.89%", "2010-10-31": "18.94%", "2010-07-31": "19.40%", "2010-04-30": "18.32%", "2010-01-31": "17.08%", "2009-10-31": "16.43%", "2009-07-31": "16.98%", "2009-04-30": "18.62%", "2009-01-31": "18.93%", "2008-10-31": "19.96%", "2008-07-31": "20.36%", "2008-04-30": "20.64%", "2008-01-31": "21.41%", "2007-10-31": "21.85%", "2007-07-31": "21.00%", "2007-04-30": "20.75%", "2007-01-31": "20.27%", "2006-10-31": "19.68%", "2006-07-31": "19.59%", "2006-04-30": "20.59%", "2006-01-31": "21.51%", "2005-10-31": "22.09%"}, "pe ratio": {"current": "16.99", "2021-02-05": "19.54", "2020-10-31": "14.47", "2020-07-31": "17.60", "2020-04-30": "16.40", "2020-01-31": "17.35", "2019-10-31": "18.16", "2019-07-31": "20.29", "2019-04-30": "18.26", "2019-01-31": "16.06", "2018-10-31": "118.57", "2018-07-31": "559.83", "2018-04-30": "0.00", "2018-01-31": "0.00", "2017-10-31": "16.02", "2017-07-31": "14.78", "2017-04-30": "15.23", "2017-01-31": "13.89", "2016-10-31": "12.77", "2016-07-31": "12.49", "2016-04-30": "11.75", "2016-01-31": "10.03", "2015-10-31": "13.10", "2015-07-31": "13.76", "2015-04-30": "14.02", "2015-01-31": "13.10", "2014-10-31": "13.64", "2014-07-31": "13.77", "2014-04-30": "12.60", "2014-01-31": "11.54", "2013-10-31": "9.74", "2013-07-31": "10.85", "2013-04-30": "9.10", "2013-01-31": "9.18", "2012-10-31": "8.53", "2012-07-31": "8.19", "2012-04-30": "11.38", "2012-01-31": "11.65", "2011-10-31": "12.19", "2011-07-31": "10.38", "2011-04-30": "10.36", "2011-01-31": "12.08", "2010-10-31": "12.58", "2010-07-31": "13.08", "2010-04-30": "17.08", "2010-01-31": "16.17", "2009-10-31": "17.42", "2009-07-31": "15.69", "2009-04-30": "12.15", "2009-01-31": "8.96", "2008-10-31": "10.07", "2008-07-31": "12.66", "2008-04-30": "14.99", "2008-01-31": "14.21", "2007-10-31": "19.48", "2007-07-31": "18.33", "2007-04-30": "17.86", "2007-01-31": "19.15", "2006-10-31": "19.01"}, "price sales": {"2021-02-05": "4.25", "2020-10-31": "3.15", "2020-07-31": "4.00", "2020-04-30": "3.52", "2020-01-31": "3.75", "2019-10-31": "3.87", "2019-07-31": "4.57", "2019-04-30": "4.74", "2019-01-31": "4.12", "2018-10-31": "4.08", "2018-07-31": "3.90", "2018-04-30": "4.15", "2018-01-31": "3.94", "2017-10-31": "3.26", "2017-07-31": "2.97", "2017-04-30": "3.16", "2017-01-31": "2.82", "2016-10-31": "2.78", "2016-07-31": "2.74", "2016-04-30": "2.44", "2016-01-31": "2.09", "2015-10-31": "2.53", "2015-07-31": "2.50", "2015-04-30": "2.55", "2015-01-31": "2.35", "2014-10-31": "2.22", "2014-07-31": "2.31", "2014-04-30": "2.11", "2014-01-31": "1.97", "2013-10-31": "1.98", "2013-07-31": "2.23", "2013-04-30": "1.84", "2013-01-31": "1.82", "2012-10-31": "1.53", "2012-07-31": "1.44", "2012-04-30": "1.84", "2012-01-31": "1.82", "2011-10-31": "1.77", "2011-07-31": "1.56", "2011-04-30": "1.74", "2011-01-31": "2.15", "2010-10-31": "2.38", "2010-07-31": "2.53", "2010-04-30": "3.13", "2010-01-31": "2.77", "2009-10-31": "2.87", "2009-07-31": "2.68", "2009-04-30": "2.27", "2009-01-31": "1.70", "2008-10-31": "2.01", "2008-07-31": "2.58", "2008-04-30": "3.09", "2008-01-31": "3.05", "2007-10-31": "4.28", "2007-07-31": "3.87", "2007-04-30": "3.74", "2007-01-31": "3.91", "2006-10-31": "3.75"}, "price book": {"current": "5.32", "2021-02-05": "5.32", "2020-10-31": "3.94", "2020-07-31": "5.17", "2020-04-30": "4.88", "2020-01-31": "5.30", "2019-10-31": "5.62", "2019-07-31": "6.68", "2019-04-30": "6.21", "2019-01-31": "4.82", "2018-10-31": "4.40", "2018-07-31": "4.19", "2018-04-30": "4.13", "2018-01-31": "3.55", "2017-10-31": "2.34", "2017-07-31": "2.13", "2017-04-30": "2.32", "2017-01-31": "2.13", "2016-10-31": "2.12", "2016-07-31": "2.09", "2016-04-30": "1.91", "2016-01-31": "1.68", "2015-10-31": "2.06", "2015-07-31": "2.03", "2015-04-30": "2.07", "2015-01-31": "1.92", "2014-10-31": "1.81", "2014-07-31": "1.85", "2014-04-30": "1.71", "2014-01-31": "1.62", "2013-10-31": "1.63", "2013-07-31": "1.84", "2013-04-30": "1.53", "2013-01-31": "1.53", "2012-10-31": "1.33", "2012-07-31": "1.26", "2012-04-30": "1.61", "2012-01-31": "1.63", "2011-10-31": "1.59", "2011-07-31": "1.38", "2011-04-30": "1.53", "2011-01-31": "1.92", "2010-10-31": "2.13", "2010-07-31": "2.20", "2010-04-30": "2.63", "2010-01-31": "2.32", "2009-10-31": "2.45", "2009-07-31": "2.46", "2009-04-30": "2.24", "2009-01-31": "1.78", "2008-10-31": "2.23", "2008-07-31": "2.82", "2008-04-30": "3.42", "2008-01-31": "3.34", "2007-10-31": "4.44", "2007-07-31": "4.19", "2007-04-30": "4.25", "2007-01-31": "4.53", "2006-10-31": "4.29", "2006-07-31": "3.39", "2006-04-30": "3.93", "2006-01-31": "3.72"}, "price fcf": {"2021-02-05": "", "2020-10-31": "$3.62", "2020-07-31": "$3.49", "2020-04-30": "$3.47", "2020-01-31": "$3.45", "2019-10-31": "$3.38", "2019-07-31": "$3.36", "2019-04-30": "$3.32", "2019-01-31": "$2.83", "2018-10-31": "$2.83", "2018-07-31": "$2.64", "2018-04-30": "$2.61", "2018-01-31": "$2.76", "2017-10-31": "$2.66", "2017-07-31": "$2.56", "2017-04-30": "$2.50", "2017-01-31": "$2.44", "2016-10-31": "$2.44", "2016-07-31": "$2.45", "2016-04-30": "$2.50", "2016-01-31": "$2.47", "2015-10-31": "$2.27", "2015-07-31": "$2.21", "2015-04-30": "$2.07", "2015-01-31": "$2.11", "2014-10-31": "$2.11", "2014-07-31": "$2.14", "2014-04-30": "$2.23", "2014-01-31": "$2.18", "2013-10-31": "$2.25", "2013-07-31": "$2.21", "2013-04-30": "$2.05", "2013-01-31": "$2.01", "2012-10-31": "$1.96", "2012-07-31": "$1.93", "2012-04-30": "$1.85", "2012-01-31": "$1.86", "2011-10-31": "$1.75", "2011-07-31": "$1.60", "2011-04-30": "$1.65", "2011-01-31": "$1.61", "2010-10-31": "$1.58", "2010-07-31": "$1.57", "2010-04-30": "$1.36", "2010-01-31": "$1.22", "2009-10-31": "$1.35", "2009-07-31": "$1.52", "2009-04-30": "$1.72", "2009-01-31": "$1.87", "2008-10-31": "$1.71", "2008-07-31": "$1.76", "2008-04-30": "$1.64", "2008-01-31": "$1.51", "2007-10-31": "$1.52", "2007-07-31": "$1.41", "2007-04-30": "$1.38", "2007-01-31": "$1.37", "2006-10-31": "$1.47"}, "net worth": {"value": "$203.16B"}, "current ratio": {"current": "1.59", "2020-10-31": "1.59", "2020-07-31": "1.72", "2020-04-30": "1.59", "2020-01-31": "1.81", "2019-10-31": "1.70", "2019-07-31": "1.51", "2019-04-30": "1.70", "2019-01-31": "1.80", "2018-10-31": "2.11", "2018-07-31": "2.29", "2018-04-30": "2.34", "2018-01-31": "2.43", "2017-10-31": "2.87", "2017-07-31": "3.04", "2017-04-30": "3.52", "2017-01-31": "3.67", "2016-10-31": "3.58", "2016-07-31": "3.16", "2016-04-30": "3.27", "2016-01-31": "3.29", "2015-10-31": "3.35", "2015-07-31": "3.13", "2015-04-30": "2.98", "2015-01-31": "3.39", "2014-10-31": "3.31", "2014-07-31": "3.39", "2014-04-30": "3.47", "2014-01-31": "2.65", "2013-10-31": "2.89", "2013-07-31": "2.98", "2013-04-30": "2.92", "2013-01-31": "3.38", "2012-10-31": "3.38", "2012-07-31": "3.49", "2012-04-30": "3.58", "2012-01-31": "3.37", "2011-10-31": "3.28", "2011-07-31": "3.27", "2011-04-30": "3.43", "2011-01-31": "2.81", "2010-10-31": "2.78", "2010-07-31": "2.67", "2010-04-30": "2.70", "2010-01-31": "3.48", "2009-10-31": "3.40", "2009-07-31": "3.24", "2009-04-30": "3.21", "2009-01-31": "2.79", "2008-10-31": "2.63", "2008-07-31": "2.58", "2008-04-30": "2.56", "2008-01-31": "2.66", "2007-10-31": "2.74", "2007-07-31": "2.36", "2007-04-30": "2.55", "2007-01-31": "2.48", "2006-10-31": "2.42", "2006-07-31": "2.27", "2006-04-30": "2.44", "2006-01-31": "2.27", "2005-10-31": "2.14", "2005-07-31": "2.31", "2005-04-30": "1.19", "2005-01-31": "1.32"}, "quick ratio": {"2020-10-31": "1.54", "2020-07-31": "1.67", "2020-04-30": "1.55", "2020-01-31": "1.75", "2019-10-31": "1.64", "2019-07-31": "1.46", "2019-04-30": "1.64", "2019-01-31": "1.74", "2018-10-31": "2.05", "2018-07-31": "2.22", "2018-04-30": "2.28", "2018-01-31": "2.38", "2017-10-31": "2.81", "2017-07-31": "2.98", "2017-04-30": "3.46", "2017-01-31": "3.62", "2016-10-31": "3.53", "2016-07-31": "3.11", "2016-04-30": "3.22", "2016-01-31": "3.23", "2015-10-31": "3.28", "2015-07-31": "3.06", "2015-04-30": "2.91", "2015-01-31": "3.29", "2014-10-31": "3.23", "2014-07-31": "3.31", "2014-04-30": "3.39", "2014-01-31": "2.58", "2013-10-31": "2.82", "2013-07-31": "2.91", "2013-04-30": "2.85", "2013-01-31": "3.30", "2012-10-31": "3.28", "2012-07-31": "3.40", "2012-04-30": "3.49", "2012-01-31": "3.28", "2011-10-31": "3.19", "2011-07-31": "3.18", "2011-04-30": "3.34", "2011-01-31": "2.73", "2010-10-31": "2.70", "2010-07-31": "2.61", "2010-04-30": "2.63", "2010-01-31": "3.40", "2009-10-31": "3.31", "2009-07-31": "3.16", "2009-04-30": "3.14", "2009-01-31": "2.71", "2008-10-31": "2.54", "2008-07-31": "2.49", "2008-04-30": "2.46", "2008-01-31": "2.56", "2007-10-31": "2.63", "2007-07-31": "2.27", "2007-04-30": "2.44", "2007-01-31": "2.34", "2006-10-31": "2.29", "2006-07-31": "2.15", "2006-04-30": "2.32", "2006-01-31": "2.13", "2005-10-31": "2.00", "2005-07-31": "2.18", "2005-04-30": "1.05", "2005-01-31": "1.18"}, "debt equity ratio": {"current": "0.25", "2020-10-31": "1.49", "2020-07-31": "1.50", "2020-04-30": "1.56", "2020-01-31": "1.55", "2019-10-31": "1.69", "2019-07-31": "1.91", "2019-04-30": "1.64", "2019-01-31": "1.51", "2018-10-31": "1.40", "2018-07-31": "1.52", "2018-04-30": "1.44", "2018-01-31": "1.53", "2017-10-31": "0.99", "2017-07-31": "0.96", "2017-04-30": "0.93", "2017-01-31": "0.98", "2016-10-31": "0.99", "2016-07-31": "0.91", "2016-04-30": "0.90", "2016-01-31": "0.85", "2015-10-31": "0.86", "2015-07-31": "0.90", "2015-04-30": "0.81", "2015-01-31": "0.82", "2014-10-31": "0.83", "2014-07-31": "0.85", "2014-04-30": "0.83", "2014-01-31": "0.76", "2013-10-31": "0.71", "2013-07-31": "0.71", "2013-04-30": "0.71", "2013-01-31": "0.74", "2012-10-31": "0.76", "2012-07-31": "0.79", "2012-04-30": "0.77", "2012-01-31": "0.81", "2011-10-31": "0.84", "2011-07-31": "0.84", "2011-04-30": "0.81", "2011-01-31": "0.79", "2010-10-31": "0.79", "2010-07-31": "0.83", "2010-04-30": "0.81", "2010-01-31": "0.84", "2009-10-31": "0.72", "2009-07-31": "0.76", "2009-04-30": "0.74", "2009-01-31": "0.67", "2008-10-31": "0.68", "2008-07-31": "0.71", "2008-04-30": "0.72", "2008-01-31": "0.69", "2007-10-31": "0.64", "2007-07-31": "0.69", "2007-04-30": "0.71", "2007-01-31": "0.74", "2006-10-31": "0.76", "2006-07-31": "0.81", "2006-04-30": "0.75", "2006-01-31": "0.47", "2005-10-31": "0.48", "2005-07-31": "0.46", "2005-04-30": "0.43", "2005-01-31": "0.42"}, "return on equity": {"2020-10-31": "28.41%", "2020-07-31": "31.24%", "2020-04-30": "30.98%", "2020-01-31": "31.51%", "2019-10-31": "30.22%", "2019-07-31": "29.99%", "2019-04-30": "32.11%", "2019-01-31": "29.49%", "2018-10-31": "2.72%", "2018-07-31": "0.21%", "2018-04-30": "-2.20%", "2018-01-31": "-2.32%", "2017-10-31": "14.84%", "2017-07-31": "14.85%", "2017-04-30": "15.61%", "2017-01-31": "15.53%", "2016-10-31": "16.99%", "2016-07-31": "17.40%", "2016-04-30": "16.87%", "2016-01-31": "17.26%", "2015-10-31": "16.22%", "2015-07-31": "15.42%", "2015-04-30": "15.50%", "2015-01-31": "15.25%", "2014-10-31": "13.65%", "2014-07-31": "13.81%", "2014-04-30": "13.70%", "2014-01-31": "14.16%", "2013-10-31": "17.17%", "2013-07-31": "17.81%", "2013-04-30": "17.81%", "2013-01-31": "17.67%", "2012-10-31": "16.33%", "2012-07-31": "16.15%", "2012-04-30": "15.08%", "2012-01-31": "14.66%", "2011-10-31": "13.53%", "2011-07-31": "14.04%", "2011-04-30": "15.82%", "2011-01-31": "16.98%", "2010-10-31": "18.15%", "2010-07-31": "18.31%", "2010-04-30": "16.85%", "2010-01-31": "15.41%", "2009-10-31": "14.98%", "2009-07-31": "16.61%", "2009-04-30": "19.71%", "2009-01-31": "21.51%", "2008-10-31": "23.79%", "2008-07-31": "24.00%", "2008-04-30": "24.27%", "2008-01-31": "25.48%", "2007-10-31": "26.33%", "2007-07-31": "26.16%", "2007-04-30": "26.58%", "2007-01-31": "25.73%", "2006-10-31": "24.44%", "2006-07-31": "24.02%", "2006-04-30": "24.19%", "2006-01-31": "24.44%", "2005-10-31": "24.34%"}, "return on assets": {"2020-10-31": "11.26%", "2020-07-31": "12.15%", "2020-04-30": "11.59%", "2020-01-31": "11.70%", "2019-10-31": "11.28%", "2019-07-31": "11.54%", "2019-04-30": "12.77%", "2019-01-31": "11.95%", "2018-10-31": "1.10%", "2018-07-31": "0.09%", "2018-04-30": "-1.00%", "2018-01-31": "-1.12%", "2017-10-31": "7.56%", "2017-07-31": "7.56%", "2017-04-30": "8.00%", "2017-01-31": "7.98%", "2016-10-31": "8.87%", "2016-07-31": "9.24%", "2016-04-30": "8.98%", "2016-01-31": "9.31%", "2015-10-31": "8.79%", "2015-07-31": "8.38%", "2015-04-30": "8.48%", "2015-01-31": "8.32%", "2014-10-31": "7.51%", "2014-07-31": "7.74%", "2014-04-30": "7.83%", "2014-01-31": "8.23%", "2013-10-31": "10.00%", "2013-07-31": "10.31%", "2013-04-30": "10.19%", "2013-01-31": "10.02%", "2012-10-31": "9.16%", "2012-07-31": "8.96%", "2012-04-30": "8.30%", "2012-01-31": "8.03%", "2011-10-31": "7.42%", "2011-07-31": "7.76%", "2011-04-30": "8.76%", "2011-01-31": "9.40%", "2010-10-31": "9.99%", "2010-07-31": "10.17%", "2010-04-30": "9.45%", "2010-01-31": "8.74%", "2009-10-31": "8.71%", "2009-07-31": "9.70%", "2009-04-30": "11.60%", "2009-01-31": "12.69%", "2008-10-31": "13.99%", "2008-07-31": "14.20%", "2008-04-30": "14.39%", "2008-01-31": "15.14%", "2007-10-31": "15.54%", "2007-07-31": "15.17%", "2007-04-30": "15.16%", "2007-01-31": "14.58%", "2006-10-31": "14.37%", "2006-07-31": "14.70%", "2006-04-30": "15.67%", "2006-01-31": "16.75%", "2005-10-31": "16.81%"}, "return on investments": {"2020-10-31": "25.93%", "2020-07-31": "27.83%", "2020-04-30": "28.95%", "2020-01-31": "28.36%", "2019-10-31": "27.12%", "2019-07-31": "25.90%", "2019-04-30": "23.61%", "2019-01-31": "21.65%", "2018-10-31": "19.77%", "2018-07-31": "16.45%", "2018-04-30": "14.64%", "2018-01-31": "13.58%", "2017-10-31": "12.78%", "2017-07-31": "12.81%", "2017-04-30": "13.23%", "2017-01-31": "13.28%", "2016-10-31": "14.18%", "2016-07-31": "14.94%", "2016-04-30": "14.74%", "2016-01-31": "15.19%", "2015-10-31": "14.59%", "2015-07-31": "13.88%", "2015-04-30": "13.81%", "2015-01-31": "13.28%", "2014-10-31": "12.39%", "2014-07-31": "12.74%", "2014-04-30": "13.14%", "2014-01-31": "14.00%", "2013-10-31": "15.41%", "2013-07-31": "15.85%", "2013-04-30": "15.47%", "2013-01-31": "15.31%", "2012-10-31": "15.58%", "2012-07-31": "15.23%", "2012-04-30": "14.07%", "2012-01-31": "13.42%", "2011-10-31": "12.14%", "2011-07-31": "12.70%", "2011-04-30": "14.57%", "2011-01-31": "15.33%", "2010-10-31": "16.62%", "2010-07-31": "16.70%", "2010-04-30": "15.66%", "2010-01-31": "14.86%", "2009-10-31": "14.66%", "2009-07-31": "16.17%", "2009-04-30": "19.42%", "2009-01-31": "21.66%", "2008-10-31": "23.69%", "2008-07-31": "23.54%", "2008-04-30": "23.40%", "2008-01-31": "24.24%", "2007-10-31": "24.60%", "2007-07-31": "25.01%", "2007-04-30": "25.52%", "2007-01-31": "24.61%", "2006-10-31": "31.61%", "2006-07-31": "45.72%", "2006-04-30": "90.48%", "2006-01-31": "inf%", "2005-10-31": "inf%"}, "return on tangible equity": {"2020-10-31": "819.75%", "2020-07-31": "2489.23%", "2020-04-30": "-1490.02%", "2020-01-31": "-1738.05%", "2019-10-31": "1649.49%", "2019-07-31": "398.15%", "2019-04-30": "232.10%", "2019-01-31": "150.27%", "2018-10-31": "10.51%", "2018-07-31": "0.60%", "2018-04-30": "-5.18%", "2018-01-31": "-4.87%", "2017-10-31": "28.79%", "2017-07-31": "28.23%", "2017-04-30": "29.24%", "2017-01-31": "28.82%", "2016-10-31": "31.45%", "2016-07-31": "32.12%", "2016-04-30": "31.02%", "2016-01-31": "31.53%", "2015-10-31": "29.93%", "2015-07-31": "28.84%", "2015-04-30": "29.49%", "2015-01-31": "29.51%", "2014-10-31": "26.73%", "2014-07-31": "26.85%", "2014-04-30": "25.90%", "2014-01-31": "26.13%", "2013-10-31": "31.03%", "2013-07-31": "31.95%", "2013-04-30": "31.18%", "2013-01-31": "30.05%", "2012-10-31": "27.05%", "2012-07-31": "26.19%", "2012-04-30": "24.86%", "2012-01-31": "24.61%", "2011-10-31": "23.11%", "2011-07-31": "24.39%", "2011-04-30": "27.97%", "2011-01-31": "30.62%", "2010-10-31": "32.52%", "2010-07-31": "31.68%", "2010-04-30": "28.28%", "2010-01-31": "25.01%", "2009-10-31": "24.08%", "2009-07-31": "27.26%", "2009-04-30": "32.94%", "2009-01-31": "36.85%", "2008-10-31": "41.81%", "2008-07-31": "42.47%", "2008-04-30": "43.79%", "2008-01-31": "45.23%", "2007-10-31": "46.26%", "2007-07-31": "46.26%", "2007-04-30": "47.01%", "2007-01-31": "47.02%", "2006-10-31": "41.74%", "2006-07-31": "38.41%", "2006-04-30": "35.45%", "2006-01-31": "32.79%", "2005-10-31": "32.16%"}, "dividend yield history": {"last payout": "$1.44", "last yield": "3.00%"}}