{"ticker": "C", "price": {"title": "Citigroup Historical Annual Stock Price Data", "value": 62.58, "historical": {"2021": {"Average Stock Price": "62.7138", "Year Open": "60.1400", "Year High": "69.0100", "Year Low": "57.9900", "Year Close": "62.5800", "Annual % Change": "1.49%"}, "2020": {"Average Stock Price": "53.6906", "Year Open": "81.2300", "Year High": "81.9100", "Year Low": "35.3900", "Year Close": "61.6600", "Annual % Change": "-22.82%"}, "2019": {"Average Stock Price": "67.7993", "Year Open": "53.5300", "Year High": "79.8900", "Year Low": "52.5600", "Year Close": "79.8900", "Annual % Change": "53.46%"}, "2018": {"Average Stock Price": "69.4605", "Year Open": "74.3600", "Year High": "80.0800", "Year Low": "49.2600", "Year Close": "52.0600", "Annual % Change": "-30.04%"}, "2017": {"Average Stock Price": "65.6995", "Year Open": "60.5900", "Year High": "77.1000", "Year Low": "55.6800", "Year Close": "74.4100", "Annual % Change": "25.21%"}, "2016": {"Average Stock Price": "46.3861", "Year Open": "51.1300", "Year High": "61.0900", "Year Low": "34.9800", "Year Close": "59.4300", "Annual % Change": "14.84%"}, "2015": {"Average Stock Price": "53.2769", "Year Open": "54.2600", "Year High": "60.3400", "Year Low": "46.9500", "Year Close": "51.7500", "Annual % Change": "-4.36%"}, "2014": {"Average Stock Price": "50.1940", "Year Open": "52.2700", "Year High": "56.3700", "Year Low": "45.6800", "Year Close": "54.1100", "Annual % Change": "3.84%"}, "2013": {"Average Stock Price": "48.2566", "Year Open": "41.2500", "Year High": "53.2900", "Year Low": "41.1500", "Year Close": "52.1100", "Annual % Change": "31.72%"}, "2012": {"Average Stock Price": "32.1826", "Year Open": "28.3300", "Year High": "40.1700", "Year Low": "24.8200", "Year Close": "39.5600", "Annual % Change": "50.36%"}, "2011": {"Average Stock Price": "37.3550", "Year Open": "49.0000", "Year High": "51.3000", "Year Low": "23.1100", "Year Close": "26.3100", "Annual % Change": "-44.38%"}, "2010": {"Average Stock Price": "40.0786", "Year Open": "34.0000", "Year High": "49.7000", "Year Low": "31.5000", "Year Close": "47.3000", "Annual % Change": "42.90%"}, "2009": {"Average Stock Price": "36.5710", "Year Open": "71.4000", "Year High": "74.6000", "Year Low": "10.2000", "Year Close": "33.1000", "Annual % Change": "-50.67%"}, "2008": {"Average Stock Price": "190.4866", "Year Open": "289.2000", "Year High": "296.9000", "Year Low": "37.7000", "Year Close": "67.1000", "Annual % Change": "-77.21%"}, "2007": {"Average Stock Price": "477.7845", "Year Open": "552.5000", "Year High": "552.5000", "Year Low": "292.9000", "Year Close": "294.4000", "Annual % Change": "-47.15%"}, "2006": {"Average Stock Price": "489.2769", "Year Open": "492.9000", "Year High": "564.1000", "Year Low": "450.5000", "Year Close": "557.0000", "Annual % Change": "14.77%"}, "2005": {"Average Stock Price": "466.1794", "Year Open": "482.7000", "Year High": "497.8000", "Year Low": "430.5000", "Year Close": "485.3000", "Annual % Change": "0.73%"}, "2004": {"Average Stock Price": "470.8683", "Year Open": "490.0000", "Year High": "522.9000", "Year Low": "425.6000", "Year Close": "481.8000", "Annual % Change": "-0.74%"}, "2003": {"Average Stock Price": "419.2841", "Year Open": "363.5000", "Year High": "490.0000", "Year Low": "314.2000", "Year Close": "485.4000", "Annual % Change": "37.94%"}, "2002": {"Average Stock Price": "398.7333", "Year Open": "510.1000", "Year High": "520.0000", "Year Low": "267.3000", "Year Close": "351.9000", "Annual % Change": "-30.29%"}, "2001": {"Average Stock Price": "488.9129", "Year Open": "505.0000", "Year High": "563.0000", "Year Low": "363.6000", "Year Close": "504.8000", "Annual % Change": "-1.14%"}, "2000": {"Average Stock Price": "480.5217", "Year Open": "397.5099", "Year High": "588.8000", "Year Low": "360.0090", "Year Close": "510.6000", "Annual % Change": "22.25%"}, "1999": {"Average Stock Price": "342.7161", "Year Open": "251.5563", "Year High": "435.0109", "Year Low": "251.5563", "Year Close": "417.6854", "Annual % Change": "68.11%"}, "1998": {"Average Stock Price": "272.6790", "Year Open": "267.5067", "Year High": "365.0091", "Year Low": "158.7540", "Year Close": "248.4562", "Annual % Change": "-7.78%"}, "1997": {"Average Stock Price": "209.7548", "Year Open": "148.3370", "Year High": "282.5071", "Year Low": "148.3370", "Year Close": "269.4067", "Annual % Change": "78.10%"}, "1996": {"Average Stock Price": "116.2423", "Year Open": "102.9218", "Year High": "157.9373", "Year Low": "95.0048", "Year Close": "151.2704", "Annual % Change": "64.62%"}, "1995": {"Average Stock Price": "74.8123", "Year Open": "55.0028", "Year High": "91.8879", "Year Low": "55.0028", "Year Close": "91.8879", "Annual % Change": "70.31%"}, "1994": {"Average Stock Price": "58.0034", "Year Open": "67.3034", "Year High": "71.4536", "Year Low": "51.6693", "Year Close": "53.9527", "Annual % Change": "-16.74%"}, "1993": {"Average Stock Price": "62.0833", "Year Open": "40.6280", "Year High": "82.5041", "Year Low": "40.5197", "Year Close": "64.8032", "Annual % Change": "60.72%"}, "1992": {"Average Stock Price": "34.5714", "Year Open": "32.8191", "Year High": "41.5698", "Year Low": "30.7356", "Year Close": "40.3197", "Annual % Change": "22.85%"}, "1991": {"Average Stock Price": "26.0546", "Year Open": "19.2681", "Year High": "32.8191", "Year Low": "18.2347", "Year Close": "32.8191", "Annual % Change": "72.12%"}, "1990": {"Average Stock Price": "22.7285", "Year Open": "24.4852", "Year High": "31.1440", "Year Low": "15.0011", "Year Close": "19.0681", "Annual % Change": "-19.72%"}, "1989": {"Average Stock Price": "20.6919", "Year Open": "17.5013", "Year High": "24.7935", "Year Low": "17.0846", "Year Close": "23.7518", "Annual % Change": "31.03%"}, "1988": {"Average Stock Price": "22.6491", "Year Open": "21.1433", "Year High": "26.4603", "Year Low": "18.1264", "Year Close": "18.1264", "Annual % Change": "-9.86%"}, "1987": {"Average Stock Price": "42.2547", "Year Open": "71.1553", "Year High": "88.8567", "Year Low": "18.2347", "Year Close": "20.1098", "Annual % Change": "-71.31%"}, "1986": {"Average Stock Price": "65.4042", "Year Open": "50.1038", "Year High": "75.8390", "Year Low": "50.1038", "Year Close": "70.1053", "Annual % Change": "40.20%"}, "1985": {"Average Stock Price": "46.5448", "Year Open": "41.6698", "Year High": "54.7958", "Year Low": "40.6280", "Year Close": "50.0038", "Annual % Change": "18.81%"}, "1984": {"Average Stock Price": "39.3585", "Year Open": "38.6529", "Year High": "45.1034", "Year Low": "33.9609", "Year Close": "42.0865", "Annual % Change": "7.72%"}, "1983": {"Average Stock Price": "33.6000", "Year Open": "25.6269", "Year High": "41.1531", "Year Low": "25.3186", "Year Close": "39.0696", "Annual % Change": "51.86%"}, "1982": {"Average Stock Price": "24.5216", "Year Open": "29.6939", "Year High": "29.6939", "Year Low": "21.4599", "Year Close": "25.7269", "Annual % Change": "-10.21%"}, "1981": {"Average Stock Price": "29.5362", "Year Open": "25.8353", "Year High": "36.7778", "Year Low": "23.8518", "Year Close": "28.6521", "Annual % Change": "13.17%"}, "1980": {"Average Stock Price": "26.3611", "Year Open": "29.0688", "Year High": "30.2106", "Year Low": "22.7100", "Year Close": "25.3186", "Annual % Change": "-14.73%"}, "1979": {"Average Stock Price": "31.0608", "Year Open": "29.9022", "Year High": "34.2776", "Year Low": "28.3355", "Year Close": "29.6939", "Annual % Change": "-0.70%"}, "1978": {"Average Stock Price": "32.2508", "Year Open": "32.4024", "Year High": "35.9444", "Year Low": "28.9605", "Year Close": "29.9022", "Annual % Change": "-7.41%"}}}, "market cap": {"value": "$130.29B"}, "income statement": {"Revenue": {"2020-12-31": "88839.00000", "2019-12-31": "103449.00000", "2018-12-31": "97120.00000", "2017-12-31": "88962.00000", "2016-12-31": "83309.00000", "2015-12-31": "88275.00000", "2014-12-31": "90909.00000", "2013-12-31": "92901.00000", "2012-12-31": "89802.00000", "2011-12-31": "101540.00000", "2010-12-31": "111697.00000", "2009-12-31": "108187.00000", "2008-12-31": "104349.00000", "2007-12-31": "153258.00000", "2006-12-31": "142010.00000", "2005-12-31": "120318.00000"}, "Cost Of Goods Sold": {"2020-12-31": "14541.00000", "2019-12-31": "29163.00000", "2018-12-31": "24266.00000", "2017-12-31": "16518.00000", "2016-12-31": "12512.00000", "2015-12-31": "11921.00000", "2014-12-31": "13690.00000", "2013-12-31": "16177.00000", "2012-12-31": "20612.00000", "2011-12-31": "24209.00000", "2010-12-31": "25096.00000", "2009-12-31": "27902.00000", "2008-12-31": "52750.00000", "2007-12-31": "75958.00000", "2006-12-31": "55683.00000", "2005-12-31": "36676.00000"}, "Gross Profit": {"2020-12-31": "74298.00000", "2019-12-31": "74286.00000", "2018-12-31": "72854.00000", "2017-12-31": "72444.00000", "2016-12-31": "70797.00000", "2015-12-31": "76354.00000", "2014-12-31": "77219.00000", "2013-12-31": "76724.00000", "2012-12-31": "69190.00000", "2011-12-31": "77331.00000", "2010-12-31": "86601.00000", "2009-12-31": "80285.00000", "2008-12-31": "51599.00000", "2007-12-31": "77300.00000", "2006-12-31": "86327.00000", "2005-12-31": "83642.00000"}, "Research And Development Expenses": {"2020-12-31": "", "2019-12-31": "", "2018-12-31": "", "2017-12-31": "", "2016-12-31": "", "2015-12-31": "", "2014-12-31": "", "2013-12-31": "", "2012-12-31": "", "2011-12-31": "", "2010-12-31": "", "2009-12-31": "", "2008-12-31": "", "2007-12-31": "", "2006-12-31": "", "2005-12-31": ""}, "SG&A Expenses": {"2020-12-31": "60276.00000", "2019-12-31": "50385.00000", "2018-12-31": "49409.00000", "2017-12-31": "49683.00000", "2016-12-31": "49320.00000", "2015-12-31": "51528.00000", "2014-12-31": "62518.00000", "2013-12-31": "56922.00000", "2012-12-31": "61365.00000", "2011-12-31": "62609.00000", "2010-12-31": "73417.00000", "2009-12-31": "88197.00000", "2008-12-31": "102404.00000", "2007-12-31": "75126.00000", "2006-12-31": "57838.00000", "2005-12-31": "54209.00000"}, "Other Operating Income Or Expenses": {"2020-12-31": "", "2019-12-31": "", "2018-12-31": "", "2017-12-31": "", "2016-12-31": "", "2015-12-31": "", "2014-12-31": "", "2013-12-31": "", "2012-12-31": "", "2011-12-31": "", "2010-12-31": "", "2009-12-31": "", "2008-12-31": "", "2007-12-31": "", "2006-12-31": "", "2005-12-31": ""}, "Operating Expenses": {"2020-12-31": "74817.00000", "2019-12-31": "79548.00000", "2018-12-31": "73675.00000", "2017-12-31": "66201.00000", "2016-12-31": "61832.00000", "2015-12-31": "63449.00000", "2014-12-31": "76208.00000", "2013-12-31": "73099.00000", "2012-12-31": "81977.00000", "2011-12-31": "86818.00000", "2010-12-31": "98513.00000", "2009-12-31": "116099.00000", "2008-12-31": "155154.00000", "2007-12-31": "151084.00000", "2006-12-31": "113521.00000", "2005-12-31": "90885.00000"}, "Operating Income": {"2020-12-31": "14022.00000", "2019-12-31": "23901.00000", "2018-12-31": "23445.00000", "2017-12-31": "22761.00000", "2016-12-31": "21477.00000", "2015-12-31": "24826.00000", "2014-12-31": "14701.00000", "2013-12-31": "19802.00000", "2012-12-31": "7825.00000", "2011-12-31": "14722.00000", "2010-12-31": "13184.00000", "2009-12-31": "-7912.00000", "2008-12-31": "-50805.00000", "2007-12-31": "2174.00000", "2006-12-31": "28489.00000", "2005-12-31": "29433.00000"}, "Total Non-Operating Income/Expense": {"2020-12-31": "", "2019-12-31": "", "2018-12-31": "", "2017-12-31": "", "2016-12-31": "", "2015-12-31": "", "2014-12-31": "", "2013-12-31": "", "2012-12-31": "", "2011-12-31": "", "2010-12-31": "", "2009-12-31": "113.00000", "2008-12-31": "-1550.00000", "2007-12-31": "-1528.00000", "2006-12-31": "", "2005-12-31": ""}, "Pre-Tax Income": {"2020-12-31": "14022.00000", "2019-12-31": "23901.00000", "2018-12-31": "23445.00000", "2017-12-31": "22761.00000", "2016-12-31": "21477.00000", "2015-12-31": "24826.00000", "2014-12-31": "14701.00000", "2013-12-31": "19802.00000", "2012-12-31": "7825.00000", "2011-12-31": "14722.00000", "2010-12-31": "13184.00000", "2009-12-31": "-7799.00000", "2008-12-31": "-52355.00000", "2007-12-31": "646.00000", "2006-12-31": "28489.00000", "2005-12-31": "29433.00000"}, "Income Taxes": {"2020-12-31": "2592.00000", "2019-12-31": "4430.00000", "2018-12-31": "5357.00000", "2017-12-31": "29388.00000", "2016-12-31": "6444.00000", "2015-12-31": "7440.00000", "2014-12-31": "7197.00000", "2013-12-31": "6186.00000", "2012-12-31": "7.00000", "2011-12-31": "3575.00000", "2010-12-31": "2233.00000", "2009-12-31": "-6733.00000", "2008-12-31": "-20326.00000", "2007-12-31": "-2546.00000", "2006-12-31": "7749.00000", "2005-12-31": "9078.00000"}, "Income After Taxes": {"2020-12-31": "11430.00000", "2019-12-31": "19471.00000", "2018-12-31": "18088.00000", "2017-12-31": "-6627.00000", "2016-12-31": "15033.00000", "2015-12-31": "17386.00000", "2014-12-31": "7504.00000", "2013-12-31": "13616.00000", "2012-12-31": "7818.00000", "2011-12-31": "11147.00000", "2010-12-31": "10951.00000", "2009-12-31": "-1066.00000", "2008-12-31": "-32029.00000", "2007-12-31": "3192.00000", "2006-12-31": "20740.00000", "2005-12-31": "20355.00000"}, "Other Income": {"2020-12-31": "", "2019-12-31": "", "2018-12-31": "", "2017-12-31": "", "2016-12-31": "", "2015-12-31": "", "2014-12-31": "", "2013-12-31": "", "2012-12-31": "", "2011-12-31": "", "2010-12-31": "", "2009-12-31": "", "2008-12-31": "", "2007-12-31": "", "2006-12-31": "", "2005-12-31": ""}, "Income From Continuous Operations": {"2020-12-31": "11430.00000", "2019-12-31": "19471.00000", "2018-12-31": "18088.00000", "2017-12-31": "-6627.00000", "2016-12-31": "15033.00000", "2015-12-31": "17386.00000", "2014-12-31": "7504.00000", "2013-12-31": "13616.00000", "2012-12-31": "7818.00000", "2011-12-31": "11147.00000", "2010-12-31": "10951.00000", "2009-12-31": "-1066.00000", "2008-12-31": "-32029.00000", "2007-12-31": "2909.00000", "2006-12-31": "20451.00000", "2005-12-31": "19806.00000"}, "Income From Discontinued Operations": {"2020-12-31": "-20.00000", "2019-12-31": "-4.00000", "2018-12-31": "-8.00000", "2017-12-31": "-111.00000", "2016-12-31": "-58.00000", "2015-12-31": "-54.00000", "2014-12-31": "-2.00000", "2013-12-31": "270.00000", "2012-12-31": "-58.00000", "2011-12-31": "68.00000", "2010-12-31": "-68.00000", "2009-12-31": "-445.00000", "2008-12-31": "4002.00000", "2007-12-31": "708.00000", "2006-12-31": "1087.00000", "2005-12-31": "4832.00000"}, "Net Income": {"2020-12-31": "11370.00000", "2019-12-31": "18171.00000", "2018-12-31": "16671.00000", "2017-12-31": "-8048.00000", "2016-12-31": "13640.00000", "2015-12-31": "16249.00000", "2014-12-31": "6688.00000", "2013-12-31": "13465.00000", "2012-12-31": "7515.00000", "2011-12-31": "11041.00000", "2010-12-31": "10593.00000", "2009-12-31": "-1606.00000", "2008-12-31": "-29416.00000", "2007-12-31": "3581.00000", "2006-12-31": "21474.00000", "2005-12-31": "24589.00000"}, "EBITDA": {"2020-12-31": "", "2019-12-31": "", "2018-12-31": "", "2017-12-31": "", "2016-12-31": "", "2015-12-31": "", "2014-12-31": "", "2013-12-31": "", "2012-12-31": "", "2011-12-31": "", "2010-12-31": "", "2009-12-31": "", "2008-12-31": "", "2007-12-31": "", "2006-12-31": "", "2005-12-31": ""}, "EBIT": {"2020-12-31": "", "2019-12-31": "", "2018-12-31": "", "2017-12-31": "", "2016-12-31": "", "2015-12-31": "", "2014-12-31": "", "2013-12-31": "", "2012-12-31": "", "2011-12-31": "", "2010-12-31": "", "2009-12-31": "", "2008-12-31": "", "2007-12-31": "", "2006-12-31": "", "2005-12-31": ""}, "Basic Shares Outstanding": {"2020-12-31": "2085.80000", "2019-12-31": "2249.20000", "2018-12-31": "2493.30000", "2017-12-31": "2698.50000", "2016-12-31": "2888.10000", "2015-12-31": "3004.00000", "2014-12-31": "3031.60000", "2013-12-31": "3035.80000", "2012-12-31": "2930.60000", "2011-12-31": "2909.80000", "2010-12-31": "2877.60000", "2009-12-31": "1156.80000", "2008-12-31": "526.54000", "2007-12-31": "490.58000", "2006-12-31": "488.73000", "2005-12-31": "506.76000"}, "Shares Outstanding": {"2020-12-31": "2099.00000", "2019-12-31": "2265.30000", "2018-12-31": "2494.80000", "2017-12-31": "2698.50000", "2016-12-31": "2888.10000", "2015-12-31": "3007.70000", "2014-12-31": "3037.00000", "2013-12-31": "3041.60000", "2012-12-31": "3015.50000", "2011-12-31": "2998.80000", "2010-12-31": "2967.80000", "2009-12-31": "1209.90000", "2008-12-31": "576.89000", "2007-12-31": "492.40000", "2006-12-31": "498.61000", "2005-12-31": "516.04000"}, "Basic EPS": {"2020-12-31": "5.45110", "2019-12-31": "8.08000", "2018-12-31": "6.69000", "2017-12-31": "-2.98000", "2016-12-31": "4.72000", "2015-12-31": "5.41000", "2014-12-31": "2.21000", "2013-12-31": "4.35000", "2012-12-31": "2.51000", "2011-12-31": "3.73000", "2010-12-31": "3.65000", "2009-12-31": "-7.99000", "2008-12-31": "-56.30000", "2007-12-31": "6.80000", "2006-12-31": "43.90000", "2005-12-31": "48.40000"}, "EPS - Earnings Per Share": {"2020-12-31": "4.87000", "2019-12-31": "8.04000", "2018-12-31": "6.68000", "2017-12-31": "-2.98000", "2016-12-31": "4.72000", "2015-12-31": "5.40000", "2014-12-31": "2.20000", "2013-12-31": "4.34000", "2012-12-31": "2.44000", "2011-12-31": "3.63000", "2010-12-31": "3.54000", "2009-12-31": "-7.99000", "2008-12-31": "-56.30000", "2007-12-31": "6.70000", "2006-12-31": "43.10000", "2005-12-31": "47.50000"}}, "income statement, quarterly": {"Revenue": {"2020-12-31": "19063.00000", "2020-09-30": "20123.00000", "2020-06-30": "23275.00000", "2020-03-31": "26378.00000", "2019-12-31": "24926.00000", "2019-09-30": "26110.00000", "2019-06-30": "26520.00000", "2019-03-31": "25893.00000", "2018-12-31": "23977.00000", "2018-09-30": "24757.00000", "2018-06-30": "24354.00000", "2018-03-31": "24032.00000", "2017-12-31": "22041.00000", "2017-09-30": "22798.00000", "2017-06-30": "22191.00000", "2017-03-31": "21932.00000", "2016-12-31": "21212.00000", "2016-09-30": "20934.00000", "2016-06-30": "20668.00000", "2016-03-31": "20495.00000", "2015-12-31": "21357.00000", "2015-09-30": "21633.00000", "2015-06-30": "22521.00000", "2015-03-31": "22764.00000", "2014-12-31": "21058.00000", "2014-09-30": "23014.00000", "2014-06-30": "23040.00000", "2014-03-31": "23797.00000", "2013-12-31": "21821.00000", "2013-09-30": "21856.00000", "2013-06-30": "24646.00000", "2013-03-31": "24578.00000", "2012-12-31": "22347.00000", "2012-09-30": "18729.00000", "2012-06-30": "23730.00000", "2012-03-31": "24996.00000", "2011-12-31": "21839.00000", "2011-09-30": "26862.00000", "2011-06-30": "27060.00000", "2011-03-31": "25779.00000", "2010-12-31": "24564.00000", "2010-09-30": "26921.00000", "2010-06-30": "28500.00000", "2010-03-31": "31712.00000", "2009-12-31": "12128.00000", "2009-09-30": "27070.00000", "2009-06-30": "36811.00000", "2009-03-31": "32178.00000", "2008-12-31": "15913.00000", "2008-09-30": "28984.00000", "2008-06-30": "30889.00000", "2008-03-31": "28563.00000", "2007-12-31": "22873.00000", "2007-09-30": "42063.00000", "2007-06-30": "45301.00000", "2007-03-31": "43021.00000", "2006-12-31": "35498.00000", "2006-09-30": "36323.00000", "2006-06-30": "35899.00000", "2006-03-31": "34290.00000", "2005-12-31": "31714.00000", "2005-09-30": "31147.00000", "2005-06-30": "28837.00000", "2005-03-31": "28620.00000"}, "Cost Of Goods Sold": {"2020-12-31": "2564.00000", "2020-09-30": "2821.00000", "2020-06-30": "3509.00000", "2020-03-31": "5647.00000", "2019-12-31": "6548.00000", "2019-09-30": "7536.00000", "2019-06-30": "7762.00000", "2019-03-31": "7317.00000", "2018-12-31": "6853.00000", "2018-09-30": "6368.00000", "2018-06-30": "5885.00000", "2018-03-31": "5160.00000", "2017-12-31": "4537.00000", "2017-09-30": "4379.00000", "2017-06-30": "4036.00000", "2017-03-31": "3566.00000", "2016-12-31": "3278.00000", "2016-09-30": "3174.00000", "2016-06-30": "3120.00000", "2016-03-31": "2940.00000", "2015-12-31": "2901.00000", "2015-09-30": "2941.00000", "2015-06-30": "3051.00000", "2015-03-31": "3028.00000", "2014-12-31": "3159.00000", "2014-09-30": "3325.00000", "2014-06-30": "3615.00000", "2014-03-31": "3591.00000", "2013-12-31": "3737.00000", "2013-09-30": "3952.00000", "2013-06-30": "4158.00000", "2013-03-31": "4330.00000", "2012-12-31": "4653.00000", "2012-09-30": "5026.00000", "2012-06-30": "5343.00000", "2012-03-31": "5590.00000", "2011-12-31": "5687.00000", "2011-09-30": "6031.00000", "2011-06-30": "6438.00000", "2011-03-31": "6053.00000", "2010-12-31": "6193.00000", "2010-09-30": "6183.00000", "2010-06-30": "6429.00000", "2010-03-31": "6291.00000", "2009-12-31": "6723.00000", "2009-09-30": "6680.00000", "2009-06-30": "6842.00000", "2009-03-31": "7657.00000", "2008-12-31": "10551.00000", "2008-09-30": "12726.00000", "2008-06-30": "13351.00000", "2008-03-31": "16122.00000", "2007-12-31": "19002.00000", "2007-09-30": "20423.00000", "2007-06-30": "18971.00000", "2007-03-31": "17562.00000", "2006-12-31": "14958.00000", "2006-09-30": "14901.00000", "2006-06-30": "13717.00000", "2006-03-31": "12107.00000", "2005-12-31": "10935.00000", "2005-09-30": "9649.00000", "2005-06-30": "8668.00000", "2005-03-31": "7424.00000"}, "Gross Profit": {"2020-12-31": "16499.00000", "2020-09-30": "17302.00000", "2020-06-30": "19766.00000", "2020-03-31": "20731.00000", "2019-12-31": "18378.00000", "2019-09-30": "18574.00000", "2019-06-30": "18758.00000", "2019-03-31": "18576.00000", "2018-12-31": "17124.00000", "2018-09-30": "18389.00000", "2018-06-30": "18469.00000", "2018-03-31": "18872.00000", "2017-12-31": "17504.00000", "2017-09-30": "18419.00000", "2017-06-30": "18155.00000", "2017-03-31": "18366.00000", "2016-12-31": "17934.00000", "2016-09-30": "17760.00000", "2016-06-30": "17548.00000", "2016-03-31": "17555.00000", "2015-12-31": "18456.00000", "2015-09-30": "18692.00000", "2015-06-30": "19470.00000", "2015-03-31": "19736.00000", "2014-12-31": "17899.00000", "2014-09-30": "19689.00000", "2014-06-30": "19425.00000", "2014-03-31": "20206.00000", "2013-12-31": "18084.00000", "2013-09-30": "17904.00000", "2013-06-30": "20488.00000", "2013-03-31": "20248.00000", "2012-12-31": "17694.00000", "2012-09-30": "13703.00000", "2012-06-30": "18387.00000", "2012-03-31": "19406.00000", "2011-12-31": "16152.00000", "2011-09-30": "20831.00000", "2011-06-30": "20622.00000", "2011-03-31": "19726.00000", "2010-12-31": "18371.00000", "2010-09-30": "20738.00000", "2010-06-30": "22071.00000", "2010-03-31": "25421.00000", "2009-12-31": "5405.00000", "2009-09-30": "20390.00000", "2009-06-30": "29969.00000", "2009-03-31": "24521.00000", "2008-12-31": "5362.00000", "2008-09-30": "16258.00000", "2008-06-30": "17538.00000", "2008-03-31": "12441.00000", "2007-12-31": "3871.00000", "2007-09-30": "21640.00000", "2007-06-30": "26330.00000", "2007-03-31": "25459.00000", "2006-12-31": "20540.00000", "2006-09-30": "21422.00000", "2006-06-30": "22182.00000", "2006-03-31": "22183.00000", "2005-12-31": "20779.00000", "2005-09-30": "21498.00000", "2005-06-30": "20169.00000", "2005-03-31": "21196.00000"}, "Research And Development Expenses": {"2020-12-31": "", "2020-09-30": "", "2020-06-30": "", "2020-03-31": "", "2019-12-31": "", "2019-09-30": "", "2019-06-30": "", "2019-03-31": "", "2018-12-31": "", "2018-09-30": "", "2018-06-30": "", "2018-03-31": "", "2017-12-31": "", "2017-09-30": "", "2017-06-30": "", "2017-03-31": "", "2016-12-31": "", "2016-09-30": "", "2016-06-30": "", "2016-03-31": "", "2015-12-31": "", "2015-09-30": "", "2015-06-30": "", "2015-03-31": "", "2014-12-31": "", "2014-09-30": "", "2014-06-30": "", "2014-03-31": "", "2013-12-31": "", "2013-09-30": "", "2013-06-30": "", "2013-03-31": "", "2012-12-31": "", "2012-09-30": "", "2012-06-30": "", "2012-03-31": "", "2011-12-31": "", "2011-09-30": "", "2011-06-30": "", "2011-03-31": "", "2010-12-31": "", "2010-09-30": "", "2010-06-30": "", "2010-03-31": "", "2009-12-31": "", "2009-09-30": "", "2009-06-30": "", "2009-03-31": "", "2008-12-31": "", "2008-09-30": "", "2008-06-30": "", "2008-03-31": "", "2007-12-31": "", "2007-09-30": "", "2007-06-30": "", "2007-03-31": "", "2006-12-31": "", "2006-09-30": "", "2006-06-30": "", "2006-03-31": "", "2005-12-31": "", "2005-09-30": "", "2005-06-30": "", "2005-03-31": ""}, "SG&A Expenses": {"2020-12-31": "10668.00000", "2020-09-30": "13226.00000", "2020-06-30": "18318.00000", "2020-03-31": "17621.00000", "2019-12-31": "12676.00000", "2019-09-30": "12552.00000", "2019-06-30": "12593.00000", "2019-03-31": "12564.00000", "2018-12-31": "11818.00000", "2018-09-30": "12285.00000", "2018-06-30": "12524.00000", "2018-03-31": "12782.00000", "2017-12-31": "12405.00000", "2017-09-30": "12416.00000", "2017-06-30": "12477.00000", "2017-03-31": "12385.00000", "2016-12-31": "12834.00000", "2016-09-30": "12140.00000", "2016-06-30": "11778.00000", "2016-03-31": "12568.00000", "2015-12-31": "13648.00000", "2015-09-30": "12505.00000", "2015-06-30": "12576.00000", "2015-03-31": "12799.00000", "2014-12-31": "16439.00000", "2014-09-30": "14705.00000", "2014-06-30": "17251.00000", "2014-03-31": "14123.00000", "2013-12-31": "14364.00000", "2013-09-30": "13638.00000", "2013-06-30": "14173.00000", "2013-03-31": "14747.00000", "2012-12-31": "16625.00000", "2012-09-30": "14712.00000", "2012-06-30": "14690.00000", "2012-03-31": "15338.00000", "2011-12-31": "14965.00000", "2011-09-30": "15811.00000", "2011-06-30": "16323.00000", "2011-03-31": "15510.00000", "2010-12-31": "17311.00000", "2010-09-30": "17439.00000", "2010-06-30": "18531.00000", "2010-03-31": "20136.00000", "2009-12-31": "20532.00000", "2009-09-30": "20953.00000", "2009-06-30": "24707.00000", "2009-03-31": "22005.00000", "2008-12-31": "35368.00000", "2008-09-30": "23066.00000", "2008-06-30": "22358.00000", "2008-03-31": "21612.00000", "2007-12-31": "23172.00000", "2007-09-30": "18984.00000", "2007-06-30": "17338.00000", "2007-03-31": "17161.00000", "2006-12-31": "14168.00000", "2006-09-30": "14053.00000", "2006-06-30": "14586.00000", "2006-03-31": "15031.00000", "2005-12-31": "13518.00000", "2005-09-30": "14253.00000", "2005-06-30": "13004.00000", "2005-03-31": "13434.00000"}, "Other Operating Income Or Expenses": {"2020-12-31": "", "2020-09-30": "", "2020-06-30": "", "2020-03-31": "", "2019-12-31": "", "2019-09-30": "", "2019-06-30": "", "2019-03-31": "", "2018-12-31": "", "2018-09-30": "", "2018-06-30": "", "2018-03-31": "", "2017-12-31": "", "2017-09-30": "", "2017-06-30": "", "2017-03-31": "", "2016-12-31": "", "2016-09-30": "", "2016-06-30": "", "2016-03-31": "", "2015-12-31": "", "2015-09-30": "", "2015-06-30": "", "2015-03-31": "", "2014-12-31": "", "2014-09-30": "", "2014-06-30": "", "2014-03-31": "", "2013-12-31": "", "2013-09-30": "", "2013-06-30": "", "2013-03-31": "", "2012-12-31": "", "2012-09-30": "", "2012-06-30": "", "2012-03-31": "", "2011-12-31": "", "2011-09-30": "", "2011-06-30": "", "2011-03-31": "", "2010-12-31": "", "2010-09-30": "", "2010-06-30": "", "2010-03-31": "", "2009-12-31": "", "2009-09-30": "", "2009-06-30": "", "2009-03-31": "", "2008-12-31": "", "2008-09-30": "", "2008-06-30": "", "2008-03-31": "", "2007-12-31": "", "2007-09-30": "", "2007-06-30": "", "2007-03-31": "", "2006-12-31": "", "2006-09-30": "", "2006-06-30": "", "2006-03-31": "", "2005-12-31": "", "2005-09-30": "", "2005-06-30": "", "2005-03-31": ""}, "Operating Expenses": {"2020-12-31": "13232.00000", "2020-09-30": "16047.00000", "2020-06-30": "21827.00000", "2020-03-31": "23268.00000", "2019-12-31": "19224.00000", "2019-09-30": "20088.00000", "2019-06-30": "20355.00000", "2019-03-31": "19881.00000", "2018-12-31": "18671.00000", "2018-09-30": "18653.00000", "2018-06-30": "18409.00000", "2018-03-31": "17942.00000", "2017-12-31": "16942.00000", "2017-09-30": "16795.00000", "2017-06-30": "16513.00000", "2017-03-31": "15951.00000", "2016-12-31": "16112.00000", "2016-09-30": "15314.00000", "2016-06-30": "14898.00000", "2016-03-31": "15508.00000", "2015-12-31": "16549.00000", "2015-09-30": "15446.00000", "2015-06-30": "15627.00000", "2015-03-31": "15827.00000", "2014-12-31": "19598.00000", "2014-09-30": "18030.00000", "2014-06-30": "20866.00000", "2014-03-31": "17714.00000", "2013-12-31": "18101.00000", "2013-09-30": "17590.00000", "2013-06-30": "18331.00000", "2013-03-31": "19077.00000", "2012-12-31": "21278.00000", "2012-09-30": "19738.00000", "2012-06-30": "20033.00000", "2012-03-31": "20928.00000", "2011-12-31": "20652.00000", "2011-09-30": "21842.00000", "2011-06-30": "22761.00000", "2011-03-31": "21563.00000", "2010-12-31": "23504.00000", "2010-09-30": "23622.00000", "2010-06-30": "24960.00000", "2010-03-31": "26427.00000", "2009-12-31": "27255.00000", "2009-09-30": "27633.00000", "2009-06-30": "31549.00000", "2009-03-31": "29662.00000", "2008-12-31": "45919.00000", "2008-09-30": "35792.00000", "2008-06-30": "35709.00000", "2008-03-31": "37734.00000", "2007-12-31": "42174.00000", "2007-09-30": "39407.00000", "2007-06-30": "36309.00000", "2007-03-31": "34723.00000", "2006-12-31": "29126.00000", "2006-09-30": "28954.00000", "2006-06-30": "28303.00000", "2006-03-31": "27138.00000", "2005-12-31": "24453.00000", "2005-09-30": "23902.00000", "2005-06-30": "21672.00000", "2005-03-31": "20858.00000"}, "Operating Income": {"2020-12-31": "5831.00000", "2020-09-30": "4076.00000", "2020-06-30": "1448.00000", "2020-03-31": "3110.00000", "2019-12-31": "5702.00000", "2019-09-30": "6022.00000", "2019-06-30": "6165.00000", "2019-03-31": "6012.00000", "2018-12-31": "5306.00000", "2018-09-30": "6104.00000", "2018-06-30": "5945.00000", "2018-03-31": "6090.00000", "2017-12-31": "5099.00000", "2017-09-30": "6003.00000", "2017-06-30": "5678.00000", "2017-03-31": "5981.00000", "2016-12-31": "5100.00000", "2016-09-30": "5620.00000", "2016-06-30": "5770.00000", "2016-03-31": "4987.00000", "2015-12-31": "4808.00000", "2015-09-30": "6187.00000", "2015-06-30": "6894.00000", "2015-03-31": "6937.00000", "2014-12-31": "1460.00000", "2014-09-30": "4984.00000", "2014-06-30": "2174.00000", "2014-03-31": "6083.00000", "2013-12-31": "3720.00000", "2013-09-30": "4266.00000", "2013-06-30": "6315.00000", "2013-03-31": "5501.00000", "2012-12-31": "1069.00000", "2012-09-30": "-1009.00000", "2012-06-30": "3697.00000", "2012-03-31": "4068.00000", "2011-12-31": "1187.00000", "2011-09-30": "5020.00000", "2011-06-30": "4299.00000", "2011-03-31": "4216.00000", "2010-12-31": "1060.00000", "2010-09-30": "3299.00000", "2010-06-30": "3540.00000", "2010-03-31": "5285.00000", "2009-12-31": "-15127.00000", "2009-09-30": "-563.00000", "2009-06-30": "5262.00000", "2009-03-31": "2516.00000", "2008-12-31": "-30006.00000", "2008-09-30": "-6808.00000", "2008-06-30": "-4820.00000", "2008-03-31": "-9171.00000", "2007-12-31": "-19301.00000", "2007-09-30": "2656.00000", "2007-06-30": "8992.00000", "2007-03-31": "8298.00000", "2006-12-31": "6372.00000", "2006-09-30": "7369.00000", "2006-06-30": "7596.00000", "2006-03-31": "7152.00000", "2005-12-31": "7261.00000", "2005-09-30": "7245.00000", "2005-06-30": "7165.00000", "2005-03-31": "7762.00000"}, "Total Non-Operating Income/Expense": {"2020-12-31": "", "2020-09-30": "", "2020-06-30": "", "2020-03-31": "", "2019-12-31": "", "2019-09-30": "", "2019-06-30": "", "2019-03-31": "", "2018-12-31": "", "2018-09-30": "", "2018-06-30": "", "2018-03-31": "", "2017-12-31": "", "2017-09-30": "", "2017-06-30": "", "2017-03-31": "", "2016-12-31": "", "2016-09-30": "", "2016-06-30": "", "2016-03-31": "", "2015-12-31": "", "2015-09-30": "", "2015-06-30": "", "2015-03-31": "", "2014-12-31": "", "2014-09-30": "", "2014-06-30": "", "2014-03-31": "", "2013-12-31": "", "2013-09-30": "", "2013-06-30": "", "2013-03-31": "", "2012-12-31": "", "2012-09-30": "", "2012-06-30": "", "2012-03-31": "", "2011-12-31": "", "2011-09-30": "", "2011-06-30": "", "2011-03-31": "", "2010-12-31": "", "2010-09-30": "", "2010-06-30": "", "2010-03-31": "", "2009-12-31": "34.00000", "2009-09-30": "34.00000", "2009-06-30": "32.00000", "2009-03-31": "13.00000", "2008-12-31": "-1571.00000", "2008-09-30": "-8.00000", "2008-06-30": "44.00000", "2008-03-31": "-15.00000", "2007-12-31": "-53.00000", "2007-09-30": "-35.00000", "2007-06-30": "-63.00000", "2007-03-31": "-1377.00000", "2006-12-31": "", "2006-09-30": "", "2006-06-30": "", "2006-03-31": "", "2005-12-31": "", "2005-09-30": "", "2005-06-30": "", "2005-03-31": ""}, "Pre-Tax Income": {"2020-12-31": "5831.00000", "2020-09-30": "4076.00000", "2020-06-30": "1448.00000", "2020-03-31": "3110.00000", "2019-12-31": "5702.00000", "2019-09-30": "6022.00000", "2019-06-30": "6165.00000", "2019-03-31": "6012.00000", "2018-12-31": "5306.00000", "2018-09-30": "6104.00000", "2018-06-30": "5945.00000", "2018-03-31": "6090.00000", "2017-12-31": "5099.00000", "2017-09-30": "6003.00000", "2017-06-30": "5678.00000", "2017-03-31": "5981.00000", "2016-12-31": "5100.00000", "2016-09-30": "5620.00000", "2016-06-30": "5770.00000", "2016-03-31": "4987.00000", "2015-12-31": "4808.00000", "2015-09-30": "6187.00000", "2015-06-30": "6894.00000", "2015-03-31": "6937.00000", "2014-12-31": "1460.00000", "2014-09-30": "4984.00000", "2014-06-30": "2174.00000", "2014-03-31": "6083.00000", "2013-12-31": "3720.00000", "2013-09-30": "4266.00000", "2013-06-30": "6315.00000", "2013-03-31": "5501.00000", "2012-12-31": "1069.00000", "2012-09-30": "-1009.00000", "2012-06-30": "3697.00000", "2012-03-31": "4068.00000", "2011-12-31": "1187.00000", "2011-09-30": "5020.00000", "2011-06-30": "4299.00000", "2011-03-31": "4216.00000", "2010-12-31": "1060.00000", "2010-09-30": "3299.00000", "2010-06-30": "3540.00000", "2010-03-31": "5285.00000", "2009-12-31": "-15093.00000", "2009-09-30": "-529.00000", "2009-06-30": "5294.00000", "2009-03-31": "2529.00000", "2008-12-31": "-31577.00000", "2008-09-30": "-6816.00000", "2008-06-30": "-4776.00000", "2008-03-31": "-9186.00000", "2007-12-31": "-17825.00000", "2007-09-30": "2621.00000", "2007-06-30": "8929.00000", "2007-03-31": "6921.00000", "2006-12-31": "6372.00000", "2006-09-30": "7369.00000", "2006-06-30": "7596.00000", "2006-03-31": "7152.00000", "2005-12-31": "7261.00000", "2005-09-30": "7245.00000", "2005-06-30": "7165.00000", "2005-03-31": "7762.00000"}, "Income Taxes": {"2020-12-31": "1183.00000", "2020-09-30": "815.00000", "2020-06-30": "131.00000", "2020-03-31": "576.00000", "2019-12-31": "703.00000", "2019-09-30": "1079.00000", "2019-06-30": "1373.00000", "2019-03-31": "1275.00000", "2018-12-31": "1001.00000", "2018-09-30": "1471.00000", "2018-06-30": "1444.00000", "2018-03-31": "1441.00000", "2017-12-31": "23864.00000", "2017-09-30": "1866.00000", "2017-06-30": "1795.00000", "2017-03-31": "1863.00000", "2016-12-31": "1509.00000", "2016-09-30": "1733.00000", "2016-06-30": "1723.00000", "2016-03-31": "1479.00000", "2015-12-31": "1403.00000", "2015-09-30": "1881.00000", "2015-06-30": "2036.00000", "2015-03-31": "2120.00000", "2014-12-31": "1077.00000", "2014-09-30": "2068.00000", "2014-06-30": "1921.00000", "2014-03-31": "2131.00000", "2013-12-31": "1409.00000", "2013-09-30": "1080.00000", "2013-06-30": "2127.00000", "2013-03-31": "1570.00000", "2012-12-31": "-223.00000", "2012-09-30": "-1494.00000", "2012-06-30": "718.00000", "2012-03-31": "1006.00000", "2011-12-31": "145.00000", "2011-09-30": "1278.00000", "2011-06-30": "967.00000", "2011-03-31": "1185.00000", "2010-12-31": "-313.00000", "2010-09-30": "698.00000", "2010-06-30": "812.00000", "2010-03-31": "1036.00000", "2009-12-31": "-7353.00000", "2009-09-30": "-1122.00000", "2009-06-30": "907.00000", "2009-03-31": "835.00000", "2008-12-31": "-10645.00000", "2008-09-30": "-3295.00000", "2008-06-30": "-2447.00000", "2008-03-31": "-3939.00000", "2007-12-31": "-7563.00000", "2007-09-30": "492.00000", "2007-06-30": "2663.00000", "2007-03-31": "1862.00000", "2006-12-31": "1889.00000", "2006-09-30": "2020.00000", "2006-06-30": "2303.00000", "2006-03-31": "1537.00000", "2005-12-31": "2251.00000", "2005-09-30": "2164.00000", "2005-06-30": "2179.00000", "2005-03-31": "2484.00000"}, "Income After Taxes": {"2020-12-31": "4648.00000", "2020-09-30": "3261.00000", "2020-06-30": "1317.00000", "2020-03-31": "2534.00000", "2019-12-31": "4999.00000", "2019-09-30": "4943.00000", "2019-06-30": "4792.00000", "2019-03-31": "4737.00000", "2018-12-31": "4305.00000", "2018-09-30": "4633.00000", "2018-06-30": "4501.00000", "2018-03-31": "4649.00000", "2017-12-31": "-18765.00000", "2017-09-30": "4137.00000", "2017-06-30": "3883.00000", "2017-03-31": "4118.00000", "2016-12-31": "3591.00000", "2016-09-30": "3887.00000", "2016-06-30": "4047.00000", "2016-03-31": "3508.00000", "2015-12-31": "3405.00000", "2015-09-30": "4306.00000", "2015-06-30": "4858.00000", "2015-03-31": "4817.00000", "2014-12-31": "383.00000", "2014-09-30": "2916.00000", "2014-06-30": "253.00000", "2014-03-31": "3952.00000", "2013-12-31": "2311.00000", "2013-09-30": "3186.00000", "2013-06-30": "4188.00000", "2013-03-31": "3931.00000", "2012-12-31": "1292.00000", "2012-09-30": "485.00000", "2012-06-30": "2979.00000", "2012-03-31": "3062.00000", "2011-12-31": "1042.00000", "2011-09-30": "3742.00000", "2011-06-30": "3332.00000", "2011-03-31": "3031.00000", "2010-12-31": "1373.00000", "2010-09-30": "2601.00000", "2010-06-30": "2728.00000", "2010-03-31": "4249.00000", "2009-12-31": "-7740.00000", "2009-09-30": "593.00000", "2009-06-30": "4387.00000", "2009-03-31": "1694.00000", "2008-12-31": "-20932.00000", "2008-09-30": "-3521.00000", "2008-06-30": "-2329.00000", "2008-03-31": "-5247.00000", "2007-12-31": "-10262.00000", "2007-09-30": "2129.00000", "2007-06-30": "6266.00000", "2007-03-31": "5059.00000", "2006-12-31": "4483.00000", "2006-09-30": "5349.00000", "2006-06-30": "5293.00000", "2006-03-31": "5615.00000", "2005-12-31": "5010.00000", "2005-09-30": "5081.00000", "2005-06-30": "4986.00000", "2005-03-31": "5278.00000"}, "Other Income": {"2020-12-31": "", "2020-09-30": "", "2020-06-30": "", "2020-03-31": "", "2019-12-31": "", "2019-09-30": "", "2019-06-30": "", "2019-03-31": "", "2018-12-31": "", "2018-09-30": "", "2018-06-30": "", "2018-03-31": "", "2017-12-31": "", "2017-09-30": "", "2017-06-30": "", "2017-03-31": "", "2016-12-31": "", "2016-09-30": "", "2016-06-30": "", "2016-03-31": "", "2015-12-31": "", "2015-09-30": "", "2015-06-30": "", "2015-03-31": "", "2014-12-31": "", "2014-09-30": "", "2014-06-30": "", "2014-03-31": "", "2013-12-31": "", "2013-09-30": "", "2013-06-30": "", "2013-03-31": "", "2012-12-31": "", "2012-09-30": "", "2012-06-30": "", "2012-03-31": "", "2011-12-31": "", "2011-09-30": "", "2011-06-30": "", "2011-03-31": "", "2010-12-31": "", "2010-09-30": "", "2010-06-30": "", "2010-03-31": "", "2009-12-31": "", "2009-09-30": "", "2009-06-30": "", "2009-03-31": "", "2008-12-31": "", "2008-09-30": "", "2008-06-30": "", "2008-03-31": "", "2007-12-31": "", "2007-09-30": "", "2007-06-30": "", "2007-03-31": "", "2006-12-31": "", "2006-09-30": "", "2006-06-30": "", "2006-03-31": "", "2005-12-31": "", "2005-09-30": "", "2005-06-30": "", "2005-03-31": ""}, "Income From Continuous Operations": {"2020-12-31": "4648.00000", "2020-09-30": "3261.00000", "2020-06-30": "1317.00000", "2020-03-31": "2534.00000", "2019-12-31": "4999.00000", "2019-09-30": "4943.00000", "2019-06-30": "4792.00000", "2019-03-31": "4737.00000", "2018-12-31": "4305.00000", "2018-09-30": "4633.00000", "2018-06-30": "4501.00000", "2018-03-31": "4649.00000", "2017-12-31": "-18765.00000", "2017-09-30": "4137.00000", "2017-06-30": "3883.00000", "2017-03-31": "4118.00000", "2016-12-31": "3591.00000", "2016-09-30": "3887.00000", "2016-06-30": "4047.00000", "2016-03-31": "3508.00000", "2015-12-31": "3405.00000", "2015-09-30": "4306.00000", "2015-06-30": "4858.00000", "2015-03-31": "4817.00000", "2014-12-31": "383.00000", "2014-09-30": "2916.00000", "2014-06-30": "253.00000", "2014-03-31": "3952.00000", "2013-12-31": "2311.00000", "2013-09-30": "3186.00000", "2013-06-30": "4188.00000", "2013-03-31": "3931.00000", "2012-12-31": "1292.00000", "2012-09-30": "485.00000", "2012-06-30": "2979.00000", "2012-03-31": "3062.00000", "2011-12-31": "1042.00000", "2011-09-30": "3742.00000", "2011-06-30": "3332.00000", "2011-03-31": "3031.00000", "2010-12-31": "1373.00000", "2010-09-30": "2601.00000", "2010-06-30": "2728.00000", "2010-03-31": "4249.00000", "2009-12-31": "-7740.00000", "2009-09-30": "593.00000", "2009-06-30": "4387.00000", "2009-03-31": "1694.00000", "2008-12-31": "-20932.00000", "2008-09-30": "-3521.00000", "2008-06-30": "-2329.00000", "2008-03-31": "-5247.00000", "2007-12-31": "-10355.00000", "2007-09-30": "2109.00000", "2007-06-30": "6143.00000", "2007-03-31": "5012.00000", "2006-12-31": "4331.00000", "2006-09-30": "5303.00000", "2006-06-30": "5262.00000", "2006-03-31": "5555.00000", "2005-12-31": "4972.00000", "2005-09-30": "4988.00000", "2005-06-30": "4731.00000", "2005-03-31": "5115.00000"}, "Income From Discontinued Operations": {"2020-12-31": "6.00000", "2020-09-30": "-7.00000", "2020-06-30": "-1.00000", "2020-03-31": "-18.00000", "2019-12-31": "-4.00000", "2019-09-30": "-15.00000", "2019-06-30": "17.00000", "2019-03-31": "-2.00000", "2018-12-31": "-8.00000", "2018-09-30": "-8.00000", "2018-06-30": "15.00000", "2018-03-31": "-7.00000", "2017-12-31": "-109.00000", "2017-09-30": "-5.00000", "2017-06-30": "21.00000", "2017-03-31": "-18.00000", "2016-12-31": "-3.00000", "2016-09-30": "-30.00000", "2016-06-30": "-23.00000", "2016-03-31": "-2.00000", "2015-12-31": "-45.00000", "2015-09-30": "-10.00000", "2015-06-30": "6.00000", "2015-03-31": "-5.00000", "2014-12-31": "-1.00000", "2014-09-30": "-16.00000", "2014-06-30": "-22.00000", "2014-03-31": "37.00000", "2013-12-31": "181.00000", "2013-09-30": "92.00000", "2013-06-30": "30.00000", "2013-03-31": "-33.00000", "2012-12-31": "-68.00000", "2012-09-30": "8.00000", "2012-06-30": "7.00000", "2012-03-31": "-5.00000", "2011-12-31": "-44.00000", "2011-09-30": "1.00000", "2011-06-30": "71.00000", "2011-03-31": "40.00000", "2010-12-31": "98.00000", "2010-09-30": "-374.00000", "2010-06-30": "-3.00000", "2010-03-31": "211.00000", "2009-12-31": "232.00000", "2009-09-30": "-418.00000", "2009-06-30": "-142.00000", "2009-03-31": "-117.00000", "2008-12-31": "3368.00000", "2008-09-30": "613.00000", "2008-06-30": "-94.00000", "2008-03-31": "115.00000", "2007-12-31": "522.00000", "2007-09-30": "103.00000", "2007-06-30": "83.00000", "2007-03-31": "", "2006-12-31": "798.00000", "2006-09-30": "202.00000", "2006-06-30": "3.00000", "2006-03-31": "84.00000", "2005-12-31": "2009.00000", "2005-09-30": "2155.00000", "2005-06-30": "342.00000", "2005-03-31": "326.00000"}, "Net Income": {"2020-12-31": "4632.00000", "2020-09-30": "3230.00000", "2020-06-30": "1052.00000", "2020-03-31": "2210.00000", "2019-12-31": "4416.00000", "2019-09-30": "4913.00000", "2019-06-30": "4453.00000", "2019-03-31": "4389.00000", "2018-12-31": "3306.00000", "2018-09-30": "4622.00000", "2018-06-30": "4123.00000", "2018-03-31": "4620.00000", "2017-12-31": "-19450.00000", "2017-09-30": "3808.00000", "2017-06-30": "3504.00000", "2017-03-31": "4090.00000", "2016-12-31": "3204.00000", "2016-09-30": "3562.00000", "2016-06-30": "3623.00000", "2016-03-31": "3251.00000", "2015-12-31": "2966.00000", "2015-09-30": "4061.00000", "2015-06-30": "4580.00000", "2015-03-31": "4642.00000", "2014-12-31": "74.00000", "2014-09-30": "2713.00000", "2014-06-30": "81.00000", "2014-03-31": "3820.00000", "2013-12-31": "2371.00000", "2013-09-30": "3117.00000", "2013-06-30": "4173.00000", "2013-03-31": "3804.00000", "2012-12-31": "1187.00000", "2012-09-30": "464.00000", "2012-06-30": "2937.00000", "2012-03-31": "2927.00000", "2011-12-31": "947.00000", "2011-09-30": "3767.00000", "2011-06-30": "3332.00000", "2011-03-31": "2995.00000", "2010-12-31": "1300.00000", "2010-09-30": "2168.00000", "2010-06-30": "2697.00000", "2010-03-31": "4428.00000", "2009-12-31": "-1677.00000", "2009-09-30": "-3242.00000", "2009-06-30": "4279.00000", "2009-03-31": "-966.00000", "2008-12-31": "-18995.00000", "2008-09-30": "-2815.00000", "2008-06-30": "-2495.00000", "2008-03-31": "-5111.00000", "2007-12-31": "-9869.00000", "2007-09-30": "2212.00000", "2007-06-30": "6226.00000", "2007-03-31": "5012.00000", "2006-12-31": "5065.00000", "2006-09-30": "5505.00000", "2006-06-30": "5265.00000", "2006-03-31": "5639.00000", "2005-12-31": "6932.00000", "2005-09-30": "7143.00000", "2005-06-30": "5073.00000", "2005-03-31": "5441.00000"}, "EBITDA": {"2020-12-31": "", "2020-09-30": "", "2020-06-30": "", "2020-03-31": "", "2019-12-31": "", "2019-09-30": "", "2019-06-30": "", "2019-03-31": "", "2018-12-31": "", "2018-09-30": "", "2018-06-30": "", "2018-03-31": "", "2017-12-31": "", "2017-09-30": "", "2017-06-30": "", "2017-03-31": "", "2016-12-31": "", "2016-09-30": "", "2016-06-30": "", "2016-03-31": "", "2015-12-31": "", "2015-09-30": "", "2015-06-30": "", "2015-03-31": "", "2014-12-31": "", "2014-09-30": "", "2014-06-30": "", "2014-03-31": "", "2013-12-31": "", "2013-09-30": "", "2013-06-30": "", "2013-03-31": "", "2012-12-31": "", "2012-09-30": "", "2012-06-30": "", "2012-03-31": "", "2011-12-31": "", "2011-09-30": "", "2011-06-30": "", "2011-03-31": "", "2010-12-31": "", "2010-09-30": "", "2010-06-30": "", "2010-03-31": "", "2009-12-31": "", "2009-09-30": "", "2009-06-30": "", "2009-03-31": "", "2008-12-31": "", "2008-09-30": "", "2008-06-30": "", "2008-03-31": "", "2007-12-31": "", "2007-09-30": "", "2007-06-30": "", "2007-03-31": "", "2006-12-31": "", "2006-09-30": "", "2006-06-30": "", "2006-03-31": "", "2005-12-31": "", "2005-09-30": "", "2005-06-30": "", "2005-03-31": ""}, "EBIT": {"2020-12-31": "", "2020-09-30": "", "2020-06-30": "", "2020-03-31": "", "2019-12-31": "", "2019-09-30": "", "2019-06-30": "", "2019-03-31": "", "2018-12-31": "", "2018-09-30": "", "2018-06-30": "", "2018-03-31": "", "2017-12-31": "", "2017-09-30": "", "2017-06-30": "", "2017-03-31": "", "2016-12-31": "", "2016-09-30": "", "2016-06-30": "", "2016-03-31": "", "2015-12-31": "", "2015-09-30": "", "2015-06-30": "", "2015-03-31": "", "2014-12-31": "", "2014-09-30": "", "2014-06-30": "", "2014-03-31": "", "2013-12-31": "", "2013-09-30": "", "2013-06-30": "", "2013-03-31": "", "2012-12-31": "", "2012-09-30": "", "2012-06-30": "", "2012-03-31": "", "2011-12-31": "", "2011-09-30": "", "2011-06-30": "", "2011-03-31": "", "2010-12-31": "", "2010-09-30": "", "2010-06-30": "", "2010-03-31": "", "2009-12-31": "", "2009-09-30": "", "2009-06-30": "", "2009-03-31": "", "2008-12-31": "", "2008-09-30": "", "2008-06-30": "", "2008-03-31": "", "2007-12-31": "", "2007-09-30": "", "2007-06-30": "", "2007-03-31": "", "2006-12-31": "", "2006-09-30": "", "2006-06-30": "", "2006-03-31": "", "2005-12-31": "", "2005-09-30": "", "2005-06-30": "", "2005-03-31": ""}, "Basic Shares Outstanding": {"2020-12-31": "2081.90000", "2020-09-30": "2081.80000", "2020-06-30": "2081.70000", "2020-03-31": "2097.90000", "2019-12-31": "2249.20000", "2019-09-30": "2220.80000", "2019-06-30": "2286.10000", "2019-03-31": "2340.40000", "2018-12-31": "2493.30000", "2018-09-30": "2479.80000", "2018-06-30": "2530.90000", "2018-03-31": "2561.60000", "2017-12-31": "2698.50000", "2017-09-30": "2683.60000", "2017-06-30": "2739.10000", "2017-03-31": "2765.30000", "2016-12-31": "2888.10000", "2016-09-30": "2879.90000", "2016-06-30": "2915.80000", "2016-03-31": "2943.00000", "2015-12-31": "3004.00000", "2015-09-30": "2993.30000", "2015-06-30": "3020.00000", "2015-03-31": "3034.20000", "2014-12-31": "3031.60000", "2014-09-30": "3029.50000", "2014-06-30": "3033.80000", "2014-03-31": "3037.40000", "2013-12-31": "3035.80000", "2013-09-30": "3034.30000", "2013-06-30": "3040.70000", "2013-03-31": "3040.10000", "2012-12-31": "2930.60000", "2012-09-30": "2926.80000", "2012-06-30": "2926.60000", "2012-03-31": "2926.20000", "2011-12-31": "2909.80000", "2011-09-30": "2910.80000", "2011-06-30": "2908.60000", "2011-03-31": "2904.40000", "2010-12-31": "2877.60000", "2010-09-30": "2887.80000", "2010-06-30": "2884.90000", "2010-03-31": "2844.43000", "2009-12-31": "1156.80000", "2009-09-30": "1210.43000", "2009-06-30": "539.95000", "2009-03-31": "538.50000", "2008-12-31": "526.54000", "2008-09-30": "534.18000", "2008-06-30": "528.74000", "2008-03-31": "508.56000", "2007-12-31": "490.58000", "2007-09-30": "491.61000", "2007-06-30": "489.83000", "2007-03-31": "487.70000", "2006-12-31": "488.73000", "2006-09-30": "487.55000", "2006-06-30": "489.90000", "2006-03-31": "492.07000", "2005-12-31": "506.76000", "2005-09-30": "505.83000", "2005-06-30": "511.91000", "2005-03-31": "513.33000"}, "Shares Outstanding": {"2020-12-31": "2095.70000", "2020-09-30": "2094.30000", "2020-06-30": "2084.30000", "2020-03-31": "2113.70000", "2019-12-31": "2265.30000", "2019-09-30": "2237.10000", "2019-06-30": "2289.00000", "2019-03-31": "2342.40000", "2018-12-31": "2494.80000", "2018-09-30": "2481.40000", "2018-06-30": "2532.30000", "2018-03-31": "2563.00000", "2017-12-31": "2698.50000", "2017-09-30": "2683.70000", "2017-06-30": "2739.20000", "2017-03-31": "2765.50000", "2016-12-31": "2888.10000", "2016-09-30": "2880.10000", "2016-06-30": "2915.90000", "2016-03-31": "2943.10000", "2015-12-31": "3007.70000", "2015-09-30": "2996.90000", "2015-06-30": "3025.00000", "2015-03-31": "3039.30000", "2014-12-31": "3037.00000", "2014-09-30": "3034.80000", "2014-06-30": "3038.30000", "2014-03-31": "3043.30000", "2013-12-31": "3041.60000", "2013-09-30": "3040.90000", "2013-06-30": "3046.30000", "2013-03-31": "3044.70000", "2012-12-31": "3015.50000", "2012-09-30": "3015.30000", "2012-06-30": "3015.00000", "2012-03-31": "3014.50000", "2011-12-31": "2998.80000", "2011-09-30": "2998.60000", "2011-06-30": "2997.00000", "2011-03-31": "2996.60000", "2010-12-31": "2967.80000", "2010-09-30": "2977.80000", "2010-06-30": "2975.30000", "2010-03-31": "2933.35000", "2009-12-31": "1209.90000", "2009-09-30": "1221.60000", "2009-06-30": "596.78000", "2009-03-31": "595.33000", "2008-12-31": "576.89000", "2008-09-30": "583.11000", "2008-06-30": "577.68000", "2008-03-31": "557.57000", "2007-12-31": "492.40000", "2007-09-30": "501.09000", "2007-06-30": "499.29000", "2007-03-31": "496.79000", "2006-12-31": "498.61000", "2006-09-30": "497.86000", "2006-06-30": "499.00000", "2006-03-31": "500.79000", "2005-12-31": "516.04000", "2005-09-30": "514.60000", "2005-06-30": "520.81000", "2005-03-31": "522.60000"}, "Basic EPS": {"2020-12-31": "2.22490", "2020-09-30": "1.41000", "2020-06-30": "0.51000", "2020-03-31": "1.05000", "2019-12-31": "2.16000", "2019-09-30": "2.09000", "2019-06-30": "1.95000", "2019-03-31": "1.88000", "2018-12-31": "1.65000", "2018-09-30": "1.73000", "2018-06-30": "1.63000", "2018-03-31": "1.68000", "2017-12-31": "-7.03000", "2017-09-30": "1.42000", "2017-06-30": "1.28000", "2017-03-31": "1.35000", "2016-12-31": "1.14000", "2016-09-30": "1.24000", "2016-06-30": "1.24000", "2016-03-31": "1.10000", "2015-12-31": "1.02000", "2015-09-30": "1.36000", "2015-06-30": "1.52000", "2015-03-31": "1.51000", "2014-12-31": "0.06000", "2014-09-30": "0.88000", "2014-06-30": "0.03000", "2014-03-31": "1.24000", "2013-12-31": "0.76000", "2013-09-30": "1.01000", "2013-06-30": "1.35000", "2013-03-31": "1.23000", "2012-12-31": "0.40000", "2012-09-30": "0.15000", "2012-06-30": "0.98000", "2012-03-31": "0.98000", "2011-12-31": "0.32000", "2011-09-30": "1.27000", "2011-06-30": "1.12000", "2011-03-31": "1.02000", "2010-12-31": "0.48000", "2010-09-30": "0.74000", "2010-06-30": "0.93000", "2010-03-31": "1.50000", "2009-12-31": "-8.39000", "2009-09-30": "-2.70000", "2009-06-30": "4.90000", "2009-03-31": "-1.80000", "2008-12-31": "-34.40000", "2008-09-30": "-6.10000", "2008-06-30": "-5.50000", "2008-03-31": "-10.30000", "2007-12-31": "-20.60000", "2007-09-30": "4.50000", "2007-06-30": "12.70000", "2007-03-31": "10.20000", "2006-12-31": "10.50000", "2006-09-30": "11.30000", "2006-06-30": "10.70000", "2006-03-31": "11.40000", "2005-12-31": "13.80000", "2005-09-30": "14.10000", "2005-06-30": "9.90000", "2005-03-31": "10.60000"}, "EPS - Earnings Per Share": {"2020-12-31": "2.08000", "2020-09-30": "1.40000", "2020-06-30": "0.50000", "2020-03-31": "1.05000", "2019-12-31": "2.15000", "2019-09-30": "2.07000", "2019-06-30": "1.95000", "2019-03-31": "1.87000", "2018-12-31": "1.64000", "2018-09-30": "1.73000", "2018-06-30": "1.63000", "2018-03-31": "1.68000", "2017-12-31": "-7.15890", "2017-09-30": "1.42000", "2017-06-30": "1.28000", "2017-03-31": "1.47890", "2016-12-31": "1.14000", "2016-09-30": "1.24000", "2016-06-30": "1.24000", "2016-03-31": "1.10000", "2015-12-31": "1.03000", "2015-09-30": "1.35000", "2015-06-30": "1.51000", "2015-03-31": "1.51000", "2014-12-31": "0.06000", "2014-09-30": "0.88000", "2014-06-30": "0.03000", "2014-03-31": "1.23000", "2013-12-31": "0.77000", "2013-09-30": "1.00000", "2013-06-30": "1.34000", "2013-03-31": "1.23000", "2012-12-31": "0.39000", "2012-09-30": "0.15000", "2012-06-30": "0.95000", "2012-03-31": "0.95000", "2011-12-31": "0.32000", "2011-09-30": "1.23000", "2011-06-30": "1.09000", "2011-03-31": "0.99000", "2010-12-31": "0.42000", "2010-09-30": "0.72000", "2010-06-30": "0.90000", "2010-03-31": "1.50000", "2009-12-31": "-8.39000", "2009-09-30": "-2.70000", "2009-06-30": "4.90000", "2009-03-31": "-1.80000", "2008-12-31": "-34.40000", "2008-09-30": "-6.10000", "2008-06-30": "-5.50000", "2008-03-31": "-10.30000", "2007-12-31": "-20.20000", "2007-09-30": "4.40000", "2007-06-30": "12.40000", "2007-03-31": "10.10000", "2006-12-31": "10.40000", "2006-09-30": "11.00000", "2006-06-30": "10.50000", "2006-03-31": "11.20000", "2005-12-31": "13.60000", "2005-09-30": "13.80000", "2005-06-30": "9.70000", "2005-03-31": "10.40000"}}, "balance sheet": {"Cash On Hand": {"2020-12-31": "979406.00000", "2019-12-31": "721381.00000", "2018-12-31": "714906.00000", "2017-12-31": "665784.00000", "2016-12-31": "641232.00000", "2015-12-31": "593987.00000", "2014-12-31": "699553.00000", "2013-12-31": "741855.00000", "2012-12-31": "720827.00000", "2011-12-31": "752068.00000", "2010-12-31": "754398.00000", "2009-12-31": "757681.00000", "2008-12-31": "761352.00000", "2007-12-31": "920622.00000", "2006-12-31": "745778.00000", "2005-12-31": "568561.00000"}, "Receivables": {"2020-12-31": "", "2019-12-31": "", "2018-12-31": "", "2017-12-31": "", "2016-12-31": "", "2015-12-31": "", "2014-12-31": "", "2013-12-31": "", "2012-12-31": "", "2011-12-31": "", "2010-12-31": "", "2009-12-31": "", "2008-12-31": "", "2007-12-31": "", "2006-12-31": "", "2005-12-31": ""}, "Inventory": {"2020-12-31": "", "2019-12-31": "", "2018-12-31": "", "2017-12-31": "", "2016-12-31": "", "2015-12-31": "", "2014-12-31": "", "2013-12-31": "", "2012-12-31": "", "2011-12-31": "", "2010-12-31": "", "2009-12-31": "", "2008-12-31": "", "2007-12-31": "", "2006-12-31": "", "2005-12-31": ""}, "Pre-Paid Expenses": {"2020-12-31": "", "2019-12-31": "", "2018-12-31": "", "2017-12-31": "", "2016-12-31": "", "2015-12-31": "", "2014-12-31": "", "2013-12-31": "", "2012-12-31": "", "2011-12-31": "", "2010-12-31": "", "2009-12-31": "", "2008-12-31": "", "2007-12-31": "", "2006-12-31": "", "2005-12-31": ""}, "Other Current Assets": {"2020-12-31": "", "2019-12-31": "", "2018-12-31": "", "2017-12-31": "", "2016-12-31": "", "2015-12-31": "", "2014-12-31": "", "2013-12-31": "", "2012-12-31": "", "2011-12-31": "", "2010-12-31": "", "2009-12-31": "", "2008-12-31": "", "2007-12-31": "", "2006-12-31": "", "2005-12-31": ""}, "Total Current Assets": {"2020-12-31": "1675139.00000", "2019-12-31": "1447938.00000", "2018-12-31": "1422237.00000", "2017-12-31": "1358847.00000", "2016-12-31": "1282428.00000", "2015-12-31": "1226661.00000", "2014-12-31": "1356613.00000", "2013-12-31": "1413353.00000", "2012-12-31": "1373326.00000", "2011-12-31": "1396972.00000", "2010-12-31": "1393750.00000", "2009-12-31": "1346786.00000", "2008-12-31": "1470230.00000", "2007-12-31": "1739857.00000", "2006-12-31": "1460475.00000", "2005-12-31": "1185105.00000"}, "Property, Plant, And Equipment": {"2020-12-31": "", "2019-12-31": "", "2018-12-31": "", "2017-12-31": "", "2016-12-31": "", "2015-12-31": "", "2014-12-31": "", "2013-12-31": "", "2012-12-31": "", "2011-12-31": "", "2010-12-31": "", "2009-12-31": "", "2008-12-31": "", "2007-12-31": "", "2006-12-31": "", "2005-12-31": ""}, "Long-Term Investments": {"2020-12-31": "447359.00000", "2019-12-31": "368563.00000", "2018-12-31": "358607.00000", "2017-12-31": "352290.00000", "2016-12-31": "353304.00000", "2015-12-31": "342955.00000", "2014-12-31": "333443.00000", "2013-12-31": "308980.00000", "2012-12-31": "312326.00000", "2011-12-31": "293413.00000", "2010-12-31": "318164.00000", "2009-12-31": "306119.00000", "2008-12-31": "256020.00000", "2007-12-31": "215008.00000", "2006-12-31": "273591.00000", "2005-12-31": "180597.00000"}, "Goodwill And Intangible Assets": {"2020-12-31": "26909.00000", "2019-12-31": "26948.00000", "2018-12-31": "27266.00000", "2017-12-31": "27402.00000", "2016-12-31": "28337.00000", "2015-12-31": "27851.00000", "2014-12-31": "30003.00000", "2013-12-31": "32783.00000", "2012-12-31": "33312.00000", "2011-12-31": "34582.00000", "2010-12-31": "38210.00000", "2009-12-31": "40636.00000", "2008-12-31": "46948.00000", "2007-12-31": "63740.00000", "2006-12-31": "49316.00000", "2005-12-31": "47879.00000"}, "Other Long-Term Assets": {"2020-12-31": "110914.00000", "2019-12-31": "107709.00000", "2018-12-31": "109273.00000", "2017-12-31": "103926.00000", "2016-12-31": "128008.00000", "2015-12-31": "133743.00000", "2014-12-31": "122122.00000", "2013-12-31": "125266.00000", "2012-12-31": "145660.00000", "2011-12-31": "148911.00000", "2010-12-31": "163778.00000", "2009-12-31": "163105.00000", "2008-12-31": "165272.00000", "2007-12-31": "168875.00000", "2006-12-31": "100936.00000", "2005-12-31": "80456.00000"}, "Total Long-Term Assets": {"2020-12-31": "585182.00000", "2019-12-31": "503220.00000", "2018-12-31": "495146.00000", "2017-12-31": "483618.00000", "2016-12-31": "509649.00000", "2015-12-31": "504549.00000", "2014-12-31": "485568.00000", "2013-12-31": "467029.00000", "2012-12-31": "491334.00000", "2011-12-31": "476906.00000", "2010-12-31": "520152.00000", "2009-12-31": "509860.00000", "2008-12-31": "468240.00000", "2007-12-31": "447623.00000", "2006-12-31": "423843.00000", "2005-12-31": "308932.00000"}, "Total Assets": {"2020-12-31": "2260321.00000", "2019-12-31": "1951158.00000", "2018-12-31": "1917383.00000", "2017-12-31": "1842465.00000", "2016-12-31": "1792077.00000", "2015-12-31": "1731210.00000", "2014-12-31": "1842181.00000", "2013-12-31": "1880382.00000", "2012-12-31": "1864660.00000", "2011-12-31": "1873878.00000", "2010-12-31": "1913902.00000", "2009-12-31": "1856646.00000", "2008-12-31": "1938470.00000", "2007-12-31": "2187480.00000", "2006-12-31": "1884318.00000", "2005-12-31": "1494037.00000"}, "Total Current Liabilities": {"2020-12-31": "1677737.00000", "2019-12-31": "1401872.00000", "2018-12-31": "1367589.00000", "2017-12-31": "1285721.00000", "2016-12-31": "1240973.00000", "2015-12-31": "1192974.00000", "2014-12-31": "1270141.00000", "2013-12-31": "1339491.00000", "2012-12-31": "1309372.00000", "2011-12-31": "1244832.00000", "2010-12-31": "1242370.00000", "2009-12-31": "1196575.00000", "2008-12-31": "1271969.00000", "2007-12-31": "1459043.00000", "2006-12-31": "1307996.00000", "2005-12-31": "1022258.00000"}, "Long Term Debt": {"2020-12-31": "271686.00000", "2019-12-31": "248760.00000", "2018-12-31": "231999.00000", "2017-12-31": "236709.00000", "2016-12-31": "206178.00000", "2015-12-31": "201275.00000", "2014-12-31": "223080.00000", "2013-12-31": "221116.00000", "2012-12-31": "239463.00000", "2011-12-31": "323505.00000", "2010-12-31": "381183.00000", "2009-12-31": "364019.00000", "2008-12-31": "359593.00000", "2007-12-31": "427112.00000", "2006-12-31": "288494.00000", "2005-12-31": "217499.00000"}, "Other Non-Current Liabilities": {"2020-12-31": "59891.00000", "2019-12-31": "57979.00000", "2018-12-31": "56150.00000", "2017-12-31": "57021.00000", "2016-12-31": "61631.00000", "2015-12-31": "60147.00000", "2014-12-31": "85084.00000", "2013-12-31": "59935.00000", "2012-12-31": "67815.00000", "2011-12-31": "69272.00000", "2010-12-31": "72811.00000", "2009-12-31": "80233.00000", "2008-12-31": "91970.00000", "2007-12-31": "102927.00000", "2006-12-31": "82926.00000", "2005-12-31": "70749.00000"}, "Total Long Term Liabilities": {"2020-12-31": "331577.00000", "2019-12-31": "306739.00000", "2018-12-31": "288149.00000", "2017-12-31": "293730.00000", "2016-12-31": "267809.00000", "2015-12-31": "261422.00000", "2014-12-31": "308164.00000", "2013-12-31": "281051.00000", "2012-12-31": "307278.00000", "2011-12-31": "392777.00000", "2010-12-31": "453994.00000", "2009-12-31": "444252.00000", "2008-12-31": "451563.00000", "2007-12-31": "530039.00000", "2006-12-31": "371420.00000", "2005-12-31": "288248.00000"}, "Total Liabilities": {"2020-12-31": "2059798.00000", "2019-12-31": "1757212.00000", "2018-12-31": "1720309.00000", "2017-12-31": "1640793.00000", "2016-12-31": "1565934.00000", "2015-12-31": "1508118.00000", "2014-12-31": "1630485.00000", "2013-12-31": "1674249.00000", "2012-12-31": "1673663.00000", "2011-12-31": "1694305.00000", "2010-12-31": "1748113.00000", "2009-12-31": "1701673.00000", "2008-12-31": "1794448.00000", "2007-12-31": "2074033.00000", "2006-12-31": "1764535.00000", "2005-12-31": "1381500.00000"}, "Common Stock Net": {"2020-12-31": "31.00000", "2019-12-31": "31.00000", "2018-12-31": "31.00000", "2017-12-31": "31.00000", "2016-12-31": "31.00000", "2015-12-31": "31.00000", "2014-12-31": "31.00000", "2013-12-31": "31.00000", "2012-12-31": "30.00000", "2011-12-31": "29.00000", "2010-12-31": "29.00000", "2009-12-31": "286.00000", "2008-12-31": "57.00000", "2007-12-31": "55.00000", "2006-12-31": "55.00000", "2005-12-31": "55.00000"}, "Retained Earnings (Accumulated Deficit)": {"2020-12-31": "168595.00000", "2019-12-31": "165369.00000", "2018-12-31": "151347.00000", "2017-12-31": "138425.00000", "2016-12-31": "146477.00000", "2015-12-31": "133841.00000", "2014-12-31": "117852.00000", "2013-12-31": "111168.00000", "2012-12-31": "97809.00000", "2011-12-31": "90520.00000", "2010-12-31": "79559.00000", "2009-12-31": "77440.00000", "2008-12-31": "86521.00000", "2007-12-31": "121769.00000", "2006-12-31": "129267.00000", "2005-12-31": "117555.00000"}, "Comprehensive Income": {"2020-12-31": "-32058.00000", "2019-12-31": "-36318.00000", "2018-12-31": "-37170.00000", "2017-12-31": "-34668.00000", "2016-12-31": "-32381.00000", "2015-12-31": "-29344.00000", "2014-12-31": "-23216.00000", "2013-12-31": "-19133.00000", "2012-12-31": "-16896.00000", "2011-12-31": "-17788.00000", "2010-12-31": "-16277.00000", "2009-12-31": "-18937.00000", "2008-12-31": "-25195.00000", "2007-12-31": "-4660.00000", "2006-12-31": "-3700.00000", "2005-12-31": "-2532.00000"}, "Other Share Holders Equity": {"2020-12-31": "", "2019-12-31": "", "2018-12-31": "", "2017-12-31": "", "2016-12-31": "", "2015-12-31": "", "2014-12-31": "", "2013-12-31": "", "2012-12-31": "", "2011-12-31": "", "2010-12-31": "", "2009-12-31": "", "2008-12-31": "", "2007-12-31": "", "2006-12-31": "", "2005-12-31": ""}, "Share Holder Equity": {"2020-12-31": "200523.00000", "2019-12-31": "193946.00000", "2018-12-31": "197074.00000", "2017-12-31": "201672.00000", "2016-12-31": "226143.00000", "2015-12-31": "223092.00000", "2014-12-31": "211696.00000", "2013-12-31": "206133.00000", "2012-12-31": "190997.00000", "2011-12-31": "179573.00000", "2010-12-31": "165789.00000", "2009-12-31": "154973.00000", "2008-12-31": "144022.00000", "2007-12-31": "113447.00000", "2006-12-31": "119783.00000", "2005-12-31": "112537.00000"}, "Total Liabilities And Share Holders Equity": {"2020-12-31": "2260321.00000", "2019-12-31": "1951158.00000", "2018-12-31": "1917383.00000", "2017-12-31": "1842465.00000", "2016-12-31": "1792077.00000", "2015-12-31": "1731210.00000", "2014-12-31": "1842181.00000", "2013-12-31": "1880382.00000", "2012-12-31": "1864660.00000", "2011-12-31": "1873878.00000", "2010-12-31": "1913902.00000", "2009-12-31": "1856646.00000", "2008-12-31": "1938470.00000", "2007-12-31": "2187480.00000", "2006-12-31": "1884318.00000", "2005-12-31": "1494037.00000"}}, "balance sheet, quarterly": {"Cash On Hand": {"2020-12-31": "979406.00000", "2020-09-30": "961262.00000", "2020-06-30": "955001.00000", "2020-03-31": "913456.00000", "2019-12-31": "721381.00000", "2019-09-30": "788392.00000", "2019-06-30": "769843.00000", "2019-03-31": "756899.00000", "2018-12-31": "714906.00000", "2018-09-30": "737729.00000", "2018-06-30": "729377.00000", "2018-03-31": "729399.00000", "2017-12-31": "665784.00000", "2017-09-30": "697624.00000", "2017-06-30": "679753.00000", "2017-03-31": "667877.00000", "2016-12-31": "641232.00000", "2016-09-30": "655387.00000", "2016-06-30": "650580.00000", "2016-03-31": "657129.00000", "2015-12-31": "593987.00000", "2015-09-30": "658302.00000", "2015-06-30": "670349.00000", "2015-03-31": "697774.00000", "2014-12-31": "699553.00000", "2014-09-30": "715328.00000", "2014-06-30": "730214.00000", "2014-03-31": "745978.00000", "2013-12-31": "741855.00000", "2013-09-30": "770870.00000", "2013-06-30": "758948.00000", "2013-03-31": "753124.00000", "2012-12-31": "720827.00000", "2012-09-30": "796573.00000", "2012-06-30": "771891.00000", "2012-03-31": "806561.00000", "2011-12-31": "752068.00000", "2011-09-30": "799570.00000", "2011-06-30": "790272.00000", "2011-03-31": "775675.00000", "2010-12-31": "754398.00000", "2010-09-30": "753568.00000", "2010-06-30": "725685.00000", "2010-03-31": "769334.00000", "2009-12-31": "757681.00000", "2009-09-30": "782266.00000", "2009-06-30": "714032.00000", "2009-03-31": "705391.00000", "2008-12-31": "761352.00000", "2008-09-30": "824567.00000", "2008-06-30": "838377.00000", "2008-03-31": "921598.00000", "2007-12-31": "920622.00000", "2007-09-30": "1061376.00000", "2007-06-30": "987977.00000", "2007-03-31": "833317.00000", "2006-12-31": "745778.00000", "2006-09-30": "670258.00000", "2006-06-30": "622459.00000", "2006-03-31": "622318.00000", "2005-12-31": "568561.00000", "2005-09-30": "588563.00000", "2005-06-30": "573668.00000", "2005-03-31": "529128.00000"}, "Receivables": {"2020-12-31": "", "2020-09-30": "", "2020-06-30": "", "2020-03-31": "", "2019-12-31": "", "2019-09-30": "", "2019-06-30": "", "2019-03-31": "", "2018-12-31": "", "2018-09-30": "", "2018-06-30": "", "2018-03-31": "", "2017-12-31": "", "2017-09-30": "", "2017-06-30": "", "2017-03-31": "", "2016-12-31": "", "2016-09-30": "", "2016-06-30": "", "2016-03-31": "", "2015-12-31": "", "2015-09-30": "", "2015-06-30": "", "2015-03-31": "", "2014-12-31": "", "2014-09-30": "", "2014-06-30": "", "2014-03-31": "", "2013-12-31": "", "2013-09-30": "", "2013-06-30": "", "2013-03-31": "", "2012-12-31": "", "2012-09-30": "", "2012-06-30": "", "2012-03-31": "", "2011-12-31": "", "2011-09-30": "", "2011-06-30": "", "2011-03-31": "", "2010-12-31": "", "2010-09-30": "", "2010-06-30": "", "2010-03-31": "", "2009-12-31": "", "2009-09-30": "", "2009-06-30": "", "2009-03-31": "", "2008-12-31": "", "2008-09-30": "", "2008-06-30": "", "2008-03-31": "", "2007-12-31": "", "2007-09-30": "", "2007-06-30": "", "2007-03-31": "", "2006-12-31": "", "2006-09-30": "", "2006-06-30": "", "2006-03-31": "", "2005-12-31": "", "2005-09-30": "", "2005-06-30": "", "2005-03-31": ""}, "Inventory": {"2020-12-31": "", "2020-09-30": "", "2020-06-30": "", "2020-03-31": "", "2019-12-31": "", "2019-09-30": "", "2019-06-30": "", "2019-03-31": "", "2018-12-31": "", "2018-09-30": "", "2018-06-30": "", "2018-03-31": "", "2017-12-31": "", "2017-09-30": "", "2017-06-30": "", "2017-03-31": "", "2016-12-31": "", "2016-09-30": "", "2016-06-30": "", "2016-03-31": "", "2015-12-31": "", "2015-09-30": "", "2015-06-30": "", "2015-03-31": "", "2014-12-31": "", "2014-09-30": "", "2014-06-30": "", "2014-03-31": "", "2013-12-31": "", "2013-09-30": "", "2013-06-30": "", "2013-03-31": "", "2012-12-31": "", "2012-09-30": "", "2012-06-30": "", "2012-03-31": "", "2011-12-31": "", "2011-09-30": "", "2011-06-30": "", "2011-03-31": "", "2010-12-31": "", "2010-09-30": "", "2010-06-30": "", "2010-03-31": "", "2009-12-31": "", "2009-09-30": "", "2009-06-30": "", "2009-03-31": "", "2008-12-31": "", "2008-09-30": "", "2008-06-30": "", "2008-03-31": "", "2007-12-31": "", "2007-09-30": "", "2007-06-30": "", "2007-03-31": "", "2006-12-31": "", "2006-09-30": "", "2006-06-30": "", "2006-03-31": "", "2005-12-31": "", "2005-09-30": "", "2005-06-30": "", "2005-03-31": ""}, "Pre-Paid Expenses": {"2020-12-31": "", "2020-09-30": "", "2020-06-30": "", "2020-03-31": "", "2019-12-31": "", "2019-09-30": "", "2019-06-30": "", "2019-03-31": "", "2018-12-31": "", "2018-09-30": "", "2018-06-30": "", "2018-03-31": "", "2017-12-31": "", "2017-09-30": "", "2017-06-30": "", "2017-03-31": "", "2016-12-31": "", "2016-09-30": "", "2016-06-30": "", "2016-03-31": "", "2015-12-31": "", "2015-09-30": "", "2015-06-30": "", "2015-03-31": "", "2014-12-31": "", "2014-09-30": "", "2014-06-30": "", "2014-03-31": "", "2013-12-31": "", "2013-09-30": "", "2013-06-30": "", "2013-03-31": "", "2012-12-31": "", "2012-09-30": "", "2012-06-30": "", "2012-03-31": "", "2011-12-31": "", "2011-09-30": "", "2011-06-30": "", "2011-03-31": "", "2010-12-31": "", "2010-09-30": "", "2010-06-30": "", "2010-03-31": "", "2009-12-31": "", "2009-09-30": "", "2009-06-30": "", "2009-03-31": "", "2008-12-31": "", "2008-09-30": "", "2008-06-30": "", "2008-03-31": "", "2007-12-31": "", "2007-09-30": "", "2007-06-30": "", "2007-03-31": "", "2006-12-31": "", "2006-09-30": "", "2006-06-30": "", "2006-03-31": "", "2005-12-31": "", "2005-09-30": "", "2005-06-30": "", "2005-03-31": ""}, "Other Current Assets": {"2020-12-31": "", "2020-09-30": "", "2020-06-30": "", "2020-03-31": "", "2019-12-31": "", "2019-09-30": "", "2019-06-30": "", "2019-03-31": "", "2018-12-31": "", "2018-09-30": "", "2018-06-30": "", "2018-03-31": "", "2017-12-31": "", "2017-09-30": "", "2017-06-30": "", "2017-03-31": "", "2016-12-31": "", "2016-09-30": "", "2016-06-30": "", "2016-03-31": "", "2015-12-31": "", "2015-09-30": "", "2015-06-30": "", "2015-03-31": "", "2014-12-31": "", "2014-09-30": "", "2014-06-30": "", "2014-03-31": "", "2013-12-31": "", "2013-09-30": "", "2013-06-30": "", "2013-03-31": "", "2012-12-31": "", "2012-09-30": "", "2012-06-30": "", "2012-03-31": "", "2011-12-31": "", "2011-09-30": "", "2011-06-30": "", "2011-03-31": "", "2010-12-31": "", "2010-09-30": "", "2010-06-30": "", "2010-03-31": "", "2009-12-31": "", "2009-09-30": "", "2009-06-30": "", "2009-03-31": "", "2008-12-31": "", "2008-09-30": "", "2008-06-30": "", "2008-03-31": "", "2007-12-31": "", "2007-09-30": "", "2007-06-30": "", "2007-03-31": "", "2006-12-31": "", "2006-09-30": "", "2006-06-30": "", "2006-03-31": "", "2005-12-31": "", "2005-09-30": "", "2005-06-30": "", "2005-03-31": ""}, "Total Current Assets": {"2020-12-31": "1675139.00000", "2020-09-30": "1653357.00000", "2020-06-30": "1665506.00000", "2020-03-31": "1682190.00000", "2019-12-31": "1447938.00000", "2019-09-30": "1521820.00000", "2019-06-30": "1496074.00000", "2019-03-31": "1471416.00000", "2018-12-31": "1422237.00000", "2018-09-30": "1440981.00000", "2018-06-30": "1425408.00000", "2018-03-31": "1436555.00000", "2017-12-31": "1358847.00000", "2017-09-30": "1376517.00000", "2017-06-30": "1352910.00000", "2017-03-31": "1321330.00000", "2016-12-31": "1282428.00000", "2016-09-30": "1317495.00000", "2016-06-30": "1308642.00000", "2016-03-31": "1298502.00000", "2015-12-31": "1226661.00000", "2015-09-30": "1304995.00000", "2015-06-30": "1332313.00000", "2015-03-31": "1339867.00000", "2014-12-31": "1356613.00000", "2014-09-30": "1391537.00000", "2014-06-30": "1421692.00000", "2014-03-31": "1423760.00000", "2013-12-31": "1413353.00000", "2013-09-30": "1432792.00000", "2013-06-30": "1414593.00000", "2013-03-31": "1400996.00000", "2012-12-31": "1373326.00000", "2012-09-30": "1460157.00000", "2012-06-30": "1434588.00000", "2012-03-31": "1465006.00000", "2011-12-31": "1396972.00000", "2011-09-30": "1442749.00000", "2011-06-30": "1444105.00000", "2011-03-31": "1417144.00000", "2010-12-31": "1393750.00000", "2010-09-30": "1401343.00000", "2010-06-30": "1408526.00000", "2010-03-31": "1476393.00000", "2009-12-31": "1346786.00000", "2009-09-30": "1402728.00000", "2009-06-30": "1354380.00000", "2009-03-31": "1374309.00000", "2008-12-31": "1470230.00000", "2008-09-30": "1598049.00000", "2008-06-30": "1626882.00000", "2008-03-31": "1758837.00000", "2007-12-31": "1739857.00000", "2007-09-30": "1891679.00000", "2007-06-30": "1781664.00000", "2007-03-31": "1569127.00000", "2006-12-31": "1460475.00000", "2006-09-30": "1357631.00000", "2006-06-30": "1296562.00000", "2006-03-31": "1260689.00000", "2005-12-31": "1185105.00000", "2005-09-30": "1187804.00000", "2005-06-30": "1163972.00000", "2005-03-31": "1107458.00000"}, "Property, Plant, And Equipment": {"2020-12-31": "", "2020-09-30": "", "2020-06-30": "", "2020-03-31": "", "2019-12-31": "", "2019-09-30": "", "2019-06-30": "", "2019-03-31": "", "2018-12-31": "", "2018-09-30": "", "2018-06-30": "", "2018-03-31": "", "2017-12-31": "", "2017-09-30": "", "2017-06-30": "", "2017-03-31": "", "2016-12-31": "", "2016-09-30": "", "2016-06-30": "", "2016-03-31": "", "2015-12-31": "", "2015-09-30": "", "2015-06-30": "", "2015-03-31": "", "2014-12-31": "", "2014-09-30": "", "2014-06-30": "", "2014-03-31": "", "2013-12-31": "", "2013-09-30": "", "2013-06-30": "", "2013-03-31": "", "2012-12-31": "", "2012-09-30": "", "2012-06-30": "", "2012-03-31": "", "2011-12-31": "", "2011-09-30": "", "2011-06-30": "", "2011-03-31": "", "2010-12-31": "", "2010-09-30": "", "2010-06-30": "", "2010-03-31": "", "2009-12-31": "", "2009-09-30": "", "2009-06-30": "", "2009-03-31": "", "2008-12-31": "", "2008-09-30": "", "2008-06-30": "", "2008-03-31": "", "2007-12-31": "", "2007-09-30": "", "2007-06-30": "", "2007-03-31": "", "2006-12-31": "", "2006-09-30": "", "2006-06-30": "", "2006-03-31": "", "2005-12-31": "", "2005-09-30": "", "2005-06-30": "", "2005-03-31": ""}, "Long-Term Investments": {"2020-12-31": "447359.00000", "2020-09-30": "447524.00000", "2020-06-30": "433253.00000", "2020-03-31": "398883.00000", "2019-12-31": "368563.00000", "2019-09-30": "358383.00000", "2019-06-30": "349702.00000", "2019-03-31": "349281.00000", "2018-12-31": "358607.00000", "2018-09-30": "345513.00000", "2018-06-30": "349716.00000", "2018-03-31": "351971.00000", "2017-12-31": "352290.00000", "2017-09-30": "354674.00000", "2017-06-30": "351710.00000", "2017-03-31": "345833.00000", "2016-12-31": "353304.00000", "2016-09-30": "354940.00000", "2016-06-30": "356293.00000", "2016-03-31": "353252.00000", "2015-12-31": "342955.00000", "2015-09-30": "342439.00000", "2015-06-30": "332121.00000", "2015-03-31": "326815.00000", "2014-12-31": "333443.00000", "2014-09-30": "333047.00000", "2014-06-30": "325623.00000", "2014-03-31": "312900.00000", "2013-12-31": "308980.00000", "2013-09-30": "303525.00000", "2013-06-30": "300340.00000", "2013-03-31": "304859.00000", "2012-12-31": "312326.00000", "2012-09-30": "295474.00000", "2012-06-30": "305926.00000", "2012-03-31": "297323.00000", "2011-12-31": "293413.00000", "2011-09-30": "286657.00000", "2011-06-30": "309574.00000", "2011-03-31": "327257.00000", "2010-12-31": "318164.00000", "2010-09-30": "340250.00000", "2010-06-30": "317066.00000", "2010-03-31": "316733.00000", "2009-12-31": "306119.00000", "2009-09-30": "261890.00000", "2009-06-30": "266757.00000", "2009-03-31": "238806.00000", "2008-12-31": "256020.00000", "2008-09-30": "205731.00000", "2008-06-30": "232528.00000", "2008-03-31": "204155.00000", "2007-12-31": "215008.00000", "2007-09-30": "240828.00000", "2007-06-30": "257880.00000", "2007-03-31": "286567.00000", "2006-12-31": "273591.00000", "2006-09-30": "251748.00000", "2006-06-30": "194953.00000", "2006-03-31": "193970.00000", "2005-12-31": "180597.00000", "2005-09-30": "165905.00000", "2005-06-30": "165587.00000", "2005-03-31": "167589.00000"}, "Goodwill And Intangible Assets": {"2020-12-31": "26909.00000", "2020-09-30": "26428.00000", "2020-06-30": "25850.00000", "2020-03-31": "25824.00000", "2019-12-31": "26948.00000", "2019-09-30": "26666.00000", "2019-06-30": "27091.00000", "2019-03-31": "27233.00000", "2018-12-31": "27266.00000", "2018-09-30": "27403.00000", "2018-06-30": "27383.00000", "2018-03-31": "27696.00000", "2017-12-31": "27402.00000", "2017-09-30": "27630.00000", "2017-06-30": "27796.00000", "2017-03-31": "27845.00000", "2016-12-31": "28337.00000", "2016-09-30": "29167.00000", "2016-06-30": "29341.00000", "2016-03-31": "27592.00000", "2015-12-31": "27851.00000", "2015-09-30": "28090.00000", "2015-06-30": "29007.00000", "2015-03-31": "29079.00000", "2014-12-31": "30003.00000", "2014-09-30": "31118.00000", "2014-06-30": "32071.00000", "2014-03-31": "32485.00000", "2013-12-31": "32783.00000", "2013-09-30": "32566.00000", "2013-06-30": "32401.00000", "2013-03-31": "33134.00000", "2012-12-31": "33312.00000", "2012-09-30": "33798.00000", "2012-06-30": "33756.00000", "2012-03-31": "34914.00000", "2011-12-31": "34582.00000", "2011-09-30": "35148.00000", "2011-06-30": "38015.00000", "2011-03-31": "38309.00000", "2010-12-31": "38210.00000", "2010-09-30": "37478.00000", "2010-06-30": "37963.00000", "2010-03-31": "40378.00000", "2009-12-31": "40636.00000", "2009-09-30": "40608.00000", "2009-06-30": "42446.00000", "2009-03-31": "45503.00000", "2008-12-31": "46948.00000", "2008-09-30": "63126.00000", "2008-06-30": "66928.00000", "2008-03-31": "67567.00000", "2007-12-31": "63740.00000", "2007-09-30": "63600.00000", "2007-06-30": "62206.00000", "2007-03-31": "53710.00000", "2006-12-31": "49316.00000", "2006-09-30": "48894.00000", "2006-06-30": "48760.00000", "2006-03-31": "48025.00000", "2005-12-31": "47879.00000", "2005-09-30": "46616.00000", "2005-06-30": "46129.00000", "2005-03-31": "47648.00000"}, "Other Long-Term Assets": {"2020-12-31": "110914.00000", "2020-09-30": "107150.00000", "2020-06-30": "108106.00000", "2020-03-31": "112873.00000", "2019-12-31": "107709.00000", "2019-09-30": "107933.00000", "2019-06-30": "115359.00000", "2019-03-31": "110483.00000", "2018-12-31": "109273.00000", "2018-09-30": "111268.00000", "2018-06-30": "109827.00000", "2018-03-31": "105882.00000", "2017-12-31": "103926.00000", "2017-09-30": "130312.00000", "2017-06-30": "131647.00000", "2017-03-31": "126627.00000", "2016-12-31": "128008.00000", "2016-09-30": "116515.00000", "2016-06-30": "124495.00000", "2016-03-31": "121621.00000", "2015-12-31": "133743.00000", "2015-09-30": "132832.00000", "2015-06-30": "135929.00000", "2015-03-31": "136040.00000", "2014-12-31": "122122.00000", "2014-09-30": "127147.00000", "2014-06-30": "130329.00000", "2014-03-31": "125591.00000", "2013-12-31": "125266.00000", "2013-09-30": "127308.00000", "2013-06-30": "133348.00000", "2013-03-31": "142736.00000", "2012-12-31": "145660.00000", "2012-09-30": "141873.00000", "2012-06-30": "142181.00000", "2012-03-31": "147180.00000", "2011-12-31": "148911.00000", "2011-09-30": "171438.00000", "2011-06-30": "164932.00000", "2011-03-31": "162433.00000", "2010-12-31": "163778.00000", "2010-09-30": "172800.00000", "2010-06-30": "174101.00000", "2010-03-31": "168709.00000", "2009-12-31": "163105.00000", "2009-09-30": "159769.00000", "2009-06-30": "165538.00000", "2009-03-31": "163960.00000", "2008-12-31": "165272.00000", "2008-09-30": "164598.00000", "2008-06-30": "161101.00000", "2008-03-31": "169289.00000", "2007-12-31": "168875.00000", "2007-09-30": "162159.00000", "2007-06-30": "119116.00000", "2007-03-31": "111562.00000", "2006-12-31": "100936.00000", "2006-09-30": "87975.00000", "2006-06-30": "86276.00000", "2006-03-31": "83517.00000", "2005-12-31": "80456.00000", "2005-09-30": "71288.00000", "2005-06-30": "77677.00000", "2005-03-31": "72118.00000"}, "Total Long-Term Assets": {"2020-12-31": "585182.00000", "2020-09-30": "581102.00000", "2020-06-30": "567209.00000", "2020-03-31": "537580.00000", "2019-12-31": "503220.00000", "2019-09-30": "492982.00000", "2019-06-30": "492152.00000", "2019-03-31": "486997.00000", "2018-12-31": "495146.00000", "2018-09-30": "484184.00000", "2018-06-30": "486926.00000", "2018-03-31": "485549.00000", "2017-12-31": "483618.00000", "2017-09-30": "512616.00000", "2017-06-30": "511153.00000", "2017-03-31": "500305.00000", "2016-12-31": "509649.00000", "2016-09-30": "500622.00000", "2016-06-30": "510129.00000", "2016-03-31": "502465.00000", "2015-12-31": "504549.00000", "2015-09-30": "503361.00000", "2015-06-30": "497057.00000", "2015-03-31": "491934.00000", "2014-12-31": "485568.00000", "2014-09-30": "491312.00000", "2014-06-30": "488023.00000", "2014-03-31": "470976.00000", "2013-12-31": "467029.00000", "2013-09-30": "466719.00000", "2013-06-30": "469395.00000", "2013-03-31": "480738.00000", "2012-12-31": "491334.00000", "2012-09-30": "471189.00000", "2012-06-30": "481863.00000", "2012-03-31": "479417.00000", "2011-12-31": "476906.00000", "2011-09-30": "493243.00000", "2011-06-30": "512521.00000", "2011-03-31": "530671.00000", "2010-12-31": "520152.00000", "2010-09-30": "581937.00000", "2010-06-30": "529130.00000", "2010-03-31": "525820.00000", "2009-12-31": "509860.00000", "2009-09-30": "485871.00000", "2009-06-30": "494153.00000", "2009-03-31": "448269.00000", "2008-12-31": "468240.00000", "2008-09-30": "452082.00000", "2008-06-30": "473503.00000", "2008-03-31": "441011.00000", "2007-12-31": "447623.00000", "2007-09-30": "466587.00000", "2007-06-30": "439202.00000", "2007-03-31": "451839.00000", "2006-12-31": "423843.00000", "2006-09-30": "388617.00000", "2006-06-30": "329989.00000", "2006-03-31": "325512.00000", "2005-12-31": "308932.00000", "2005-09-30": "284989.00000", "2005-06-30": "383817.00000", "2005-03-31": "382433.00000"}, "Total Assets": {"2020-12-31": "2260321.00000", "2020-09-30": "2234459.00000", "2020-06-30": "2232715.00000", "2020-03-31": "2219770.00000", "2019-12-31": "1951158.00000", "2019-09-30": "2014802.00000", "2019-06-30": "1988226.00000", "2019-03-31": "1958413.00000", "2018-12-31": "1917383.00000", "2018-09-30": "1925165.00000", "2018-06-30": "1912334.00000", "2018-03-31": "1922104.00000", "2017-12-31": "1842465.00000", "2017-09-30": "1889133.00000", "2017-06-30": "1864063.00000", "2017-03-31": "1821635.00000", "2016-12-31": "1792077.00000", "2016-09-30": "1818117.00000", "2016-06-30": "1818771.00000", "2016-03-31": "1800967.00000", "2015-12-31": "1731210.00000", "2015-09-30": "1808356.00000", "2015-06-30": "1829370.00000", "2015-03-31": "1831801.00000", "2014-12-31": "1842181.00000", "2014-09-30": "1882849.00000", "2014-06-30": "1909715.00000", "2014-03-31": "1894736.00000", "2013-12-31": "1880382.00000", "2013-09-30": "1899511.00000", "2013-06-30": "1883988.00000", "2013-03-31": "1881734.00000", "2012-12-31": "1864660.00000", "2012-09-30": "1931346.00000", "2012-06-30": "1916451.00000", "2012-03-31": "1944423.00000", "2011-12-31": "1873878.00000", "2011-09-30": "1935992.00000", "2011-06-30": "1956626.00000", "2011-03-31": "1947815.00000", "2010-12-31": "1913902.00000", "2010-09-30": "1983280.00000", "2010-06-30": "1937656.00000", "2010-03-31": "2002213.00000", "2009-12-31": "1856646.00000", "2009-09-30": "1888599.00000", "2009-06-30": "1848533.00000", "2009-03-31": "1822578.00000", "2008-12-31": "1938470.00000", "2008-09-30": "2050131.00000", "2008-06-30": "2100385.00000", "2008-03-31": "2199848.00000", "2007-12-31": "2187480.00000", "2007-09-30": "2358266.00000", "2007-06-30": "2220866.00000", "2007-03-31": "2020966.00000", "2006-12-31": "1884318.00000", "2006-09-30": "1746248.00000", "2006-06-30": "1626551.00000", "2006-03-31": "1586201.00000", "2005-12-31": "1494037.00000", "2005-09-30": "1472793.00000", "2005-06-30": "1547789.00000", "2005-03-31": "1489891.00000"}, "Total Current Liabilities": {"2020-12-31": "1677737.00000", "2020-09-30": "1654279.00000", "2020-06-30": "1638802.00000", "2020-03-31": "1626181.00000", "2019-12-31": "1401872.00000", "2019-09-30": "1453642.00000", "2019-06-30": "1405476.00000", "2019-03-31": "1396441.00000", "2018-12-31": "1367589.00000", "2018-09-30": "1362513.00000", "2018-06-30": "1352536.00000", "2018-03-31": "1353033.00000", "2017-12-31": "1285721.00000", "2017-09-30": "1302289.00000", "2017-06-30": "1286787.00000", "2017-03-31": "1268417.00000", "2016-12-31": "1240973.00000", "2016-09-30": "1254552.00000", "2016-06-30": "1250568.00000", "2016-03-31": "1248838.00000", "2015-12-31": "1192974.00000", "2015-09-30": "1221407.00000", "2015-06-30": "1247251.00000", "2015-03-31": "1256861.00000", "2014-12-31": "1270141.00000", "2014-09-30": "1320497.00000", "2014-06-30": "1332541.00000", "2014-03-31": "1339882.00000", "2013-12-31": "1339491.00000", "2013-09-30": "1352799.00000", "2013-06-30": "1338508.00000", "2013-03-31": "1324234.00000", "2012-12-31": "1309372.00000", "2012-09-30": "1348168.00000", "2012-06-30": "1316675.00000", "2012-03-31": "1323587.00000", "2011-12-31": "1244832.00000", "2011-09-30": "1289562.00000", "2011-06-30": "1295349.00000", "2011-03-31": "1278656.00000", "2010-12-31": "1242370.00000", "2010-09-30": "1271178.00000", "2010-06-30": "1233816.00000", "2010-03-31": "1275267.00000", "2009-12-31": "1196575.00000", "2009-09-30": "1206033.00000", "2009-06-30": "1197958.00000", "2009-03-31": "1194714.00000", "2008-12-31": "1271969.00000", "2008-09-30": "1304900.00000", "2008-06-30": "1353662.00000", "2008-03-31": "1448554.00000", "2007-12-31": "1459043.00000", "2007-09-30": "1663146.00000", "2007-06-30": "1551035.00000", "2007-03-31": "1417272.00000", "2006-12-31": "1307996.00000", "2006-09-30": "1198750.00000", "2006-06-30": "1125863.00000", "2006-03-31": "1110715.00000", "2005-12-31": "1022258.00000", "2005-09-30": "1009267.00000", "2005-06-30": "997412.00000", "2005-03-31": "939255.00000"}, "Long Term Debt": {"2020-12-31": "271686.00000", "2020-09-30": "273254.00000", "2020-06-30": "279775.00000", "2020-03-31": "266098.00000", "2019-12-31": "248760.00000", "2019-09-30": "242238.00000", "2019-06-30": "252189.00000", "2019-03-31": "243566.00000", "2018-12-31": "231999.00000", "2018-09-30": "235270.00000", "2018-06-30": "236822.00000", "2018-03-31": "237938.00000", "2017-12-31": "236709.00000", "2017-09-30": "232673.00000", "2017-06-30": "225179.00000", "2017-03-31": "208530.00000", "2016-12-31": "206178.00000", "2016-09-30": "209051.00000", "2016-06-30": "207448.00000", "2016-03-31": "207835.00000", "2015-12-31": "201275.00000", "2015-09-30": "213533.00000", "2015-06-30": "211845.00000", "2015-03-31": "210522.00000", "2014-12-31": "223080.00000", "2014-09-30": "223842.00000", "2014-06-30": "226984.00000", "2014-03-31": "222747.00000", "2013-12-31": "221116.00000", "2013-09-30": "221593.00000", "2013-06-30": "220959.00000", "2013-03-31": "234326.00000", "2012-12-31": "239463.00000", "2012-09-30": "271862.00000", "2012-06-30": "288334.00000", "2012-03-31": "311079.00000", "2011-12-31": "323505.00000", "2011-09-30": "333824.00000", "2011-06-30": "352458.00000", "2011-03-31": "376541.00000", "2010-12-31": "381183.00000", "2010-09-30": "387330.00000", "2010-06-30": "413297.00000", "2010-03-31": "439274.00000", "2009-12-31": "364019.00000", "2009-09-30": "379557.00000", "2009-06-30": "348046.00000", "2009-03-31": "337252.00000", "2008-12-31": "359593.00000", "2008-09-30": "393097.00000", "2008-06-30": "417928.00000", "2008-03-31": "424959.00000", "2007-12-31": "427112.00000", "2007-09-30": "364526.00000", "2007-06-30": "340077.00000", "2007-03-31": "310768.00000", "2006-12-31": "288494.00000", "2006-09-30": "260089.00000", "2006-06-30": "239557.00000", "2006-03-31": "227165.00000", "2005-12-31": "217499.00000", "2005-09-30": "228506.00000", "2005-06-30": "236073.00000", "2005-03-31": "238368.00000"}, "Other Non-Current Liabilities": {"2020-12-31": "59891.00000", "2020-09-30": "58003.00000", "2020-06-30": "61269.00000", "2020-03-31": "60141.00000", "2019-12-31": "57979.00000", "2019-09-30": "58510.00000", "2019-06-30": "62612.00000", "2019-03-31": "58735.00000", "2018-12-31": "56150.00000", "2018-09-30": "56173.00000", "2018-06-30": "54336.00000", "2018-03-31": "58582.00000", "2017-12-31": "57021.00000", "2017-09-30": "62344.00000", "2017-06-30": "58043.00000", "2017-03-31": "55880.00000", "2016-12-31": "61631.00000", "2016-09-30": "59903.00000", "2016-06-30": "65680.00000", "2016-03-31": "57276.00000", "2015-12-31": "60147.00000", "2015-09-30": "91722.00000", "2015-06-30": "94582.00000", "2015-03-31": "90143.00000", "2014-12-31": "85084.00000", "2014-09-30": "65191.00000", "2014-06-30": "74768.00000", "2014-03-31": "62458.00000", "2013-12-31": "59935.00000", "2013-09-30": "63349.00000", "2013-06-30": "62928.00000", "2013-03-31": "68536.00000", "2012-12-31": "67815.00000", "2012-09-30": "67202.00000", "2012-06-30": "66470.00000", "2012-03-31": "69068.00000", "2011-12-31": "69272.00000", "2011-09-30": "77171.00000", "2011-06-30": "72929.00000", "2011-03-31": "68792.00000", "2010-12-31": "72811.00000", "2010-09-30": "78198.00000", "2010-06-30": "78439.00000", "2010-03-31": "78852.00000", "2009-12-31": "80233.00000", "2009-09-30": "86384.00000", "2009-06-30": "83291.00000", "2009-03-31": "85735.00000", "2008-12-31": "91970.00000", "2008-09-30": "94263.00000", "2008-06-30": "95502.00000", "2008-03-31": "102519.00000", "2007-12-31": "102927.00000", "2007-09-30": "108651.00000", "2007-06-30": "105472.00000", "2007-03-31": "82121.00000", "2006-12-31": "82926.00000", "2006-09-30": "72315.00000", "2006-06-30": "70733.00000", "2006-03-31": "63689.00000", "2005-12-31": "70749.00000", "2005-09-30": "65488.00000", "2005-06-30": "63455.00000", "2005-03-31": "63271.00000"}, "Total Long Term Liabilities": {"2020-12-31": "331577.00000", "2020-09-30": "331257.00000", "2020-06-30": "341044.00000", "2020-03-31": "326239.00000", "2019-12-31": "306739.00000", "2019-09-30": "300748.00000", "2019-06-30": "314801.00000", "2019-03-31": "302301.00000", "2018-12-31": "288149.00000", "2018-09-30": "291443.00000", "2018-06-30": "291158.00000", "2018-03-31": "296520.00000", "2017-12-31": "293730.00000", "2017-09-30": "295017.00000", "2017-06-30": "283222.00000", "2017-03-31": "264410.00000", "2016-12-31": "267809.00000", "2016-09-30": "268954.00000", "2016-06-30": "273128.00000", "2016-03-31": "265111.00000", "2015-12-31": "261422.00000", "2015-09-30": "305255.00000", "2015-06-30": "306427.00000", "2015-03-31": "300665.00000", "2014-12-31": "308164.00000", "2014-09-30": "289033.00000", "2014-06-30": "301752.00000", "2014-03-31": "285205.00000", "2013-12-31": "281051.00000", "2013-09-30": "286981.00000", "2013-06-30": "285949.00000", "2013-03-31": "302862.00000", "2012-12-31": "307278.00000", "2012-09-30": "339064.00000", "2012-06-30": "354804.00000", "2012-03-31": "380147.00000", "2011-12-31": "392777.00000", "2011-09-30": "410995.00000", "2011-06-30": "425387.00000", "2011-03-31": "445372.00000", "2010-12-31": "453994.00000", "2010-09-30": "495402.00000", "2010-06-30": "491736.00000", "2010-03-31": "518126.00000", "2009-12-31": "444252.00000", "2009-09-30": "481945.00000", "2009-06-30": "443711.00000", "2009-03-31": "422987.00000", "2008-12-31": "451563.00000", "2008-09-30": "501633.00000", "2008-06-30": "513886.00000", "2008-03-31": "527478.00000", "2007-12-31": "530039.00000", "2007-09-30": "473177.00000", "2007-06-30": "445549.00000", "2007-03-31": "392889.00000", "2006-12-31": "371420.00000", "2006-09-30": "332404.00000", "2006-06-30": "310290.00000", "2006-03-31": "290854.00000", "2005-12-31": "288248.00000", "2005-09-30": "294359.00000", "2005-06-30": "383740.00000", "2005-03-31": "388012.00000"}, "Total Liabilities": {"2020-12-31": "2059798.00000", "2020-09-30": "2039864.00000", "2020-06-30": "2040413.00000", "2020-03-31": "2026788.00000", "2019-12-31": "1757212.00000", "2019-09-30": "1817732.00000", "2019-06-30": "1790116.00000", "2019-03-31": "1761398.00000", "2018-12-31": "1720309.00000", "2018-09-30": "1727302.00000", "2018-06-30": "1711366.00000", "2018-03-31": "1719238.00000", "2017-12-31": "1640793.00000", "2017-09-30": "1660511.00000", "2017-06-30": "1632956.00000", "2017-03-31": "1592482.00000", "2016-12-31": "1565934.00000", "2016-09-30": "1585427.00000", "2016-06-30": "1585750.00000", "2016-03-31": "1572206.00000", "2015-12-31": "1508118.00000", "2015-09-30": "1586219.00000", "2015-06-30": "1608545.00000", "2015-03-31": "1615778.00000", "2014-12-31": "1630485.00000", "2014-09-30": "1668958.00000", "2014-06-30": "1696616.00000", "2014-03-31": "1684494.00000", "2013-12-31": "1674249.00000", "2013-09-30": "1696772.00000", "2013-06-30": "1686162.00000", "2013-03-31": "1686395.00000", "2012-12-31": "1673663.00000", "2012-09-30": "1742608.00000", "2012-06-30": "1730612.00000", "2012-03-31": "1760700.00000", "2011-12-31": "1694305.00000", "2011-09-30": "1756650.00000", "2011-06-30": "1777981.00000", "2011-03-31": "1774422.00000", "2010-12-31": "1748113.00000", "2010-09-30": "1818097.00000", "2010-06-30": "1780326.00000", "2010-03-31": "1848434.00000", "2009-12-31": "1701673.00000", "2009-09-30": "1745650.00000", "2009-06-30": "1694365.00000", "2009-03-31": "1676651.00000", "2008-12-31": "1794448.00000", "2008-09-30": "1924069.00000", "2008-06-30": "1963980.00000", "2008-03-31": "2071629.00000", "2007-12-31": "2074033.00000", "2007-09-30": "2231153.00000", "2007-06-30": "2093112.00000", "2007-03-31": "1898883.00000", "2006-12-31": "1764535.00000", "2006-09-30": "1628383.00000", "2006-06-30": "1511123.00000", "2006-03-31": "1471783.00000", "2005-12-31": "1381500.00000", "2005-09-30": "1360956.00000", "2005-06-30": "1434752.00000", "2005-03-31": "1379355.00000"}, "Common Stock Net": {"2020-12-31": "31.00000", "2020-09-30": "31.00000", "2020-06-30": "31.00000", "2020-03-31": "31.00000", "2019-12-31": "31.00000", "2019-09-30": "31.00000", "2019-06-30": "31.00000", "2019-03-31": "31.00000", "2018-12-31": "31.00000", "2018-09-30": "31.00000", "2018-06-30": "31.00000", "2018-03-31": "31.00000", "2017-12-31": "31.00000", "2017-09-30": "31.00000", "2017-06-30": "31.00000", "2017-03-31": "31.00000", "2016-12-31": "31.00000", "2016-09-30": "31.00000", "2016-06-30": "31.00000", "2016-03-31": "31.00000", "2015-12-31": "31.00000", "2015-09-30": "31.00000", "2015-06-30": "31.00000", "2015-03-31": "31.00000", "2014-12-31": "31.00000", "2014-09-30": "31.00000", "2014-06-30": "31.00000", "2014-03-31": "31.00000", "2013-12-31": "31.00000", "2013-09-30": "31.00000", "2013-06-30": "31.00000", "2013-03-31": "31.00000", "2012-12-31": "30.00000", "2012-09-30": "29.00000", "2012-06-30": "29.00000", "2012-03-31": "29.00000", "2011-12-31": "29.00000", "2011-09-30": "294.00000", "2011-06-30": "293.00000", "2011-03-31": "293.00000", "2010-12-31": "29.00000", "2010-09-30": "292.00000", "2010-06-30": "292.00000", "2010-03-31": "287.00000", "2009-12-31": "286.00000", "2009-09-30": "230.00000", "2009-06-30": "57.00000", "2009-03-31": "57.00000", "2008-12-31": "57.00000", "2008-09-30": "57.00000", "2008-06-30": "57.00000", "2008-03-31": "55.00000", "2007-12-31": "55.00000", "2007-09-30": "55.00000", "2007-06-30": "55.00000", "2007-03-31": "55.00000", "2006-12-31": "55.00000", "2006-09-30": "55.00000", "2006-06-30": "55.00000", "2006-03-31": "55.00000", "2005-12-31": "55.00000", "2005-09-30": "55.00000", "2005-06-30": "55.00000", "2005-03-31": "55.00000"}, "Retained Earnings (Accumulated Deficit)": {"2020-12-31": "168595.00000", "2020-09-30": "165303.00000", "2020-06-30": "163431.00000", "2020-03-31": "163438.00000", "2019-12-31": "165369.00000", "2019-09-30": "161797.00000", "2019-06-30": "158321.00000", "2019-03-31": "154859.00000", "2018-12-31": "151347.00000", "2018-09-30": "148436.00000", "2018-06-30": "145211.00000", "2018-03-31": "141863.00000", "2017-12-31": "138425.00000", "2017-09-30": "155174.00000", "2017-06-30": "152178.00000", "2017-03-31": "149731.00000", "2016-12-31": "146477.00000", "2016-09-30": "143678.00000", "2016-06-30": "140527.00000", "2016-03-31": "136998.00000", "2015-12-31": "133841.00000", "2015-09-30": "130921.00000", "2015-06-30": "126954.00000", "2015-03-31": "122463.00000", "2014-12-31": "117852.00000", "2014-09-30": "118041.00000", "2014-06-30": "115361.00000", "2014-03-31": "115091.00000", "2013-12-31": "111168.00000", "2013-09-30": "108812.00000", "2013-06-30": "105725.00000", "2013-03-31": "101580.00000", "2012-12-31": "97809.00000", "2012-09-30": "96650.00000", "2012-06-30": "96216.00000", "2012-03-31": "93310.00000", "2011-12-31": "90520.00000", "2011-09-30": "89602.00000", "2011-06-30": "85857.00000", "2011-03-31": "82554.00000", "2010-12-31": "79559.00000", "2010-09-30": "78260.00000", "2010-06-30": "76130.00000", "2010-03-31": "73432.00000", "2009-12-31": "77440.00000", "2009-09-30": "85208.00000", "2009-06-30": "88874.00000", "2009-03-31": "86115.00000", "2008-12-31": "86521.00000", "2008-09-30": "105340.00000", "2008-06-30": "110290.00000", "2008-03-31": "115050.00000", "2007-12-31": "121769.00000", "2007-09-30": "134445.00000", "2007-06-30": "134932.00000", "2007-03-31": "131395.00000", "2006-12-31": "129267.00000", "2006-09-30": "126544.00000", "2006-06-30": "123497.00000", "2006-03-31": "120703.00000", "2005-12-31": "117555.00000", "2005-09-30": "112868.00000", "2005-06-30": "108026.00000", "2005-03-31": "105269.00000"}, "Comprehensive Income": {"2020-12-31": "-32058.00000", "2020-09-30": "-33065.00000", "2020-06-30": "-33345.00000", "2020-03-31": "-32521.00000", "2019-12-31": "-36318.00000", "2019-09-30": "-36135.00000", "2019-06-30": "-35203.00000", "2019-03-31": "-36308.00000", "2018-12-31": "-37170.00000", "2018-09-30": "-38645.00000", "2018-06-30": "-37494.00000", "2018-03-31": "-34619.00000", "2017-12-31": "-34668.00000", "2017-09-30": "-29891.00000", "2017-06-30": "-29899.00000", "2017-03-31": "-30917.00000", "2016-12-31": "-32381.00000", "2016-09-30": "-27193.00000", "2016-06-30": "-26115.00000", "2016-03-31": "-26626.00000", "2015-12-31": "-29344.00000", "2015-09-30": "-27257.00000", "2015-06-30": "-25104.00000", "2015-03-31": "-24691.00000", "2014-12-31": "-23216.00000", "2014-09-30": "-19976.00000", "2014-06-30": "-18147.00000", "2014-03-31": "-19146.00000", "2013-12-31": "-19133.00000", "2013-09-30": "-18798.00000", "2013-06-30": "-19924.00000", "2013-03-31": "-17059.00000", "2012-12-31": "-16896.00000", "2012-09-30": "-15566.00000", "2012-06-30": "-17749.00000", "2012-03-31": "-16735.00000", "2011-12-31": "-17788.00000", "2011-09-30": "-17044.00000", "2011-06-30": "-12222.00000", "2011-03-31": "-13984.00000", "2010-12-31": "-16277.00000", "2010-09-30": "-15309.00000", "2010-06-30": "-19170.00000", "2010-03-31": "-17859.00000", "2009-12-31": "-18937.00000", "2009-09-30": "-17651.00000", "2009-06-30": "-21643.00000", "2009-03-31": "-27013.00000", "2008-12-31": "-25195.00000", "2008-09-30": "-14001.00000", "2008-06-30": "-8049.00000", "2008-03-31": "-7381.00000", "2007-12-31": "-4660.00000", "2007-09-30": "-3555.00000", "2007-06-30": "-2970.00000", "2007-03-31": "-3875.00000", "2006-12-31": "-3700.00000", "2006-09-30": "-2822.00000", "2006-06-30": "-3351.00000", "2006-03-31": "-2706.00000", "2005-12-31": "-2532.00000", "2005-09-30": "-2557.00000", "2005-06-30": "-1030.00000", "2005-03-31": "-1681.00000"}, "Other Share Holders Equity": {"2020-12-31": "", "2020-09-30": "", "2020-06-30": "", "2020-03-31": "", "2019-12-31": "", "2019-09-30": "", "2019-06-30": "", "2019-03-31": "", "2018-12-31": "", "2018-09-30": "", "2018-06-30": "", "2018-03-31": "", "2017-12-31": "", "2017-09-30": "", "2017-06-30": "", "2017-03-31": "", "2016-12-31": "", "2016-09-30": "", "2016-06-30": "", "2016-03-31": "", "2015-12-31": "", "2015-09-30": "", "2015-06-30": "", "2015-03-31": "", "2014-12-31": "", "2014-09-30": "", "2014-06-30": "", "2014-03-31": "", "2013-12-31": "", "2013-09-30": "", "2013-06-30": "", "2013-03-31": "", "2012-12-31": "", "2012-09-30": "", "2012-06-30": "", "2012-03-31": "", "2011-12-31": "", "2011-09-30": "", "2011-06-30": "", "2011-03-31": "", "2010-12-31": "", "2010-09-30": "", "2010-06-30": "", "2010-03-31": "", "2009-12-31": "", "2009-09-30": "", "2009-06-30": "", "2009-03-31": "", "2008-12-31": "", "2008-09-30": "", "2008-06-30": "", "2008-03-31": "", "2007-12-31": "", "2007-09-30": "", "2007-06-30": "", "2007-03-31": "", "2006-12-31": "", "2006-09-30": "", "2006-06-30": "", "2006-03-31": "", "2005-12-31": "", "2005-09-30": "", "2005-06-30": "", "2005-03-31": ""}, "Share Holder Equity": {"2020-12-31": "200523.00000", "2020-09-30": "194595.00000", "2020-06-30": "192302.00000", "2020-03-31": "192982.00000", "2019-12-31": "193946.00000", "2019-09-30": "197070.00000", "2019-06-30": "198110.00000", "2019-03-31": "197015.00000", "2018-12-31": "197074.00000", "2018-09-30": "197863.00000", "2018-06-30": "200968.00000", "2018-03-31": "202866.00000", "2017-12-31": "201672.00000", "2017-09-30": "228622.00000", "2017-06-30": "231107.00000", "2017-03-31": "229153.00000", "2016-12-31": "226143.00000", "2016-09-30": "232690.00000", "2016-06-30": "233021.00000", "2016-03-31": "228761.00000", "2015-12-31": "223092.00000", "2015-09-30": "222137.00000", "2015-06-30": "220825.00000", "2015-03-31": "216023.00000", "2014-12-31": "211696.00000", "2014-09-30": "213891.00000", "2014-06-30": "213099.00000", "2014-03-31": "210242.00000", "2013-12-31": "206133.00000", "2013-09-30": "202739.00000", "2013-06-30": "197826.00000", "2013-03-31": "195339.00000", "2012-12-31": "190997.00000", "2012-09-30": "188738.00000", "2012-06-30": "185839.00000", "2012-03-31": "183723.00000", "2011-12-31": "179573.00000", "2011-09-30": "179342.00000", "2011-06-30": "178645.00000", "2011-03-31": "173393.00000", "2010-12-31": "165789.00000", "2010-09-30": "165183.00000", "2010-06-30": "157330.00000", "2010-03-31": "153779.00000", "2009-12-31": "154973.00000", "2009-09-30": "142949.00000", "2009-06-30": "154168.00000", "2009-03-31": "145927.00000", "2008-12-31": "144022.00000", "2008-09-30": "126062.00000", "2008-06-30": "136405.00000", "2008-03-31": "128219.00000", "2007-12-31": "113447.00000", "2007-09-30": "127113.00000", "2007-06-30": "127754.00000", "2007-03-31": "122083.00000", "2006-12-31": "119783.00000", "2006-09-30": "117865.00000", "2006-06-30": "115428.00000", "2006-03-31": "114418.00000", "2005-12-31": "112537.00000", "2005-09-30": "111837.00000", "2005-06-30": "113037.00000", "2005-03-31": "110536.00000"}, "Total Liabilities And Share Holders Equity": {"2020-12-31": "2260321.00000", "2020-09-30": "2234459.00000", "2020-06-30": "2232715.00000", "2020-03-31": "2219770.00000", "2019-12-31": "1951158.00000", "2019-09-30": "2014802.00000", "2019-06-30": "1988226.00000", "2019-03-31": "1958413.00000", "2018-12-31": "1917383.00000", "2018-09-30": "1925165.00000", "2018-06-30": "1912334.00000", "2018-03-31": "1922104.00000", "2017-12-31": "1842465.00000", "2017-09-30": "1889133.00000", "2017-06-30": "1864063.00000", "2017-03-31": "1821635.00000", "2016-12-31": "1792077.00000", "2016-09-30": "1818117.00000", "2016-06-30": "1818771.00000", "2016-03-31": "1800967.00000", "2015-12-31": "1731210.00000", "2015-09-30": "1808356.00000", "2015-06-30": "1829370.00000", "2015-03-31": "1831801.00000", "2014-12-31": "1842181.00000", "2014-09-30": "1882849.00000", "2014-06-30": "1909715.00000", "2014-03-31": "1894736.00000", "2013-12-31": "1880382.00000", "2013-09-30": "1899511.00000", "2013-06-30": "1883988.00000", "2013-03-31": "1881734.00000", "2012-12-31": "1864660.00000", "2012-09-30": "1931346.00000", "2012-06-30": "1916451.00000", "2012-03-31": "1944423.00000", "2011-12-31": "1873878.00000", "2011-09-30": "1935992.00000", "2011-06-30": "1956626.00000", "2011-03-31": "1947815.00000", "2010-12-31": "1913902.00000", "2010-09-30": "1983280.00000", "2010-06-30": "1937656.00000", "2010-03-31": "2002213.00000", "2009-12-31": "1856646.00000", "2009-09-30": "1888599.00000", "2009-06-30": "1848533.00000", "2009-03-31": "1822578.00000", "2008-12-31": "1938470.00000", "2008-09-30": "2050131.00000", "2008-06-30": "2100385.00000", "2008-03-31": "2199848.00000", "2007-12-31": "2187480.00000", "2007-09-30": "2358266.00000", "2007-06-30": "2220866.00000", "2007-03-31": "2020966.00000", "2006-12-31": "1884318.00000", "2006-09-30": "1746248.00000", "2006-06-30": "1626551.00000", "2006-03-31": "1586201.00000", "2005-12-31": "1494037.00000", "2005-09-30": "1472793.00000", "2005-06-30": "1547789.00000", "2005-03-31": "1489891.00000"}}, "cash flow statement": {"Net Income/Loss": {"2020-12-31": "0.00000", "2019-12-31": "19467.00000", "2018-12-31": "18080.00000", "2017-12-31": "-6738.00000", "2016-12-31": "14912.00000", "2015-12-31": "17332.00000", "2014-12-31": "7502.00000", "2013-12-31": "13886.00000", "2012-12-31": "7760.00000", "2011-12-31": "11215.00000", "2010-12-31": "10883.00000", "2009-12-31": "-1511.00000", "2008-12-31": "-28027.00000", "2007-12-31": "3900.00000", "2006-12-31": "21538.00000", "2005-12-31": "24589.00000"}, "Total Depreciation And Amortization - Cash Flow": {"2020-12-31": "", "2019-12-31": "3905.00000", "2018-12-31": "3754.00000", "2017-12-31": "3659.00000", "2016-12-31": "3720.00000", "2015-12-31": "3506.00000", "2014-12-31": "4161.00000", "2013-12-31": "3443.00000", "2012-12-31": "2795.00000", "2011-12-31": "3068.00000", "2010-12-31": "2868.00000", "2009-12-31": "2826.00000", "2008-12-31": "2275.00000", "2007-12-31": "2308.00000", "2006-12-31": "2409.00000", "2005-12-31": "2210.00000"}, "Other Non-Cash Items": {"2020-12-31": "", "2019-12-31": "6104.00000", "2018-12-31": "6740.00000", "2017-12-31": "31142.00000", "2016-12-31": "7535.00000", "2015-12-31": "6292.00000", "2014-12-31": "8963.00000", "2013-12-31": "9593.00000", "2012-12-31": "7926.00000", "2011-12-31": "11791.00000", "2010-12-31": "22900.00000", "2009-12-31": "29649.00000", "2008-12-31": "8438.00000", "2007-12-31": "10896.00000", "2006-12-31": "4212.00000", "2005-12-31": "1253.00000"}, "Total Non-Cash Items": {"2020-12-31": "", "2019-12-31": "10009.00000", "2018-12-31": "10494.00000", "2017-12-31": "34801.00000", "2016-12-31": "11255.00000", "2015-12-31": "9798.00000", "2014-12-31": "13124.00000", "2013-12-31": "13036.00000", "2012-12-31": "10721.00000", "2011-12-31": "14859.00000", "2010-12-31": "25768.00000", "2009-12-31": "32475.00000", "2008-12-31": "10713.00000", "2007-12-31": "13204.00000", "2006-12-31": "6621.00000", "2005-12-31": "3463.00000"}, "Change In Accounts Receivable": {"2020-12-31": "", "2019-12-31": "-909.00000", "2018-12-31": "770.00000", "2017-12-31": "247.00000", "2016-12-31": "6603.00000", "2015-12-31": "-7207.00000", "2014-12-31": "-1144.00000", "2013-12-31": "4321.00000", "2012-12-31": "-1106.00000", "2011-12-31": "1021.00000", "2010-12-31": "2483.00000", "2009-12-31": "-1711.00000", "2008-12-31": "29009.00000", "2007-12-31": "-30649.00000", "2006-12-31": "-1282.00000", "2005-12-31": "-1560.00000"}, "Change In Inventories": {"2020-12-31": "", "2019-12-31": "-44535.00000", "2018-12-31": "15666.00000", "2017-12-31": "-22413.00000", "2016-12-31": "18317.00000", "2015-12-31": "25306.00000", "2014-12-31": "19416.00000", "2013-12-31": "28214.00000", "2012-12-31": "-39728.00000", "2011-12-31": "35266.00000", "2010-12-31": "7143.00000", "2009-12-31": "482.00000", "2008-12-31": "109241.00000", "2007-12-31": "-41905.00000", "2006-12-31": "-73326.00000", "2005-12-31": "-30385.00000"}, "Change In Accounts Payable": {"2020-12-31": "", "2019-12-31": "", "2018-12-31": "", "2017-12-31": "", "2016-12-31": "", "2015-12-31": "", "2014-12-31": "", "2013-12-31": "", "2012-12-31": "", "2011-12-31": "", "2010-12-31": "", "2009-12-31": "", "2008-12-31": "", "2007-12-31": "", "2006-12-31": "", "2005-12-31": ""}, "Change In Assets/Liabilities": {"2020-12-31": "", "2019-12-31": "-13824.00000", "2018-12-31": "-499.00000", "2017-12-31": "-11715.00000", "2016-12-31": "-4354.00000", "2015-12-31": "1111.00000", "2014-12-31": "2011.00000", "2013-12-31": "-1342.00000", "2012-12-31": "-1042.00000", "2011-12-31": "-799.00000", "2010-12-31": "-3925.00000", "2009-12-31": "-89548.00000", "2008-12-31": "-9971.00000", "2007-12-31": "-34369.00000", "2006-12-31": "53993.00000", "2005-12-31": "34319.00000"}, "Total Change In Assets/Liabilities": {"2020-12-31": "", "2019-12-31": "-59268.00000", "2018-12-31": "15937.00000", "2017-12-31": "-33881.00000", "2016-12-31": "20566.00000", "2015-12-31": "19210.00000", "2014-12-31": "20283.00000", "2013-12-31": "31193.00000", "2012-12-31": "-41876.00000", "2011-12-31": "35488.00000", "2010-12-31": "5701.00000", "2009-12-31": "-90777.00000", "2008-12-31": "128279.00000", "2007-12-31": "-106923.00000", "2006-12-31": "-20615.00000", "2005-12-31": "2374.00000"}, "Cash Flow From Operating Activities": {"2020-12-31": "", "2019-12-31": "-12837.00000", "2018-12-31": "36952.00000", "2017-12-31": "-8774.00000", "2016-12-31": "53733.00000", "2015-12-31": "39737.00000", "2014-12-31": "46343.00000", "2013-12-31": "63244.00000", "2012-12-31": "-10362.00000", "2011-12-31": "64795.00000", "2010-12-31": "35686.00000", "2009-12-31": "-54610.00000", "2008-12-31": "97686.00000", "2007-12-31": "-71551.00000", "2006-12-31": "-165.00000", "2005-12-31": "32042.00000"}, "Net Change In Property, Plant, And Equipment": {"2020-12-31": "", "2019-12-31": "-5077.00000", "2018-12-31": "-3562.00000", "2017-12-31": "-2984.00000", "2016-12-31": "-2089.00000", "2015-12-31": "-2621.00000", "2014-12-31": "-2763.00000", "2013-12-31": "-2774.00000", "2012-12-31": "-2515.00000", "2011-12-31": "-2125.00000", "2010-12-31": "256.00000", "2009-12-31": "4039.00000", "2008-12-31": "20186.00000", "2007-12-31": "250.00000", "2006-12-31": "-2429.00000", "2005-12-31": "13887.00000"}, "Net Change In Intangible Assets": {"2020-12-31": "", "2019-12-31": "", "2018-12-31": "", "2017-12-31": "", "2016-12-31": "", "2015-12-31": "", "2014-12-31": "", "2013-12-31": "", "2012-12-31": "", "2011-12-31": "", "2010-12-31": "", "2009-12-31": "", "2008-12-31": "", "2007-12-31": "", "2006-12-31": "", "2005-12-31": ""}, "Net Acquisitions/Divestitures": {"2020-12-31": "", "2019-12-31": "", "2018-12-31": "", "2017-12-31": "", "2016-12-31": "", "2015-12-31": "", "2014-12-31": "", "2013-12-31": "", "2012-12-31": "", "2011-12-31": "", "2010-12-31": "", "2009-12-31": "", "2008-12-31": "", "2007-12-31": "-15614.00000", "2006-12-31": "", "2005-12-31": "-602.00000"}, "Net Change In Short-term Investments": {"2020-12-31": "", "2019-12-31": "", "2018-12-31": "", "2017-12-31": "", "2016-12-31": "", "2015-12-31": "15488.00000", "2014-12-31": "40916.00000", "2013-12-31": "-66871.00000", "2012-12-31": "53650.00000", "2011-12-31": "6653.00000", "2010-12-31": "4977.00000", "2009-12-31": "2519.00000", "2008-12-31": "-100965.00000", "2007-12-31": "-17216.00000", "2006-12-31": "-10877.00000", "2005-12-31": "-4936.00000"}, "Net Change In Long-Term Investments": {"2020-12-31": "", "2019-12-31": "1095.00000", "2018-12-31": "-45598.00000", "2017-12-31": "10332.00000", "2016-12-31": "-30832.00000", "2015-12-31": "4050.00000", "2014-12-31": "-14584.00000", "2013-12-31": "-618.00000", "2012-12-31": "3504.00000", "2011-12-31": "8275.00000", "2010-12-31": "-32544.00000", "2009-12-31": "-62106.00000", "2008-12-31": "-41358.00000", "2007-12-31": "58673.00000", "2006-12-31": "-88014.00000", "2005-12-31": "-22907.00000"}, "Net Change In Investments - Total": {"2020-12-31": "", "2019-12-31": "1095.00000", "2018-12-31": "-45598.00000", "2017-12-31": "10332.00000", "2016-12-31": "-30832.00000", "2015-12-31": "19538.00000", "2014-12-31": "26332.00000", "2013-12-31": "-67489.00000", "2012-12-31": "57154.00000", "2011-12-31": "14928.00000", "2010-12-31": "-27567.00000", "2009-12-31": "-59587.00000", "2008-12-31": "-142323.00000", "2007-12-31": "41457.00000", "2006-12-31": "-98891.00000", "2005-12-31": "-27843.00000"}, "Investing Activities - Other": {"2020-12-31": "", "2019-12-31": "-19392.00000", "2018-12-31": "-23958.00000", "2017-12-31": "-46099.00000", "2016-12-31": "-21214.00000", "2015-12-31": "-2034.00000", "2014-12-31": "5013.00000", "2013-12-31": "-21075.00000", "2012-12-31": "-24304.00000", "2011-12-31": "-21575.00000", "2010-12-31": "70648.00000", "2009-12-31": "92716.00000", "2008-12-31": "43287.00000", "2007-12-31": "-88470.00000", "2006-12-31": "-102886.00000", "2005-12-31": "-45665.00000"}, "Cash Flow From Investing Activities": {"2020-12-31": "", "2019-12-31": "-23374.00000", "2018-12-31": "-73118.00000", "2017-12-31": "-38751.00000", "2016-12-31": "-54135.00000", "2015-12-31": "14883.00000", "2014-12-31": "28582.00000", "2013-12-31": "-91338.00000", "2012-12-31": "30335.00000", "2011-12-31": "-8772.00000", "2010-12-31": "43337.00000", "2009-12-31": "37168.00000", "2008-12-31": "-78850.00000", "2007-12-31": "-62377.00000", "2006-12-31": "-204206.00000", "2005-12-31": "-60223.00000"}, "Net Long-Term Debt": {"2020-12-31": "", "2019-12-31": "-3324.00000", "2018-12-31": "24014.00000", "2017-12-31": "41430.00000", "2016-12-31": "3671.00000", "2015-12-31": "-35166.00000", "2014-12-31": "-22161.00000", "2013-12-31": "-17313.00000", "2012-12-31": "-76869.00000", "2011-12-31": "-58849.00000", "2010-12-31": "-42233.00000", "2009-12-31": "-13655.00000", "2008-12-31": "-42487.00000", "2007-12-31": "52979.00000", "2006-12-31": "67219.00000", "2005-12-31": "16488.00000"}, "Net Current Debt": {"2020-12-31": "", "2019-12-31": "12703.00000", "2018-12-31": "-12106.00000", "2017-12-31": "13751.00000", "2016-12-31": "9622.00000", "2015-12-31": "-37256.00000", "2014-12-31": "-1099.00000", "2013-12-31": "199.00000", "2012-12-31": "-2164.00000", "2011-12-31": "-25067.00000", "2010-12-31": "-47189.00000", "2009-12-31": "-51995.00000", "2008-12-31": "-13796.00000", "2007-12-31": "10425.00000", "2006-12-31": "33903.00000", "2005-12-31": "10163.00000"}, "Debt Issuance/Retirement Net - Total": {"2020-12-31": "", "2019-12-31": "9379.00000", "2018-12-31": "11908.00000", "2017-12-31": "55181.00000", "2016-12-31": "13293.00000", "2015-12-31": "-72422.00000", "2014-12-31": "-23260.00000", "2013-12-31": "-17114.00000", "2012-12-31": "-79033.00000", "2011-12-31": "-83916.00000", "2010-12-31": "-89422.00000", "2009-12-31": "-65650.00000", "2008-12-31": "-56283.00000", "2007-12-31": "63404.00000", "2006-12-31": "101122.00000", "2005-12-31": "26651.00000"}, "Net Common Equity Issued/Repurchased": {"2020-12-31": "", "2019-12-31": "-17571.00000", "2018-12-31": "-14433.00000", "2017-12-31": "-14541.00000", "2016-12-31": "-9290.00000", "2015-12-31": "-5452.00000", "2014-12-31": "-1232.00000", "2013-12-31": "-837.00000", "2012-12-31": "-5.00000", "2011-12-31": "3749.00000", "2010-12-31": "3744.00000", "2009-12-31": "20295.00000", "2008-12-31": "6857.00000", "2007-12-31": "397.00000", "2006-12-31": "-5202.00000", "2005-12-31": "-11394.00000"}, "Net Total Equity Issued/Repurchased": {"2020-12-31": "", "2019-12-31": "-18055.00000", "2018-12-31": "-15226.00000", "2017-12-31": "-14541.00000", "2016-12-31": "-6792.00000", "2015-12-31": "775.00000", "2014-12-31": "2467.00000", "2013-12-31": "3261.00000", "2012-12-31": "2245.00000", "2011-12-31": "3749.00000", "2010-12-31": "3744.00000", "2009-12-31": "20295.00000", "2008-12-31": "77483.00000", "2007-12-31": "-603.00000", "2006-12-31": "-5327.00000", "2005-12-31": "-11394.00000"}, "Total Common And Preferred Stock Dividends Paid": {"2020-12-31": "", "2019-12-31": "-5447.00000", "2018-12-31": "-5020.00000", "2017-12-31": "-3797.00000", "2016-12-31": "-2287.00000", "2015-12-31": "-1253.00000", "2014-12-31": "-633.00000", "2013-12-31": "-314.00000", "2012-12-31": "-143.00000", "2011-12-31": "-107.00000", "2010-12-31": "-9.00000", "2009-12-31": "-3237.00000", "2008-12-31": "-7526.00000", "2007-12-31": "-10778.00000", "2006-12-31": "-9826.00000", "2005-12-31": "-9188.00000"}, "Financial Activities - Other": {"2020-12-31": "", "2019-12-31": "57056.00000", "2018-12-31": "52866.00000", "2017-12-31": "30011.00000", "2016-12-31": "24078.00000", "2015-12-31": "8127.00000", "2014-12-31": "-48844.00000", "2013-12-31": "37261.00000", "2012-12-31": "64430.00000", "2011-12-31": "23628.00000", "2010-12-31": "8259.00000", "2009-12-31": "61598.00000", "2008-12-31": "-38211.00000", "2007-12-31": "92471.00000", "2006-12-31": "120518.00000", "2005-12-31": "27017.00000"}, "Cash Flow From Financial Activities": {"2020-12-31": "", "2019-12-31": "42933.00000", "2018-12-31": "44528.00000", "2017-12-31": "66854.00000", "2016-12-31": "28292.00000", "2015-12-31": "-64773.00000", "2014-12-31": "-70270.00000", "2013-12-31": "23094.00000", "2012-12-31": "-12501.00000", "2011-12-31": "-56646.00000", "2010-12-31": "-77428.00000", "2009-12-31": "13006.00000", "2008-12-31": "-24537.00000", "2007-12-31": "144494.00000", "2006-12-31": "206487.00000", "2005-12-31": "33086.00000"}, "Net Cash Flow": {"2020-12-31": "", "2019-12-31": "5814.00000", "2018-12-31": "7589.00000", "2017-12-31": "20022.00000", "2016-12-31": "27397.00000", "2015-12-31": "-11208.00000", "2014-12-31": "2223.00000", "2013-12-31": "-6568.00000", "2012-12-31": "7752.00000", "2011-12-31": "729.00000", "2010-12-31": "2500.00000", "2009-12-31": "-3781.00000", "2008-12-31": "-8953.00000", "2007-12-31": "11692.00000", "2006-12-31": "2882.00000", "2005-12-31": "3019.00000"}, "Stock-Based Compensation": {"2020-12-31": "", "2019-12-31": "", "2018-12-31": "", "2017-12-31": "", "2016-12-31": "", "2015-12-31": "", "2014-12-31": "", "2013-12-31": "", "2012-12-31": "", "2011-12-31": "", "2010-12-31": "", "2009-12-31": "", "2008-12-31": "", "2007-12-31": "", "2006-12-31": "", "2005-12-31": ""}, "Common Stock Dividends Paid": {"2020-12-31": "", "2019-12-31": "-5447.00000", "2018-12-31": "-5020.00000", "2017-12-31": "-3797.00000", "2016-12-31": "-2287.00000", "2015-12-31": "-1253.00000", "2014-12-31": "-633.00000", "2013-12-31": "-314.00000", "2012-12-31": "-143.00000", "2011-12-31": "-107.00000", "2010-12-31": "-9.00000", "2009-12-31": "-3237.00000", "2008-12-31": "-7526.00000", "2007-12-31": "-10778.00000", "2006-12-31": "-9826.00000", "2005-12-31": "-9188.00000"}}, "cash flow statement, quarterly": {"Net Income/Loss": {"2020-12-31": -7086, "2020-09-30": 3254, "2020-06-30": 1316, "2020-03-31": "2516.00000", "2019-12-31": 4995, "2019-09-30": 4928, "2019-06-30": 4809, "2019-03-31": "4735.00000", "2018-12-31": 4297, "2018-09-30": 4625, "2018-06-30": 4516, "2018-03-31": "4642.00000", "2017-12-31": -18874, "2017-09-30": 4132, "2017-06-30": 3904, "2017-03-31": "4100.00000", "2016-12-31": 3525, "2016-09-30": 3857, "2016-06-30": 4024, "2016-03-31": "3506.00000", "2015-12-31": 3360, "2015-09-30": 4296, "2015-06-30": 4864, "2015-03-31": "4812.00000", "2014-12-31": 382, "2014-09-30": 2900, "2014-06-30": 231, "2014-03-31": "3989.00000", "2013-12-31": 2492, "2013-09-30": 3278, "2013-06-30": 4218, "2013-03-31": "3898.00000", "2012-12-31": 1224, "2012-09-30": 493, "2012-06-30": 2986, "2012-03-31": "3057.00000", "2011-12-31": 998, "2011-09-30": 3743, "2011-06-30": 3403, "2011-03-31": "3071.00000", "2010-12-31": 1471, "2010-09-30": 2227, "2010-06-30": 2725, "2010-03-31": "4460.00000", "2009-12-31": -7484, "2009-09-30": 151, "2009-06-30": 4245, "2009-03-31": "1577.00000", "2008-12-31": -17606, "2008-09-30": -2815, "2008-06-30": -2474, "2008-03-31": "-5132.00000", "2007-12-31": -9550, "2007-09-30": 2212, "2007-06-30": 6226, "2007-03-31": "5012.00000", "2006-12-31": 5129, "2006-09-30": 5505, "2006-06-30": 5265, "2006-03-31": "5639.00000", "2005-12-31": 6932, "2005-09-30": 7143, "2005-06-30": 5073, "2005-03-31": "5441.00000"}, "Total Depreciation And Amortization - Cash Flow": {"2020-12-31": -2886, "2020-09-30": 1033, "2020-06-30": 926, "2020-03-31": "927.00000", "2019-12-31": 1039, "2019-09-30": 983, "2019-06-30": 952, "2019-03-31": "931.00000", "2018-12-31": 954, "2018-09-30": 945, "2018-06-30": 929, "2018-03-31": "926.00000", "2017-12-31": 942, "2017-09-30": 920, "2017-06-30": 901, "2017-03-31": "896.00000", "2016-12-31": 1006, "2016-09-30": 938, "2016-06-30": 868, "2016-03-31": "908.00000", "2015-12-31": 874, "2015-09-30": 865, "2015-06-30": 882, "2015-03-31": "885.00000", "2014-12-31": 1488, "2014-09-30": 934, "2014-06-30": 896, "2014-03-31": "843.00000", "2013-12-31": 388, "2013-09-30": 1430, "2013-06-30": 818, "2013-03-31": "807.00000", "2012-12-31": 531, "2012-09-30": 752, "2012-06-30": 774, "2012-03-31": "738.00000", "2011-12-31": 778, "2011-09-30": 807, "2011-06-30": 775, "2011-03-31": "708.00000", "2010-12-31": -665, "2010-09-30": 156, "2010-06-30": 658, "2010-03-31": "2719.00000", "2009-12-31": 1592, "2009-09-30": 400, "2009-06-30": 810, "2009-03-31": "24.00000", "2008-12-31": 381, "2008-09-30": 539, "2008-06-30": 567, "2008-03-31": "788.00000", "2007-12-31": 577, "2007-09-30": 653, "2007-06-30": 536, "2007-03-31": "542.00000", "2006-12-31": 643, "2006-09-30": 564, "2006-06-30": 621, "2006-03-31": "581.00000", "2005-12-31": 572, "2005-09-30": 661, "2005-06-30": 480, "2005-03-31": "497.00000"}, "Other Non-Cash Items": {"2020-12-31": -15721, "2020-09-30": 1942, "2020-06-30": 7131, "2020-03-31": "6648.00000", "2019-12-31": 972, "2019-09-30": 1725, "2019-06-30": 1608, "2019-03-31": "1799.00000", "2018-12-31": 1762, "2018-09-30": 1665, "2018-06-30": 1667, "2018-03-31": "1646.00000", "2017-12-31": 26847, "2017-09-30": 1371, "2017-06-30": 1412, "2017-03-31": "1512.00000", "2016-12-31": 2985, "2016-09-30": 1505, "2016-06-30": 1305, "2016-03-31": "1740.00000", "2015-12-31": 1906, "2015-09-30": 1531, "2015-06-30": 1351, "2015-03-31": "1504.00000", "2014-12-31": 4186, "2014-09-30": 1489, "2014-06-30": 1504, "2014-03-31": "1784.00000", "2013-12-31": 4354, "2013-09-30": 1588, "2013-06-30": 1588, "2013-03-31": "2063.00000", "2012-12-31": -1798, "2012-09-30": 5292, "2012-06-30": 2383, "2012-03-31": "2049.00000", "2011-12-31": 2729, "2011-09-30": 2500, "2011-06-30": 2623, "2011-03-31": "3939.00000", "2010-12-31": 4401, "2010-09-30": 5045, "2010-06-30": 5904, "2010-03-31": "7550.00000", "2009-12-31": -423, "2009-09-30": 8712, "2009-06-30": 12009, "2009-03-31": "9351.00000", "2008-12-31": -13057, "2008-09-30": 8574, "2008-06-30": 7145, "2008-03-31": "5776.00000", "2007-12-31": 2619, "2007-09-30": 3794, "2007-06-30": 2250, "2007-03-31": "2233.00000", "2006-12-31": 611, "2006-09-30": 1337, "2006-06-30": 1281, "2006-03-31": "983.00000", "2005-12-31": -2295, "2005-09-30": 2275, "2005-06-30": 569, "2005-03-31": "704.00000"}, "Total Non-Cash Items": {"2020-12-31": -18607, "2020-09-30": 2975, "2020-06-30": 8057, "2020-03-31": "7575.00000", "2019-12-31": 2011, "2019-09-30": 2708, "2019-06-30": 2560, "2019-03-31": "2730.00000", "2018-12-31": 2716, "2018-09-30": 2610, "2018-06-30": 2596, "2018-03-31": "2572.00000", "2017-12-31": 27789, "2017-09-30": 2291, "2017-06-30": 2313, "2017-03-31": "2408.00000", "2016-12-31": 3991, "2016-09-30": 2443, "2016-06-30": 2173, "2016-03-31": "2648.00000", "2015-12-31": 2780, "2015-09-30": 2396, "2015-06-30": 2233, "2015-03-31": "2389.00000", "2014-12-31": 5674, "2014-09-30": 2423, "2014-06-30": 2400, "2014-03-31": "2627.00000", "2013-12-31": 4742, "2013-09-30": 3018, "2013-06-30": 2406, "2013-03-31": "2870.00000", "2012-12-31": -1267, "2012-09-30": 6044, "2012-06-30": 3157, "2012-03-31": "2787.00000", "2011-12-31": 3507, "2011-09-30": 3307, "2011-06-30": 3398, "2011-03-31": "4647.00000", "2010-12-31": 3736, "2010-09-30": 5201, "2010-06-30": 6562, "2010-03-31": "10269.00000", "2009-12-31": 1169, "2009-09-30": 9112, "2009-06-30": 12819, "2009-03-31": "9375.00000", "2008-12-31": -12676, "2008-09-30": 9113, "2008-06-30": 7712, "2008-03-31": "6564.00000", "2007-12-31": 3196, "2007-09-30": 4447, "2007-06-30": 2786, "2007-03-31": "2775.00000", "2006-12-31": 1254, "2006-09-30": 1901, "2006-06-30": 1902, "2006-03-31": "1564.00000", "2005-12-31": -1723, "2005-09-30": 2936, "2005-06-30": 1049, "2005-03-31": "1201.00000"}, "Change In Accounts Receivable": {"2020-12-31": -1288, "2020-09-30": 2488, "2020-06-30": 193, "2020-03-31": "-1393.00000", "2019-12-31": -1196, "2019-09-30": -742, "2019-06-30": -410, "2019-03-31": "1439.00000", "2018-12-31": -610, "2018-09-30": 1527, "2018-06-30": -1774, "2018-03-31": "1627.00000", "2017-12-31": -1722, "2017-09-30": 2484, "2017-06-30": -2464, "2017-03-31": "1949.00000", "2016-12-31": 2645, "2016-09-30": 2172, "2016-06-30": -2110, "2016-03-31": "3896.00000", "2015-12-31": -6393, "2015-09-30": 1055, "2015-06-30": 1012, "2015-03-31": "-2881.00000", "2014-12-31": 845, "2014-09-30": -135, "2014-06-30": -2299, "2014-03-31": "445.00000", "2013-12-31": 1700, "2013-09-30": 6004, "2013-06-30": -684, "2013-03-31": "-2699.00000", "2012-12-31": -3298, "2012-09-30": 222, "2012-06-30": -1891, "2012-03-31": "3861.00000", "2011-12-31": 1427, "2011-09-30": 2149, "2011-06-30": -1926, "2011-03-31": "-629.00000", "2010-12-31": 5814, "2010-09-30": -1637, "2010-06-30": -250, "2010-03-31": "-1444.00000", "2009-12-31": -106, "2009-09-30": -785, "2009-06-30": 69, "2009-03-31": "-889.00000", "2008-12-31": 6611, "2008-09-30": 6058, "2008-06-30": 9971, "2008-03-31": "6369.00000", "2007-12-31": -1741, "2007-09-30": -24797, "2007-06-30": -2598, "2007-03-31": "-1513.00000", "2006-12-31": 392, "2006-09-30": -1065, "2006-06-30": 1116, "2006-03-31": "-1725.00000", "2005-12-31": -3386, "2005-09-30": 2472, "2005-06-30": -646, "2005-03-31": ""}, "Change In Inventories": {"2020-12-31": 45019, "2020-09-30": 11814, "2020-06-30": -12059, "2020-03-31": "-44774.00000", "2019-12-31": 14964, "2019-09-30": -712, "2019-06-30": -20447, "2019-03-31": "-38340.00000", "2018-12-31": -1985, "2018-09-30": 12311, "2018-06-30": 2603, "2018-03-31": "2737.00000", "2017-12-31": -7015, "2017-09-30": 2190, "2017-06-30": -22075, "2017-03-31": "4487.00000", "2016-12-31": 17576, "2016-09-30": 3754, "2016-06-30": 2144, "2016-03-31": "-5157.00000", "2015-12-31": 8521, "2015-09-30": 1937, "2015-06-30": 17643, "2015-03-31": "-2795.00000", "2014-12-31": -4200, "2014-09-30": 13856, "2014-06-30": -13266, "2014-03-31": "23026.00000", "2013-12-31": -7492, "2013-09-30": 13874, "2013-06-30": 4547, "2013-03-31": "17285.00000", "2012-12-31": -20169, "2012-09-30": -3783, "2012-06-30": -10334, "2012-03-31": "-5442.00000", "2011-12-31": 18834, "2011-09-30": -1744, "2011-06-30": -3278, "2011-03-31": "21454.00000", "2010-12-31": 6875, "2010-09-30": -16682, "2010-06-30": 24824, "2010-03-31": "-7874.00000", "2009-12-31": 4564, "2009-09-30": -4618, "2009-06-30": -5225, "2009-03-31": "5761.00000", "2008-12-31": 40110, "2008-09-30": 28200, "2008-06-30": 60480, "2008-03-31": "-19549.00000", "2007-12-31": 54032, "2007-09-30": -45273, "2007-06-30": -12539, "2007-03-31": "-38125.00000", "2006-12-31": -35765, "2006-09-30": -27366, "2006-06-30": -1660, "2006-03-31": "-8535.00000", "2005-12-31": -21711, "2005-09-30": -5258, "2005-06-30": 5102, "2005-03-31": "-8518.00000"}, "Change In Accounts Payable": {"2020-12-31": 0, "2020-09-30": 0, "2020-06-30": 0, "2020-03-31": "", "2019-12-31": 0, "2019-09-30": 0, "2019-06-30": 0, "2019-03-31": "", "2018-12-31": 0, "2018-09-30": 0, "2018-06-30": 0, "2018-03-31": "", "2017-12-31": 0, "2017-09-30": 0, "2017-06-30": 0, "2017-03-31": "", "2016-12-31": 0, "2016-09-30": 0, "2016-06-30": 0, "2016-03-31": "", "2015-12-31": 0, "2015-09-30": 0, "2015-06-30": 0, "2015-03-31": "", "2014-12-31": 0, "2014-09-30": 0, "2014-06-30": 0, "2014-03-31": "", "2013-12-31": 0, "2013-09-30": 0, "2013-06-30": 0, "2013-03-31": "", "2012-12-31": 0, "2012-09-30": 0, "2012-06-30": 0, "2012-03-31": "", "2011-12-31": 0, "2011-09-30": 0, "2011-06-30": 0, "2011-03-31": "", "2010-12-31": 0, "2010-09-30": 0, "2010-06-30": 0, "2010-03-31": "", "2009-12-31": 0, "2009-09-30": 0, "2009-06-30": 0, "2009-03-31": "", "2008-12-31": 0, "2008-09-30": 0, "2008-06-30": 0, "2008-03-31": "", "2007-12-31": 0, "2007-09-30": 0, "2007-06-30": 0, "2007-03-31": "", "2006-12-31": 0, "2006-09-30": 0, "2006-06-30": 0, "2006-03-31": "", "2005-12-31": 0, "2005-09-30": 0, "2005-06-30": 0, "2005-03-31": ""}, "Change In Assets/Liabilities": {"2020-12-31": 7011, "2020-09-30": -11406, "2020-06-30": 8731, "2020-03-31": "-4336.00000", "2019-12-31": 944, "2019-09-30": -6479, "2019-06-30": 3052, "2019-03-31": "-11341.00000", "2018-12-31": -664, "2018-09-30": 912, "2018-06-30": 1040, "2018-03-31": "-1787.00000", "2017-12-31": -4797, "2017-09-30": 6342, "2017-06-30": -719, "2017-03-31": "-12541.00000", "2016-12-31": -3513, "2016-09-30": -2835, "2016-06-30": 8543, "2016-03-31": "-6549.00000", "2015-12-31": 154, "2015-09-30": 11579, "2015-06-30": -9132, "2015-03-31": "-1490.00000", "2014-12-31": 4639, "2014-09-30": -7057, "2014-06-30": 3874, "2014-03-31": "555.00000", "2013-12-31": -1899, "2013-09-30": -8728, "2013-06-30": 1900, "2013-03-31": "7385.00000", "2012-12-31": -13962, "2012-09-30": 2625, "2012-06-30": 9389, "2012-03-31": "906.00000", "2011-12-31": 14810, "2011-09-30": 12387, "2011-06-30": 1228, "2011-03-31": "-29224.00000", "2010-12-31": -10841, "2010-09-30": -16843, "2010-06-30": -11373, "2010-03-31": "35132.00000", "2009-12-31": -44119, "2009-09-30": -7186, "2009-06-30": -11266, "2009-03-31": "-26977.00000", "2008-12-31": -14216, "2008-09-30": 2136, "2008-06-30": -10621, "2008-03-31": "12730.00000", "2007-12-31": -25871, "2007-09-30": 1522, "2007-06-30": -29419, "2007-03-31": "19399.00000", "2006-12-31": -6635, "2006-09-30": 54815, "2006-06-30": -8721, "2006-03-31": "14534.00000", "2005-12-31": -113439, "2005-09-30": 136463, "2005-06-30": 4187, "2005-03-31": "7108.00000"}, "Total Change In Assets/Liabilities": {"2020-12-31": 50742, "2020-09-30": 2896, "2020-06-30": -3135, "2020-03-31": "-50503.00000", "2019-12-31": 14712, "2019-09-30": -7933, "2019-06-30": -17805, "2019-03-31": "-48242.00000", "2018-12-31": -3259, "2018-09-30": 14750, "2018-06-30": 1869, "2018-03-31": "2577.00000", "2017-12-31": -13534, "2017-09-30": 11016, "2017-06-30": -25258, "2017-03-31": "-6105.00000", "2016-12-31": 16708, "2016-09-30": 3091, "2016-06-30": 8577, "2016-03-31": "-7810.00000", "2015-12-31": 2282, "2015-09-30": 14571, "2015-06-30": 9523, "2015-03-31": "-7166.00000", "2014-12-31": 1284, "2014-09-30": 6664, "2014-06-30": -11691, "2014-03-31": "24026.00000", "2013-12-31": -7691, "2013-09-30": 11150, "2013-06-30": 5763, "2013-03-31": "21971.00000", "2012-12-31": -37429, "2012-09-30": -936, "2012-06-30": -2836, "2012-03-31": "-675.00000", "2011-12-31": 35071, "2011-09-30": 12792, "2011-06-30": -3976, "2011-03-31": "-8399.00000", "2010-12-31": 1848, "2010-09-30": -35162, "2010-06-30": 13201, "2010-03-31": "25814.00000", "2009-12-31": -39661, "2009-09-30": -12589, "2009-06-30": -16422, "2009-03-31": "-22105.00000", "2008-12-31": 32505, "2008-09-30": 36394, "2008-06-30": 59830, "2008-03-31": "-450.00000", "2007-12-31": 26420, "2007-09-30": -68548, "2007-06-30": -44556, "2007-03-31": "-20239.00000", "2006-12-31": -42008, "2006-09-30": 26384, "2006-06-30": -9265, "2006-03-31": "4274.00000", "2005-12-31": -138536, "2005-09-30": 133677, "2005-06-30": 8643, "2005-03-31": "-1410.00000"}, "Cash Flow From Operating Activities": {"2020-12-31": 22254, "2020-09-30": -3046, "2020-06-30": 6325, "2020-03-31": "-25533.00000", "2019-12-31": 22521, "2019-09-30": 2398, "2019-06-30": -140, "2019-03-31": "-37616.00000", "2018-12-31": 6886, "2018-09-30": 21747, "2018-06-30": 1363, "2018-03-31": "6956.00000", "2017-12-31": -5313, "2017-09-30": 18152, "2017-06-30": -18561, "2017-03-31": "-3052.00000", "2016-12-31": 25399, "2016-09-30": 7267, "2016-06-30": 21605, "2016-03-31": "-538.00000", "2015-12-31": -1627, "2015-09-30": 23018, "2015-06-30": 16253, "2015-03-31": "2093.00000", "2014-12-31": 10315, "2014-09-30": 10065, "2014-06-30": -3635, "2014-03-31": "29598.00000", "2013-12-31": 3935, "2013-09-30": 14244, "2013-06-30": 20044, "2013-03-31": "25021.00000", "2012-12-31": -17926, "2012-09-30": 3431, "2012-06-30": -5320, "2012-03-31": "9453.00000", "2011-12-31": 33975, "2011-09-30": 25975, "2011-06-30": 3806, "2011-03-31": "1039.00000", "2010-12-31": 11405, "2010-09-30": -17320, "2010-06-30": 6183, "2010-03-31": "35418.00000", "2009-12-31": -41088, "2009-09-30": 6905, "2009-06-30": -12046, "2009-03-31": "-8381.00000", "2008-12-31": -1260, "2008-09-30": 45798, "2008-06-30": 51397, "2008-03-31": "1751.00000", "2007-12-31": 39191, "2007-09-30": -70841, "2007-06-30": -21484, "2007-03-31": "-18417.00000", "2006-12-31": -37806, "2006-09-30": 34536, "2006-06-30": -65, "2006-03-31": "3170.00000", "2005-12-31": -128071, "2005-09-30": 143344, "2005-06-30": 13084, "2005-03-31": "3685.00000"}, "Net Change In Property, Plant, And Equipment": {"2020-12-31": 2275, "2020-09-30": -969, "2020-06-30": -848, "2020-03-31": "-458.00000", "2019-12-31": -799, "2019-09-30": -997, "2019-06-30": -2801, "2019-03-31": "-480.00000", "2018-12-31": -1054, "2018-09-30": -961, "2018-06-30": -679, "2018-03-31": "-868.00000", "2017-12-31": -774, "2017-09-30": -778, "2017-06-30": -779, "2017-03-31": "-653.00000", "2016-12-31": -464, "2016-09-30": -638, "2016-06-30": -515, "2016-03-31": "-472.00000", "2015-12-31": -620, "2015-09-30": -858, "2015-06-30": -538, "2015-03-31": "-605.00000", "2014-12-31": -749, "2014-09-30": -38, "2014-06-30": -1210, "2014-03-31": "-766.00000", "2013-12-31": -880, "2013-09-30": -714, "2013-06-30": -586, "2013-03-31": "-594.00000", "2012-12-31": -1516, "2012-09-30": 460, "2012-06-30": -778, "2012-03-31": "-681.00000", "2011-12-31": -741, "2011-09-30": -599, "2011-06-30": -519, "2011-03-31": "-266.00000", "2010-12-31": -595, "2010-09-30": 215, "2010-06-30": 277, "2010-03-31": "359.00000", "2009-12-31": -692, "2009-09-30": 501, "2009-06-30": 3480, "2009-03-31": "750.00000", "2008-12-31": 6653, "2008-09-30": 12826, "2008-06-30": 286, "2008-03-31": "421.00000", "2007-12-31": 1105, "2007-09-30": -506, "2007-06-30": -81, "2007-03-31": "-268.00000", "2006-12-31": -842, "2006-09-30": -451, "2006-06-30": -786, "2006-03-31": "-350.00000", "2005-12-31": -418, "2005-09-30": 10142, "2005-06-30": 18, "2005-03-31": "4145.00000"}, "Net Change In Intangible Assets": {"2020-12-31": 0, "2020-09-30": 0, "2020-06-30": 0, "2020-03-31": "", "2019-12-31": 0, "2019-09-30": 0, "2019-06-30": 0, "2019-03-31": "", "2018-12-31": 0, "2018-09-30": 0, "2018-06-30": 0, "2018-03-31": "", "2017-12-31": 0, "2017-09-30": 0, "2017-06-30": 0, "2017-03-31": "", "2016-12-31": 0, "2016-09-30": 0, "2016-06-30": 0, "2016-03-31": "", "2015-12-31": 0, "2015-09-30": 0, "2015-06-30": 0, "2015-03-31": "", "2014-12-31": 0, "2014-09-30": 0, "2014-06-30": 0, "2014-03-31": "", "2013-12-31": 0, "2013-09-30": 0, "2013-06-30": 0, "2013-03-31": "", "2012-12-31": 0, "2012-09-30": 0, "2012-06-30": 0, "2012-03-31": "", "2011-12-31": 0, "2011-09-30": 0, "2011-06-30": 0, "2011-03-31": "", "2010-12-31": 0, "2010-09-30": 0, "2010-06-30": 0, "2010-03-31": "", "2009-12-31": 0, "2009-09-30": 0, "2009-06-30": 0, "2009-03-31": "", "2008-12-31": 0, "2008-09-30": 0, "2008-06-30": 0, "2008-03-31": "", "2007-12-31": 0, "2007-09-30": 0, "2007-06-30": 0, "2007-03-31": "", "2006-12-31": 0, "2006-09-30": 0, "2006-06-30": 0, "2006-03-31": "", "2005-12-31": 0, "2005-09-30": 0, "2005-06-30": 0, "2005-03-31": ""}, "Net Acquisitions/Divestitures": {"2020-12-31": 0, "2020-09-30": 0, "2020-06-30": 0, "2020-03-31": "", "2019-12-31": 0, "2019-09-30": 0, "2019-06-30": 0, "2019-03-31": "", "2018-12-31": 0, "2018-09-30": 0, "2018-06-30": 0, "2018-03-31": "", "2017-12-31": 0, "2017-09-30": 0, "2017-06-30": 0, "2017-03-31": "", "2016-12-31": 0, "2016-09-30": 0, "2016-06-30": 0, "2016-03-31": "", "2015-12-31": 0, "2015-09-30": 0, "2015-06-30": 0, "2015-03-31": "", "2014-12-31": 0, "2014-09-30": 0, "2014-06-30": 0, "2014-03-31": "", "2013-12-31": 0, "2013-09-30": 0, "2013-06-30": 0, "2013-03-31": "", "2012-12-31": 0, "2012-09-30": 0, "2012-06-30": 0, "2012-03-31": "", "2011-12-31": 0, "2011-09-30": 0, "2011-06-30": 0, "2011-03-31": "", "2010-12-31": 0, "2010-09-30": 0, "2010-06-30": 0, "2010-03-31": "", "2009-12-31": 0, "2009-09-30": 0, "2009-06-30": 0, "2009-03-31": "", "2008-12-31": 0, "2008-09-30": 0, "2008-06-30": 0, "2008-03-31": "", "2007-12-31": -428, "2007-09-30": -1661, "2007-06-30": -11172, "2007-03-31": "-2353.00000", "2006-12-31": 0, "2006-09-30": 0, "2006-06-30": 0, "2006-03-31": "", "2005-12-31": 0, "2005-09-30": 0, "2005-06-30": 0, "2005-03-31": "-602.00000"}, "Net Change In Short-term Investments": {"2020-12-31": 0, "2020-09-30": 31595, "2020-06-30": -31595, "2020-03-31": "", "2019-12-31": 0, "2019-09-30": -10915, "2019-06-30": 10915, "2019-03-31": "", "2018-12-31": 0, "2018-09-30": 0, "2018-06-30": 0, "2018-03-31": "", "2017-12-31": 0, "2017-09-30": 0, "2017-06-30": 0, "2017-03-31": "", "2016-12-31": 20374, "2016-09-30": -4578, "2016-06-30": 8056, "2016-03-31": "-23852.00000", "2015-12-31": 25738, "2015-09-30": -7339, "2015-06-30": 2896, "2015-03-31": "-5807.00000", "2014-12-31": 14979, "2014-09-30": 10749, "2014-06-30": 17203, "2014-03-31": "-2015.00000", "2013-12-31": 3654, "2013-09-30": -14631, "2013-06-30": -14801, "2013-03-31": "-41093.00000", "2012-12-31": 67894, "2012-09-30": -14974, "2012-06-30": 28895, "2012-03-31": "-28165.00000", "2011-12-31": 5077, "2011-09-30": -4680, "2011-06-30": 7422, "2011-03-31": "-1166.00000", "2010-12-31": -12366, "2010-09-30": 10709, "2010-06-30": 2745, "2010-03-31": "3889.00000", "2009-12-31": 50316, "2009-09-30": -35108, "2009-06-30": -23517, "2009-03-31": "10828.00000", "2008-12-31": -91639, "2008-09-30": -10747, "2008-06-30": 5373, "2008-03-31": "-3952.00000", "2007-12-31": -10653, "2007-09-30": 12184, "2007-06-30": -16363, "2007-03-31": "-2384.00000", "2006-12-31": -8583, "2006-09-30": 1929, "2006-06-30": -2604, "2006-03-31": "-1619.00000", "2005-12-31": 3180, "2005-09-30": 846, "2005-06-30": -3234, "2005-03-31": "-5728.00000"}, "Net Change In Long-Term Investments": {"2020-12-31": 105407, "2020-09-30": -37806, "2020-06-30": -21331, "2020-03-31": "-46270.00000", "2019-12-31": 213, "2019-09-30": -2265, "2019-06-30": -12168, "2019-03-31": "15315.00000", "2018-12-31": -3192, "2018-09-30": -14141, "2018-06-30": -4023, "2018-03-31": "-24242.00000", "2017-12-31": 20599, "2017-09-30": -20603, "2017-06-30": 4574, "2017-03-31": "5762.00000", "2016-12-31": -10437, "2016-09-30": -2549, "2016-06-30": -8525, "2016-03-31": "-9321.00000", "2015-12-31": 9793, "2015-09-30": -4753, "2015-06-30": -4907, "2015-03-31": "3917.00000", "2014-12-31": -1424, "2014-09-30": -7045, "2014-06-30": 2770, "2014-03-31": "-8885.00000", "2013-12-31": -4014, "2013-09-30": 861, "2013-06-30": -7330, "2013-03-31": "9865.00000", "2012-12-31": -2357, "2012-09-30": 11495, "2012-06-30": -2876, "2012-03-31": "-2758.00000", "2011-12-31": -8877, "2011-09-30": 17515, "2011-06-30": 22645, "2011-03-31": "-23008.00000", "2010-12-31": 18684, "2010-09-30": -25170, "2010-06-30": -9420, "2010-03-31": "-16638.00000", "2009-12-31": -52099, "2009-09-30": 5377, "2009-06-30": -17950, "2009-03-31": "2566.00000", "2008-12-31": -23110, "2008-09-30": 4491, "2008-06-30": -28662, "2008-03-31": "5923.00000", "2007-12-31": 13169, "2007-09-30": 19993, "2007-06-30": 33330, "2007-03-31": "-7819.00000", "2006-12-31": -19431, "2006-09-30": -54264, "2006-06-30": -740, "2006-03-31": "-13579.00000", "2005-12-31": -13889, "2005-09-30": -1609, "2005-06-30": -2486, "2005-03-31": "-4923.00000"}, "Net Change In Investments - Total": {"2020-12-31": 105407, "2020-09-30": -6211, "2020-06-30": -52926, "2020-03-31": "-46270.00000", "2019-12-31": 213, "2019-09-30": -13180, "2019-06-30": -1253, "2019-03-31": "15315.00000", "2018-12-31": -3192, "2018-09-30": -14141, "2018-06-30": -4023, "2018-03-31": "-24242.00000", "2017-12-31": 20599, "2017-09-30": -20603, "2017-06-30": 4574, "2017-03-31": "5762.00000", "2016-12-31": 9937, "2016-09-30": -7127, "2016-06-30": -469, "2016-03-31": "-33173.00000", "2015-12-31": 35531, "2015-09-30": -12092, "2015-06-30": -2011, "2015-03-31": "-1890.00000", "2014-12-31": 13555, "2014-09-30": 3704, "2014-06-30": 19973, "2014-03-31": "-10900.00000", "2013-12-31": -360, "2013-09-30": -13770, "2013-06-30": -22131, "2013-03-31": "-31228.00000", "2012-12-31": 65537, "2012-09-30": -3479, "2012-06-30": 26019, "2012-03-31": "-30923.00000", "2011-12-31": -3800, "2011-09-30": 12835, "2011-06-30": 30067, "2011-03-31": "-24174.00000", "2010-12-31": 6318, "2010-09-30": -14461, "2010-06-30": -6675, "2010-03-31": "-12749.00000", "2009-12-31": -1783, "2009-09-30": -29731, "2009-06-30": -41467, "2009-03-31": "13394.00000", "2008-12-31": -114749, "2008-09-30": -6256, "2008-06-30": -23289, "2008-03-31": "1971.00000", "2007-12-31": 2516, "2007-09-30": 32177, "2007-06-30": 16967, "2007-03-31": "-10203.00000", "2006-12-31": -28014, "2006-09-30": -52335, "2006-06-30": -3344, "2006-03-31": "-15198.00000", "2005-12-31": -10709, "2005-09-30": -763, "2005-06-30": -5720, "2005-03-31": "-10651.00000"}, "Investing Activities - Other": {"2020-12-31": -24482, "2020-09-30": 15669, "2020-06-30": 34942, "2020-03-31": "-26129.00000", "2019-12-31": -10696, "2019-09-30": -3213, "2019-06-30": -6691, "2019-03-31": "1208.00000", "2018-12-31": -12309, "2018-09-30": -4832, "2018-06-30": 197, "2018-03-31": "-7014.00000", "2017-12-31": -15116, "2017-09-30": -10121, "2017-06-30": -18878, "2017-03-31": "-1984.00000", "2016-12-31": 8008, "2016-09-30": -6338, "2016-06-30": -19339, "2016-03-31": "-3545.00000", "2015-12-31": -3003, "2015-09-30": 4537, "2015-06-30": -13658, "2015-03-31": "10090.00000", "2014-12-31": 3897, "2014-09-30": 11701, "2014-06-30": -10855, "2014-03-31": "270.00000", "2013-12-31": -11531, "2013-09-30": -8889, "2013-06-30": -4211, "2013-03-31": "3556.00000", "2012-12-31": -15623, "2012-09-30": -1052, "2012-06-30": -859, "2012-03-31": "-6770.00000", "2011-12-31": -24127, "2011-09-30": -595, "2011-06-30": -4301, "2011-03-31": "7448.00000", "2010-12-31": 6963, "2010-09-30": 4619, "2010-06-30": 32278, "2010-03-31": "26788.00000", "2009-12-31": 34935, "2009-09-30": 17481, "2009-06-30": 11970, "2009-03-31": "28330.00000", "2008-12-31": 27283, "2008-09-30": 7968, "2008-06-30": 23784, "2008-03-31": "-15748.00000", "2007-12-31": -9493, "2007-09-30": -32189, "2007-06-30": -35708, "2007-03-31": "-11080.00000", "2006-12-31": -26214, "2006-09-30": -20341, "2006-06-30": -33908, "2006-03-31": "-22423.00000", "2005-12-31": 121382, "2005-09-30": -153780, "2005-06-30": -10599, "2005-03-31": "-2668.00000"}, "Cash Flow From Investing Activities": {"2020-12-31": 83200, "2020-09-30": 8489, "2020-06-30": -18832, "2020-03-31": "-72857.00000", "2019-12-31": -11282, "2019-09-30": -17390, "2019-06-30": -10745, "2019-03-31": "16043.00000", "2018-12-31": -16555, "2018-09-30": -19934, "2018-06-30": -4505, "2018-03-31": "-32124.00000", "2017-12-31": 4709, "2017-09-30": -31502, "2017-06-30": -15083, "2017-03-31": "3125.00000", "2016-12-31": 17481, "2016-09-30": -14103, "2016-06-30": -20323, "2016-03-31": "-37190.00000", "2015-12-31": 31908, "2015-09-30": -8413, "2015-06-30": -16207, "2015-03-31": "7595.00000", "2014-12-31": 16703, "2014-09-30": 15367, "2014-06-30": 7908, "2014-03-31": "-11396.00000", "2013-12-31": -12771, "2013-09-30": -23373, "2013-06-30": -26928, "2013-03-31": "-28266.00000", "2012-12-31": 48398, "2012-09-30": -4071, "2012-06-30": 24382, "2012-03-31": "-38374.00000", "2011-12-31": -28668, "2011-09-30": 11641, "2011-06-30": 25247, "2011-03-31": "-16992.00000", "2010-12-31": 12686, "2010-09-30": -9627, "2010-06-30": 25880, "2010-03-31": "14398.00000", "2009-12-31": 32460, "2009-09-30": -11749, "2009-06-30": -26017, "2009-03-31": "42474.00000", "2008-12-31": -80813, "2008-09-30": 14538, "2008-06-30": 781, "2008-03-31": "-13356.00000", "2007-12-31": -6300, "2007-09-30": -2179, "2007-06-30": -29994, "2007-03-31": "-23904.00000", "2006-12-31": -55070, "2006-09-30": -73127, "2006-06-30": -38038, "2006-03-31": "-37971.00000", "2005-12-31": 110255, "2005-09-30": -144401, "2005-06-30": -16301, "2005-03-31": "-9776.00000"}, "Net Long-Term Debt": {"2020-12-31": -18078, "2020-09-30": -8096, "2020-06-30": 10328, "2020-03-31": "15846.00000", "2019-12-31": -5600, "2019-09-30": -11145, "2019-06-30": 4437, "2019-03-31": "8984.00000", "2018-12-31": 18188, "2018-09-30": 156, "2018-06-30": -12699, "2018-03-31": "18369.00000", "2017-12-31": -539, "2017-09-30": 25607, "2017-06-30": 10235, "2017-03-31": "6127.00000", "2016-12-31": -5960, "2016-09-30": 9344, "2016-06-30": -13048, "2016-03-31": "13335.00000", "2015-12-31": -32373, "2015-09-30": -3917, "2015-06-30": 2980, "2015-03-31": "-1856.00000", "2014-12-31": -1484, "2014-09-30": -5357, "2014-06-30": -3360, "2014-03-31": "-11960.00000", "2013-12-31": -7914, "2013-09-30": 253, "2013-06-30": -8727, "2013-03-31": "-925.00000", "2012-12-31": -18942, "2012-09-30": -20428, "2012-06-30": -22056, "2012-03-31": "-15443.00000", "2011-12-31": -9058, "2011-09-30": -16743, "2011-06-30": -27049, "2011-03-31": "-5999.00000", "2010-12-31": -7466, "2010-09-30": -6155, "2010-06-30": -19261, "2010-03-31": "-9351.00000", "2009-12-31": -20269, "2009-09-30": 13061, "2009-06-30": 2210, "2009-03-31": "-8657.00000", "2008-12-31": -15725, "2008-09-30": -18860, "2008-06-30": -300, "2008-03-31": "-7602.00000", "2007-12-31": 13311, "2007-09-30": 13774, "2007-06-30": 16527, "2007-03-31": "9367.00000", "2006-12-31": 26205, "2006-09-30": 19625, "2006-06-30": 10774, "2006-03-31": "10615.00000", "2005-12-31": 4451, "2005-09-30": 4858, "2005-06-30": 5416, "2005-03-31": "1763.00000"}, "Net Current Debt": {"2020-12-31": -33278, "2020-09-30": -11212, "2020-06-30": -21397, "2020-03-31": "65887.00000", "2019-12-31": -7460, "2019-09-30": 6702, "2019-06-30": -6119, "2019-03-31": "19580.00000", "2018-12-31": -21063, "2018-09-30": -5375, "2018-06-30": 22690, "2018-03-31": "-8358.00000", "2017-12-31": 6303, "2017-09-30": -11329, "2017-06-30": 23351, "2017-03-31": "-4574.00000", "2016-12-31": 1174, "2016-09-30": -386, "2016-06-30": 9020, "2016-03-31": "-186.00000", "2015-12-31": -1500, "2015-09-30": -6902, "2015-06-30": -9924, "2015-03-31": "-18930.00000", "2014-12-31": -6503, "2014-09-30": 5304, "2014-06-30": 141, "2014-03-31": "-41.00000", "2013-12-31": 40, "2013-09-30": -6621, "2013-06-30": 10614, "2013-03-31": "-3834.00000", "2012-12-31": 2863, "2012-09-30": -9784, "2012-06-30": 2837, "2012-03-31": "1920.00000", "2011-12-31": -11195, "2011-09-30": -7071, "2011-06-30": -5733, "2011-03-31": "-1068.00000", "2010-12-31": -10068, "2010-09-30": -3894, "2010-06-30": 658, "2010-03-31": "-33885.00000", "2009-12-31": 4148, "2009-09-30": -35646, "2009-06-30": -10195, "2009-03-31": "-10302.00000", "2008-12-31": 27837, "2008-09-30": -9590, "2008-06-30": -21354, "2008-03-31": "-10689.00000", "2007-12-31": -52638, "2007-09-30": 28329, "2007-06-30": 25016, "2007-03-31": "9718.00000", "2006-12-31": 30332, "2006-09-30": -2080, "2006-06-30": 14451, "2006-03-31": "-8800.00000", "2005-12-31": 8706, "2005-09-30": -4760, "2005-06-30": 280, "2005-03-31": "5937.00000"}, "Debt Issuance/Retirement Net - Total": {"2020-12-31": -51356, "2020-09-30": -19308, "2020-06-30": -11069, "2020-03-31": "81733.00000", "2019-12-31": -13060, "2019-09-30": -4443, "2019-06-30": -1682, "2019-03-31": "28564.00000", "2018-12-31": -2875, "2018-09-30": -5219, "2018-06-30": 9991, "2018-03-31": "10011.00000", "2017-12-31": 5764, "2017-09-30": 14278, "2017-06-30": 33586, "2017-03-31": "1553.00000", "2016-12-31": -4786, "2016-09-30": 8958, "2016-06-30": -4028, "2016-03-31": "13149.00000", "2015-12-31": -33873, "2015-09-30": -10819, "2015-06-30": -6944, "2015-03-31": "-20786.00000", "2014-12-31": -7987, "2014-09-30": -53, "2014-06-30": -3219, "2014-03-31": "-12001.00000", "2013-12-31": -7874, "2013-09-30": -6368, "2013-06-30": 1887, "2013-03-31": "-4759.00000", "2012-12-31": -16079, "2012-09-30": -30212, "2012-06-30": -19219, "2012-03-31": "-13523.00000", "2011-12-31": -20253, "2011-09-30": -23814, "2011-06-30": -32782, "2011-03-31": "-7067.00000", "2010-12-31": -17534, "2010-09-30": -10049, "2010-06-30": -18603, "2010-03-31": "-43236.00000", "2009-12-31": -16121, "2009-09-30": -22585, "2009-06-30": -7985, "2009-03-31": "-18959.00000", "2008-12-31": 12112, "2008-09-30": -28450, "2008-06-30": -21654, "2008-03-31": "-18291.00000", "2007-12-31": -39327, "2007-09-30": 42103, "2007-06-30": 41543, "2007-03-31": "19085.00000", "2006-12-31": 56537, "2006-09-30": 17545, "2006-06-30": 25225, "2006-03-31": "1815.00000", "2005-12-31": 13157, "2005-09-30": 98, "2005-06-30": 5696, "2005-03-31": "7700.00000"}, "Net Common Equity Issued/Repurchased": {"2020-12-31": 2925, "2020-09-30": 0, "2020-06-30": 0, "2020-03-31": "-2925.00000", "2019-12-31": -5076, "2019-09-30": -4977, "2019-06-30": -3463, "2019-03-31": "-4055.00000", "2018-12-31": -4585, "2018-09-30": -5162, "2018-06-30": -2308, "2018-03-31": "-2378.00000", "2017-12-31": -5470, "2017-09-30": -5436, "2017-06-30": -1777, "2017-03-31": "-1858.00000", "2016-12-31": -4123, "2016-09-30": -2533, "2016-06-30": -1322, "2016-03-31": "-1312.00000", "2015-12-31": -1652, "2015-09-30": -1950, "2015-06-30": -1553, "2015-03-31": "-297.00000", "2014-12-31": -380, "2014-09-30": -186, "2014-06-30": -302, "2014-03-31": "-364.00000", "2013-12-31": -218, "2013-09-30": -437, "2013-06-30": -182, "2013-03-31": "", "2012-12-31": -1, "2012-09-30": 0, "2012-06-30": 0, "2012-03-31": "-4.00000", "2011-12-31": 0, "2011-09-30": 1874, "2011-06-30": 0, "2011-03-31": "1875.00000", "2010-12-31": -1, "2010-09-30": 1875, "2010-06-30": -4, "2010-03-31": "1874.00000", "2009-12-31": 20298, "2009-09-30": -1, "2009-06-30": -1, "2009-03-31": "-1.00000", "2008-12-31": 1903, "2008-09-30": -1, "2008-06-30": 4915, "2008-03-31": "40.00000", "2007-12-31": 53, "2007-09-30": 145, "2007-06-30": 450, "2007-03-31": "-251.00000", "2006-12-31": -412, "2006-09-30": -1690, "2006-06-30": -1358, "2006-03-31": "-1742.00000", "2005-12-31": -3918, "2005-09-30": -5148, "2005-06-30": -1701, "2005-03-31": "-627.00000"}, "Net Total Equity Issued/Repurchased": {"2020-12-31": 2925, "2020-09-30": 0, "2020-06-30": 0, "2020-03-31": "-2925.00000", "2019-12-31": -6576, "2019-09-30": -3481, "2019-06-30": -3463, "2019-03-31": "-4535.00000", "2018-12-31": -5160, "2018-09-30": -5162, "2018-06-30": -2429, "2018-03-31": "-2475.00000", "2017-12-31": -5470, "2017-09-30": -5436, "2017-06-30": -1777, "2017-03-31": "-1858.00000", "2016-12-31": -4123, "2016-09-30": -2533, "2016-06-30": 172, "2016-03-31": "-308.00000", "2015-12-31": -156, "2015-09-30": -705, "2015-06-30": 439, "2015-03-31": "1197.00000", "2014-12-31": 1113, "2014-09-30": -186, "2014-06-30": 1437, "2014-03-31": "103.00000", "2013-12-31": 1199, "2013-09-30": 513, "2013-06-30": 974, "2013-03-31": "575.00000", "2012-12-31": 2249, "2012-09-30": 0, "2012-06-30": 0, "2012-03-31": "-4.00000", "2011-12-31": 0, "2011-09-30": 1874, "2011-06-30": 0, "2011-03-31": "1875.00000", "2010-12-31": -1, "2010-09-30": 1875, "2010-06-30": -4, "2010-03-31": "1874.00000", "2009-12-31": 20298, "2009-09-30": -1, "2009-06-30": -1, "2009-03-31": "-1.00000", "2008-12-31": 45105, "2008-09-30": -1, "2008-06-30": 12955, "2008-03-31": "19424.00000", "2007-12-31": -147, "2007-09-30": -255, "2007-06-30": 50, "2007-03-31": "-251.00000", "2006-12-31": -412, "2006-09-30": -1690, "2006-06-30": -1358, "2006-03-31": "-1867.00000", "2005-12-31": -3918, "2005-09-30": -5148, "2005-06-30": -1701, "2005-03-31": "-627.00000"}, "Total Common And Preferred Stock Dividends Paid": {"2020-12-31": 4024, "2020-09-30": -1345, "2020-06-30": -1314, "2020-03-31": "-1365.00000", "2019-12-31": -1399, "2019-09-30": -1398, "2019-06-30": -1330, "2019-03-31": "-1320.00000", "2018-12-31": -1404, "2018-09-30": -1384, "2018-06-30": -1137, "2018-03-31": "-1095.00000", "2017-12-31": -1158, "2017-09-30": -1135, "2017-06-30": -760, "2017-03-31": "-744.00000", "2016-12-31": -770, "2016-09-30": -689, "2016-06-30": -469, "2016-03-31": "-359.00000", "2015-12-31": -415, "2015-09-30": -324, "2015-06-30": -355, "2015-03-31": "-159.00000", "2014-12-31": -190, "2014-09-30": -159, "2014-06-30": -130, "2014-03-31": "-154.00000", "2013-12-31": -100, "2013-09-30": -140, "2013-06-30": -40, "2013-03-31": "-34.00000", "2012-12-31": -39, "2012-09-30": -33, "2012-06-30": -37, "2012-03-31": "-34.00000", "2011-12-31": -38, "2011-09-30": -27, "2011-06-30": -38, "2011-03-31": "-4.00000", "2010-12-31": -9, "2010-09-30": 0, "2010-06-30": 0, "2010-03-31": "", "2009-12-31": -2, "2009-09-30": -696, "2009-06-30": -1465, "2009-03-31": "-1074.00000", "2008-12-31": -1518, "2008-09-30": -2135, "2008-06-30": -2114, "2008-03-31": "-1759.00000", "2007-12-31": -2692, "2007-09-30": -2699, "2007-06-30": -2689, "2007-03-31": "-2698.00000", "2006-12-31": -2406, "2006-09-30": -2458, "2006-06-30": -2471, "2006-03-31": "-2491.00000", "2005-12-31": -2245, "2005-09-30": -2301, "2005-06-30": -2316, "2005-03-31": "-2326.00000"}, "Financial Activities - Other": {"2020-12-31": -191625, "2020-09-30": 28962, "2020-06-30": 48748, "2020-03-31": "113915.00000", "2019-12-31": -17183, "2019-09-30": 42161, "2019-06-30": 15250, "2019-03-31": "16828.00000", "2018-12-31": 7991, "2018-09-30": 8442, "2018-06-30": -4489, "2018-03-31": "40922.00000", "2017-12-31": -4219, "2017-09-30": 5294, "2017-06-30": 8749, "2017-03-31": "20187.00000", "2016-12-31": -7974, "2016-09-30": 2399, "2016-06-30": 3257, "2016-03-31": "26396.00000", "2015-12-31": 3641, "2015-09-30": -3796, "2015-06-30": 8386, "2015-03-31": "-104.00000", "2014-12-31": -22721, "2014-09-30": -23071, "2014-06-30": -544, "2014-03-31": "-2508.00000", "2013-12-31": 12812, "2013-09-30": 17030, "2013-06-30": 4661, "2013-03-31": "2758.00000", "2012-12-31": -14084, "2012-09-30": 30333, "2012-06-30": 8292, "2012-03-31": "39889.00000", "2011-12-31": 17530, "2011-09-30": -15034, "2011-06-30": 444, "2011-03-31": "20688.00000", "2010-12-31": -5147, "2010-09-30": 36082, "2010-06-30": -14561, "2010-03-31": "-8115.00000", "2009-12-31": 3296, "2009-09-30": 27858, "2009-06-30": 42021, "2009-03-31": "-11577.00000", "2008-12-31": -5423, "2008-09-30": -9875, "2008-06-30": -27605, "2008-03-31": "4692.00000", "2007-12-31": 8874, "2007-09-30": 41006, "2007-06-30": 18508, "2007-03-31": "24083.00000", "2006-12-31": 42737, "2006-09-30": 23405, "2006-06-30": 19415, "2006-03-31": "34961.00000", "2005-12-31": 11326, "2005-09-30": 8484, "2005-06-30": 3555, "2005-03-31": "3652.00000"}, "Cash Flow From Financial Activities": {"2020-12-31": -236032, "2020-09-30": 8309, "2020-06-30": 36365, "2020-03-31": "191358.00000", "2019-12-31": -38218, "2019-09-30": 32839, "2019-06-30": 8775, "2019-03-31": "39537.00000", "2018-12-31": -1448, "2018-09-30": -3323, "2018-06-30": 1936, "2018-03-31": "47363.00000", "2017-12-31": -5083, "2017-09-30": 13001, "2017-06-30": 39798, "2017-03-31": "19138.00000", "2016-12-31": -17653, "2016-09-30": 8135, "2016-06-30": -1068, "2016-03-31": "38878.00000", "2015-12-31": -30803, "2015-09-30": -15644, "2015-06-30": 1526, "2015-03-31": "-19852.00000", "2014-12-31": -29785, "2014-09-30": -23469, "2014-06-30": -2456, "2014-03-31": "-14560.00000", "2013-12-31": 6037, "2013-09-30": 11035, "2013-06-30": 7482, "2013-03-31": "-1460.00000", "2012-12-31": -27953, "2012-09-30": 88, "2012-06-30": -10964, "2012-03-31": "26328.00000", "2011-12-31": -2761, "2011-09-30": -37001, "2011-06-30": -32376, "2011-03-31": "15492.00000", "2010-12-31": -22691, "2010-09-30": 27908, "2010-06-30": -33168, "2010-03-31": "-49477.00000", "2009-12-31": 7471, "2009-09-30": 4576, "2009-06-30": 32570, "2009-03-31": "-31611.00000", "2008-12-31": 50276, "2008-09-30": -40461, "2008-06-30": -38418, "2008-03-31": "4066.00000", "2007-12-31": -33292, "2007-09-30": 80155, "2007-06-30": 57412, "2007-03-31": "40219.00000", "2006-12-31": 96456, "2006-09-30": 36802, "2006-06-30": 40811, "2006-03-31": "32418.00000", "2005-12-31": 18320, "2005-09-30": 1133, "2005-06-30": 5234, "2005-03-31": "8399.00000"}, "Net Cash Flow": {"2020-12-31": -129776, "2020-09-30": 13922, "2020-06-30": 23853, "2020-03-31": "92001.00000", "2019-12-31": -26524, "2019-09-30": 17200, "2019-06-30": -2650, "2019-03-31": "17788.00000", "2018-12-31": -11181, "2018-09-30": -1616, "2018-06-30": -1802, "2018-03-31": "22188.00000", "2017-12-31": -5593, "2017-09-30": 27, "2017-06-30": 6037, "2017-03-31": "19551.00000", "2016-12-31": 24878, "2016-09-30": 1279, "2016-06-30": -100, "2016-03-31": "1340.00000", "2015-12-31": -826, "2015-09-30": -1687, "2015-06-30": 1533, "2015-03-31": "-10228.00000", "2014-12-31": -3868, "2014-09-30": 708, "2014-06-30": 1888, "2014-03-31": "3495.00000", "2013-12-31": -2925, "2013-09-30": 1665, "2013-06-30": -5, "2013-03-31": "-5303.00000", "2012-12-31": 2651, "2012-09-30": -125, "2012-06-30": 7422, "2012-03-31": "-2196.00000", "2011-12-31": -249, "2011-09-30": 1184, "2011-06-30": -76, "2011-03-31": "-130.00000", "2010-12-31": 1630, "2010-09-30": 1633, "2010-06-30": -969, "2010-03-31": "206.00000", "2009-12-31": -1010, "2009-09-30": -433, "2009-06-30": -4148, "2009-03-31": "1810.00000", "2008-12-31": -33773, "2008-09-30": 18202, "2008-06-30": 13987, "2008-03-31": "-7369.00000", "2007-12-31": -20, "2007-09-30": 7591, "2007-06-30": 6214, "2007-03-31": "-2093.00000", "2006-12-31": 3971, "2006-09-30": -1768, "2006-06-30": 2900, "2006-03-31": "-2221.00000", "2005-12-31": -1036, "2005-09-30": 54, "2005-06-30": 1937, "2005-03-31": "2064.00000"}, "Stock-Based Compensation": {"2020-12-31": 0, "2020-09-30": 0, "2020-06-30": 0, "2020-03-31": "", "2019-12-31": 0, "2019-09-30": 0, "2019-06-30": 0, "2019-03-31": "", "2018-12-31": 0, "2018-09-30": 0, "2018-06-30": 0, "2018-03-31": "", "2017-12-31": 0, "2017-09-30": 0, "2017-06-30": 0, "2017-03-31": "", "2016-12-31": 0, "2016-09-30": 0, "2016-06-30": 0, "2016-03-31": "", "2015-12-31": 0, "2015-09-30": 0, "2015-06-30": 0, "2015-03-31": "", "2014-12-31": 0, "2014-09-30": 0, "2014-06-30": 0, "2014-03-31": "", "2013-12-31": 0, "2013-09-30": 0, "2013-06-30": 0, "2013-03-31": "", "2012-12-31": 0, "2012-09-30": 0, "2012-06-30": 0, "2012-03-31": "", "2011-12-31": 0, "2011-09-30": 0, "2011-06-30": 0, "2011-03-31": "", "2010-12-31": 0, "2010-09-30": 0, "2010-06-30": 0, "2010-03-31": "", "2009-12-31": 0, "2009-09-30": 0, "2009-06-30": 0, "2009-03-31": "", "2008-12-31": 0, "2008-09-30": 0, "2008-06-30": 0, "2008-03-31": "", "2007-12-31": 0, "2007-09-30": 0, "2007-06-30": 0, "2007-03-31": "", "2006-12-31": 0, "2006-09-30": 0, "2006-06-30": 0, "2006-03-31": "", "2005-12-31": 0, "2005-09-30": 0, "2005-06-30": 0, "2005-03-31": ""}, "Common Stock Dividends Paid": {"2020-12-31": 4024, "2020-09-30": -1345, "2020-06-30": -1314, "2020-03-31": "-1365.00000", "2019-12-31": -1399, "2019-09-30": -1398, "2019-06-30": -1330, "2019-03-31": "-1320.00000", "2018-12-31": -1404, "2018-09-30": -1384, "2018-06-30": -1137, "2018-03-31": "-1095.00000", "2017-12-31": -1158, "2017-09-30": -1135, "2017-06-30": -760, "2017-03-31": "-744.00000", "2016-12-31": -770, "2016-09-30": -689, "2016-06-30": -469, "2016-03-31": "-359.00000", "2015-12-31": -415, "2015-09-30": -324, "2015-06-30": -355, "2015-03-31": "-159.00000", "2014-12-31": -190, "2014-09-30": -159, "2014-06-30": -130, "2014-03-31": "-154.00000", "2013-12-31": -100, "2013-09-30": -140, "2013-06-30": -40, "2013-03-31": "-34.00000", "2012-12-31": -39, "2012-09-30": -33, "2012-06-30": -37, "2012-03-31": "-34.00000", "2011-12-31": -38, "2011-09-30": -27, "2011-06-30": -38, "2011-03-31": "-4.00000", "2010-12-31": -9, "2010-09-30": 0, "2010-06-30": 0, "2010-03-31": "0.00000", "2009-12-31": -2, "2009-09-30": -696, "2009-06-30": -1465, "2009-03-31": "-1074.00000", "2008-12-31": -1518, "2008-09-30": -2135, "2008-06-30": -2114, "2008-03-31": "-1759.00000", "2007-12-31": -2692, "2007-09-30": -2699, "2007-06-30": -2689, "2007-03-31": "-2698.00000", "2006-12-31": -2406, "2006-09-30": -2458, "2006-06-30": -2471, "2006-03-31": "-2491.00000", "2005-12-31": -2245, "2005-09-30": -2301, "2005-06-30": -2316, "2005-03-31": "-2326.00000"}}, "financial ratios": {"Current Ratio": {"2019-12-31": "", "2018-12-31": "", "2017-12-31": "", "2016-12-31": "", "2015-12-31": "", "2014-12-31": "", "2013-12-31": "", "2012-12-31": "", "2011-12-31": "", "2010-12-31": "", "2009-12-31": "", "2008-12-31": "", "2007-12-31": "", "2006-12-31": "", "2005-12-31": ""}, "Long-term Debt / Capital": {"2019-12-31": "0.56190", "2018-12-31": "0.54070", "2017-12-31": "0.54000", "2016-12-31": "0.47690", "2015-12-31": "0.47430", "2014-12-31": "0.51310", "2013-12-31": "0.51750", "2012-12-31": "0.55630", "2011-12-31": "0.64310", "2010-12-31": "0.69690", "2009-12-31": "0.70140", "2008-12-31": "0.71400", "2007-12-31": "0.79010", "2006-12-31": "0.70660", "2005-12-31": "0.65900"}, "Debt/Equity Ratio": {"2019-12-31": "2.99070", "2018-12-31": "2.97560", "2017-12-31": "2.78970", "2016-12-31": "2.28950", "2015-12-31": "2.18010", "2014-12-31": "2.80540", "2013-12-31": "2.87360", "2012-12-31": "3.23710", "2011-12-31": "3.91150", "2010-12-31": "4.69620", "2009-12-31": "4.67620", "2008-12-31": "5.95310", "2007-12-31": "9.34290", "2006-12-31": "7.38380", "2005-12-31": "5.75750"}, "Gross Margin": {"2019-12-31": "", "2018-12-31": "", "2017-12-31": "", "2016-12-31": "", "2015-12-31": "", "2014-12-31": "", "2013-12-31": "", "2012-12-31": "", "2011-12-31": "", "2010-12-31": "", "2009-12-31": "", "2008-12-31": "", "2007-12-31": "", "2006-12-31": "", "2005-12-31": ""}, "Operating Margin": {"2019-12-31": "", "2018-12-31": "", "2017-12-31": "", "2016-12-31": "", "2015-12-31": "", "2014-12-31": "", "2013-12-31": "", "2012-12-31": "", "2011-12-31": "", "2010-12-31": "", "2009-12-31": "", "2008-12-31": "", "2007-12-31": "", "2006-12-31": "", "2005-12-31": ""}, "EBIT Margin": {"2019-12-31": "", "2018-12-31": "", "2017-12-31": "", "2016-12-31": "", "2015-12-31": "", "2014-12-31": "", "2013-12-31": "", "2012-12-31": "", "2011-12-31": "", "2010-12-31": "", "2009-12-31": "", "2008-12-31": "", "2007-12-31": "", "2006-12-31": "", "2005-12-31": ""}, "EBITDA Margin": {"2019-12-31": "", "2018-12-31": "", "2017-12-31": "", "2016-12-31": "", "2015-12-31": "", "2014-12-31": "", "2013-12-31": "", "2012-12-31": "", "2011-12-31": "", "2010-12-31": "", "2009-12-31": "", "2008-12-31": "", "2007-12-31": "", "2006-12-31": "", "2005-12-31": ""}, "Pre-Tax Profit Margin": {"2019-12-31": "36.17640", "2018-12-31": "35.79390", "2017-12-31": "35.04870", "2016-12-31": "33.53270", "2015-12-31": "35.85190", "2014-12-31": "20.88480", "2013-12-31": "28.64870", "2012-12-31": "13.32320", "2011-12-31": "22.30780", "2010-12-31": "21.46990", "2009-12-31": "-18.78150", "2008-12-31": "-292.07810", "2007-12-31": "1.06830", "2006-12-31": "35.60810", "2005-12-31": "38.87440"}, "Net Profit Margin": {"2019-12-31": "27.50350", "2018-12-31": "25.45190", "2017-12-31": "-12.39280", "2016-12-31": "21.29650", "2015-12-31": "23.46560", "2014-12-31": "9.50120", "2013-12-31": "19.48060", "2012-12-31": "12.79540", "2011-12-31": "16.73010", "2010-12-31": "17.25050", "2009-12-31": "-3.86760", "2008-12-31": "-164.10600", "2007-12-31": "5.92210", "2006-12-31": "26.84020", "2005-12-31": "32.47660"}, "Asset Turnover": {"2019-12-31": "0.03390", "2018-12-31": "0.03420", "2017-12-31": "0.03520", "2016-12-31": "0.03570", "2015-12-31": "0.04000", "2014-12-31": "0.03820", "2013-12-31": "0.03680", "2012-12-31": "0.03150", "2011-12-31": "0.03520", "2010-12-31": "0.03210", "2009-12-31": "0.02240", "2008-12-31": "0.00920", "2007-12-31": "0.02760", "2006-12-31": "0.04250", "2005-12-31": "0.05070"}, "Inventory Turnover Ratio": {"2019-12-31": "", "2018-12-31": "", "2017-12-31": "", "2016-12-31": "", "2015-12-31": "", "2014-12-31": "", "2013-12-31": "", "2012-12-31": "", "2011-12-31": "", "2010-12-31": "", "2009-12-31": "", "2008-12-31": "", "2007-12-31": "", "2006-12-31": "", "2005-12-31": ""}, "Receiveable Turnover": {"2019-12-31": "", "2018-12-31": "", "2017-12-31": "", "2016-12-31": "", "2015-12-31": "", "2014-12-31": "", "2013-12-31": "", "2012-12-31": "", "2011-12-31": "", "2010-12-31": "", "2009-12-31": "", "2008-12-31": "", "2007-12-31": "", "2006-12-31": "", "2005-12-31": ""}, "Days Sales In Receivables": {"2019-12-31": "", "2018-12-31": "", "2017-12-31": "", "2016-12-31": "", "2015-12-31": "", "2014-12-31": "", "2013-12-31": "", "2012-12-31": "", "2011-12-31": "", "2010-12-31": "", "2009-12-31": "", "2008-12-31": "", "2007-12-31": "", "2006-12-31": "", "2005-12-31": ""}, "ROE - Return On Equity": {"2019-12-31": "11.06520", "2018-12-31": "10.12690", "2017-12-31": "-3.63280", "2016-12-31": "7.26620", "2015-12-31": "8.42450", "2014-12-31": "3.72910", "2013-12-31": "6.82870", "2012-12-31": "4.14890", "2011-12-31": "6.21830", "2010-12-31": "6.61780", "2009-12-31": "-0.68920", "2008-12-31": "-43.66120", "2007-12-31": "2.56420", "2006-12-31": "17.21710", "2005-12-31": "17.77730"}, "Return On Tangible Equity": {"2019-12-31": "11.65940", "2018-12-31": "10.65200", "2017-12-31": "-3.80270", "2016-12-31": "7.59990", "2015-12-31": "8.90490", "2014-12-31": "4.13000", "2013-12-31": "7.85460", "2012-12-31": "4.95800", "2011-12-31": "7.68810", "2010-12-31": "8.58370", "2009-12-31": "-0.93230", "2008-12-31": "-32.99440", "2007-12-31": "5.85230", "2006-12-31": "29.02210", "2005-12-31": "30.63190"}, "ROA - Return On Assets": {"2019-12-31": "0.99790", "2018-12-31": "0.94340", "2017-12-31": "-0.35970", "2016-12-31": "0.83890", "2015-12-31": "1.00430", "2014-12-31": "0.40730", "2013-12-31": "0.72410", "2012-12-31": "0.41930", "2011-12-31": "0.59490", "2010-12-31": "0.57220", "2009-12-31": "-0.05740", "2008-12-31": "-1.65230", "2007-12-31": "0.13300", "2006-12-31": "1.08530", "2005-12-31": "1.32570"}, "ROI - Return On Investment": {"2019-12-31": "4.39820", "2018-12-31": "4.21560", "2017-12-31": "-1.51170", "2016-12-31": "3.47730", "2015-12-31": "4.09690", "2014-12-31": "1.72590", "2013-12-31": "3.18690", "2012-12-31": "1.81620", "2011-12-31": "2.21580", "2010-12-31": "2.00210", "2009-12-31": "-0.20540", "2008-12-31": "-6.35980", "2007-12-31": "0.53810", "2006-12-31": "5.00910", "2005-12-31": "6.00120"}, "Book Value Per Share": {"2019-12-31": "91.73830", "2018-12-31": "83.20740", "2017-12-31": "78.47440", "2016-12-31": "81.56960", "2015-12-31": "75.54040", "2014-12-31": "70.00720", "2013-12-31": "68.04770", "2012-12-31": "63.05850", "2011-12-31": "61.41600", "2010-12-31": "57.05380", "2009-12-31": "54.40840", "2008-12-31": "264.25730", "2007-12-31": "227.14010", "2006-12-31": "243.85820", "2005-12-31": "225.96770"}, "Operating Cash Flow Per Share": {"2019-12-31": -20.4784, "2018-12-31": 18.063, "2017-12-31": -21.8564, "2016-12-31": 5.3932, "2015-12-31": -2.0477, "2014-12-31": -5.5335, "2013-12-31": 24.2292, "2012-12-31": -25.0432, "2011-12-31": 9.5826, "2010-12-31": 57.1604, "2009-12-31": -214.4681, "2008-12-31": 314.6428, "2007-12-31": -144.9798, "2006-12-31": -62.423, "2005-12-31": 62.0921}, "Free Cash Flow Per Share": {"2019-12-31": -21.2918, "2018-12-31": 17.741, "2017-12-31": -22.2389, "2016-12-31": 5.5414, "2015-12-31": -2.0094, "2014-12-31": -5.5313, "2013-12-31": 24.1513, "2012-12-31": -25.1687, "2011-12-31": 8.7877, "2010-12-31": 53.9084, "2009-12-31": -246.1209, "2008-12-31": 349.1262, "2007-12-31": -139.6005, "2006-12-31": -94.2053, "2005-12-31": 89.0028}}, "financial ratios, quarterly": {"Current Ratio": {"2020-09-30": "", "2020-06-30": "", "2020-03-31": "", "2019-12-31": "", "2019-09-30": "", "2019-06-30": "", "2019-03-31": "", "2018-12-31": "", "2018-09-30": "", "2018-06-30": "", "2018-03-31": "", "2017-12-31": "", "2017-09-30": "", "2017-06-30": "", "2017-03-31": "", "2016-12-31": "", "2016-09-30": "", "2016-06-30": "", "2016-03-31": "", "2015-12-31": "", "2015-09-30": "", "2015-06-30": "", "2015-03-31": "", "2014-12-31": "", "2014-09-30": "", "2014-06-30": "", "2014-03-31": "", "2013-12-31": "", "2013-09-30": "", "2013-06-30": "", "2013-03-31": "", "2012-12-31": "", "2012-09-30": "", "2012-06-30": "", "2012-03-31": "", "2011-12-31": "", "2011-09-30": "", "2011-06-30": "", "2011-03-31": "", "2010-12-31": "", "2010-09-30": "", "2010-06-30": "", "2010-03-31": "", "2009-12-31": "", "2009-09-30": "", "2009-06-30": "", "2009-03-31": "", "2008-12-31": "", "2008-09-30": "", "2008-06-30": "", "2008-03-31": "", "2007-12-31": "", "2007-09-30": "", "2007-06-30": "", "2007-03-31": "", "2006-12-31": "", "2006-09-30": "", "2006-06-30": "", "2006-03-31": "", "2005-12-31": "", "2005-09-30": "", "2005-06-30": "", "2005-03-31": ""}, "Long-term Debt / Capital": {"2020-09-30": "0.58410", "2020-06-30": "0.59260", "2020-03-31": "0.57960", "2019-12-31": "0.56190", "2019-09-30": "0.55140", "2019-06-30": "0.56000", "2019-03-31": "0.55280", "2018-12-31": "0.54070", "2018-09-30": "0.54320", "2018-06-30": "0.54090", "2018-03-31": "0.53980", "2017-12-31": "0.54000", "2017-09-30": "0.50440", "2017-06-30": "0.49350", "2017-03-31": "0.47640", "2016-12-31": "0.47690", "2016-09-30": "0.47320", "2016-06-30": "0.47100", "2016-03-31": "0.47600", "2015-12-31": "0.47430", "2015-09-30": "0.49010", "2015-06-30": "0.48960", "2015-03-31": "0.49360", "2014-12-31": "0.51310", "2014-09-30": "0.51140", "2014-06-30": "0.51580", "2014-03-31": "0.51440", "2013-12-31": "0.51750", "2013-09-30": "0.52220", "2013-06-30": "0.52760", "2013-03-31": "0.54540", "2012-12-31": "0.55630", "2012-09-30": "0.59020", "2012-06-30": "0.60810", "2012-03-31": "0.62870", "2011-12-31": "0.64310", "2011-09-30": "0.65050", "2011-06-30": "0.66360", "2011-03-31": "0.68470", "2010-12-31": "0.69690", "2010-09-30": "0.70100", "2010-06-30": "0.72430", "2010-03-31": "0.74070", "2009-12-31": "0.70140", "2009-09-30": "0.72640", "2009-06-30": "0.69300", "2009-03-31": "0.69800", "2008-12-31": "0.71400", "2008-09-30": "0.75720", "2008-06-30": "0.75390", "2008-03-31": "0.76820", "2007-12-31": "0.79010", "2007-09-30": "0.74150", "2007-06-30": "0.72690", "2007-03-31": "0.71800", "2006-12-31": "0.70660", "2006-09-30": "0.68810", "2006-06-30": "0.67480", "2006-03-31": "0.66500", "2005-12-31": "0.65900", "2005-09-30": "0.67140", "2005-06-30": "0.67620", "2005-03-31": "0.68320"}, "Debt/Equity Ratio": {"2020-09-30": "3.41690", "2020-06-30": "3.56170", "2020-03-31": "3.66550", "2019-12-31": "2.99070", "2019-09-30": "3.08580", "2019-06-30": "3.08950", "2019-03-31": "3.09440", "2018-12-31": "2.97560", "2018-09-30": "2.99500", "2018-06-30": "2.94890", "2018-03-31": "2.90710", "2017-12-31": "2.78970", "2017-09-30": "2.49720", "2017-06-30": "2.39380", "2017-03-31": "2.29960", "2016-12-31": "2.28950", "2016-09-30": "2.24910", "2016-06-30": "2.23230", "2016-03-31": "2.28220", "2015-12-31": "2.18010", "2015-09-30": "2.38910", "2015-06-30": "2.49550", "2015-03-31": "2.62810", "2014-12-31": "2.80540", "2014-09-30": "2.81300", "2014-06-30": "2.78650", "2014-03-31": "2.83660", "2013-12-31": "2.87360", "2013-09-30": "3.05290", "2013-06-30": "3.13930", "2013-03-31": "3.19850", "2012-12-31": "3.23710", "2012-09-30": "3.57840", "2012-06-30": "3.71670", "2012-03-31": "3.96600", "2011-12-31": "3.91150", "2011-09-30": "4.30520", "2011-06-30": "4.37460", "2011-03-31": "4.55230", "2010-12-31": "4.69620", "2010-09-30": "4.89400", "2010-06-30": "5.29560", "2010-03-31": "5.76560", "2009-12-31": "4.67620", "2009-09-30": "5.26750", "2009-06-30": "4.80820", "2009-03-31": "5.27160", "2008-12-31": "5.95310", "2008-09-30": "7.27940", "2008-06-30": "7.09610", "2008-03-31": "8.12910", "2007-12-31": "9.34290", "2007-09-30": "9.55700", "2007-06-30": "8.76180", "2007-03-31": "8.10530", "2006-12-31": "7.38380", "2006-09-30": "6.69890", "2006-06-30": "6.23430", "2006-03-31": "6.20290", "2005-12-31": "5.75750", "2005-09-30": "5.87160", "2005-06-30": "5.84690", "2005-03-31": "5.50720"}, "Gross Margin": {"2020-09-30": "", "2020-06-30": "", "2020-03-31": "", "2019-12-31": "", "2019-09-30": "", "2019-06-30": "", "2019-03-31": "", "2018-12-31": "", "2018-09-30": "", "2018-06-30": "", "2018-03-31": "", "2017-12-31": "", "2017-09-30": "", "2017-06-30": "", "2017-03-31": "", "2016-12-31": "", "2016-09-30": "", "2016-06-30": "", "2016-03-31": "", "2015-12-31": "", "2015-09-30": "", "2015-06-30": "", "2015-03-31": "", "2014-12-31": "", "2014-09-30": "", "2014-06-30": "", "2014-03-31": "", "2013-12-31": "", "2013-09-30": "", "2013-06-30": "", "2013-03-31": "", "2012-12-31": "", "2012-09-30": "", "2012-06-30": "", "2012-03-31": "", "2011-12-31": "", "2011-09-30": "", "2011-06-30": "", "2011-03-31": "", "2010-12-31": "", "2010-09-30": "", "2010-06-30": "", "2010-03-31": "", "2009-12-31": "", "2009-09-30": "", "2009-06-30": "", "2009-03-31": "", "2008-12-31": "", "2008-09-30": "", "2008-06-30": "", "2008-03-31": "", "2007-12-31": "", "2007-09-30": "", "2007-06-30": "", "2007-03-31": "", "2006-12-31": "", "2006-09-30": "", "2006-06-30": "", "2006-03-31": "", "2005-12-31": "", "2005-09-30": "", "2005-06-30": "", "2005-03-31": ""}, "Operating Margin": {"2020-09-30": "", "2020-06-30": "", "2020-03-31": "", "2019-12-31": "", "2019-09-30": "", "2019-06-30": "", "2019-03-31": "", "2018-12-31": "", "2018-09-30": "", "2018-06-30": "", "2018-03-31": "", "2017-12-31": "", "2017-09-30": "", "2017-06-30": "", "2017-03-31": "", "2016-12-31": "", "2016-09-30": "", "2016-06-30": "", "2016-03-31": "", "2015-12-31": "", "2015-09-30": "", "2015-06-30": "", "2015-03-31": "", "2014-12-31": "", "2014-09-30": "", "2014-06-30": "", "2014-03-31": "", "2013-12-31": "", "2013-09-30": "", "2013-06-30": "", "2013-03-31": "", "2012-12-31": "", "2012-09-30": "", "2012-06-30": "", "2012-03-31": "", "2011-12-31": "", "2011-09-30": "", "2011-06-30": "", "2011-03-31": "", "2010-12-31": "", "2010-09-30": "", "2010-06-30": "", "2010-03-31": "", "2009-12-31": "", "2009-09-30": "", "2009-06-30": "", "2009-03-31": "", "2008-12-31": "", "2008-09-30": "", "2008-06-30": "", "2008-03-31": "", "2007-12-31": "", "2007-09-30": "", "2007-06-30": "", "2007-03-31": "", "2006-12-31": "", "2006-09-30": "", "2006-06-30": "", "2006-03-31": "", "2005-12-31": "", "2005-09-30": "", "2005-06-30": "", "2005-03-31": ""}, "EBIT Margin": {"2020-09-30": "", "2020-06-30": "", "2020-03-31": "", "2019-12-31": "", "2019-09-30": "", "2019-06-30": "", "2019-03-31": "", "2018-12-31": "", "2018-09-30": "", "2018-06-30": "", "2018-03-31": "", "2017-12-31": "", "2017-09-30": "", "2017-06-30": "", "2017-03-31": "", "2016-12-31": "", "2016-09-30": "", "2016-06-30": "", "2016-03-31": "", "2015-12-31": "", "2015-09-30": "", "2015-06-30": "", "2015-03-31": "", "2014-12-31": "", "2014-09-30": "", "2014-06-30": "", "2014-03-31": "", "2013-12-31": "", "2013-09-30": "", "2013-06-30": "", "2013-03-31": "", "2012-12-31": "", "2012-09-30": "", "2012-06-30": "", "2012-03-31": "", "2011-12-31": "", "2011-09-30": "", "2011-06-30": "", "2011-03-31": "", "2010-12-31": "", "2010-09-30": "", "2010-06-30": "", "2010-03-31": "", "2009-12-31": "", "2009-09-30": "", "2009-06-30": "", "2009-03-31": "", "2008-12-31": "", "2008-09-30": "", "2008-06-30": "", "2008-03-31": "", "2007-12-31": "", "2007-09-30": "", "2007-06-30": "", "2007-03-31": "", "2006-12-31": "", "2006-09-30": "", "2006-06-30": "", "2006-03-31": "", "2005-12-31": "", "2005-09-30": "", "2005-06-30": "", "2005-03-31": ""}, "EBITDA Margin": {"2020-09-30": "", "2020-06-30": "", "2020-03-31": "", "2019-12-31": "", "2019-09-30": "", "2019-06-30": "", "2019-03-31": "", "2018-12-31": "", "2018-09-30": "", "2018-06-30": "", "2018-03-31": "", "2017-12-31": "", "2017-09-30": "", "2017-06-30": "", "2017-03-31": "", "2016-12-31": "", "2016-09-30": "", "2016-06-30": "", "2016-03-31": "", "2015-12-31": "", "2015-09-30": "", "2015-06-30": "", "2015-03-31": "", "2014-12-31": "", "2014-09-30": "", "2014-06-30": "", "2014-03-31": "", "2013-12-31": "", "2013-09-30": "", "2013-06-30": "", "2013-03-31": "", "2012-12-31": "", "2012-09-30": "", "2012-06-30": "", "2012-03-31": "", "2011-12-31": "", "2011-09-30": "", "2011-06-30": "", "2011-03-31": "", "2010-12-31": "", "2010-09-30": "", "2010-06-30": "", "2010-03-31": "", "2009-12-31": "", "2009-09-30": "", "2009-06-30": "", "2009-03-31": "", "2008-12-31": "", "2008-09-30": "", "2008-06-30": "", "2008-03-31": "", "2007-12-31": "", "2007-09-30": "", "2007-06-30": "", "2007-03-31": "", "2006-12-31": "", "2006-09-30": "", "2006-06-30": "", "2006-03-31": "", "2005-12-31": "", "2005-09-30": "", "2005-06-30": "", "2005-03-31": ""}, "Pre-Tax Profit Margin": {"2020-09-30": "26.30870", "2020-06-30": "11.99670", "2020-03-31": "21.76800", "2019-12-31": "35.07840", "2019-09-30": "36.47050", "2019-06-30": "36.98480", "2019-03-31": "36.14720", "2018-12-31": "34.73880", "2018-09-30": "37.03210", "2018-06-30": "35.65430", "2018-03-31": "35.67870", "2017-12-31": "32.92230", "2017-09-30": "36.88930", "2017-06-30": "34.43510", "2017-03-31": "35.83370", "2016-12-31": "31.46790", "2016-09-30": "35.09430", "2016-06-30": "35.70990", "2016-03-31": "31.82720", "2015-12-31": "29.67900", "2015-09-30": "36.16010", "2015-06-30": "38.39600", "2015-03-31": "38.57960", "2014-12-31": "9.11470", "2014-09-30": "27.51460", "2014-06-30": "12.18200", "2014-03-31": "33.03640", "2013-12-31": "23.00130", "2013-09-30": "26.24910", "2013-06-30": "33.84060", "2013-03-31": "30.50350", "2012-12-31": "7.13860", "2012-09-30": "-8.95540", "2012-06-30": "23.23400", "2012-03-31": "24.53860", "2011-12-31": "8.51200", "2011-09-30": "28.23080", "2011-06-30": "24.64880", "2011-03-31": "25.05500", "2010-12-31": "7.71920", "2010-09-30": "21.88830", "2010-06-30": "22.76820", "2010-03-31": "30.98800", "2009-12-31": "619.58130", "2009-09-30": "-4.55290", "2009-06-30": "29.84890", "2009-03-31": "17.31480", "2008-12-31": "463.75380", "2008-09-30": "-93.17840", "2008-06-30": "-45.24870", "2008-03-31": "-133.82870", "2007-12-31": "563.90380", "2007-09-30": "15.36430", "2007-06-30": "37.49000", "2007-03-31": "30.41800", "2006-12-31": "33.81270", "2006-09-30": "37.54140", "2006-06-30": "36.61430", "2006-03-31": "34.40610", "2005-12-31": "38.40170", "2005-09-30": "38.18580", "2005-06-30": "38.83680", "2005-03-31": "40.04540"}, "Net Profit Margin": {"2020-09-30": "20.84810", "2020-06-30": "8.71580", "2020-03-31": "15.46860", "2019-12-31": "27.16700", "2019-09-30": "29.75410", "2019-06-30": "26.71430", "2019-03-31": "26.38890", "2018-12-31": "21.64460", "2018-09-30": "28.04100", "2018-06-30": "24.72710", "2018-03-31": "27.06660", "2017-12-31": "-125.58110", "2017-09-30": "23.40070", "2017-06-30": "21.25050", "2017-03-31": "24.50420", "2016-12-31": "19.76920", "2016-09-30": "22.24300", "2016-06-30": "22.42230", "2016-03-31": "20.74800", "2015-12-31": "18.30860", "2015-09-30": "23.73470", "2015-06-30": "25.50820", "2015-03-31": "25.81610", "2014-12-31": "0.46200", "2014-09-30": "14.97740", "2014-06-30": "0.45390", "2014-03-31": "20.74620", "2013-12-31": "14.66020", "2013-09-30": "19.17920", "2013-06-30": "22.36220", "2013-03-31": "21.09350", "2012-12-31": "7.92650", "2012-09-30": "4.11820", "2012-06-30": "18.45780", "2012-03-31": "17.65590", "2011-12-31": "6.79100", "2011-09-30": "21.18430", "2011-06-30": "19.10440", "2011-03-31": "17.79880", "2010-12-31": "9.46690", "2010-09-30": "14.38430", "2010-06-30": "17.34630", "2010-03-31": "25.96310", "2009-12-31": "68.84240", "2009-09-30": "-27.90260", "2009-06-30": "24.12610", "2009-03-31": "-6.61370", "2008-12-31": "278.96900", "2008-09-30": "-38.48260", "2008-06-30": "-23.63810", "2008-03-31": "-74.46100", "2007-12-31": "312.21130", "2007-09-30": "12.96680", "2007-06-30": "26.14100", "2007-03-31": "22.02790", "2006-12-31": "26.87720", "2006-09-30": "28.04520", "2006-06-30": "25.37840", "2006-03-31": "27.12750", "2005-12-31": "36.66170", "2005-09-30": "37.64820", "2005-06-30": "27.49740", "2005-03-31": "28.07100"}, "Asset Turnover": {"2020-09-30": "0.00690", "2020-06-30": "0.00540", "2020-03-31": "0.00640", "2019-12-31": "0.00830", "2019-09-30": "0.00820", "2019-06-30": "0.00840", "2019-03-31": "0.00850", "2018-12-31": "0.00800", "2018-09-30": "0.00860", "2018-06-30": "0.00870", "2018-03-31": "0.00890", "2017-12-31": "0.00840", "2017-09-30": "0.00860", "2017-06-30": "0.00880", "2017-03-31": "0.00920", "2016-12-31": "0.00900", "2016-09-30": "0.00880", "2016-06-30": "0.00890", "2016-03-31": "0.00870", "2015-12-31": "0.00940", "2015-09-30": "0.00950", "2015-06-30": "0.00980", "2015-03-31": "0.00980", "2014-12-31": "0.00870", "2014-09-30": "0.00960", "2014-06-30": "0.00930", "2014-03-31": "0.00970", "2013-12-31": "0.00860", "2013-09-30": "0.00860", "2013-06-30": "0.00990", "2013-03-31": "0.00960", "2012-12-31": "0.00800", "2012-09-30": "0.00580", "2012-06-30": "0.00830", "2012-03-31": "0.00850", "2011-12-31": "0.00740", "2011-09-30": "0.00920", "2011-06-30": "0.00890", "2011-03-31": "0.00860", "2010-12-31": "0.00720", "2010-09-30": "0.00760", "2010-06-30": "0.00800", "2010-03-31": "0.00850", "2009-12-31": "-0.00130", "2009-09-30": "0.00620", "2009-06-30": "0.00960", "2009-03-31": "0.00800", "2008-12-31": "-0.00350", "2008-09-30": "0.00360", "2008-06-30": "0.00500", "2008-03-31": "0.00310", "2007-12-31": "-0.00140", "2007-09-30": "0.00720", "2007-06-30": "0.01070", "2007-03-31": "0.01130", "2006-12-31": "0.01000", "2006-09-30": "0.01120", "2006-06-30": "0.01280", "2006-03-31": "0.01310", "2005-12-31": "0.01270", "2005-09-30": "0.01290", "2005-06-30": "0.01190", "2005-03-31": "0.01300"}, "Inventory Turnover Ratio": {"2020-09-30": "", "2020-06-30": "", "2020-03-31": "", "2019-12-31": "", "2019-09-30": "", "2019-06-30": "", "2019-03-31": "", "2018-12-31": "", "2018-09-30": "", "2018-06-30": "", "2018-03-31": "", "2017-12-31": "", "2017-09-30": "", "2017-06-30": "", "2017-03-31": "", "2016-12-31": "", "2016-09-30": "", "2016-06-30": "", "2016-03-31": "", "2015-12-31": "", "2015-09-30": "", "2015-06-30": "", "2015-03-31": "", "2014-12-31": "", "2014-09-30": "", "2014-06-30": "", "2014-03-31": "", "2013-12-31": "", "2013-09-30": "", "2013-06-30": "", "2013-03-31": "", "2012-12-31": "", "2012-09-30": "", "2012-06-30": "", "2012-03-31": "", "2011-12-31": "", "2011-09-30": "", "2011-06-30": "", "2011-03-31": "", "2010-12-31": "", "2010-09-30": "", "2010-06-30": "", "2010-03-31": "", "2009-12-31": "", "2009-09-30": "", "2009-06-30": "", "2009-03-31": "", "2008-12-31": "", "2008-09-30": "", "2008-06-30": "", "2008-03-31": "", "2007-12-31": "", "2007-09-30": "", "2007-06-30": "", "2007-03-31": "", "2006-12-31": "", "2006-09-30": "", "2006-06-30": "", "2006-03-31": "", "2005-12-31": "", "2005-09-30": "", "2005-06-30": "", "2005-03-31": ""}, "Receiveable Turnover": {"2020-09-30": "", "2020-06-30": "", "2020-03-31": "", "2019-12-31": "", "2019-09-30": "", "2019-06-30": "", "2019-03-31": "", "2018-12-31": "", "2018-09-30": "", "2018-06-30": "", "2018-03-31": "", "2017-12-31": "", "2017-09-30": "", "2017-06-30": "", "2017-03-31": "", "2016-12-31": "", "2016-09-30": "", "2016-06-30": "", "2016-03-31": "", "2015-12-31": "", "2015-09-30": "", "2015-06-30": "", "2015-03-31": "", "2014-12-31": "", "2014-09-30": "", "2014-06-30": "", "2014-03-31": "", "2013-12-31": "", "2013-09-30": "", "2013-06-30": "", "2013-03-31": "", "2012-12-31": "", "2012-09-30": "", "2012-06-30": "", "2012-03-31": "", "2011-12-31": "", "2011-09-30": "", "2011-06-30": "", "2011-03-31": "", "2010-12-31": "", "2010-09-30": "", "2010-06-30": "", "2010-03-31": "", "2009-12-31": "", "2009-09-30": "", "2009-06-30": "", "2009-03-31": "", "2008-12-31": "", "2008-09-30": "", "2008-06-30": "", "2008-03-31": "", "2007-12-31": "", "2007-09-30": "", "2007-06-30": "", "2007-03-31": "", "2006-12-31": "", "2006-09-30": "", "2006-06-30": "", "2006-03-31": "", "2005-12-31": "", "2005-09-30": "", "2005-06-30": "", "2005-03-31": ""}, "Days Sales In Receivables": {"2020-09-30": "", "2020-06-30": "", "2020-03-31": "", "2019-12-31": "", "2019-09-30": "", "2019-06-30": "", "2019-03-31": "", "2018-12-31": "", "2018-09-30": "", "2018-06-30": "", "2018-03-31": "", "2017-12-31": "", "2017-09-30": "", "2017-06-30": "", "2017-03-31": "", "2016-12-31": "", "2016-09-30": "", "2016-06-30": "", "2016-03-31": "", "2015-12-31": "", "2015-09-30": "", "2015-06-30": "", "2015-03-31": "", "2014-12-31": "", "2014-09-30": "", "2014-06-30": "", "2014-03-31": "", "2013-12-31": "", "2013-09-30": "", "2013-06-30": "", "2013-03-31": "", "2012-12-31": "", "2012-09-30": "", "2012-06-30": "", "2012-03-31": "", "2011-12-31": "", "2011-09-30": "", "2011-06-30": "", "2011-03-31": "", "2010-12-31": "", "2010-09-30": "", "2010-06-30": "", "2010-03-31": "", "2009-12-31": "", "2009-09-30": "", "2009-06-30": "", "2009-03-31": "", "2008-12-31": "", "2008-09-30": "", "2008-06-30": "", "2008-03-31": "", "2007-12-31": "", "2007-09-30": "", "2007-06-30": "", "2007-03-31": "", "2006-12-31": "", "2006-09-30": "", "2006-06-30": "", "2006-03-31": "", "2005-12-31": "", "2005-09-30": "", "2005-06-30": "", "2005-03-31": ""}, "ROE - Return On Equity": {"2020-09-30": "1.84640", "2020-06-30": "0.75550", "2020-03-31": "1.44800", "2019-12-31": "2.84090", "2019-09-30": "2.78340", "2019-06-30": "2.66030", "2019-03-31": "2.64590", "2018-12-31": "2.41020", "2018-09-30": "2.59080", "2018-06-30": "2.47400", "2018-03-31": "2.53060", "2017-12-31": "-10.28680", "2017-09-30": "1.97590", "2017-06-30": "1.83290", "2017-03-31": "1.96190", "2016-12-31": "1.73570", "2016-09-30": "1.82110", "2016-06-30": "1.89320", "2016-03-31": "1.66250", "2015-12-31": "1.64990", "2015-09-30": "2.08100", "2015-06-30": "2.34850", "2015-03-31": "2.36060", "2014-12-31": "0.19030", "2014-09-30": "1.42300", "2014-06-30": "0.12390", "2014-03-31": "1.94660", "2013-12-31": "1.15900", "2013-09-30": "1.61320", "2013-06-30": "2.16400", "2013-03-31": "2.04520", "2012-12-31": "0.68560", "2012-09-30": "0.25740", "2012-06-30": "1.60570", "2012-03-31": "1.66950", "2011-12-31": "0.58130", "2011-09-30": "2.09020", "2011-06-30": "1.86840", "2011-03-31": "1.75120", "2010-12-31": "0.82970", "2010-09-30": "1.57760", "2010-06-30": "1.73740", "2010-03-31": "2.76870", "2009-12-31": "-5.00450", "2009-09-30": "0.41570", "2009-06-30": "5.49290", "2009-03-31": "2.36320", "2008-12-31": "-28.53400", "2008-09-30": "-3.56960", "2008-06-30": "-2.13710", "2008-03-31": "-4.82110", "2007-12-31": "-9.12760", "2007-09-30": "1.66180", "2007-06-30": "4.83120", "2007-03-31": "4.13930", "2006-12-31": "3.64610", "2006-09-30": "4.53770", "2006-06-30": "4.59850", "2006-03-31": "4.89780", "2005-12-31": "4.46270", "2005-09-30": "4.50540", "2005-06-30": "4.22740", "2005-03-31": "4.67500"}, "Return On Tangible Equity": {"2020-09-30": "1.93910", "2020-06-30": "0.79120", "2020-03-31": "1.51590", "2019-12-31": "2.99340", "2019-09-30": "2.90080", "2019-06-30": "2.80200", "2019-03-31": "2.79000", "2018-12-31": "2.53520", "2018-09-30": "2.71790", "2018-06-30": "2.59300", "2018-03-31": "2.65400", "2017-12-31": "-10.76780", "2017-09-30": "2.05830", "2017-06-30": "1.90990", "2017-03-31": "2.04560", "2016-12-31": "1.81540", "2016-09-30": "1.90990", "2016-06-30": "1.98690", "2016-03-31": "1.74380", "2015-12-31": "1.74400", "2015-09-30": "2.21910", "2015-06-30": "2.53260", "2015-03-31": "2.57670", "2014-12-31": "0.21080", "2014-09-30": "1.59540", "2014-06-30": "0.13980", "2014-03-31": "2.22330", "2013-12-31": "1.33310", "2013-09-30": "1.87220", "2013-06-30": "2.53170", "2013-03-31": "2.42350", "2012-12-31": "0.81940", "2012-09-30": "0.31300", "2012-06-30": "1.95880", "2012-03-31": "2.05770", "2011-12-31": "0.71870", "2011-09-30": "2.59510", "2011-06-30": "2.36930", "2011-03-31": "2.24380", "2010-12-31": "1.07620", "2010-09-30": "2.03670", "2010-06-30": "2.28540", "2010-03-31": "3.74690", "2009-12-31": "-6.76950", "2009-09-30": "0.57940", "2009-06-30": "3.92670", "2009-03-31": "1.68680", "2008-12-31": "-21.56290", "2008-09-30": "-5.59460", "2008-06-30": "-3.35220", "2008-03-31": "-8.65100", "2007-12-31": "-20.83210", "2007-09-30": "3.32060", "2007-06-30": "9.37180", "2007-03-31": "7.33040", "2006-12-31": "6.14610", "2006-09-30": "7.68870", "2006-06-30": "7.89280", "2006-03-31": "8.36680", "2005-12-31": "7.68970", "2005-09-30": "7.64780", "2005-06-30": "7.07090", "2005-03-31": "8.13350"}, "ROA - Return On Assets": {"2020-09-30": "0.14590", "2020-06-30": "0.05900", "2020-03-31": "0.11420", "2019-12-31": "0.25620", "2019-09-30": "0.24530", "2019-06-30": "0.24100", "2019-03-31": "0.24190", "2018-12-31": "0.22450", "2018-09-30": "0.24070", "2018-06-30": "0.23540", "2018-03-31": "0.24190", "2017-12-31": "-1.01850", "2017-09-30": "0.21900", "2017-06-30": "0.20830", "2017-03-31": "0.22610", "2016-12-31": "0.20040", "2016-09-30": "0.21380", "2016-06-30": "0.22250", "2016-03-31": "0.19480", "2015-12-31": "0.19670", "2015-09-30": "0.23810", "2015-06-30": "0.26560", "2015-03-31": "0.26300", "2014-12-31": "0.02080", "2014-09-30": "0.15490", "2014-06-30": "0.01320", "2014-03-31": "0.20860", "2013-12-31": "0.12290", "2013-09-30": "0.16770", "2013-06-30": "0.22230", "2013-03-31": "0.20890", "2012-12-31": "0.06930", "2012-09-30": "0.02510", "2012-06-30": "0.15540", "2012-03-31": "0.15750", "2011-12-31": "0.05560", "2011-09-30": "0.19330", "2011-06-30": "0.17030", "2011-03-31": "0.15560", "2010-12-31": "0.07170", "2010-09-30": "0.13110", "2010-06-30": "0.14080", "2010-03-31": "0.21220", "2009-12-31": "-0.41690", "2009-09-30": "0.03140", "2009-06-30": "0.23730", "2009-03-31": "0.09290", "2008-12-31": "-1.07980", "2008-09-30": "-0.17170", "2008-06-30": "-0.11090", "2008-03-31": "-0.23850", "2007-12-31": "-0.47340", "2007-09-30": "0.08940", "2007-06-30": "0.27660", "2007-03-31": "0.24800", "2006-12-31": "0.22980", "2006-09-30": "0.30370", "2006-06-30": "0.32350", "2006-03-31": "0.35020", "2005-12-31": "0.33280", "2005-09-30": "0.33870", "2005-06-30": "0.30570", "2005-03-31": "0.34330"}, "ROI - Return On Investment": {"2020-09-30": "0.69700", "2020-06-30": "0.27900", "2020-03-31": "0.55200", "2019-12-31": "1.12920", "2019-09-30": "1.12520", "2019-06-30": "1.06420", "2019-03-31": "1.07520", "2018-12-31": "1.00330", "2018-09-30": "1.06960", "2018-06-30": "1.02810", "2018-03-31": "1.05470", "2017-12-31": "-4.28050", "2017-09-30": "0.89680", "2017-06-30": "0.85100", "2017-03-31": "0.94090", "2016-12-31": "0.83060", "2016-09-30": "0.87990", "2016-06-30": "0.91880", "2016-03-31": "0.80350", "2015-12-31": "0.80240", "2015-09-30": "0.98840", "2015-06-30": "1.12280", "2015-03-31": "1.12930", "2014-12-31": "0.08810", "2014-09-30": "0.66620", "2014-06-30": "0.05750", "2014-03-31": "0.91270", "2013-12-31": "0.54090", "2013-09-30": "0.75080", "2013-06-30": "1.00000", "2013-03-31": "0.91490", "2012-12-31": "0.30010", "2012-09-30": "0.10530", "2012-06-30": "0.62830", "2012-03-31": "0.61880", "2011-12-31": "0.20710", "2011-09-30": "0.72920", "2011-06-30": "0.62740", "2011-03-31": "0.55120", "2010-12-31": "0.25100", "2010-09-30": "0.47080", "2010-06-30": "0.47810", "2010-03-31": "0.71650", "2009-12-31": "-1.49140", "2009-09-30": "0.11350", "2009-06-30": "0.87350", "2009-03-31": "0.35060", "2008-12-31": "-4.15640", "2008-09-30": "-0.67820", "2008-06-30": "-0.42010", "2008-03-31": "-0.94850", "2007-12-31": "-1.91560", "2007-09-30": "0.42900", "2007-06-30": "1.31310", "2007-03-31": "1.15790", "2006-12-31": "1.06080", "2006-09-30": "1.40310", "2006-06-30": "1.48230", "2006-03-31": "1.62630", "2005-12-31": "1.50650", "2005-09-30": "1.46560", "2005-06-30": "1.35520", "2005-03-31": "1.46600"}, "Book Value Per Share": {"2020-09-30": "93.46720", "2020-06-30": "92.37010", "2020-03-31": "92.69920", "2019-12-31": "91.73830", "2019-09-30": "90.26680", "2019-06-30": "87.69590", "2019-03-31": "85.19690", "2018-12-31": "83.20740", "2018-09-30": "81.02040", "2018-06-30": "79.85700", "2018-03-31": "79.55740", "2017-12-31": "78.47440", "2017-09-30": "86.46820", "2017-06-30": "84.82370", "2017-03-31": "83.22850", "2016-12-31": "81.56960", "2016-09-30": "81.65340", "2016-06-30": "80.20350", "2016-03-31": "77.94430", "2015-12-31": "75.54040", "2015-09-30": "74.56790", "2015-06-30": "73.36760", "2015-03-31": "71.19750", "2014-12-31": "70.00720", "2014-09-30": "70.60300", "2014-06-30": "70.28860", "2014-03-31": "69.20900", "2013-12-31": "68.04770", "2013-09-30": "66.84440", "2013-06-30": "65.05240", "2013-03-31": "64.19530", "2012-12-31": "63.05850", "2012-09-30": "64.36030", "2012-06-30": "63.37260", "2012-03-31": "62.65800", "2011-12-31": "61.41600", "2011-09-30": "61.34060", "2011-06-30": "61.22280", "2011-03-31": "59.36810", "2010-12-31": "57.05380", "2010-09-30": "56.86240", "2010-06-30": "54.29770", "2010-03-31": "53.73080", "2009-12-31": "54.40840", "2009-09-30": "62.52160", "2009-06-30": "279.91270", "2009-03-31": "264.70340", "2008-12-31": "264.25730", "2008-09-30": "231.32590", "2008-06-30": "250.49620", "2008-03-31": "244.23440", "2007-12-31": "227.14010", "2007-09-30": "255.18890", "2007-06-30": "256.81500", "2007-03-31": "246.80990", "2006-12-31": "243.85820", "2006-09-30": "239.87180", "2006-06-30": "233.47350", "2006-03-31": "230.15980", "2005-12-31": "225.96770", "2005-09-30": "221.06630", "2005-06-30": "218.63680", "2005-03-31": "212.48030"}, "Operating Cash Flow Per Share": {"2020-09-30": -1.4104, "2020-06-30": 2.8642, "2020-03-31": "-12.07980", "2019-12-31": 10.1385, "2019-09-30": 0.6892, "2019-06-30": -0.4358, "2019-03-31": "-16.05870", "2018-12-31": 2.695, "2018-09-30": 8.8314, "2018-06-30": 0.5712, "2018-03-31": "2.71400", "2017-12-31": -1.9618, "2017-09-30": 6.6007, "2017-06-30": -6.7867, "2017-03-31": "-1.10360", "2016-12-31": 8.7671, "2016-09-30": 2.613, "2016-06-30": 7.4077, "2016-03-31": "-0.18280", "2015-12-31": -0.5905, "2015-09-30": 7.7375, "2015-06-30": 5.3762, "2015-03-31": "0.68860", "2014-12-31": 3.3879, "2014-09-30": 3.3264, "2014-06-30": -1.1804, "2014-03-31": "9.72560", "2013-12-31": 1.2892, "2013-09-30": 4.7104, "2013-06-30": 6.5755, "2013-03-31": "8.21790", "2012-12-31": -5.9447, "2012-09-30": 1.1377, "2012-06-30": -1.765, "2012-03-31": "3.13580", "2011-12-31": 11.3289, "2011-09-30": 8.6615, "2011-06-30": 1.2699, "2011-03-31": "0.34670", "2010-12-31": 3.8704, "2010-09-30": -5.8281, "2010-06-30": 1.9078, "2010-03-31": "12.07430", "2009-12-31": -34.0669, "2009-09-30": 23.1596, "2009-06-30": -20.1508, "2009-03-31": "-14.07790", "2008-12-31": -0.3546, "2008-09-30": 77.6842, "2008-06-30": 88.8621, "2008-03-31": "3.14040", "2007-12-31": 75.6915, "2007-09-30": -141.0867, "2007-06-30": -42.8435, "2007-03-31": "-37.07200", "2006-12-31": -75.9365, "2006-09-30": 69.3832, "2006-06-30": -0.1076, "2006-03-31": "6.33000", "2005-12-31": -249.0486, "2005-09-30": 278.9428, "2005-06-30": 25.1466, "2005-03-31": "7.05130"}, "Free Cash Flow Per Share": {"2020-09-30": -1.8701, "2020-06-30": 2.4543, "2020-03-31": "-12.29650", "2019-12-31": 9.8096, "2019-09-30": 0.2103, "2019-06-30": -1.6642, "2019-03-31": "-16.26370", "2018-12-31": 2.278, "2018-09-30": 8.4316, "2018-06-30": 0.2989, "2018-03-31": "2.37530", "2017-12-31": -2.2441, "2017-09-30": 6.2999, "2017-06-30": -7.0733, "2017-03-31": "-1.33970", "2016-12-31": 8.6081, "2016-09-30": 2.3872, "2016-06-30": 7.2296, "2016-03-31": "-0.34320", "2015-12-31": -0.7943, "2015-09-30": 7.4477, "2015-06-30": 5.1973, "2015-03-31": "0.48960", "2014-12-31": 3.1417, "2014-09-30": 3.3131, "2014-06-30": -1.579, "2014-03-31": "9.47390", "2013-12-31": 1.0001, "2013-09-30": 4.4749, "2013-06-30": 6.3832, "2013-03-31": "8.02280", "2012-12-31": -6.4475, "2012-09-30": 1.2903, "2012-06-30": -2.023, "2012-03-31": "2.90990", "2011-12-31": 11.0818, "2011-09-30": 8.4619, "2011-06-30": 1.0967, "2011-03-31": "0.25800", "2010-12-31": 3.6709, "2010-09-30": -5.7561, "2010-06-30": 1.9993, "2010-03-31": "12.19660", "2009-12-31": -34.6014, "2009-09-30": 19.9444, "2009-06-30": -14.3226, "2009-03-31": "-12.81810", "2008-12-31": 11.4282, "2008-09-30": 99.6686, "2008-06-30": 89.3309, "2008-03-31": "3.89550", "2007-12-31": 77.9055, "2007-09-30": -142.094, "2007-06-30": -43.003, "2007-03-31": "-37.61150", "2006-12-31": -77.6205, "2006-09-30": 68.4721, "2006-06-30": -1.6852, "2006-03-31": "5.63110", "2005-12-31": -249.9362, "2005-09-30": 298.7478, "2005-06-30": 25.2084, "2005-03-31": "14.98280"}}, "revenue": {"Citigroup Annual Revenue (Millions of US $)": {"2020": "$88,839", "2019": "$103,449", "2018": "$97,120", "2017": "$88,962", "2016": "$83,309", "2015": "$88,275", "2014": "$90,909", "2013": "$92,901", "2012": "$89,802", "2011": "$101,540", "2010": "$111,697", "2009": "$108,187", "2008": "$104,349", "2007": "$153,258", "2006": "$142,010", "2005": "$120,318"}, "Citigroup Quarterly Revenue (Millions of US $)": {"2020-12-31": "$19,063", "2020-09-30": "$20,123", "2020-06-30": "$23,275", "2020-03-31": "$26,378", "2019-12-31": "$24,926", "2019-09-30": "$26,110", "2019-06-30": "$26,520", "2019-03-31": "$25,893", "2018-12-31": "$23,977", "2018-09-30": "$24,757", "2018-06-30": "$24,354", "2018-03-31": "$24,032", "2017-12-31": "$22,041", "2017-09-30": "$22,798", "2017-06-30": "$22,191", "2017-03-31": "$21,932", "2016-12-31": "$21,212", "2016-09-30": "$20,934", "2016-06-30": "$20,668", "2016-03-31": "$20,495", "2015-12-31": "$21,357", "2015-09-30": "$21,633", "2015-06-30": "$22,521", "2015-03-31": "$22,764", "2014-12-31": "$21,058", "2014-09-30": "$23,014", "2014-06-30": "$23,040", "2014-03-31": "$23,797", "2013-12-31": "$21,821", "2013-09-30": "$21,856", "2013-06-30": "$24,646", "2013-03-31": "$24,578", "2012-12-31": "$22,347", "2012-09-30": "$18,729", "2012-06-30": "$23,730", "2012-03-31": "$24,996", "2011-12-31": "$21,839", "2011-09-30": "$26,862", "2011-06-30": "$27,060", "2011-03-31": "$25,779", "2010-12-31": "$24,564", "2010-09-30": "$26,921", "2010-06-30": "$28,500", "2010-03-31": "$31,712", "2009-12-31": "$12,128", "2009-09-30": "$27,070", "2009-06-30": "$36,811", "2009-03-31": "$32,178", "2008-12-31": "$15,913", "2008-09-30": "$28,984", "2008-06-30": "$30,889", "2008-03-31": "$28,563", "2007-12-31": "$22,873", "2007-09-30": "$42,063", "2007-06-30": "$45,301", "2007-03-31": "$43,021", "2006-12-31": "$35,498", "2006-09-30": "$36,323", "2006-06-30": "$35,899", "2006-03-31": "$34,290", "2005-12-31": "$31,714", "2005-09-30": "$31,147", "2005-06-30": "$28,837", "2005-03-31": "$28,620"}}, "gross-profit": {"Citigroup Annual Gross Profit (Millions of US $)": {"2020": "$74,298", "2019": "$74,286", "2018": "$72,854", "2017": "$72,444", "2016": "$70,797", "2015": "$76,354", "2014": "$77,219", "2013": "$76,724", "2012": "$69,190", "2011": "$77,331", "2010": "$86,601", "2009": "$80,285", "2008": "$51,599", "2007": "$77,300", "2006": "$86,327", "2005": "$83,642"}, "Citigroup Quarterly Gross Profit (Millions of US $)": {"2020-12-31": "$16,499", "2020-09-30": "$17,302", "2020-06-30": "$19,766", "2020-03-31": "$20,731", "2019-12-31": "$18,378", "2019-09-30": "$18,574", "2019-06-30": "$18,758", "2019-03-31": "$18,576", "2018-12-31": "$17,124", "2018-09-30": "$18,389", "2018-06-30": "$18,469", "2018-03-31": "$18,872", "2017-12-31": "$17,504", "2017-09-30": "$18,419", "2017-06-30": "$18,155", "2017-03-31": "$18,366", "2016-12-31": "$17,934", "2016-09-30": "$17,760", "2016-06-30": "$17,548", "2016-03-31": "$17,555", "2015-12-31": "$18,456", "2015-09-30": "$18,692", "2015-06-30": "$19,470", "2015-03-31": "$19,736", "2014-12-31": "$17,899", "2014-09-30": "$19,689", "2014-06-30": "$19,425", "2014-03-31": "$20,206", "2013-12-31": "$18,084", "2013-09-30": "$17,904", "2013-06-30": "$20,488", "2013-03-31": "$20,248", "2012-12-31": "$17,694", "2012-09-30": "$13,703", "2012-06-30": "$18,387", "2012-03-31": "$19,406", "2011-12-31": "$16,152", "2011-09-30": "$20,831", "2011-06-30": "$20,622", "2011-03-31": "$19,726", "2010-12-31": "$18,371", "2010-09-30": "$20,738", "2010-06-30": "$22,071", "2010-03-31": "$25,421", "2009-12-31": "$5,405", "2009-09-30": "$20,390", "2009-06-30": "$29,969", "2009-03-31": "$24,521", "2008-12-31": "$5,362", "2008-09-30": "$16,258", "2008-06-30": "$17,538", "2008-03-31": "$12,441", "2007-12-31": "$3,871", "2007-09-30": "$21,640", "2007-06-30": "$26,330", "2007-03-31": "$25,459", "2006-12-31": "$20,540", "2006-09-30": "$21,422", "2006-06-30": "$22,182", "2006-03-31": "$22,183", "2005-12-31": "$20,779", "2005-09-30": "$21,498", "2005-06-30": "$20,169", "2005-03-31": "$21,196"}}, "operating-income": {"Citigroup Annual Operating Income (Millions of US $)": {"2020": "$14,022", "2019": "$23,901", "2018": "$23,445", "2017": "$22,761", "2016": "$21,477", "2015": "$24,826", "2014": "$14,701", "2013": "$19,802", "2012": "$7,825", "2011": "$14,722", "2010": "$13,184", "2009": "$-7,912", "2008": "$-50,805", "2007": "$2,174", "2006": "$28,489", "2005": "$29,433"}, "Citigroup Quarterly Operating Income (Millions of US $)": {"2020-12-31": "$5,831", "2020-09-30": "$4,076", "2020-06-30": "$1,448", "2020-03-31": "$3,110", "2019-12-31": "$5,702", "2019-09-30": "$6,022", "2019-06-30": "$6,165", "2019-03-31": "$6,012", "2018-12-31": "$5,306", "2018-09-30": "$6,104", "2018-06-30": "$5,945", "2018-03-31": "$6,090", "2017-12-31": "$5,099", "2017-09-30": "$6,003", "2017-06-30": "$5,678", "2017-03-31": "$5,981", "2016-12-31": "$5,100", "2016-09-30": "$5,620", "2016-06-30": "$5,770", "2016-03-31": "$4,987", "2015-12-31": "$4,808", "2015-09-30": "$6,187", "2015-06-30": "$6,894", "2015-03-31": "$6,937", "2014-12-31": "$1,460", "2014-09-30": "$4,984", "2014-06-30": "$2,174", "2014-03-31": "$6,083", "2013-12-31": "$3,720", "2013-09-30": "$4,266", "2013-06-30": "$6,315", "2013-03-31": "$5,501", "2012-12-31": "$1,069", "2012-09-30": "$-1,009", "2012-06-30": "$3,697", "2012-03-31": "$4,068", "2011-12-31": "$1,187", "2011-09-30": "$5,020", "2011-06-30": "$4,299", "2011-03-31": "$4,216", "2010-12-31": "$1,060", "2010-09-30": "$3,299", "2010-06-30": "$3,540", "2010-03-31": "$5,285", "2009-12-31": "$-15,127", "2009-09-30": "$-563", "2009-06-30": "$5,262", "2009-03-31": "$2,516", "2008-12-31": "$-30,006", "2008-09-30": "$-6,808", "2008-06-30": "$-4,820", "2008-03-31": "$-9,171", "2007-12-31": "$-19,301", "2007-09-30": "$2,656", "2007-06-30": "$8,992", "2007-03-31": "$8,298", "2006-12-31": "$6,372", "2006-09-30": "$7,369", "2006-06-30": "$7,596", "2006-03-31": "$7,152", "2005-12-31": "$7,261", "2005-09-30": "$7,245", "2005-06-30": "$7,165", "2005-03-31": "$7,762"}}, "ebitda": {"Citigroup Annual EBITDA (Millions of US $)": {"2019": "$", "2018": "$", "2017": "$", "2016": "$", "2015": "$", "2014": "$", "2013": "$", "2012": "$", "2011": "$", "2010": "$", "2009": "$", "2008": "$", "2007": "$", "2006": "$", "2005": "$"}, "Citigroup Quarterly EBITDA (Millions of US $)": {"2020-09-30": "", "2020-06-30": "", "2020-03-31": "", "2019-12-31": "", "2019-09-30": "", "2019-06-30": "", "2019-03-31": "", "2018-12-31": "", "2018-09-30": "", "2018-06-30": "", "2018-03-31": "", "2017-12-31": "", "2017-09-30": "", "2017-06-30": "", "2017-03-31": "", "2016-12-31": "", "2016-09-30": "", "2016-06-30": "", "2016-03-31": "", "2015-12-31": "", "2015-09-30": "", "2015-06-30": "", "2015-03-31": "", "2014-12-31": "", "2014-09-30": "", "2014-06-30": "", "2014-03-31": "", "2013-12-31": "", "2013-09-30": "", "2013-06-30": "", "2013-03-31": "", "2012-12-31": "", "2012-09-30": "", "2012-06-30": "", "2012-03-31": "", "2011-12-31": "", "2011-09-30": "", "2011-06-30": "", "2011-03-31": "", "2010-12-31": "", "2010-09-30": "", "2010-06-30": "", "2010-03-31": "", "2009-12-31": "", "2009-09-30": "", "2009-06-30": "", "2009-03-31": "", "2008-12-31": "", "2008-09-30": "", "2008-06-30": "", "2008-03-31": "", "2007-12-31": "", "2007-09-30": "", "2007-06-30": "", "2007-03-31": "", "2006-12-31": "", "2006-09-30": "", "2006-06-30": "", "2006-03-31": "", "2005-12-31": "", "2005-09-30": "", "2005-06-30": "", "2005-03-31": ""}}, "net-income": {"Citigroup Annual Net Income (Millions of US $)": {"2020": "$11,370", "2019": "$18,171", "2018": "$16,671", "2017": "$-8,048", "2016": "$13,640", "2015": "$16,249", "2014": "$6,688", "2013": "$13,465", "2012": "$7,515", "2011": "$11,041", "2010": "$10,593", "2009": "$-1,606", "2008": "$-29,416", "2007": "$3,581", "2006": "$21,474", "2005": "$24,589"}, "Citigroup Quarterly Net Income (Millions of US $)": {"2020-12-31": "$4,632", "2020-09-30": "$3,230", "2020-06-30": "$1,052", "2020-03-31": "$2,210", "2019-12-31": "$4,416", "2019-09-30": "$4,913", "2019-06-30": "$4,453", "2019-03-31": "$4,389", "2018-12-31": "$3,306", "2018-09-30": "$4,622", "2018-06-30": "$4,123", "2018-03-31": "$4,620", "2017-12-31": "$-19,450", "2017-09-30": "$3,808", "2017-06-30": "$3,504", "2017-03-31": "$4,090", "2016-12-31": "$3,204", "2016-09-30": "$3,562", "2016-06-30": "$3,623", "2016-03-31": "$3,251", "2015-12-31": "$2,966", "2015-09-30": "$4,061", "2015-06-30": "$4,580", "2015-03-31": "$4,642", "2014-12-31": "$74", "2014-09-30": "$2,713", "2014-06-30": "$81", "2014-03-31": "$3,820", "2013-12-31": "$2,371", "2013-09-30": "$3,117", "2013-06-30": "$4,173", "2013-03-31": "$3,804", "2012-12-31": "$1,187", "2012-09-30": "$464", "2012-06-30": "$2,937", "2012-03-31": "$2,927", "2011-12-31": "$947", "2011-09-30": "$3,767", "2011-06-30": "$3,332", "2011-03-31": "$2,995", "2010-12-31": "$1,300", "2010-09-30": "$2,168", "2010-06-30": "$2,697", "2010-03-31": "$4,428", "2009-12-31": "$-1,677", "2009-09-30": "$-3,242", "2009-06-30": "$4,279", "2009-03-31": "$-966", "2008-12-31": "$-18,995", "2008-09-30": "$-2,815", "2008-06-30": "$-2,495", "2008-03-31": "$-5,111", "2007-12-31": "$-9,869", "2007-09-30": "$2,212", "2007-06-30": "$6,226", "2007-03-31": "$5,012", "2006-12-31": "$5,065", "2006-09-30": "$5,505", "2006-06-30": "$5,265", "2006-03-31": "$5,639", "2005-12-31": "$6,932", "2005-09-30": "$7,143", "2005-06-30": "$5,073", "2005-03-31": "$5,441"}}, "eps-earnings-per-share-diluted": {"Citigroup Annual EPS": {"2020": "$4.87", "2019": "$8.04", "2018": "$6.68", "2017": "$-2.98", "2016": "$4.72", "2015": "$5.40", "2014": "$2.20", "2013": "$4.34", "2012": "$2.44", "2011": "$3.63", "2010": "$3.54", "2009": "$-7.99", "2008": "$-56.30", "2007": "$6.70", "2006": "$43.10", "2005": "$47.50"}, "Citigroup Quarterly EPS": {"2020-12-31": "$2.08", "2020-09-30": "$1.40", "2020-06-30": "$0.50", "2020-03-31": "$1.05", "2019-12-31": "$2.15", "2019-09-30": "$2.07", "2019-06-30": "$1.95", "2019-03-31": "$1.87", "2018-12-31": "$1.64", "2018-09-30": "$1.73", "2018-06-30": "$1.63", "2018-03-31": "$1.68", "2017-12-31": "$-7.16", "2017-09-30": "$1.42", "2017-06-30": "$1.28", "2017-03-31": "$1.48", "2016-12-31": "$1.14", "2016-09-30": "$1.24", "2016-06-30": "$1.24", "2016-03-31": "$1.10", "2015-12-31": "$1.03", "2015-09-30": "$1.35", "2015-06-30": "$1.51", "2015-03-31": "$1.51", "2014-12-31": "$0.06", "2014-09-30": "$0.88", "2014-06-30": "$0.03", "2014-03-31": "$1.23", "2013-12-31": "$0.77", "2013-09-30": "$1.00", "2013-06-30": "$1.34", "2013-03-31": "$1.23", "2012-12-31": "$0.39", "2012-09-30": "$0.15", "2012-06-30": "$0.95", "2012-03-31": "$0.95", "2011-12-31": "$0.32", "2011-09-30": "$1.23", "2011-06-30": "$1.09", "2011-03-31": "$0.99", "2010-12-31": "$0.42", "2010-09-30": "$0.72", "2010-06-30": "$0.90", "2010-03-31": "$1.50", "2009-12-31": "$-8.39", "2009-09-30": "$-2.70", "2009-06-30": "$4.90", "2009-03-31": "$-1.80", "2008-12-31": "$-34.40", "2008-09-30": "$-6.10", "2008-06-30": "$-5.50", "2008-03-31": "$-10.30", "2007-12-31": "$-20.20", "2007-09-30": "$4.40", "2007-06-30": "$12.40", "2007-03-31": "$10.10", "2006-12-31": "$10.40", "2006-09-30": "$11.00", "2006-06-30": "$10.50", "2006-03-31": "$11.20", "2005-12-31": "$13.60", "2005-09-30": "$13.80", "2005-06-30": "$9.70", "2005-03-31": "$10.40"}}, "shares-outstanding": {"Citigroup Annual Shares Outstanding (Millions of Shares)": {"2020": "2,099", "2019": "2,265", "2018": "2,495", "2017": "2,699", "2016": "2,888", "2015": "3,008", "2014": "3,037", "2013": "3,042", "2012": "3,016", "2011": "2,999", "2010": "2,968", "2009": "1,210", "2008": "577", "2007": "492", "2006": "499", "2005": "516"}, "Citigroup Quarterly Shares Outstanding (Millions of Shares)": {"2020-12-31": "2,096", "2020-09-30": "2,094", "2020-06-30": "2,084", "2020-03-31": "2,114", "2019-12-31": "2,265", "2019-09-30": "2,237", "2019-06-30": "2,289", "2019-03-31": "2,342", "2018-12-31": "2,495", "2018-09-30": "2,481", "2018-06-30": "2,532", "2018-03-31": "2,563", "2017-12-31": "2,699", "2017-09-30": "2,684", "2017-06-30": "2,739", "2017-03-31": "2,766", "2016-12-31": "2,888", "2016-09-30": "2,880", "2016-06-30": "2,916", "2016-03-31": "2,943", "2015-12-31": "3,008", "2015-09-30": "2,997", "2015-06-30": "3,025", "2015-03-31": "3,039", "2014-12-31": "3,037", "2014-09-30": "3,035", "2014-06-30": "3,038", "2014-03-31": "3,043", "2013-12-31": "3,042", "2013-09-30": "3,041", "2013-06-30": "3,046", "2013-03-31": "3,045", "2012-12-31": "3,016", "2012-09-30": "3,015", "2012-06-30": "3,015", "2012-03-31": "3,015", "2011-12-31": "2,999", "2011-09-30": "2,999", "2011-06-30": "2,997", "2011-03-31": "2,997", "2010-12-31": "2,968", "2010-09-30": "2,978", "2010-06-30": "2,975", "2010-03-31": "2,933", "2009-12-31": "1,210", "2009-09-30": "1,222", "2009-06-30": "597", "2009-03-31": "595", "2008-12-31": "577", "2008-09-30": "583", "2008-06-30": "578", "2008-03-31": "558", "2007-12-31": "492", "2007-09-30": "501", "2007-06-30": "499", "2007-03-31": "497", "2006-12-31": "499", "2006-09-30": "498", "2006-06-30": "499", "2006-03-31": "501", "2005-12-31": "516", "2005-09-30": "515", "2005-06-30": "521", "2005-03-31": "523"}}, "total-assets": {"Citigroup Annual Total Assets (Millions of US $)": {"2019": "$1,951,158", "2018": "$1,917,383", "2017": "$1,842,465", "2016": "$1,792,077", "2015": "$1,731,210", "2014": "$1,842,181", "2013": "$1,880,382", "2012": "$1,864,660", "2011": "$1,873,878", "2010": "$1,913,902", "2009": "$1,856,646", "2008": "$1,938,470", "2007": "$2,187,480", "2006": "$1,884,318", "2005": "$1,494,037"}, "Citigroup Quarterly Total Assets (Millions of US $)": {"2020-09-30": "$2,234,459", "2020-06-30": "$2,232,715", "2020-03-31": "$2,219,770", "2019-12-31": "$1,951,158", "2019-09-30": "$2,014,802", "2019-06-30": "$1,988,226", "2019-03-31": "$1,958,413", "2018-12-31": "$1,917,383", "2018-09-30": "$1,925,165", "2018-06-30": "$1,912,334", "2018-03-31": "$1,922,104", "2017-12-31": "$1,842,465", "2017-09-30": "$1,889,133", "2017-06-30": "$1,864,063", "2017-03-31": "$1,821,635", "2016-12-31": "$1,792,077", "2016-09-30": "$1,818,117", "2016-06-30": "$1,818,771", "2016-03-31": "$1,800,967", "2015-12-31": "$1,731,210", "2015-09-30": "$1,808,356", "2015-06-30": "$1,829,370", "2015-03-31": "$1,831,801", "2014-12-31": "$1,842,181", "2014-09-30": "$1,882,849", "2014-06-30": "$1,909,715", "2014-03-31": "$1,894,736", "2013-12-31": "$1,880,382", "2013-09-30": "$1,899,511", "2013-06-30": "$1,883,988", "2013-03-31": "$1,881,734", "2012-12-31": "$1,864,660", "2012-09-30": "$1,931,346", "2012-06-30": "$1,916,451", "2012-03-31": "$1,944,423", "2011-12-31": "$1,873,878", "2011-09-30": "$1,935,992", "2011-06-30": "$1,956,626", "2011-03-31": "$1,947,815", "2010-12-31": "$1,913,902", "2010-09-30": "$1,983,280", "2010-06-30": "$1,937,656", "2010-03-31": "$2,002,213", "2009-12-31": "$1,856,646", "2009-09-30": "$1,888,599", "2009-06-30": "$1,848,533", "2009-03-31": "$1,822,578", "2008-12-31": "$1,938,470", "2008-09-30": "$2,050,131", "2008-06-30": "$2,100,385", "2008-03-31": "$2,199,848", "2007-12-31": "$2,187,480", "2007-09-30": "$2,358,266", "2007-06-30": "$2,220,866", "2007-03-31": "$2,020,966", "2006-12-31": "$1,884,318", "2006-09-30": "$1,746,248", "2006-06-30": "$1,626,551", "2006-03-31": "$1,586,201", "2005-12-31": "$1,494,037", "2005-09-30": "$1,472,793", "2005-06-30": "$1,547,789", "2005-03-31": "$1,489,891"}}, "cash-on-hand": {"Citigroup Annual Cash on Hand (Millions of US $)": {"2019": "$721,381", "2018": "$714,906", "2017": "$665,784", "2016": "$641,232", "2015": "$593,987", "2014": "$699,553", "2013": "$741,855", "2012": "$720,827", "2011": "$752,068", "2010": "$754,398", "2009": "$757,681", "2008": "$761,352", "2007": "$920,622", "2006": "$745,778", "2005": "$568,561"}, "Citigroup Quarterly Cash on Hand (Millions of US $)": {"2020-09-30": "$961,262", "2020-06-30": "$955,001", "2020-03-31": "$913,456", "2019-12-31": "$721,381", "2019-09-30": "$788,392", "2019-06-30": "$769,843", "2019-03-31": "$756,899", "2018-12-31": "$714,906", "2018-09-30": "$737,729", "2018-06-30": "$729,377", "2018-03-31": "$729,399", "2017-12-31": "$665,784", "2017-09-30": "$697,624", "2017-06-30": "$679,753", "2017-03-31": "$667,877", "2016-12-31": "$641,232", "2016-09-30": "$655,387", "2016-06-30": "$650,580", "2016-03-31": "$657,129", "2015-12-31": "$593,987", "2015-09-30": "$658,302", "2015-06-30": "$670,349", "2015-03-31": "$697,774", "2014-12-31": "$699,553", "2014-09-30": "$715,328", "2014-06-30": "$730,214", "2014-03-31": "$745,978", "2013-12-31": "$741,855", "2013-09-30": "$770,870", "2013-06-30": "$758,948", "2013-03-31": "$753,124", "2012-12-31": "$720,827", "2012-09-30": "$796,573", "2012-06-30": "$771,891", "2012-03-31": "$806,561", "2011-12-31": "$752,068", "2011-09-30": "$799,570", "2011-06-30": "$790,272", "2011-03-31": "$775,675", "2010-12-31": "$754,398", "2010-09-30": "$753,568", "2010-06-30": "$725,685", "2010-03-31": "$769,334", "2009-12-31": "$757,681", "2009-09-30": "$782,266", "2009-06-30": "$714,032", "2009-03-31": "$705,391", "2008-12-31": "$761,352", "2008-09-30": "$824,567", "2008-06-30": "$838,377", "2008-03-31": "$921,598", "2007-12-31": "$920,622", "2007-09-30": "$1,061,376", "2007-06-30": "$987,977", "2007-03-31": "$833,317", "2006-12-31": "$745,778", "2006-09-30": "$670,258", "2006-06-30": "$622,459", "2006-03-31": "$622,318", "2005-12-31": "$568,561", "2005-09-30": "$588,563", "2005-06-30": "$573,668", "2005-03-31": "$529,128"}}, "long-term-debt": {"Citigroup Annual Long Term Debt (Millions of US $)": {"2019": "$248,760", "2018": "$231,999", "2017": "$236,709", "2016": "$206,178", "2015": "$201,275", "2014": "$223,080", "2013": "$221,116", "2012": "$239,463", "2011": "$323,505", "2010": "$381,183", "2009": "$364,019", "2008": "$359,593", "2007": "$427,112", "2006": "$288,494", "2005": "$217,499"}, "Citigroup Quarterly Long Term Debt (Millions of US $)": {"2020-09-30": "$273,254", "2020-06-30": "$279,775", "2020-03-31": "$266,098", "2019-12-31": "$248,760", "2019-09-30": "$242,238", "2019-06-30": "$252,189", "2019-03-31": "$243,566", "2018-12-31": "$231,999", "2018-09-30": "$235,270", "2018-06-30": "$236,822", "2018-03-31": "$237,938", "2017-12-31": "$236,709", "2017-09-30": "$232,673", "2017-06-30": "$225,179", "2017-03-31": "$208,530", "2016-12-31": "$206,178", "2016-09-30": "$209,051", "2016-06-30": "$207,448", "2016-03-31": "$207,835", "2015-12-31": "$201,275", "2015-09-30": "$213,533", "2015-06-30": "$211,845", "2015-03-31": "$210,522", "2014-12-31": "$223,080", "2014-09-30": "$223,842", "2014-06-30": "$226,984", "2014-03-31": "$222,747", "2013-12-31": "$221,116", "2013-09-30": "$221,593", "2013-06-30": "$220,959", "2013-03-31": "$234,326", "2012-12-31": "$239,463", "2012-09-30": "$271,862", "2012-06-30": "$288,334", "2012-03-31": "$311,079", "2011-12-31": "$323,505", "2011-09-30": "$333,824", "2011-06-30": "$352,458", "2011-03-31": "$376,541", "2010-12-31": "$381,183", "2010-09-30": "$387,330", "2010-06-30": "$413,297", "2010-03-31": "$439,274", "2009-12-31": "$364,019", "2009-09-30": "$379,557", "2009-06-30": "$348,046", "2009-03-31": "$337,252", "2008-12-31": "$359,593", "2008-09-30": "$393,097", "2008-06-30": "$417,928", "2008-03-31": "$424,959", "2007-12-31": "$427,112", "2007-09-30": "$364,526", "2007-06-30": "$340,077", "2007-03-31": "$310,768", "2006-12-31": "$288,494", "2006-09-30": "$260,089", "2006-06-30": "$239,557", "2006-03-31": "$227,165", "2005-12-31": "$217,499", "2005-09-30": "$228,506", "2005-06-30": "$236,073", "2005-03-31": "$238,368"}}, "total-liabilities": {"Citigroup Annual Total Liabilities (Millions of US $)": {"2019": "$1,757,212", "2018": "$1,720,309", "2017": "$1,640,793", "2016": "$1,565,934", "2015": "$1,508,118", "2014": "$1,630,485", "2013": "$1,674,249", "2012": "$1,673,663", "2011": "$1,694,305", "2010": "$1,748,113", "2009": "$1,701,673", "2008": "$1,794,448", "2007": "$2,074,033", "2006": "$1,764,535", "2005": "$1,381,500"}, "Citigroup Quarterly Total Liabilities (Millions of US $)": {"2020-09-30": "$2,039,864", "2020-06-30": "$2,040,413", "2020-03-31": "$2,026,788", "2019-12-31": "$1,757,212", "2019-09-30": "$1,817,732", "2019-06-30": "$1,790,116", "2019-03-31": "$1,761,398", "2018-12-31": "$1,720,309", "2018-09-30": "$1,727,302", "2018-06-30": "$1,711,366", "2018-03-31": "$1,719,238", "2017-12-31": "$1,640,793", "2017-09-30": "$1,660,511", "2017-06-30": "$1,632,956", "2017-03-31": "$1,592,482", "2016-12-31": "$1,565,934", "2016-09-30": "$1,585,427", "2016-06-30": "$1,585,750", "2016-03-31": "$1,572,206", "2015-12-31": "$1,508,118", "2015-09-30": "$1,586,219", "2015-06-30": "$1,608,545", "2015-03-31": "$1,615,778", "2014-12-31": "$1,630,485", "2014-09-30": "$1,668,958", "2014-06-30": "$1,696,616", "2014-03-31": "$1,684,494", "2013-12-31": "$1,674,249", "2013-09-30": "$1,696,772", "2013-06-30": "$1,686,162", "2013-03-31": "$1,686,395", "2012-12-31": "$1,673,663", "2012-09-30": "$1,742,608", "2012-06-30": "$1,730,612", "2012-03-31": "$1,760,700", "2011-12-31": "$1,694,305", "2011-09-30": "$1,756,650", "2011-06-30": "$1,777,981", "2011-03-31": "$1,774,422", "2010-12-31": "$1,748,113", "2010-09-30": "$1,818,097", "2010-06-30": "$1,780,326", "2010-03-31": "$1,848,434", "2009-12-31": "$1,701,673", "2009-09-30": "$1,745,650", "2009-06-30": "$1,694,365", "2009-03-31": "$1,676,651", "2008-12-31": "$1,794,448", "2008-09-30": "$1,924,069", "2008-06-30": "$1,963,980", "2008-03-31": "$2,071,629", "2007-12-31": "$2,074,033", "2007-09-30": "$2,231,153", "2007-06-30": "$2,093,112", "2007-03-31": "$1,898,883", "2006-12-31": "$1,764,535", "2006-09-30": "$1,628,383", "2006-06-30": "$1,511,123", "2006-03-31": "$1,471,783", "2005-12-31": "$1,381,500", "2005-09-30": "$1,360,956", "2005-06-30": "$1,434,752", "2005-03-31": "$1,379,355"}}, "total-share-holder-equity": {"Citigroup Annual Share Holder Equity (Millions of US $)": {"2019": "$193,946", "2018": "$197,074", "2017": "$201,672", "2016": "$226,143", "2015": "$223,092", "2014": "$211,696", "2013": "$206,133", "2012": "$190,997", "2011": "$179,573", "2010": "$165,789", "2009": "$154,973", "2008": "$144,022", "2007": "$113,447", "2006": "$119,783", "2005": "$112,537"}, "Citigroup Quarterly Share Holder Equity (Millions of US $)": {"2020-09-30": "$194,595", "2020-06-30": "$192,302", "2020-03-31": "$192,982", "2019-12-31": "$193,946", "2019-09-30": "$197,070", "2019-06-30": "$198,110", "2019-03-31": "$197,015", "2018-12-31": "$197,074", "2018-09-30": "$197,863", "2018-06-30": "$200,968", "2018-03-31": "$202,866", "2017-12-31": "$201,672", "2017-09-30": "$228,622", "2017-06-30": "$231,107", "2017-03-31": "$229,153", "2016-12-31": "$226,143", "2016-09-30": "$232,690", "2016-06-30": "$233,021", "2016-03-31": "$228,761", "2015-12-31": "$223,092", "2015-09-30": "$222,137", "2015-06-30": "$220,825", "2015-03-31": "$216,023", "2014-12-31": "$211,696", "2014-09-30": "$213,891", "2014-06-30": "$213,099", "2014-03-31": "$210,242", "2013-12-31": "$206,133", "2013-09-30": "$202,739", "2013-06-30": "$197,826", "2013-03-31": "$195,339", "2012-12-31": "$190,997", "2012-09-30": "$188,738", "2012-06-30": "$185,839", "2012-03-31": "$183,723", "2011-12-31": "$179,573", "2011-09-30": "$179,342", "2011-06-30": "$178,645", "2011-03-31": "$173,393", "2010-12-31": "$165,789", "2010-09-30": "$165,183", "2010-06-30": "$157,330", "2010-03-31": "$153,779", "2009-12-31": "$154,973", "2009-09-30": "$142,949", "2009-06-30": "$154,168", "2009-03-31": "$145,927", "2008-12-31": "$144,022", "2008-09-30": "$126,062", "2008-06-30": "$136,405", "2008-03-31": "$128,219", "2007-12-31": "$113,447", "2007-09-30": "$127,113", "2007-06-30": "$127,754", "2007-03-31": "$122,083", "2006-12-31": "$119,783", "2006-09-30": "$117,865", "2006-06-30": "$115,428", "2006-03-31": "$114,418", "2005-12-31": "$112,537", "2005-09-30": "$111,837", "2005-06-30": "$113,037", "2005-03-31": "$110,536"}}, "profit-margins": {"current": "13.17%"}, "gross margin": {"2020-12-31": "83.63%", "2020-09-30": "80.44%", "2020-06-30": "76.92%", "2020-03-31": "73.55%", "2019-12-31": "71.81%", "2019-09-30": "71.25%", "2019-06-30": "72.02%", "2019-03-31": "73.30%", "2018-12-31": "75.01%", "2018-09-30": "76.94%", "2018-06-30": "78.59%", "2018-03-31": "80.11%", "2017-12-31": "81.43%", "2017-09-30": "82.69%", "2017-06-30": "83.71%", "2017-03-31": "84.50%", "2016-12-31": "84.98%", "2016-09-30": "85.46%", "2016-06-30": "85.86%", "2016-03-31": "86.24%", "2015-12-31": "86.50%", "2015-09-30": "86.16%", "2015-06-30": "85.94%", "2015-03-31": "85.39%", "2014-12-31": "84.94%", "2014-09-30": "84.44%", "2014-06-30": "83.54%", "2014-03-31": "83.24%", "2013-12-31": "82.59%", "2013-09-30": "81.70%", "2013-06-30": "79.88%", "2013-03-31": "78.35%", "2012-12-31": "77.05%", "2012-09-30": "75.76%", "2012-06-30": "76.75%", "2012-03-31": "76.43%", "2011-12-31": "76.16%", "2011-09-30": "76.30%", "2011-06-30": "76.16%", "2011-03-31": "76.50%", "2010-12-31": "77.53%", "2010-09-30": "74.18%", "2010-06-30": "73.72%", "2010-03-31": "75.37%", "2009-12-31": "74.21%", "2009-09-30": "71.66%", "2009-06-30": "66.83%", "2009-03-31": "58.98%", "2008-12-31": "49.45%", "2008-09-30": "45.02%", "2008-06-30": "44.61%", "2008-03-31": "46.31%", "2007-12-31": "50.44%", "2007-09-30": "56.65%", "2007-06-30": "58.54%", "2007-03-31": "59.44%", "2006-12-31": "60.79%", "2006-09-30": "62.63%", "2006-06-30": "65.12%", "2006-03-31": "67.17%", "2005-12-31": "69.52%"}, "operating margin": {"2020-12-31": "16.28%", "2020-09-30": "15.14%", "2020-06-30": "16.17%", "2020-03-31": "20.20%", "2019-12-31": "23.10%", "2019-09-30": "22.93%", "2019-06-30": "23.32%", "2019-03-31": "23.61%", "2018-12-31": "24.14%", "2018-09-30": "24.41%", "2018-06-30": "24.82%", "2018-03-31": "25.11%", "2017-12-31": "25.59%", "2017-09-30": "25.83%", "2017-06-30": "25.94%", "2017-03-31": "26.52%", "2016-12-31": "25.78%", "2016-09-30": "25.39%", "2016-06-30": "25.85%", "2016-03-31": "26.60%", "2015-12-31": "28.12%", "2015-09-30": "24.41%", "2015-06-30": "22.69%", "2015-03-31": "17.31%", "2014-12-31": "16.17%", "2014-09-30": "18.50%", "2014-06-30": "17.95%", "2014-03-31": "22.13%", "2013-12-31": "21.32%", "2013-09-30": "18.36%", "2013-06-30": "13.15%", "2013-03-31": "10.36%", "2012-12-31": "8.71%", "2012-09-30": "8.90%", "2012-06-30": "14.34%", "2012-03-31": "14.46%", "2011-12-31": "14.50%", "2011-09-30": "14.00%", "2011-06-30": "12.34%", "2011-03-31": "11.45%", "2010-12-31": "11.80%", "2010-09-30": "-3.03%", "2010-06-30": "-6.91%", "2010-03-31": "-4.77%", "2009-12-31": "-7.31%", "2009-09-30": "-20.35%", "2009-06-30": "-25.50%", "2009-03-31": "-36.23%", "2008-12-31": "-48.69%", "2008-09-30": "-36.03%", "2008-06-30": "-24.63%", "2008-03-31": "-12.12%", "2007-12-31": "0.42%", "2007-09-30": "15.87%", "2007-06-30": "19.38%", "2007-03-31": "19.66%", "2006-12-31": "20.06%", "2006-09-30": "21.25%", "2006-06-30": "21.99%", "2006-03-31": "22.88%", "2005-12-31": "24.46%"}, "ebitda margin": {"2020-09-30": "0.00%", "2020-06-30": "0.00%", "2020-03-31": "0.00%", "2019-12-31": "0.00%", "2019-09-30": "0.00%", "2019-06-30": "0.00%", "2019-03-31": "0.00%", "2018-12-31": "0.00%", "2018-09-30": "0.00%", "2018-06-30": "0.00%", "2018-03-31": "0.00%", "2017-12-31": "0.00%", "2017-09-30": "0.00%", "2017-06-30": "0.00%", "2017-03-31": "0.00%", "2016-12-31": "0.00%", "2016-09-30": "0.00%", "2016-06-30": "0.00%", "2016-03-31": "0.00%", "2015-12-31": "0.00%", "2015-09-30": "0.00%", "2015-06-30": "0.00%", "2015-03-31": "0.00%", "2014-12-31": "0.00%", "2014-09-30": "0.00%", "2014-06-30": "0.00%", "2014-03-31": "0.00%", "2013-12-31": "0.00%", "2013-09-30": "0.00%", "2013-06-30": "0.00%", "2013-03-31": "0.00%", "2012-12-31": "0.00%", "2012-09-30": "0.00%", "2012-06-30": "0.00%", "2012-03-31": "0.00%", "2011-12-31": "0.00%", "2011-09-30": "0.00%", "2011-06-30": "0.00%", "2011-03-31": "0.00%", "2010-12-31": "0.00%", "2010-09-30": "0.00%", "2010-06-30": "0.00%", "2010-03-31": "0.00%", "2009-12-31": "0.00%", "2009-09-30": "0.00%", "2009-06-30": "0.00%", "2009-03-31": "0.00%", "2008-12-31": "0.00%", "2008-09-30": "0.00%", "2008-06-30": "0.00%", "2008-03-31": "0.00%", "2007-12-31": "0.00%", "2007-09-30": "0.00%", "2007-06-30": "0.00%", "2007-03-31": "0.00%", "2006-12-31": "0.00%", "2006-09-30": "0.00%", "2006-06-30": "0.00%", "2006-03-31": "0.00%", "2005-12-31": "0.00%"}, "pre tax profit margin": {"2020-12-31": "16.28%", "2020-09-30": "15.14%", "2020-06-30": "16.17%", "2020-03-31": "20.20%", "2019-12-31": "23.10%", "2019-09-30": "22.93%", "2019-06-30": "23.32%", "2019-03-31": "23.61%", "2018-12-31": "24.14%", "2018-09-30": "24.41%", "2018-06-30": "24.82%", "2018-03-31": "25.11%", "2017-12-31": "25.59%", "2017-09-30": "25.83%", "2017-06-30": "25.94%", "2017-03-31": "26.52%", "2016-12-31": "25.78%", "2016-09-30": "25.39%", "2016-06-30": "25.85%", "2016-03-31": "26.60%", "2015-12-31": "28.12%", "2015-09-30": "24.41%", "2015-06-30": "22.69%", "2015-03-31": "17.31%", "2014-12-31": "16.17%", "2014-09-30": "18.50%", "2014-06-30": "17.95%", "2014-03-31": "22.13%", "2013-12-31": "21.32%", "2013-09-30": "18.36%", "2013-06-30": "13.15%", "2013-03-31": "10.36%", "2012-12-31": "8.71%", "2012-09-30": "8.90%", "2012-06-30": "14.34%", "2012-03-31": "14.46%", "2011-12-31": "14.50%", "2011-09-30": "14.00%", "2011-06-30": "12.34%", "2011-03-31": "11.45%", "2010-12-31": "11.80%", "2010-09-30": "-2.99%", "2010-06-30": "-6.84%", "2010-03-31": "-4.68%", "2009-12-31": "-7.21%", "2009-09-30": "-21.69%", "2009-06-30": "-26.84%", "2009-03-31": "-37.64%", "2008-12-31": "-50.17%", "2008-09-30": "-34.68%", "2008-06-30": "-23.45%", "2008-03-31": "-11.14%", "2007-12-31": "0.42%", "2007-09-30": "14.98%", "2007-06-30": "18.48%", "2007-03-31": "18.75%", "2006-12-31": "20.06%", "2006-09-30": "21.25%", "2006-06-30": "21.99%", "2006-03-31": "22.88%", "2005-12-31": "24.46%"}, "net profit margin": {"2020-12-31": "12.52%", "2020-09-30": "11.52%", "2020-06-30": "12.50%", "2020-03-31": "15.39%", "2019-12-31": "17.57%", "2019-09-30": "16.64%", "2019-06-30": "16.58%", "2019-03-31": "16.61%", "2018-12-31": "17.17%", "2018-09-30": "-6.39%", "2018-06-30": "-7.40%", "2018-03-31": "-8.26%", "2017-12-31": "-9.05%", "2017-09-30": "16.57%", "2017-06-30": "16.65%", "2017-03-31": "17.09%", "2016-12-31": "16.37%", "2016-09-30": "16.06%", "2016-06-30": "16.52%", "2016-03-31": "17.28%", "2015-12-31": "18.41%", "2015-09-30": "15.18%", "2015-06-30": "13.44%", "2015-03-31": "8.36%", "2014-12-31": "7.36%", "2014-09-30": "9.80%", "2014-06-30": "10.37%", "2014-03-31": "14.63%", "2013-12-31": "14.49%", "2013-09-30": "13.15%", "2013-06-30": "10.66%", "2013-03-31": "9.39%", "2012-12-31": "8.37%", "2012-09-30": "8.15%", "2012-06-30": "10.86%", "2012-03-31": "10.89%", "2011-12-31": "10.87%", "2011-09-30": "10.93%", "2011-06-30": "9.39%", "2011-03-31": "8.66%", "2010-12-31": "9.48%", "2010-09-30": "7.67%", "2010-06-30": "2.22%", "2010-03-31": "3.52%", "2009-12-31": "-1.48%", "2009-09-30": "-16.90%", "2009-06-30": "-16.24%", "2009-03-31": "-23.41%", "2008-12-31": "-28.19%", "2008-09-30": "-18.23%", "2008-06-30": "-12.27%", "2008-03-31": "-4.71%", "2007-12-31": "2.34%", "2007-09-30": "11.16%", "2007-06-30": "13.62%", "2007-03-31": "13.83%", "2006-12-31": "15.12%", "2006-09-30": "16.89%", "2006-06-30": "18.77%", "2006-03-31": "19.67%", "2005-12-31": "20.44%"}, "pe ratio": {"current": "12.44", "2021-02-05": "21.21", "2020-12-31": "20.72", "2020-09-30": "8.28", "2020-06-30": "8.58", "2020-03-31": "5.59", "2019-12-31": "9.46", "2019-09-30": "8.67", "2019-06-30": "9.14", "2019-03-31": "8.50", "2018-12-31": "7.26", "2018-09-30": "0.00", "2018-06-30": "0.00", "2018-03-31": "0.00", "2017-12-31": "0.00", "2017-09-30": "12.72", "2017-06-30": "12.06", "2017-03-31": "10.85", "2016-12-31": "11.31", "2016-09-30": "9.20", "2016-06-30": "8.03", "2016-03-31": "7.47", "2015-12-31": "8.55", "2015-09-30": "9.96", "2015-06-30": "11.83", "2015-03-31": "16.94", "2014-12-31": "19.85", "2014-09-30": "14.33", "2014-06-30": "13.31", "2014-03-31": "9.55", "2013-12-31": "10.46", "2013-09-30": "10.89", "2013-06-30": "13.72", "2013-03-31": "14.47", "2012-12-31": "14.43", "2012-09-30": "11.93", "2012-06-30": "6.92", "2012-03-31": "8.87", "2011-12-31": "6.29", "2011-09-30": "6.09", "2011-06-30": "11.55", "2011-03-31": "13.03", "2010-12-31": "11.95", "2010-09-30": "0.00", "2010-06-30": "0.00", "2010-03-31": "59.70", "2009-12-31": "0.00", "2009-09-30": "0.00", "2009-06-30": "0.00", "2009-03-31": "0.00", "2008-12-31": "0.00", "2008-09-30": "0.00", "2008-06-30": "0.00", "2008-03-31": "0.00", "2007-12-31": "33.75", "2007-09-30": "10.27", "2007-06-30": "9.56", "2007-03-31": "9.90", "2006-12-31": "10.36"}, "price sales": {"2021-02-05": "1.48", "2020-12-31": "1.44", "2020-09-30": "0.95", "2020-06-30": "1.07", "2020-03-31": "0.86", "2019-12-31": "1.68", "2019-09-30": "1.49", "2019-06-30": "1.56", "2019-03-31": "1.45", "2018-12-31": "1.26", "2018-09-30": "1.79", "2018-06-30": "1.73", "2018-03-31": "1.81", "2017-12-31": "2.08", "2017-09-30": "2.07", "2017-06-30": "1.97", "2017-03-31": "1.82", "2016-12-31": "1.86", "2016-09-30": "1.49", "2016-06-30": "1.33", "2016-03-31": "1.30", "2015-12-31": "1.57", "2015-09-30": "1.52", "2015-06-30": "1.67", "2015-03-31": "1.55", "2014-12-31": "1.61", "2014-09-30": "1.52", "2014-06-30": "1.40", "2014-03-31": "1.40", "2013-12-31": "1.51", "2013-09-30": "1.40", "2013-06-30": "1.43", "2013-03-31": "1.33", "2012-12-31": "1.18", "2012-09-30": "0.98", "2012-06-30": "0.75", "2012-03-31": "0.96", "2011-12-31": "0.69", "2011-09-30": "0.65", "2011-06-30": "1.05", "2011-03-31": "1.10", "2010-12-31": "1.11", "2010-09-30": "0.88", "2010-06-30": "0.63", "2010-03-31": "0.34", "2009-12-31": "0.20", "2009-09-30": "0.26", "2009-06-30": "0.14", "2009-03-31": "0.12", "2008-12-31": "0.33", "2008-09-30": "0.89", "2008-06-30": "0.61", "2008-03-31": "0.67", "2007-12-31": "0.80", "2007-09-30": "1.16", "2007-06-30": "1.30", "2007-03-31": "1.37", "2006-12-31": "1.57"}, "price book": {"current": "0.72", "2021-02-05": "0.67", "2020-09-30": "0.45", "2020-06-30": "0.54", "2020-03-31": "0.44", "2019-12-31": "0.83", "2019-09-30": "0.72", "2019-06-30": "0.75", "2019-03-31": "0.69", "2018-12-31": "0.58", "2018-09-30": "0.82", "2018-06-30": "0.77", "2018-03-31": "0.78", "2017-12-31": "0.86", "2017-09-30": "0.76", "2017-06-30": "0.71", "2017-03-31": "0.65", "2016-12-31": "0.65", "2016-09-30": "0.52", "2016-06-30": "0.47", "2016-03-31": "0.48", "2015-12-31": "0.61", "2015-09-30": "0.59", "2015-06-30": "0.67", "2015-03-31": "0.64", "2014-12-31": "0.69", "2014-09-30": "0.65", "2014-06-30": "0.59", "2014-03-31": "0.61", "2013-12-31": "0.68", "2013-09-30": "0.64", "2013-06-30": "0.65", "2013-03-31": "0.61", "2012-12-31": "0.56", "2012-09-30": "0.45", "2012-06-30": "0.38", "2012-03-31": "0.52", "2011-12-31": "0.38", "2011-09-30": "0.37", "2011-06-30": "0.60", "2011-03-31": "0.66", "2010-12-31": "0.73", "2010-09-30": "0.61", "2010-06-30": "0.61", "2010-03-31": "0.67", "2009-12-31": "0.54", "2009-09-30": "0.68", "2009-06-30": "0.09", "2009-03-31": "0.08", "2008-12-31": "0.22", "2008-09-30": "0.77", "2008-06-30": "0.57", "2008-03-31": "0.74", "2007-12-31": "1.08", "2007-09-30": "1.51", "2007-06-30": "1.63", "2007-03-31": "1.68", "2006-12-31": "1.83", "2006-09-30": "1.64", "2006-06-30": "1.62", "2006-03-31": "1.59"}, "price fcf": {"2021-02-05": "", "2020-09-30": "$-1.90", "2020-06-30": "$0.18", "2020-03-31": "$-3.94", "2019-12-31": "$-7.91", "2019-09-30": "$-15.44", "2019-06-30": "$-7.22", "2019-03-31": "$-5.26", "2018-12-31": "$13.38", "2018-09-30": "$8.86", "2018-06-30": "$6.73", "2018-03-31": "$-0.64", "2017-12-31": "$-4.36", "2017-09-30": "$6.50", "2017-06-30": "$2.58", "2017-03-31": "$16.89", "2016-12-31": "$17.88", "2016-09-30": "$8.48", "2016-06-30": "$13.54", "2016-03-31": "$11.51", "2015-12-31": "$12.34", "2015-09-30": "$16.28", "2015-06-30": "$12.14", "2015-03-31": "$5.37", "2014-12-31": "$14.35", "2014-09-30": "$12.21", "2014-06-30": "$13.37", "2014-03-31": "$21.33", "2013-12-31": "$19.88", "2013-09-30": "$12.43", "2013-06-30": "$9.25", "2013-03-31": "$0.84", "2012-12-31": "$-4.27", "2012-09-30": "$13.26", "2012-06-30": "$20.43", "2012-03-31": "$23.55", "2011-12-31": "$20.90", "2011-09-30": "$13.49", "2011-06-30": "$-0.73", "2011-03-31": "$0.17", "2010-12-31": "$12.11", "2010-09-30": "$-26.16", "2010-06-30": "$-0.46", "2010-03-31": "$-16.78", "2009-12-31": "$-41.80", "2009-09-30": "$4.23", "2009-06-30": "$83.96", "2009-03-31": "$187.61", "2008-12-31": "$204.32", "2008-09-30": "$270.80", "2008-06-30": "$29.04", "2008-03-31": "$-103.30", "2007-12-31": "$-144.80", "2007-09-30": "$-300.33", "2007-06-30": "$-89.76", "2007-03-31": "$-48.45", "2006-12-31": "$-5.20"}, "net worth": {"value": "$130.29B"}, "current ratio": {"2020-12-31": "1.00", "2020-09-30": "1.00", "2020-06-30": "1.02", "2020-03-31": "1.03", "2019-12-31": "1.03", "2019-09-30": "1.05", "2019-06-30": "1.06", "2019-03-31": "1.05", "2018-12-31": "1.04", "2018-09-30": "1.06", "2018-06-30": "1.05", "2018-03-31": "1.06", "2017-12-31": "1.06", "2017-09-30": "1.06", "2017-06-30": "1.05", "2017-03-31": "1.04", "2016-12-31": "1.03", "2016-09-30": "1.05", "2016-06-30": "1.05", "2016-03-31": "1.04", "2015-12-31": "1.03", "2015-09-30": "1.07", "2015-06-30": "1.07", "2015-03-31": "1.07", "2014-12-31": "1.07", "2014-09-30": "1.05", "2014-06-30": "1.07", "2014-03-31": "1.06", "2013-12-31": "1.06", "2013-09-30": "1.06", "2013-06-30": "1.06", "2013-03-31": "1.06", "2012-12-31": "1.05", "2012-09-30": "1.08", "2012-06-30": "1.09", "2012-03-31": "1.11", "2011-12-31": "1.12", "2011-09-30": "1.12", "2011-06-30": "1.12", "2011-03-31": "1.11", "2010-12-31": "1.12", "2010-09-30": "1.10", "2010-06-30": "1.14", "2010-03-31": "1.16", "2009-12-31": "1.13", "2009-09-30": "1.16", "2009-06-30": "1.13", "2009-03-31": "1.15", "2008-12-31": "1.16", "2008-09-30": "1.23", "2008-06-30": "1.20", "2008-03-31": "1.21", "2007-12-31": "1.19", "2007-09-30": "1.14", "2007-06-30": "1.15", "2007-03-31": "1.11", "2006-12-31": "1.12", "2006-09-30": "1.13", "2006-06-30": "1.15", "2006-03-31": "1.14", "2005-12-31": "1.16", "2005-09-30": "1.18", "2005-06-30": "1.17", "2005-03-31": "1.18"}, "quick ratio": {"2020-12-31": "0.00", "2020-09-30": "0.00", "2020-06-30": "0.00", "2020-03-31": "0.00", "2019-12-31": "0.00", "2019-09-30": "0.00", "2019-06-30": "0.00", "2019-03-31": "0.00", "2018-12-31": "0.00", "2018-09-30": "0.00", "2018-06-30": "0.00", "2018-03-31": "0.00", "2017-12-31": "0.00", "2017-09-30": "0.00", "2017-06-30": "0.00", "2017-03-31": "0.00", "2016-12-31": "0.00", "2016-09-30": "0.00", "2016-06-30": "0.00", "2016-03-31": "0.00", "2015-12-31": "0.00", "2015-09-30": "0.00", "2015-06-30": "0.00", "2015-03-31": "0.00", "2014-12-31": "0.00", "2014-09-30": "0.00", "2014-06-30": "0.00", "2014-03-31": "0.00", "2013-12-31": "0.00", "2013-09-30": "0.00", "2013-06-30": "0.00", "2013-03-31": "0.00", "2012-12-31": "0.00", "2012-09-30": "0.00", "2012-06-30": "0.00", "2012-03-31": "0.00", "2011-12-31": "0.00", "2011-09-30": "0.00", "2011-06-30": "0.00", "2011-03-31": "0.00", "2010-12-31": "0.00", "2010-09-30": "0.00", "2010-06-30": "0.00", "2010-03-31": "0.00", "2009-12-31": "0.00", "2009-09-30": "0.00", "2009-06-30": "0.00", "2009-03-31": "0.00", "2008-12-31": "0.00", "2008-09-30": "0.00", "2008-06-30": "0.00", "2008-03-31": "0.00", "2007-12-31": "0.00", "2007-09-30": "0.00", "2007-06-30": "0.00", "2007-03-31": "0.00", "2006-12-31": "0.00", "2006-09-30": "0.00", "2006-06-30": "0.00", "2006-03-31": "0.00", "2005-12-31": "0.00", "2005-09-30": "0.00", "2005-06-30": "0.00", "2005-03-31": "0.00"}, "debt equity ratio": {"current": "1.50", "2020-12-31": "10.27", "2020-09-30": "10.48", "2020-06-30": "10.61", "2020-03-31": "10.50", "2019-12-31": "9.06", "2019-09-30": "9.22", "2019-06-30": "9.04", "2019-03-31": "8.94", "2018-12-31": "8.73", "2018-09-30": "8.73", "2018-06-30": "8.52", "2018-03-31": "8.48", "2017-12-31": "8.14", "2017-09-30": "7.26", "2017-06-30": "7.07", "2017-03-31": "6.95", "2016-12-31": "6.93", "2016-09-30": "6.81", "2016-06-30": "6.81", "2016-03-31": "6.87", "2015-12-31": "6.76", "2015-09-30": "7.14", "2015-06-30": "7.28", "2015-03-31": "7.48", "2014-12-31": "7.70", "2014-09-30": "7.80", "2014-06-30": "7.96", "2014-03-31": "8.01", "2013-12-31": "8.12", "2013-09-30": "8.37", "2013-06-30": "8.52", "2013-03-31": "8.63", "2012-12-31": "8.76", "2012-09-30": "9.23", "2012-06-30": "9.31", "2012-03-31": "9.58", "2011-12-31": "9.44", "2011-09-30": "9.80", "2011-06-30": "9.95", "2011-03-31": "10.23", "2010-12-31": "10.54", "2010-09-30": "11.01", "2010-06-30": "11.32", "2010-03-31": "12.02", "2009-12-31": "10.98", "2009-09-30": "12.21", "2009-06-30": "10.99", "2009-03-31": "11.49", "2008-12-31": "12.46", "2008-09-30": "15.26", "2008-06-30": "14.40", "2008-03-31": "16.16", "2007-12-31": "18.28", "2007-09-30": "17.55", "2007-06-30": "16.38", "2007-03-31": "15.55", "2006-12-31": "14.73", "2006-09-30": "13.82", "2006-06-30": "13.09", "2006-03-31": "12.86", "2005-12-31": "12.28", "2005-09-30": "12.17", "2005-06-30": "12.69", "2005-03-31": "12.48"}, "return on equity": {"2020-12-31": "5.70%", "2020-09-30": "5.64%", "2020-06-30": "6.49%", "2020-03-31": "8.18%", "2019-12-31": "9.25%", "2019-09-30": "8.65%", "2019-06-30": "8.49%", "2019-03-31": "8.29%", "2018-12-31": "8.35%", "2018-09-30": "-3.03%", "2018-06-30": "-3.31%", "2018-03-31": "-3.48%", "2017-12-31": "-3.61%", "2017-09-30": "6.38%", "2017-06-30": "6.25%", "2017-03-31": "6.29%", "2016-12-31": "5.93%", "2016-09-30": "5.84%", "2016-06-30": "6.13%", "2016-03-31": "6.64%", "2015-12-31": "7.37%", "2015-09-30": "6.14%", "2015-06-30": "5.57%", "2015-03-31": "3.51%", "2014-12-31": "3.15%", "2014-09-30": "4.26%", "2014-06-30": "4.51%", "2014-03-31": "6.60%", "2013-12-31": "6.72%", "2013-09-30": "6.24%", "2013-06-30": "4.98%", "2013-03-31": "4.41%", "2012-12-31": "4.01%", "2012-09-30": "3.94%", "2012-06-30": "5.81%", "2012-03-31": "6.09%", "2011-12-31": "6.21%", "2011-09-30": "6.54%", "2011-06-30": "5.74%", "2011-03-31": "5.54%", "2010-12-31": "6.60%", "2010-09-30": "4.83%", "2010-06-30": "1.45%", "2010-03-31": "2.50%", "2009-12-31": "-1.07%", "2009-09-30": "-12.89%", "2009-06-30": "-12.98%", "2009-03-31": "-18.30%", "2008-12-31": "-22.01%", "2008-09-30": "-16.10%", "2008-06-30": "-12.09%", "2008-03-31": "-5.27%", "2007-12-31": "2.92%", "2007-09-30": "14.91%", "2007-06-30": "17.89%", "2007-03-31": "17.55%", "2006-12-31": "18.37%", "2006-09-30": "20.29%", "2006-06-30": "22.00%", "2006-03-31": "21.94%", "2005-12-31": "21.96%"}, "return on assets": {"2020-12-31": "0.50%", "2020-09-30": "0.51%", "2020-06-30": "0.60%", "2020-03-31": "0.78%", "2019-12-31": "0.92%", "2019-09-30": "0.87%", "2019-06-30": "0.86%", "2019-03-31": "0.85%", "2018-12-31": "0.87%", "2018-09-30": "-0.32%", "2018-06-30": "-0.36%", "2018-03-31": "-0.40%", "2017-12-31": "-0.43%", "2017-09-30": "0.79%", "2017-06-30": "0.79%", "2017-03-31": "0.80%", "2016-12-31": "0.75%", "2016-09-30": "0.75%", "2016-06-30": "0.78%", "2016-03-31": "0.83%", "2015-12-31": "0.90%", "2015-09-30": "0.73%", "2015-06-30": "0.65%", "2015-03-31": "0.40%", "2014-12-31": "0.36%", "2014-09-30": "0.47%", "2014-06-30": "0.50%", "2014-03-31": "0.71%", "2013-12-31": "0.71%", "2013-09-30": "0.65%", "2013-06-30": "0.51%", "2013-03-31": "0.44%", "2012-12-31": "0.39%", "2012-09-30": "0.38%", "2012-06-30": "0.55%", "2012-03-31": "0.57%", "2011-12-31": "0.57%", "2011-09-30": "0.59%", "2011-06-30": "0.50%", "2011-03-31": "0.47%", "2010-12-31": "0.54%", "2010-09-30": "0.39%", "2010-06-30": "0.11%", "2010-03-31": "0.20%", "2009-12-31": "-0.09%", "2009-09-30": "-1.01%", "2009-06-30": "-0.97%", "2009-03-31": "-1.28%", "2008-12-31": "-1.42%", "2008-09-30": "-0.95%", "2008-06-30": "-0.69%", "2008-03-31": "-0.29%", "2007-12-31": "0.16%", "2007-09-30": "0.87%", "2007-06-30": "1.11%", "2007-03-31": "1.15%", "2006-12-31": "1.26%", "2006-09-30": "1.45%", "2006-06-30": "1.62%", "2006-03-31": "1.63%", "2005-12-31": "1.64%"}, "return on investments": {"2020-12-31": "3.09%", "2020-09-30": "3.11%", "2020-06-30": "3.59%", "2020-03-31": "4.69%", "2019-12-31": "5.39%", "2019-09-30": "5.34%", "2019-06-30": "5.38%", "2019-03-31": "5.37%", "2018-12-31": "5.39%", "2018-09-30": "5.31%", "2018-06-30": "5.20%", "2018-03-31": "5.09%", "2017-12-31": "5.08%", "2017-09-30": "5.09%", "2017-06-30": "5.06%", "2017-03-31": "5.13%", "2016-12-31": "4.91%", "2016-09-30": "4.86%", "2016-06-30": "5.01%", "2016-03-31": "5.29%", "2015-12-31": "5.78%", "2015-09-30": "4.97%", "2015-06-30": "4.68%", "2015-03-31": "3.58%", "2014-12-31": "3.37%", "2014-09-30": "3.90%", "2014-06-30": "3.77%", "2014-03-31": "4.79%", "2013-12-31": "4.66%", "2013-09-30": "4.03%", "2013-06-30": "2.73%", "2013-03-31": "2.06%", "2012-12-31": "1.68%", "2012-09-30": "1.64%", "2012-06-30": "2.82%", "2012-03-31": "2.85%", "2011-12-31": "2.81%", "2011-09-30": "2.73%", "2011-06-30": "2.36%", "2011-03-31": "2.18%", "2010-12-31": "2.33%", "2010-09-30": "-0.54%", "2010-06-30": "-1.25%", "2010-03-31": "-0.96%", "2009-12-31": "-1.56%", "2009-09-30": "-4.53%", "2009-06-30": "-5.78%", "2009-03-31": "-7.59%", "2008-12-31": "-9.54%", "2008-09-30": "-7.40%", "2008-06-30": "-5.73%", "2008-03-31": "-3.28%", "2007-12-31": "0.13%", "2007-09-30": "5.85%", "2007-06-30": "7.36%", "2007-03-31": "7.53%", "2006-12-31": "7.69%", "2006-09-30": "8.37%", "2006-06-30": "8.56%", "2006-03-31": "8.47%", "2005-12-31": "8.60%"}, "return on tangible equity": {"2020-09-30": "6.52%", "2020-06-30": "7.51%", "2020-03-31": "9.47%", "2019-12-31": "10.72%", "2019-09-30": "10.02%", "2019-06-30": "9.85%", "2019-03-31": "9.62%", "2018-12-31": "9.68%", "2018-09-30": "-3.51%", "2018-06-30": "-3.81%", "2018-03-31": "-3.99%", "2017-12-31": "-4.13%", "2017-09-30": "7.27%", "2017-06-30": "7.13%", "2017-03-31": "7.18%", "2016-12-31": "6.77%", "2016-09-30": "6.67%", "2016-06-30": "7.00%", "2016-03-31": "7.60%", "2015-12-31": "8.46%", "2015-09-30": "7.08%", "2015-06-30": "6.46%", "2015-03-31": "4.10%", "2014-12-31": "3.70%", "2014-09-30": "5.03%", "2014-06-30": "5.35%", "2014-03-31": "7.85%", "2013-12-31": "8.02%", "2013-09-30": "7.49%", "2013-06-30": "6.02%", "2013-03-31": "5.35%", "2012-12-31": "4.90%", "2012-09-30": "4.84%", "2012-06-30": "7.17%", "2012-03-31": "7.59%", "2011-12-31": "7.82%", "2011-09-30": "8.32%", "2011-06-30": "7.38%", "2011-03-31": "7.19%", "2010-12-31": "8.68%", "2010-09-30": "6.42%", "2010-06-30": "1.96%", "2010-03-31": "3.43%", "2009-12-31": "-1.50%", "2009-09-30": "-18.39%", "2009-06-30": "-19.88%", "2009-03-31": "-30.64%", "2008-12-31": "-40.55%", "2008-09-30": "-33.43%", "2008-06-30": "-25.09%", "2008-03-31": "-10.93%", "2007-12-31": "5.80%", "2007-09-30": "27.64%", "2007-06-30": "31.91%", "2007-03-31": "30.38%", "2006-12-31": "31.52%", "2006-09-30": "35.01%", "2006-06-30": "38.00%", "2006-03-31": "37.67%", "2005-12-31": "37.88%"}, "dividend yield history": {"last payout": "$2.04", "last yield": "3.26%"}}