{"ticker": "CFG", "price": {"title": "Citizens Financial Historical Annual Stock Price Data", "value": 39.94, "historical": {"2020": {"Average Stock Price": "27.9749", "Year Open": "40.7500", "Year High": "40.8700", "Year Low": "15.3200", "Year Close": "35.7600", "Annual % Change": "-11.94%"}, "2019": {"Average Stock Price": "35.4703", "Year Open": "30.5100", "Year High": "40.7500", "Year Low": "30.3700", "Year Close": "40.6100", "Annual % Change": "36.60%"}, "2018": {"Average Stock Price": "40.4548", "Year Open": "42.6800", "Year High": "47.8700", "Year Low": "27.9400", "Year Close": "29.7300", "Annual % Change": "-29.18%"}, "2017": {"Average Stock Price": "36.5089", "Year Open": "35.8600", "Year High": "42.6300", "Year Low": "32.0800", "Year Close": "41.9800", "Annual % Change": "17.82%"}, "2016": {"Average Stock Price": "24.1827", "Year Open": "25.8000", "Year High": "36.4600", "Year Low": "18.1400", "Year Close": "35.6300", "Annual % Change": "36.04%"}, "2015": {"Average Stock Price": "25.4407", "Year Open": "24.7600", "Year High": "28.3200", "Year Low": "22.6300", "Year Close": "26.1900", "Annual % Change": "5.35%"}, "2014": {"Average Stock Price": "23.7877", "Year Open": "23.0800", "Year High": "25.5100", "Year Low": "21.8000", "Year Close": "24.8600", "Annual % Change": "0.00%"}}}, "market cap": {"value": "$17.06B"}, "income statement": {"Revenue": {"2020-12-31": "7676.00000", "2019-12-31": "8066.00000", "2018-12-31": "7354.00000", "2017-12-31": "6454.00000", "2016-12-31": "5763.00000", "2015-12-31": "5276.00000", "2014-12-31": "5342.00000", "2013-12-31": "5133.00000", "2012-12-31": "5513.00000", "2011-12-31": "5915.00000"}, "Cost Of Goods Sold": {"2020-12-31": "771.00000", "2019-12-31": "1575.00000", "2018-12-31": "1226.00000", "2017-12-31": "747.00000", "2016-12-31": "508.00000", "2015-12-31": "452.00000", "2014-12-31": "363.00000", "2013-12-31": "443.00000", "2012-12-31": "619.00000", "2011-12-31": "884.00000"}, "Gross Profit": {"2020-12-31": "6905.00000", "2019-12-31": "6491.00000", "2018-12-31": "6128.00000", "2017-12-31": "5707.00000", "2016-12-31": "5255.00000", "2015-12-31": "4824.00000", "2014-12-31": "4979.00000", "2013-12-31": "4690.00000", "2012-12-31": "4894.00000", "2011-12-31": "5031.00000"}, "Research And Development Expenses": {"2020-12-31": "", "2019-12-31": "", "2018-12-31": "", "2017-12-31": "", "2016-12-31": "", "2015-12-31": "", "2014-12-31": "", "2013-12-31": "", "2012-12-31": "", "2011-12-31": ""}, "SG&A Expenses": {"2020-12-31": "5607.00000", "2019-12-31": "4240.00000", "2018-12-31": "3945.00000", "2017-12-31": "3795.00000", "2016-12-31": "3551.00000", "2015-12-31": "3415.00000", "2014-12-31": "3566.00000", "2013-12-31": "3621.00000", "2012-12-31": "3793.00000", "2011-12-31": "4200.00000"}, "Other Operating Income Or Expenses": {"2020-12-31": "", "2019-12-31": "", "2018-12-31": "", "2017-12-31": "", "2016-12-31": "", "2015-12-31": "", "2014-12-31": "", "2013-12-31": "", "2012-12-31": "", "2011-12-31": ""}, "Operating Expenses": {"2020-12-31": "6378.00000", "2019-12-31": "5815.00000", "2018-12-31": "5171.00000", "2017-12-31": "4542.00000", "2016-12-31": "4229.00000", "2015-12-31": "4013.00000", "2014-12-31": "4074.00000", "2013-12-31": "8601.00000", "2012-12-31": "4489.00000", "2011-12-31": "5137.00000"}, "Operating Income": {"2020-12-31": "1298.00000", "2019-12-31": "2251.00000", "2018-12-31": "2183.00000", "2017-12-31": "1912.00000", "2016-12-31": "1534.00000", "2015-12-31": "1263.00000", "2014-12-31": "1268.00000", "2013-12-31": "-3468.00000", "2012-12-31": "1024.00000", "2011-12-31": "778.00000"}, "Total Non-Operating Income/Expense": {"2020-12-31": "", "2019-12-31": "", "2018-12-31": "", "2017-12-31": "", "2016-12-31": "", "2015-12-31": "", "2014-12-31": "", "2013-12-31": "", "2012-12-31": "", "2011-12-31": ""}, "Pre-Tax Income": {"2020-12-31": "1298.00000", "2019-12-31": "2251.00000", "2018-12-31": "2183.00000", "2017-12-31": "1912.00000", "2016-12-31": "1534.00000", "2015-12-31": "1263.00000", "2014-12-31": "1268.00000", "2013-12-31": "-3468.00000", "2012-12-31": "1024.00000", "2011-12-31": "778.00000"}, "Income Taxes": {"2020-12-31": "241.00000", "2019-12-31": "460.00000", "2018-12-31": "462.00000", "2017-12-31": "260.00000", "2016-12-31": "489.00000", "2015-12-31": "423.00000", "2014-12-31": "403.00000", "2013-12-31": "-42.00000", "2012-12-31": "381.00000", "2011-12-31": "272.00000"}, "Income After Taxes": {"2020-12-31": "1057.00000", "2019-12-31": "1791.00000", "2018-12-31": "1721.00000", "2017-12-31": "1652.00000", "2016-12-31": "1045.00000", "2015-12-31": "840.00000", "2014-12-31": "865.00000", "2013-12-31": "-3426.00000", "2012-12-31": "643.00000", "2011-12-31": "506.00000"}, "Other Income": {"2020-12-31": "", "2019-12-31": "", "2018-12-31": "", "2017-12-31": "", "2016-12-31": "", "2015-12-31": "", "2014-12-31": "", "2013-12-31": "", "2012-12-31": "", "2011-12-31": ""}, "Income From Continuous Operations": {"2020-12-31": "1057.00000", "2019-12-31": "1791.00000", "2018-12-31": "1721.00000", "2017-12-31": "1652.00000", "2016-12-31": "1045.00000", "2015-12-31": "840.00000", "2014-12-31": "865.00000", "2013-12-31": "-3426.00000", "2012-12-31": "643.00000", "2011-12-31": "506.00000"}, "Income From Discontinued Operations": {"2020-12-31": "", "2019-12-31": "", "2018-12-31": "", "2017-12-31": "", "2016-12-31": "", "2015-12-31": "", "2014-12-31": "", "2013-12-31": "", "2012-12-31": "", "2011-12-31": ""}, "Net Income": {"2020-12-31": "950.00000", "2019-12-31": "1718.00000", "2018-12-31": "1692.00000", "2017-12-31": "1638.00000", "2016-12-31": "1031.00000", "2015-12-31": "833.00000", "2014-12-31": "865.00000", "2013-12-31": "-3426.00000", "2012-12-31": "643.00000", "2011-12-31": "506.00000"}, "EBITDA": {"2020-12-31": "", "2019-12-31": "", "2018-12-31": "", "2017-12-31": "", "2016-12-31": "", "2015-12-31": "", "2014-12-31": "", "2013-12-31": "", "2012-12-31": "", "2011-12-31": ""}, "EBIT": {"2020-12-31": "", "2019-12-31": "", "2018-12-31": "", "2017-12-31": "", "2016-12-31": "", "2015-12-31": "", "2014-12-31": "", "2013-12-31": "", "2012-12-31": "", "2011-12-31": ""}, "Basic Shares Outstanding": {"2020-12-31": "427.06300", "2019-12-31": "449.73100", "2018-12-31": "478.82200", "2017-12-31": "502.15700", "2016-12-31": "522.09300", "2015-12-31": "535.60000", "2014-12-31": "556.67400", "2013-12-31": "559.99800", "2012-12-31": "559.99800", "2011-12-31": "559.99800"}, "Shares Outstanding": {"2020-12-31": "428.15800", "2019-12-31": "451.21400", "2018-12-31": "480.43100", "2017-12-31": "503.68500", "2016-12-31": "523.93100", "2015-12-31": "538.22100", "2014-12-31": "557.72500", "2013-12-31": "559.99800", "2012-12-31": "559.99800", "2011-12-31": "559.99800"}, "Basic EPS": {"2020-12-31": "2.22000", "2019-12-31": "3.82000", "2018-12-31": "3.54000", "2017-12-31": "3.26000", "2016-12-31": "1.97000", "2015-12-31": "1.55000", "2014-12-31": "1.55000", "2013-12-31": "-6.12000", "2012-12-31": "1.15000", "2011-12-31": "0.90000"}, "EPS - Earnings Per Share": {"2020-12-31": "2.22000", "2019-12-31": "3.81000", "2018-12-31": "3.52000", "2017-12-31": "3.25000", "2016-12-31": "1.97000", "2015-12-31": "1.55000", "2014-12-31": "1.55000", "2013-12-31": "-6.12000", "2012-12-31": "1.15000", "2011-12-31": "0.90000"}}, "income statement, quarterly": {"Revenue": {"2020-12-31": "1827.00000", "2020-09-30": "1934.00000", "2020-06-30": "1940.00000", "2020-03-31": "1975.00000", "2019-12-31": "1995.00000", "2019-09-30": "2031.00000", "2019-06-30": "2042.00000", "2019-03-31": "1998.00000", "2018-12-31": "1963.00000", "2018-09-30": "1893.00000", "2018-06-30": "1799.00000", "2018-03-31": "1699.00000", "2017-12-31": "1695.00000", "2017-09-30": "1645.00000", "2017-06-30": "1575.00000", "2017-03-31": "1539.00000", "2016-12-31": "1499.00000", "2016-09-30": "1514.00000", "2016-06-30": "1401.00000", "2016-03-31": "1349.00000", "2015-12-31": "1348.00000", "2015-09-30": "1327.00000", "2015-06-30": "1312.00000", "2015-03-31": "1289.00000", "2014-12-31": "1280.00000", "2014-09-30": "1254.00000", "2014-06-30": "1557.00000", "2014-03-31": "1251.00000", "2013-12-31": "", "2013-09-30": "1256.00000", "2013-06-30": "", "2012-12-31": "", "2011-12-31": ""}, "Cost Of Goods Sold": {"2020-12-31": "120.00000", "2020-09-30": "143.00000", "2020-06-30": "190.00000", "2020-03-31": "318.00000", "2019-12-31": "358.00000", "2019-09-30": "393.00000", "2019-06-30": "414.00000", "2019-03-31": "410.00000", "2018-12-31": "370.00000", "2018-09-30": "329.00000", "2018-06-30": "290.00000", "2018-03-31": "237.00000", "2017-12-31": "211.00000", "2017-09-30": "202.00000", "2017-06-30": "179.00000", "2017-03-31": "155.00000", "2016-12-31": "136.00000", "2016-09-30": "134.00000", "2016-06-30": "123.00000", "2016-03-31": "115.00000", "2015-12-31": "116.00000", "2015-09-30": "118.00000", "2015-06-30": "112.00000", "2015-03-31": "106.00000", "2014-12-31": "101.00000", "2014-09-30": "93.00000", "2014-06-30": "84.00000", "2014-03-31": "85.00000", "2013-12-31": "", "2013-09-30": "103.00000", "2013-06-30": "", "2012-12-31": "", "2011-12-31": ""}, "Gross Profit": {"2020-12-31": "1707.00000", "2020-09-30": "1791.00000", "2020-06-30": "1750.00000", "2020-03-31": "1657.00000", "2019-12-31": "1637.00000", "2019-09-30": "1638.00000", "2019-06-30": "1628.00000", "2019-03-31": "1588.00000", "2018-12-31": "1593.00000", "2018-09-30": "1564.00000", "2018-06-30": "1509.00000", "2018-03-31": "1462.00000", "2017-12-31": "1484.00000", "2017-09-30": "1443.00000", "2017-06-30": "1396.00000", "2017-03-31": "1384.00000", "2016-12-31": "1363.00000", "2016-09-30": "1380.00000", "2016-06-30": "1278.00000", "2016-03-31": "1234.00000", "2015-12-31": "1232.00000", "2015-09-30": "1209.00000", "2015-06-30": "1200.00000", "2015-03-31": "1183.00000", "2014-12-31": "1179.00000", "2014-09-30": "1161.00000", "2014-06-30": "1473.00000", "2014-03-31": "1166.00000", "2013-12-31": "", "2013-09-30": "1153.00000", "2013-06-30": "", "2012-12-31": "", "2011-12-31": ""}, "Research And Development Expenses": {"2020-12-31": "", "2020-09-30": "", "2020-06-30": "", "2020-03-31": "", "2019-12-31": "", "2019-09-30": "", "2019-06-30": "", "2019-03-31": "", "2018-12-31": "", "2018-09-30": "", "2018-06-30": "", "2018-03-31": "", "2017-12-31": "", "2017-09-30": "", "2017-06-30": "", "2017-03-31": "", "2016-12-31": "", "2016-09-30": "", "2016-06-30": "", "2016-03-31": "", "2015-12-31": "", "2015-09-30": "", "2015-06-30": "", "2015-03-31": "", "2014-12-31": "", "2014-09-30": "", "2014-06-30": "", "2014-03-31": "", "2013-12-31": "", "2013-09-30": "", "2013-06-30": "", "2012-12-31": "", "2011-12-31": ""}, "SG&A Expenses": {"2020-12-31": "1136.00000", "2020-09-30": "1416.00000", "2020-06-30": "1443.00000", "2020-03-31": "1612.00000", "2019-12-31": "1096.00000", "2019-09-30": "1074.00000", "2019-06-30": "1048.00000", "2019-03-31": "1022.00000", "2018-12-31": "1036.00000", "2018-09-30": "988.00000", "2018-06-30": "960.00000", "2018-03-31": "961.00000", "2017-12-31": "1115.00000", "2017-09-30": "885.00000", "2017-06-30": "889.00000", "2017-03-31": "906.00000", "2016-12-31": "905.00000", "2016-09-30": "907.00000", "2016-06-30": "876.00000", "2016-03-31": "863.00000", "2015-12-31": "863.00000", "2015-09-30": "839.00000", "2015-06-30": "881.00000", "2015-03-31": "832.00000", "2014-12-31": "853.00000", "2014-09-30": "849.00000", "2014-06-30": "964.00000", "2014-03-31": "900.00000", "2013-12-31": "", "2013-09-30": "907.00000", "2013-06-30": "", "2012-12-31": "", "2011-12-31": ""}, "Other Operating Income Or Expenses": {"2020-12-31": "", "2020-09-30": "", "2020-06-30": "", "2020-03-31": "", "2019-12-31": "", "2019-09-30": "", "2019-06-30": "", "2019-03-31": "", "2018-12-31": "", "2018-09-30": "", "2018-06-30": "", "2018-03-31": "", "2017-12-31": "", "2017-09-30": "", "2017-06-30": "", "2017-03-31": "", "2016-12-31": "", "2016-09-30": "", "2016-06-30": "", "2016-03-31": "", "2015-12-31": "", "2015-09-30": "", "2015-06-30": "", "2015-03-31": "", "2014-12-31": "", "2014-09-30": "", "2014-06-30": "", "2014-03-31": "", "2013-12-31": "", "2013-09-30": "", "2013-06-30": "", "2012-12-31": "", "2011-12-31": ""}, "Operating Expenses": {"2020-12-31": "1256.00000", "2020-09-30": "1559.00000", "2020-06-30": "1633.00000", "2020-03-31": "1930.00000", "2019-12-31": "1454.00000", "2019-09-30": "1467.00000", "2019-06-30": "1462.00000", "2019-03-31": "1432.00000", "2018-12-31": "1406.00000", "2018-09-30": "1317.00000", "2018-06-30": "1250.00000", "2018-03-31": "1198.00000", "2017-12-31": "1326.00000", "2017-09-30": "1132.00000", "2017-06-30": "1113.00000", "2017-03-31": "1105.00000", "2016-12-31": "1085.00000", "2016-09-30": "1087.00000", "2016-06-30": "1040.00000", "2016-03-31": "1017.00000", "2015-12-31": "1017.00000", "2015-09-30": "992.00000", "2015-06-30": "1030.00000", "2015-03-31": "974.00000", "2014-12-31": "997.00000", "2014-09-30": "980.00000", "2014-06-30": "1081.00000", "2014-03-31": "1016.00000", "2013-12-31": "", "2013-09-30": "1036.00000", "2013-06-30": "", "2012-12-31": "", "2011-12-31": ""}, "Operating Income": {"2020-12-31": "571.00000", "2020-09-30": "375.00000", "2020-06-30": "307.00000", "2020-03-31": "45.00000", "2019-12-31": "541.00000", "2019-09-30": "564.00000", "2019-06-30": "580.00000", "2019-03-31": "566.00000", "2018-12-31": "557.00000", "2018-09-30": "576.00000", "2018-06-30": "549.00000", "2018-03-31": "501.00000", "2017-12-31": "369.00000", "2017-09-30": "513.00000", "2017-06-30": "462.00000", "2017-03-31": "434.00000", "2016-12-31": "414.00000", "2016-09-30": "427.00000", "2016-06-30": "361.00000", "2016-03-31": "332.00000", "2015-12-31": "331.00000", "2015-09-30": "335.00000", "2015-06-30": "282.00000", "2015-03-31": "315.00000", "2014-12-31": "283.00000", "2014-09-30": "274.00000", "2014-06-30": "476.00000", "2014-03-31": "235.00000", "2013-12-31": "", "2013-09-30": "220.00000", "2013-06-30": "", "2012-12-31": "", "2011-12-31": ""}, "Total Non-Operating Income/Expense": {"2020-12-31": "", "2020-09-30": "", "2020-06-30": "", "2020-03-31": "", "2019-12-31": "", "2019-09-30": "", "2019-06-30": "", "2019-03-31": "", "2018-12-31": "", "2018-09-30": "", "2018-06-30": "", "2018-03-31": "", "2017-12-31": "", "2017-09-30": "", "2017-06-30": "", "2017-03-31": "", "2016-12-31": "", "2016-09-30": "", "2016-06-30": "", "2016-03-31": "", "2015-12-31": "", "2015-09-30": "", "2015-06-30": "", "2015-03-31": "", "2014-12-31": "", "2014-09-30": "", "2014-06-30": "", "2014-03-31": "", "2013-12-31": "", "2013-09-30": "", "2013-06-30": "", "2012-12-31": "", "2011-12-31": ""}, "Pre-Tax Income": {"2020-12-31": "571.00000", "2020-09-30": "375.00000", "2020-06-30": "307.00000", "2020-03-31": "45.00000", "2019-12-31": "541.00000", "2019-09-30": "564.00000", "2019-06-30": "580.00000", "2019-03-31": "566.00000", "2018-12-31": "557.00000", "2018-09-30": "576.00000", "2018-06-30": "549.00000", "2018-03-31": "501.00000", "2017-12-31": "503.00000", "2017-09-30": "513.00000", "2017-06-30": "462.00000", "2017-03-31": "434.00000", "2016-12-31": "414.00000", "2016-09-30": "427.00000", "2016-06-30": "361.00000", "2016-03-31": "332.00000", "2015-12-31": "331.00000", "2015-09-30": "335.00000", "2015-06-30": "282.00000", "2015-03-31": "315.00000", "2014-12-31": "283.00000", "2014-09-30": "274.00000", "2014-06-30": "476.00000", "2014-03-31": "235.00000", "2013-12-31": "", "2013-09-30": "220.00000", "2013-06-30": "0.00000", "2012-12-31": "", "2011-12-31": ""}, "Income Taxes": {"2020-12-31": "115.00000", "2020-09-30": "61.00000", "2020-06-30": "54.00000", "2020-03-31": "11.00000", "2019-12-31": "91.00000", "2019-09-30": "115.00000", "2019-06-30": "127.00000", "2019-03-31": "127.00000", "2018-12-31": "92.00000", "2018-09-30": "133.00000", "2018-06-30": "124.00000", "2018-03-31": "113.00000", "2017-12-31": "-163.00000", "2017-09-30": "165.00000", "2017-06-30": "144.00000", "2017-03-31": "114.00000", "2016-12-31": "132.00000", "2016-09-30": "130.00000", "2016-06-30": "118.00000", "2016-03-31": "109.00000", "2015-12-31": "110.00000", "2015-09-30": "115.00000", "2015-06-30": "92.00000", "2015-03-31": "106.00000", "2014-12-31": "86.00000", "2014-09-30": "85.00000", "2014-06-30": "163.00000", "2014-03-31": "69.00000", "2013-12-31": "", "2013-09-30": "76.00000", "2013-06-30": "0.00000", "2012-12-31": "", "2011-12-31": ""}, "Income After Taxes": {"2020-12-31": "456.00000", "2020-09-30": "314.00000", "2020-06-30": "253.00000", "2020-03-31": "34.00000", "2019-12-31": "450.00000", "2019-09-30": "449.00000", "2019-06-30": "453.00000", "2019-03-31": "439.00000", "2018-12-31": "465.00000", "2018-09-30": "443.00000", "2018-06-30": "425.00000", "2018-03-31": "388.00000", "2017-12-31": "666.00000", "2017-09-30": "348.00000", "2017-06-30": "318.00000", "2017-03-31": "320.00000", "2016-12-31": "282.00000", "2016-09-30": "297.00000", "2016-06-30": "243.00000", "2016-03-31": "223.00000", "2015-12-31": "221.00000", "2015-09-30": "220.00000", "2015-06-30": "190.00000", "2015-03-31": "209.00000", "2014-12-31": "197.00000", "2014-09-30": "189.00000", "2014-06-30": "313.00000", "2014-03-31": "166.00000", "2013-12-31": "", "2013-09-30": "144.00000", "2013-06-30": "", "2012-12-31": "", "2011-12-31": ""}, "Other Income": {"2020-12-31": "", "2020-09-30": "", "2020-06-30": "", "2020-03-31": "", "2019-12-31": "", "2019-09-30": "", "2019-06-30": "", "2019-03-31": "", "2018-12-31": "", "2018-09-30": "", "2018-06-30": "", "2018-03-31": "", "2017-12-31": "", "2017-09-30": "", "2017-06-30": "", "2017-03-31": "", "2016-12-31": "", "2016-09-30": "", "2016-06-30": "", "2016-03-31": "", "2015-12-31": "", "2015-09-30": "", "2015-06-30": "", "2015-03-31": "", "2014-12-31": "", "2014-09-30": "", "2014-06-30": "", "2014-03-31": "", "2013-12-31": "", "2013-09-30": "", "2013-06-30": "", "2012-12-31": "", "2011-12-31": ""}, "Income From Continuous Operations": {"2020-12-31": "456.00000", "2020-09-30": "314.00000", "2020-06-30": "253.00000", "2020-03-31": "34.00000", "2019-12-31": "450.00000", "2019-09-30": "449.00000", "2019-06-30": "453.00000", "2019-03-31": "439.00000", "2018-12-31": "465.00000", "2018-09-30": "443.00000", "2018-06-30": "425.00000", "2018-03-31": "388.00000", "2017-12-31": "666.00000", "2017-09-30": "348.00000", "2017-06-30": "318.00000", "2017-03-31": "320.00000", "2016-12-31": "282.00000", "2016-09-30": "297.00000", "2016-06-30": "243.00000", "2016-03-31": "223.00000", "2015-12-31": "221.00000", "2015-09-30": "220.00000", "2015-06-30": "190.00000", "2015-03-31": "209.00000", "2014-12-31": "197.00000", "2014-09-30": "189.00000", "2014-06-30": "313.00000", "2014-03-31": "166.00000", "2013-12-31": "", "2013-09-30": "144.00000", "2013-06-30": "0.00000", "2012-12-31": "", "2011-12-31": ""}, "Income From Discontinued Operations": {"2020-12-31": "", "2020-09-30": "", "2020-06-30": "", "2020-03-31": "", "2019-12-31": "", "2019-09-30": "", "2019-06-30": "", "2019-03-31": "", "2018-12-31": "", "2018-09-30": "", "2018-06-30": "", "2018-03-31": "", "2017-12-31": "", "2017-09-30": "", "2017-06-30": "", "2017-03-31": "", "2016-12-31": "", "2016-09-30": "", "2016-06-30": "", "2016-03-31": "", "2015-12-31": "", "2015-09-30": "", "2015-06-30": "", "2015-03-31": "", "2014-12-31": "", "2014-09-30": "", "2014-06-30": "", "2014-03-31": "", "2013-12-31": "", "2013-09-30": "", "2013-06-30": "0.00000", "2012-12-31": "", "2011-12-31": ""}, "Net Income": {"2020-12-31": "424.00000", "2020-09-30": "289.00000", "2020-06-30": "225.00000", "2020-03-31": "12.00000", "2019-12-31": "427.00000", "2019-09-30": "432.00000", "2019-06-30": "435.00000", "2019-03-31": "424.00000", "2018-12-31": "450.00000", "2018-09-30": "436.00000", "2018-06-30": "425.00000", "2018-03-31": "381.00000", "2017-12-31": "666.00000", "2017-09-30": "341.00000", "2017-06-30": "318.00000", "2017-03-31": "313.00000", "2016-12-31": "282.00000", "2016-09-30": "290.00000", "2016-06-30": "243.00000", "2016-03-31": "216.00000", "2015-12-31": "221.00000", "2015-09-30": "213.00000", "2015-06-30": "190.00000", "2015-03-31": "209.00000", "2014-12-31": "197.00000", "2014-09-30": "189.00000", "2014-06-30": "313.00000", "2014-03-31": "166.00000", "2013-12-31": "", "2013-09-30": "144.00000", "2013-06-30": "", "2012-12-31": "", "2011-12-31": ""}, "EBITDA": {"2020-12-31": "", "2020-09-30": "", "2020-06-30": "", "2020-03-31": "", "2019-12-31": "", "2019-09-30": "", "2019-06-30": "", "2019-03-31": "", "2018-12-31": "", "2018-09-30": "", "2018-06-30": "", "2018-03-31": "", "2017-12-31": "", "2017-09-30": "", "2017-06-30": "", "2017-03-31": "", "2016-12-31": "", "2016-09-30": "", "2016-06-30": "", "2016-03-31": "", "2015-12-31": "", "2015-09-30": "", "2015-06-30": "", "2015-03-31": "", "2014-12-31": "", "2014-09-30": "", "2014-06-30": "", "2014-03-31": "", "2013-12-31": "", "2013-09-30": "", "2013-06-30": "", "2012-12-31": "", "2011-12-31": ""}, "EBIT": {"2020-12-31": "", "2020-09-30": "", "2020-06-30": "", "2020-03-31": "", "2019-12-31": "", "2019-09-30": "", "2019-06-30": "", "2019-03-31": "", "2018-12-31": "", "2018-09-30": "", "2018-06-30": "", "2018-03-31": "", "2017-12-31": "", "2017-09-30": "", "2017-06-30": "", "2017-03-31": "", "2016-12-31": "", "2016-09-30": "", "2016-06-30": "", "2016-03-31": "", "2015-12-31": "", "2015-09-30": "", "2015-06-30": "", "2015-03-31": "", "2014-12-31": "", "2014-09-30": "", "2014-06-30": "", "2014-03-31": "", "2013-12-31": "", "2013-09-30": "", "2013-06-30": "", "2012-12-31": "", "2011-12-31": ""}, "Basic Shares Outstanding": {"2020-12-31": "427.10000", "2020-09-30": "426.84600", "2020-06-30": "426.61300", "2020-03-31": "427.71800", "2019-12-31": "449.73100", "2019-09-30": "445.70400", "2019-06-30": "458.15400", "2019-03-31": "460.71300", "2018-12-31": "478.82200", "2018-09-30": "475.95700", "2018-06-30": "484.74400", "2018-03-31": "487.50100", "2017-12-31": "502.15700", "2017-09-30": "500.86100", "2017-06-30": "506.37200", "2017-03-31": "509.45100", "2016-12-31": "522.09300", "2016-09-30": "519.45900", "2016-06-30": "528.96800", "2016-03-31": "528.07100", "2015-12-31": "535.60000", "2015-09-30": "530.98500", "2015-06-30": "537.72900", "2015-03-31": "546.29100", "2014-12-31": "556.67400", "2014-09-30": "559.99800", "2014-06-30": "559.99800", "2014-03-31": "559.99800", "2013-12-31": "", "2013-09-30": "559.99800", "2013-06-30": "", "2012-12-31": "", "2011-12-31": ""}, "Shares Outstanding": {"2020-12-31": "428.90000", "2020-09-30": "427.99200", "2020-06-30": "427.56700", "2020-03-31": "429.38900", "2019-12-31": "451.21400", "2019-09-30": "447.13500", "2019-06-30": "459.30400", "2019-03-31": "462.52100", "2018-12-31": "480.43100", "2018-09-30": "477.60000", "2018-06-30": "486.14200", "2018-03-31": "489.26700", "2017-12-31": "503.68500", "2017-09-30": "502.15700", "2017-06-30": "507.41400", "2017-03-31": "511.34800", "2016-12-31": "523.93100", "2016-09-30": "521.12200", "2016-06-30": "530.36500", "2016-03-31": "530.44600", "2015-12-31": "538.22100", "2015-09-30": "533.39800", "2015-06-30": "539.90900", "2015-03-31": "549.79900", "2014-12-31": "557.72500", "2014-09-30": "560.24400", "2014-06-30": "559.99800", "2014-03-31": "559.99800", "2013-12-31": "", "2013-09-30": "559.99800", "2013-06-30": "", "2012-12-31": "", "2011-12-31": ""}, "Basic EPS": {"2020-12-31": "0.99000", "2020-09-30": "0.68000", "2020-06-30": "0.53000", "2020-03-31": "0.03000", "2019-12-31": "0.98000", "2019-09-30": "0.97000", "2019-06-30": "0.95000", "2019-03-31": "0.92000", "2018-12-31": "0.96000", "2018-09-30": "0.92000", "2018-06-30": "0.88000", "2018-03-31": "0.78000", "2017-12-31": "1.34000", "2017-09-30": "0.68000", "2017-06-30": "0.63000", "2017-03-31": "0.61000", "2016-12-31": "0.54000", "2016-09-30": "0.56000", "2016-06-30": "0.46000", "2016-03-31": "0.41000", "2015-12-31": "0.42000", "2015-09-30": "0.40000", "2015-06-30": "0.35000", "2015-03-31": "0.38000", "2014-12-31": "0.35000", "2014-09-30": "0.34000", "2014-06-30": "0.56000", "2014-03-31": "0.30000", "2013-12-31": "", "2013-09-30": "0.26000", "2013-06-30": "", "2012-12-31": "", "2011-12-31": ""}, "EPS - Earnings Per Share": {"2020-12-31": "0.99000", "2020-09-30": "0.68000", "2020-06-30": "0.53000", "2020-03-31": "0.03000", "2019-12-31": "0.97000", "2019-09-30": "0.97000", "2019-06-30": "0.95000", "2019-03-31": "0.92000", "2018-12-31": "0.95000", "2018-09-30": "0.91000", "2018-06-30": "0.88000", "2018-03-31": "0.78000", "2017-12-31": "1.33000", "2017-09-30": "0.68000", "2017-06-30": "0.63000", "2017-03-31": "0.61000", "2016-12-31": "0.54000", "2016-09-30": "0.56000", "2016-06-30": "0.46000", "2016-03-31": "0.41000", "2015-12-31": "0.42000", "2015-09-30": "0.40000", "2015-06-30": "0.35000", "2015-03-31": "0.38000", "2014-12-31": "0.35000", "2014-09-30": "0.34000", "2014-06-30": "0.56000", "2014-03-31": "0.30000", "2013-12-31": "0.00000", "2013-09-30": "0.26000", "2013-06-30": "0.00000", "2012-12-31": "0.00000", "2011-12-31": "0.00000"}}, "balance sheet": {"Cash On Hand": {"2020-12-31": "13039.00000", "2019-12-31": "3683.00000", "2018-12-31": "4222.00000", "2017-12-31": "3224.00000", "2016-12-31": "4143.00000", "2015-12-31": "3441.00000", "2014-12-31": "3646.00000", "2013-12-31": "2990.00000", "2012-12-31": "4289.00000", "2011-12-31": ""}, "Receivables": {"2020-12-31": "", "2019-12-31": "", "2018-12-31": "", "2017-12-31": "", "2016-12-31": "", "2015-12-31": "", "2014-12-31": "", "2013-12-31": "", "2012-12-31": "", "2011-12-31": ""}, "Inventory": {"2020-12-31": "", "2019-12-31": "", "2018-12-31": "", "2017-12-31": "", "2016-12-31": "", "2015-12-31": "", "2014-12-31": "", "2013-12-31": "", "2012-12-31": "", "2011-12-31": ""}, "Pre-Paid Expenses": {"2020-12-31": "", "2019-12-31": "", "2018-12-31": "", "2017-12-31": "", "2016-12-31": "", "2015-12-31": "", "2014-12-31": "", "2013-12-31": "", "2012-12-31": "", "2011-12-31": ""}, "Other Current Assets": {"2020-12-31": "", "2019-12-31": "", "2018-12-31": "", "2017-12-31": "", "2016-12-31": "", "2015-12-31": "", "2014-12-31": "", "2013-12-31": "", "2012-12-31": "", "2011-12-31": ""}, "Total Current Assets": {"2020-12-31": "137689.00000", "2019-12-31": "124849.00000", "2018-12-31": "120960.00000", "2017-12-31": "113323.00000", "2016-12-31": "111201.00000", "2015-12-31": "101632.00000", "2014-12-31": "96142.00000", "2013-12-31": "89328.00000", "2012-12-31": "90932.00000", "2011-12-31": ""}, "Property, Plant, And Equipment": {"2020-12-31": "759.00000", "2019-12-31": "761.00000", "2018-12-31": "791.00000", "2017-12-31": "685.00000", "2016-12-31": "601.00000", "2015-12-31": "595.00000", "2014-12-31": "595.00000", "2013-12-31": "592.00000", "2012-12-31": "643.00000", "2011-12-31": ""}, "Long-Term Investments": {"2020-12-31": "26177.00000", "2019-12-31": "24669.00000", "2018-12-31": "25075.00000", "2017-12-31": "25733.00000", "2016-12-31": "25610.00000", "2015-12-31": "24075.00000", "2014-12-31": "24704.00000", "2013-12-31": "21245.00000", "2012-12-31": "19417.00000", "2011-12-31": ""}, "Goodwill And Intangible Assets": {"2020-12-31": "7050.00000", "2019-12-31": "7044.00000", "2018-12-31": "6923.00000", "2017-12-31": "6887.00000", "2016-12-31": "6876.00000", "2015-12-31": "6876.00000", "2014-12-31": "6876.00000", "2013-12-31": "6876.00000", "2012-12-31": "11311.00000", "2011-12-31": "0.00000"}, "Other Long-Term Assets": {"2020-12-31": "11674.00000", "2019-12-31": "8410.00000", "2018-12-31": "6769.00000", "2017-12-31": "5708.00000", "2016-12-31": "5232.00000", "2015-12-31": "5030.00000", "2014-12-31": "4540.00000", "2013-12-31": "4113.00000", "2012-12-31": "4750.00000", "2011-12-31": ""}, "Total Long-Term Assets": {"2020-12-31": "45660.00000", "2019-12-31": "40884.00000", "2018-12-31": "39558.00000", "2017-12-31": "39013.00000", "2016-12-31": "38319.00000", "2015-12-31": "36576.00000", "2014-12-31": "36715.00000", "2013-12-31": "32826.00000", "2012-12-31": "36121.00000", "2011-12-31": ""}, "Total Assets": {"2020-12-31": "183349.00000", "2019-12-31": "165733.00000", "2018-12-31": "160518.00000", "2017-12-31": "152336.00000", "2016-12-31": "149520.00000", "2015-12-31": "138208.00000", "2014-12-31": "132857.00000", "2013-12-31": "122154.00000", "2012-12-31": "127053.00000", "2011-12-31": "0.00000"}, "Total Current Liabilities": {"2020-12-31": "147407.00000", "2019-12-31": "125587.00000", "2018-12-31": "120892.00000", "2017-12-31": "117760.00000", "2016-12-31": "114163.00000", "2015-12-31": "105971.00000", "2014-12-31": "106236.00000", "2013-12-31": "93945.00000", "2012-12-31": "99250.00000", "2011-12-31": ""}, "Long Term Debt": {"2020-12-31": "8346.00000", "2019-12-31": "14047.00000", "2018-12-31": "15925.00000", "2017-12-31": "11765.00000", "2016-12-31": "12790.00000", "2015-12-31": "9886.00000", "2014-12-31": "4642.00000", "2013-12-31": "1405.00000", "2012-12-31": "694.00000", "2011-12-31": ""}, "Other Non-Current Liabilities": {"2020-12-31": "4294.00000", "2019-12-31": "3032.00000", "2018-12-31": "2311.00000", "2017-12-31": "1970.00000", "2016-12-31": "2106.00000", "2015-12-31": "1975.00000", "2014-12-31": "2218.00000", "2013-12-31": "7409.00000", "2012-12-31": "2534.00000", "2011-12-31": ""}, "Total Long Term Liabilities": {"2020-12-31": "13269.00000", "2019-12-31": "17945.00000", "2018-12-31": "18809.00000", "2017-12-31": "14306.00000", "2016-12-31": "15610.00000", "2015-12-31": "12591.00000", "2014-12-31": "7353.00000", "2013-12-31": "9013.00000", "2012-12-31": "3674.00000", "2011-12-31": ""}, "Total Liabilities": {"2020-12-31": "160676.00000", "2019-12-31": "143532.00000", "2018-12-31": "139701.00000", "2017-12-31": "132066.00000", "2016-12-31": "129773.00000", "2015-12-31": "118562.00000", "2014-12-31": "113589.00000", "2013-12-31": "102958.00000", "2012-12-31": "102924.00000", "2011-12-31": "0.00000"}, "Common Stock Net": {"2020-12-31": "6.00000", "2019-12-31": "6.00000", "2018-12-31": "6.00000", "2017-12-31": "6.00000", "2016-12-31": "6.00000", "2015-12-31": "6.00000", "2014-12-31": "6.00000", "2013-12-31": "6.00000", "2012-12-31": "6.00000", "2011-12-31": "0.00000"}, "Retained Earnings (Accumulated Deficit)": {"2020-12-31": "6445.00000", "2019-12-31": "6498.00000", "2018-12-31": "5385.00000", "2017-12-31": "4164.00000", "2016-12-31": "2703.00000", "2015-12-31": "1913.00000", "2014-12-31": "1294.00000", "2013-12-31": "1235.00000", "2012-12-31": "5846.00000", "2011-12-31": ""}, "Comprehensive Income": {"2020-12-31": "-60.00000", "2019-12-31": "-411.00000", "2018-12-31": "-1096.00000", "2017-12-31": "-820.00000", "2016-12-31": "-668.00000", "2015-12-31": "-387.00000", "2014-12-31": "-372.00000", "2013-12-31": "-648.00000", "2012-12-31": "-312.00000", "2011-12-31": ""}, "Other Share Holders Equity": {"2020-12-31": "", "2019-12-31": "", "2018-12-31": "", "2017-12-31": "", "2016-12-31": "", "2015-12-31": "", "2014-12-31": "", "2013-12-31": "", "2012-12-31": "", "2011-12-31": "0.00000"}, "Share Holder Equity": {"2020-12-31": "22673.00000", "2019-12-31": "22201.00000", "2018-12-31": "20817.00000", "2017-12-31": "20270.00000", "2016-12-31": "19747.00000", "2015-12-31": "19646.00000", "2014-12-31": "19268.00000", "2013-12-31": "19196.00000", "2012-12-31": "24129.00000", "2011-12-31": "0.00000"}, "Total Liabilities And Share Holders Equity": {"2020-12-31": "183349.00000", "2019-12-31": "165733.00000", "2018-12-31": "160518.00000", "2017-12-31": "152336.00000", "2016-12-31": "149520.00000", "2015-12-31": "138208.00000", "2014-12-31": "132857.00000", "2013-12-31": "122154.00000", "2012-12-31": "127053.00000", "2011-12-31": "0.00000"}}, "balance sheet, quarterly": {"Cash On Hand": {"2020-12-31": "13039.00000", "2020-09-30": "9544.00000", "2020-06-30": "7921.00000", "2020-03-31": "4338.00000", "2019-12-31": "3683.00000", "2019-09-30": "4000.00000", "2019-06-30": "3221.00000", "2019-03-31": "2603.00000", "2018-12-31": "4222.00000", "2018-09-30": "4133.00000", "2018-06-30": "3979.00000", "2018-03-31": "4001.00000", "2017-12-31": "3224.00000", "2017-09-30": "2407.00000", "2017-06-30": "4600.00000", "2017-03-31": "4344.00000", "2016-12-31": "4143.00000", "2016-09-30": "3635.00000", "2016-06-30": "4382.00000", "2016-03-31": "2389.00000", "2015-12-31": "3441.00000", "2015-09-30": "2119.00000", "2015-06-30": "3055.00000", "2015-03-31": "5619.00000", "2014-12-31": "3646.00000", "2014-09-30": "3181.00000", "2014-06-30": "5665.00000", "2014-03-31": "", "2013-12-31": "", "2013-09-30": "", "2013-06-30": "", "2012-12-31": "4289.00000", "2011-12-31": ""}, "Receivables": {"2020-12-31": "", "2020-09-30": "", "2020-06-30": "", "2020-03-31": "", "2019-12-31": "", "2019-09-30": "", "2019-06-30": "", "2019-03-31": "", "2018-12-31": "", "2018-09-30": "", "2018-06-30": "", "2018-03-31": "", "2017-12-31": "", "2017-09-30": "", "2017-06-30": "", "2017-03-31": "", "2016-12-31": "", "2016-09-30": "", "2016-06-30": "", "2016-03-31": "", "2015-12-31": "", "2015-09-30": "", "2015-06-30": "", "2015-03-31": "", "2014-12-31": "", "2014-09-30": "", "2014-06-30": "", "2014-03-31": "", "2013-12-31": "", "2013-09-30": "", "2013-06-30": "", "2012-12-31": "", "2011-12-31": ""}, "Inventory": {"2020-12-31": "", "2020-09-30": "", "2020-06-30": "", "2020-03-31": "", "2019-12-31": "", "2019-09-30": "", "2019-06-30": "", "2019-03-31": "", "2018-12-31": "", "2018-09-30": "", "2018-06-30": "", "2018-03-31": "", "2017-12-31": "", "2017-09-30": "", "2017-06-30": "", "2017-03-31": "", "2016-12-31": "", "2016-09-30": "", "2016-06-30": "", "2016-03-31": "", "2015-12-31": "", "2015-09-30": "", "2015-06-30": "", "2015-03-31": "", "2014-12-31": "", "2014-09-30": "", "2014-06-30": "", "2014-03-31": "", "2013-12-31": "", "2013-09-30": "", "2013-06-30": "", "2012-12-31": "", "2011-12-31": ""}, "Pre-Paid Expenses": {"2020-12-31": "", "2020-09-30": "", "2020-06-30": "", "2020-03-31": "", "2019-12-31": "", "2019-09-30": "", "2019-06-30": "", "2019-03-31": "", "2018-12-31": "", "2018-09-30": "", "2018-06-30": "", "2018-03-31": "", "2017-12-31": "", "2017-09-30": "", "2017-06-30": "", "2017-03-31": "", "2016-12-31": "", "2016-09-30": "", "2016-06-30": "", "2016-03-31": "", "2015-12-31": "", "2015-09-30": "", "2015-06-30": "", "2015-03-31": "", "2014-12-31": "", "2014-09-30": "", "2014-06-30": "", "2014-03-31": "", "2013-12-31": "", "2013-09-30": "", "2013-06-30": "", "2012-12-31": "", "2011-12-31": ""}, "Other Current Assets": {"2020-12-31": "", "2020-09-30": "", "2020-06-30": "", "2020-03-31": "", "2019-12-31": "", "2019-09-30": "", "2019-06-30": "", "2019-03-31": "", "2018-12-31": "", "2018-09-30": "", "2018-06-30": "", "2018-03-31": "", "2017-12-31": "", "2017-09-30": "", "2017-06-30": "", "2017-03-31": "", "2016-12-31": "", "2016-09-30": "", "2016-06-30": "", "2016-03-31": "", "2015-12-31": "", "2015-09-30": "", "2015-06-30": "", "2015-03-31": "", "2014-12-31": "", "2014-09-30": "", "2014-06-30": "", "2014-03-31": "", "2013-12-31": "", "2013-09-30": "", "2013-06-30": "", "2012-12-31": "", "2011-12-31": ""}, "Total Current Assets": {"2020-12-31": "137689.00000", "2020-09-30": "134787.00000", "2020-06-30": "136179.00000", "2020-03-31": "132956.00000", "2019-12-31": "124849.00000", "2019-09-30": "122632.00000", "2019-06-30": "121037.00000", "2019-03-31": "120225.00000", "2018-12-31": "120960.00000", "2018-09-30": "118941.00000", "2018-06-30": "116843.00000", "2018-03-31": "114980.00000", "2017-12-31": "113323.00000", "2017-09-30": "112558.00000", "2017-06-30": "113664.00000", "2017-03-31": "111900.00000", "2016-12-31": "111201.00000", "2016-09-30": "108388.00000", "2016-06-30": "107669.00000", "2016-03-31": "103068.00000", "2015-12-31": "101632.00000", "2015-09-30": "98769.00000", "2015-06-30": "100028.00000", "2015-03-31": "99287.00000", "2014-12-31": "96142.00000", "2014-09-30": "95004.00000", "2014-06-30": "93546.00000", "2014-03-31": "", "2013-12-31": "", "2013-09-30": "", "2013-06-30": "", "2012-12-31": "90286.00000", "2011-12-31": ""}, "Property, Plant, And Equipment": {"2020-12-31": "759.00000", "2020-09-30": "747.00000", "2020-06-30": "751.00000", "2020-03-31": "746.00000", "2019-12-31": "761.00000", "2019-09-30": "747.00000", "2019-06-30": "740.00000", "2019-03-31": "746.00000", "2018-12-31": "791.00000", "2018-09-30": "753.00000", "2018-06-30": "720.00000", "2018-03-31": "687.00000", "2017-12-31": "685.00000", "2017-09-30": "618.00000", "2017-06-30": "600.00000", "2017-03-31": "582.00000", "2016-12-31": "601.00000", "2016-09-30": "540.00000", "2016-06-30": "551.00000", "2016-03-31": "570.00000", "2015-12-31": "595.00000", "2015-09-30": "560.00000", "2015-06-30": "580.00000", "2015-03-31": "584.00000", "2014-12-31": "595.00000", "2014-09-30": "541.00000", "2014-06-30": "560.00000", "2014-03-31": "", "2013-12-31": "", "2013-09-30": "", "2013-06-30": "", "2012-12-31": "2388.00000", "2011-12-31": ""}, "Long-Term Investments": {"2020-12-31": "26177.00000", "2020-09-30": "26124.00000", "2020-06-30": "25657.00000", "2020-03-31": "26352.00000", "2019-12-31": "24669.00000", "2019-09-30": "25602.00000", "2019-06-30": "25898.00000", "2019-03-31": "25651.00000", "2018-12-31": "25075.00000", "2018-09-30": "25485.00000", "2018-06-30": "25513.00000", "2018-03-31": "25433.00000", "2017-12-31": "25733.00000", "2017-09-30": "25742.00000", "2017-06-30": "25115.00000", "2017-03-31": "25996.00000", "2016-12-31": "25610.00000", "2016-09-30": "25704.00000", "2016-06-30": "24398.00000", "2016-03-31": "24057.00000", "2015-12-31": "24075.00000", "2015-09-30": "24354.00000", "2015-06-30": "25095.00000", "2015-03-31": "25086.00000", "2014-12-31": "24704.00000", "2014-09-30": "24848.00000", "2014-06-30": "24823.00000", "2014-03-31": "", "2013-12-31": "", "2013-09-30": "", "2013-06-30": "", "2012-12-31": "20063.00000", "2011-12-31": ""}, "Goodwill And Intangible Assets": {"2020-12-31": "7050.00000", "2020-09-30": "7050.00000", "2020-06-30": "7050.00000", "2020-03-31": "7050.00000", "2019-12-31": "7044.00000", "2019-09-30": "7044.00000", "2019-06-30": "7040.00000", "2019-03-31": "7040.00000", "2018-12-31": "6923.00000", "2018-09-30": "6946.00000", "2018-06-30": "6887.00000", "2018-03-31": "6887.00000", "2017-12-31": "6887.00000", "2017-09-30": "6887.00000", "2017-06-30": "6887.00000", "2017-03-31": "6876.00000", "2016-12-31": "6876.00000", "2016-09-30": "6876.00000", "2016-06-30": "6876.00000", "2016-03-31": "6876.00000", "2015-12-31": "6876.00000", "2015-09-30": "6876.00000", "2015-06-30": "6876.00000", "2015-03-31": "6876.00000", "2014-12-31": "6876.00000", "2014-09-30": "6876.00000", "2014-06-30": "6876.00000", "2014-03-31": "0.00000", "2013-12-31": "", "2013-09-30": "0.00000", "2013-06-30": "0.00000", "2012-12-31": "11311.00000", "2011-12-31": "0.00000"}, "Other Long-Term Assets": {"2020-12-31": "11674.00000", "2020-09-30": "10520.00000", "2020-06-30": "10237.00000", "2020-03-31": "9615.00000", "2019-12-31": "8410.00000", "2019-09-30": "8337.00000", "2019-06-30": "8034.00000", "2019-03-31": "7680.00000", "2018-12-31": "6769.00000", "2018-09-30": "6473.00000", "2018-06-30": "5468.00000", "2018-03-31": "5466.00000", "2017-12-31": "5708.00000", "2017-09-30": "5551.00000", "2017-06-30": "5141.00000", "2017-03-31": "4931.00000", "2016-12-31": "5232.00000", "2016-09-30": "5507.00000", "2016-06-30": "5689.00000", "2016-03-31": "5506.00000", "2015-12-31": "5030.00000", "2015-09-30": "4888.00000", "2015-06-30": "4672.00000", "2015-03-31": "4702.00000", "2014-12-31": "4540.00000", "2014-09-30": "4072.00000", "2014-06-30": "4474.00000", "2014-03-31": "", "2013-12-31": "", "2013-09-30": "", "2013-06-30": "", "2012-12-31": "4750.00000", "2011-12-31": ""}, "Total Long-Term Assets": {"2020-12-31": "45660.00000", "2020-09-30": "44441.00000", "2020-06-30": "43695.00000", "2020-03-31": "43763.00000", "2019-12-31": "40884.00000", "2019-09-30": "41730.00000", "2019-06-30": "41712.00000", "2019-03-31": "41117.00000", "2018-12-31": "39558.00000", "2018-09-30": "39657.00000", "2018-06-30": "38588.00000", "2018-03-31": "38473.00000", "2017-12-31": "39013.00000", "2017-09-30": "38798.00000", "2017-06-30": "37743.00000", "2017-03-31": "38385.00000", "2016-12-31": "38319.00000", "2016-09-30": "38627.00000", "2016-06-30": "37514.00000", "2016-03-31": "37009.00000", "2015-12-31": "36576.00000", "2015-09-30": "36678.00000", "2015-06-30": "37223.00000", "2015-03-31": "37248.00000", "2014-12-31": "36715.00000", "2014-09-30": "36337.00000", "2014-06-30": "36733.00000", "2014-03-31": "", "2013-12-31": "", "2013-09-30": "", "2013-06-30": "", "2012-12-31": "38512.00000", "2011-12-31": ""}, "Total Assets": {"2020-12-31": "183349.00000", "2020-09-30": "179228.00000", "2020-06-30": "179874.00000", "2020-03-31": "176719.00000", "2019-12-31": "165733.00000", "2019-09-30": "164362.00000", "2019-06-30": "162749.00000", "2019-03-31": "161342.00000", "2018-12-31": "160518.00000", "2018-09-30": "158598.00000", "2018-06-30": "155431.00000", "2018-03-31": "153453.00000", "2017-12-31": "152336.00000", "2017-09-30": "151356.00000", "2017-06-30": "151407.00000", "2017-03-31": "150285.00000", "2016-12-31": "149520.00000", "2016-09-30": "147015.00000", "2016-06-30": "145183.00000", "2016-03-31": "140077.00000", "2015-12-31": "138208.00000", "2015-09-30": "135447.00000", "2015-06-30": "137251.00000", "2015-03-31": "136535.00000", "2014-12-31": "132857.00000", "2014-09-30": "131341.00000", "2014-06-30": "130279.00000", "2014-03-31": "0.00000", "2013-12-31": "0.00000", "2013-09-30": "0.00000", "2013-06-30": "0.00000", "2012-12-31": "127053.00000", "2011-12-31": "0.00000"}, "Total Current Liabilities": {"2020-12-31": "147407.00000", "2020-09-30": "143173.00000", "2020-06-30": "143873.00000", "2020-03-31": "134534.00000", "2019-12-31": "125587.00000", "2019-09-30": "125791.00000", "2019-06-30": "125445.00000", "2019-03-31": "124595.00000", "2018-12-31": "120892.00000", "2018-09-30": "119455.00000", "2018-06-30": "118898.00000", "2018-03-31": "117539.00000", "2017-12-31": "117760.00000", "2017-09-30": "115193.00000", "2017-06-30": "116046.00000", "2017-03-31": "115967.00000", "2016-12-31": "114163.00000", "2016-09-30": "111739.00000", "2016-06-30": "109744.00000", "2016-03-31": "106620.00000", "2015-12-31": "105971.00000", "2015-09-30": "109020.00000", "2015-06-30": "111161.00000", "2015-03-31": "110415.00000", "2014-12-31": "106236.00000", "2014-09-30": "105362.00000", "2014-06-30": "106165.00000", "2014-03-31": "", "2013-12-31": "", "2013-09-30": "", "2013-06-30": "", "2012-12-31": "99250.00000", "2011-12-31": ""}, "Long Term Debt": {"2020-12-31": "8346.00000", "2020-09-30": "9109.00000", "2020-06-30": "9202.00000", "2020-03-31": "16437.00000", "2019-12-31": "14047.00000", "2019-09-30": "12806.00000", "2019-06-30": "11538.00000", "2019-03-31": "11725.00000", "2018-12-31": "15925.00000", "2018-09-30": "15639.00000", "2018-06-30": "13641.00000", "2018-03-31": "13486.00000", "2017-12-31": "11765.00000", "2017-09-30": "13400.00000", "2017-06-30": "13154.00000", "2017-03-31": "11780.00000", "2016-12-31": "12790.00000", "2016-09-30": "11902.00000", "2016-06-30": "11810.00000", "2016-03-31": "10035.00000", "2015-12-31": "9886.00000", "2015-09-30": "4153.00000", "2015-06-30": "3890.00000", "2015-03-31": "3904.00000", "2014-12-31": "4642.00000", "2014-09-30": "2062.00000", "2014-06-30": "1732.00000", "2014-03-31": "", "2013-12-31": "", "2013-09-30": "", "2013-06-30": "", "2012-12-31": "694.00000", "2011-12-31": ""}, "Other Non-Current Liabilities": {"2020-12-31": "4294.00000", "2020-09-30": "3839.00000", "2020-06-30": "3672.00000", "2020-03-31": "3016.00000", "2019-12-31": "3032.00000", "2019-09-30": "3162.00000", "2019-06-30": "2982.00000", "2019-03-31": "2815.00000", "2018-12-31": "2311.00000", "2018-09-30": "2798.00000", "2018-06-30": "1969.00000", "2018-03-31": "1894.00000", "2017-12-31": "1970.00000", "2017-09-30": "1910.00000", "2017-06-30": "1403.00000", "2017-03-31": "1947.00000", "2016-12-31": "2106.00000", "2016-09-30": "2199.00000", "2016-06-30": "2442.00000", "2016-03-31": "2605.00000", "2015-12-31": "1975.00000", "2015-09-30": "2037.00000", "2015-06-30": "2056.00000", "2015-03-31": "2066.00000", "2014-12-31": "2218.00000", "2014-09-30": "4180.00000", "2014-06-30": "2382.00000", "2014-03-31": "", "2013-12-31": "", "2013-09-30": "", "2013-06-30": "", "2012-12-31": "2980.00000", "2011-12-31": ""}, "Total Long Term Liabilities": {"2020-12-31": "13269.00000", "2020-09-30": "13586.00000", "2020-06-30": "13583.00000", "2020-03-31": "20235.00000", "2019-12-31": "17945.00000", "2019-09-30": "16720.00000", "2019-06-30": "15287.00000", "2019-03-31": "15216.00000", "2018-12-31": "18809.00000", "2018-09-30": "18867.00000", "2018-06-30": "16066.00000", "2018-03-31": "15855.00000", "2017-12-31": "14306.00000", "2017-09-30": "16054.00000", "2017-06-30": "15297.00000", "2017-03-31": "14471.00000", "2016-12-31": "15610.00000", "2016-09-30": "15095.00000", "2016-06-30": "15213.00000", "2016-03-31": "13492.00000", "2015-12-31": "12591.00000", "2015-09-30": "6827.00000", "2015-06-30": "6504.00000", "2015-03-31": "6556.00000", "2014-12-31": "7353.00000", "2014-09-30": "6596.00000", "2014-06-30": "4517.00000", "2014-03-31": "", "2013-12-31": "", "2013-09-30": "", "2013-06-30": "", "2012-12-31": "3674.00000", "2011-12-31": ""}, "Total Liabilities": {"2020-12-31": "160676.00000", "2020-09-30": "156759.00000", "2020-06-30": "157456.00000", "2020-03-31": "154769.00000", "2019-12-31": "143532.00000", "2019-09-30": "142511.00000", "2019-06-30": "140732.00000", "2019-03-31": "139811.00000", "2018-12-31": "139701.00000", "2018-09-30": "138322.00000", "2018-06-30": "134964.00000", "2018-03-31": "133394.00000", "2017-12-31": "132066.00000", "2017-09-30": "131247.00000", "2017-06-30": "131343.00000", "2017-03-31": "130438.00000", "2016-12-31": "129773.00000", "2016-09-30": "126834.00000", "2016-06-30": "124957.00000", "2016-03-31": "120112.00000", "2015-12-31": "118562.00000", "2015-09-30": "115847.00000", "2015-06-30": "117665.00000", "2015-03-31": "116971.00000", "2014-12-31": "113589.00000", "2014-09-30": "111958.00000", "2014-06-30": "110682.00000", "2014-03-31": "0.00000", "2013-12-31": "", "2013-09-30": "0.00000", "2013-06-30": "0.00000", "2012-12-31": "102924.00000", "2011-12-31": "0.00000"}, "Common Stock Net": {"2020-12-31": "6.00000", "2020-09-30": "6.00000", "2020-06-30": "6.00000", "2020-03-31": "6.00000", "2019-12-31": "6.00000", "2019-09-30": "6.00000", "2019-06-30": "6.00000", "2019-03-31": "6.00000", "2018-12-31": "6.00000", "2018-09-30": "6.00000", "2018-06-30": "6.00000", "2018-03-31": "6.00000", "2017-12-31": "6.00000", "2017-09-30": "6.00000", "2017-06-30": "6.00000", "2017-03-31": "6.00000", "2016-12-31": "6.00000", "2016-09-30": "6.00000", "2016-06-30": "6.00000", "2016-03-31": "6.00000", "2015-12-31": "6.00000", "2015-09-30": "6.00000", "2015-06-30": "6.00000", "2015-03-31": "6.00000", "2014-12-31": "6.00000", "2014-09-30": "6.00000", "2014-06-30": "6.00000", "2014-03-31": "0.00000", "2013-12-31": "", "2013-09-30": "0.00000", "2013-06-30": "0.00000", "2012-12-31": "6.00000", "2011-12-31": "0.00000"}, "Retained Earnings (Accumulated Deficit)": {"2020-12-31": "6445.00000", "2020-09-30": "6189.00000", "2020-06-30": "6068.00000", "2020-03-31": "6011.00000", "2019-12-31": "6498.00000", "2019-09-30": "6229.00000", "2019-06-30": "5959.00000", "2019-03-31": "5672.00000", "2018-12-31": "5385.00000", "2018-09-30": "5062.00000", "2018-06-30": "4755.00000", "2018-03-31": "4437.00000", "2017-12-31": "4164.00000", "2017-09-30": "3442.00000", "2017-06-30": "3191.00000", "2017-03-31": "2944.00000", "2016-12-31": "2703.00000", "2016-09-30": "2483.00000", "2016-06-30": "2255.00000", "2016-03-31": "2076.00000", "2015-12-31": "1913.00000", "2015-09-30": "1745.00000", "2015-06-30": "1585.00000", "2015-03-31": "1448.00000", "2014-12-31": "1294.00000", "2014-09-30": "1152.00000", "2014-06-30": "1346.00000", "2014-03-31": "", "2013-12-31": "", "2013-09-30": "", "2013-06-30": "", "2012-12-31": "5846.00000", "2011-12-31": ""}, "Comprehensive Income": {"2020-12-31": "-60.00000", "2020-09-30": "10.00000", "2020-06-30": "94.00000", "2020-03-31": "85.00000", "2019-12-31": "-411.00000", "2019-09-30": "-440.00000", "2019-06-30": "-488.00000", "2019-03-31": "-793.00000", "2018-12-31": "-1096.00000", "2018-09-30": "-1318.00000", "2018-06-30": "-1210.00000", "2018-03-31": "-1145.00000", "2017-12-31": "-820.00000", "2017-09-30": "-581.00000", "2017-06-30": "-593.00000", "2017-03-31": "-683.00000", "2016-12-31": "-668.00000", "2016-09-30": "-187.00000", "2016-06-30": "-159.00000", "2016-03-31": "-236.00000", "2015-12-31": "-387.00000", "2015-09-30": "-259.00000", "2015-06-30": "-359.00000", "2015-03-31": "-240.00000", "2014-12-31": "-372.00000", "2014-09-30": "-435.00000", "2014-06-30": "-358.00000", "2014-03-31": "", "2013-12-31": "", "2013-09-30": "", "2013-06-30": "", "2012-12-31": "", "2011-12-31": ""}, "Other Share Holders Equity": {"2020-12-31": "", "2020-09-30": "", "2020-06-30": "", "2020-03-31": "", "2019-12-31": "", "2019-09-30": "", "2019-06-30": "", "2019-03-31": "", "2018-12-31": "", "2018-09-30": "", "2018-06-30": "", "2018-03-31": "", "2017-12-31": "", "2017-09-30": "", "2017-06-30": "", "2017-03-31": "", "2016-12-31": "", "2016-09-30": "", "2016-06-30": "", "2016-03-31": "", "2015-12-31": "", "2015-09-30": "", "2015-06-30": "", "2015-03-31": "", "2014-12-31": "", "2014-09-30": "", "2014-06-30": "", "2014-03-31": "0.00000", "2013-12-31": "", "2013-09-30": "0.00000", "2013-06-30": "0.00000", "2012-12-31": "-312.00000", "2011-12-31": "0.00000"}, "Share Holder Equity": {"2020-12-31": "22673.00000", "2020-09-30": "22469.00000", "2020-06-30": "22418.00000", "2020-03-31": "21950.00000", "2019-12-31": "22201.00000", "2019-09-30": "21851.00000", "2019-06-30": "22017.00000", "2019-03-31": "21531.00000", "2018-12-31": "20817.00000", "2018-09-30": "20276.00000", "2018-06-30": "20467.00000", "2018-03-31": "20059.00000", "2017-12-31": "20270.00000", "2017-09-30": "20109.00000", "2017-06-30": "20064.00000", "2017-03-31": "19847.00000", "2016-12-31": "19747.00000", "2016-09-30": "20181.00000", "2016-06-30": "20226.00000", "2016-03-31": "19965.00000", "2015-12-31": "19646.00000", "2015-09-30": "19600.00000", "2015-06-30": "19586.00000", "2015-03-31": "19564.00000", "2014-12-31": "19268.00000", "2014-09-30": "19383.00000", "2014-06-30": "19597.00000", "2014-03-31": "0.00000", "2013-12-31": "", "2013-09-30": "0.00000", "2013-06-30": "0.00000", "2012-12-31": "24129.00000", "2011-12-31": "0.00000"}, "Total Liabilities And Share Holders Equity": {"2020-12-31": "183349.00000", "2020-09-30": "179228.00000", "2020-06-30": "179874.00000", "2020-03-31": "176719.00000", "2019-12-31": "165733.00000", "2019-09-30": "164362.00000", "2019-06-30": "162749.00000", "2019-03-31": "161342.00000", "2018-12-31": "160518.00000", "2018-09-30": "158598.00000", "2018-06-30": "155431.00000", "2018-03-31": "153453.00000", "2017-12-31": "152336.00000", "2017-09-30": "151356.00000", "2017-06-30": "151407.00000", "2017-03-31": "150285.00000", "2016-12-31": "149520.00000", "2016-09-30": "147015.00000", "2016-06-30": "145183.00000", "2016-03-31": "140077.00000", "2015-12-31": "138208.00000", "2015-09-30": "135447.00000", "2015-06-30": "137251.00000", "2015-03-31": "136535.00000", "2014-12-31": "132857.00000", "2014-09-30": "131341.00000", "2014-06-30": "130279.00000", "2014-03-31": "0.00000", "2013-12-31": "", "2013-09-30": "0.00000", "2013-06-30": "0.00000", "2012-12-31": "127053.00000", "2011-12-31": "0.00000"}}, "cash flow statement": {"Net Income/Loss": {"2020-12-31": "0.00000", "2019-12-31": "1791.00000", "2018-12-31": "1721.00000", "2017-12-31": "1652.00000", "2016-12-31": "1045.00000", "2015-12-31": "840.00000", "2014-12-31": "865.00000", "2013-12-31": "-3426.00000", "2012-12-31": "643.00000", "2011-12-31": "506.00000"}, "Total Depreciation And Amortization - Cash Flow": {"2020-12-31": "", "2019-12-31": "633.00000", "2018-12-31": "489.00000", "2017-12-31": "487.00000", "2016-12-31": "515.00000", "2015-12-31": "488.00000", "2014-12-31": "432.00000", "2013-12-31": "477.00000", "2012-12-31": "564.00000", "2011-12-31": "573.00000"}, "Other Non-Cash Items": {"2020-12-31": "", "2019-12-31": "556.00000", "2018-12-31": "358.00000", "2017-12-31": "132.00000", "2016-12-31": "512.00000", "2015-12-31": "511.00000", "2014-12-31": "197.00000", "2013-12-31": "4721.00000", "2012-12-31": "660.00000", "2011-12-31": "1023.00000"}, "Total Non-Cash Items": {"2020-12-31": "", "2019-12-31": "1189.00000", "2018-12-31": "847.00000", "2017-12-31": "619.00000", "2016-12-31": "1027.00000", "2015-12-31": "999.00000", "2014-12-31": "629.00000", "2013-12-31": "5198.00000", "2012-12-31": "1224.00000", "2011-12-31": "1596.00000"}, "Change In Accounts Receivable": {"2020-12-31": "", "2019-12-31": "-758.00000", "2018-12-31": "113.00000", "2017-12-31": "233.00000", "2016-12-31": "-249.00000", "2015-12-31": "18.00000", "2014-12-31": "-48.00000", "2013-12-31": "448.00000", "2012-12-31": "-60.00000", "2011-12-31": "152.00000"}, "Change In Inventories": {"2020-12-31": "", "2019-12-31": "", "2018-12-31": "", "2017-12-31": "", "2016-12-31": "", "2015-12-31": "", "2014-12-31": "", "2013-12-31": "", "2012-12-31": "", "2011-12-31": ""}, "Change In Accounts Payable": {"2020-12-31": "", "2019-12-31": "", "2018-12-31": "", "2017-12-31": "", "2016-12-31": "", "2015-12-31": "", "2014-12-31": "", "2013-12-31": "", "2012-12-31": "", "2011-12-31": ""}, "Change In Assets/Liabilities": {"2020-12-31": "", "2019-12-31": "-525.00000", "2018-12-31": "-914.00000", "2017-12-31": "-621.00000", "2016-12-31": "-333.00000", "2015-12-31": "-628.00000", "2014-12-31": "-56.00000", "2013-12-31": "429.00000", "2012-12-31": "-93.00000", "2011-12-31": "225.00000"}, "Total Change In Assets/Liabilities": {"2020-12-31": "", "2019-12-31": "-1283.00000", "2018-12-31": "-801.00000", "2017-12-31": "-388.00000", "2016-12-31": "-582.00000", "2015-12-31": "-610.00000", "2014-12-31": "-104.00000", "2013-12-31": "877.00000", "2012-12-31": "-153.00000", "2011-12-31": "377.00000"}, "Cash Flow From Operating Activities": {"2020-12-31": "", "2019-12-31": "1697.00000", "2018-12-31": "1767.00000", "2017-12-31": "1883.00000", "2016-12-31": "1490.00000", "2015-12-31": "1229.00000", "2014-12-31": "1390.00000", "2013-12-31": "2649.00000", "2012-12-31": "1714.00000", "2011-12-31": "2479.00000"}, "Net Change In Property, Plant, And Equipment": {"2020-12-31": "", "2019-12-31": "-95.00000", "2018-12-31": "-232.00000", "2017-12-31": "-253.00000", "2016-12-31": "-135.00000", "2015-12-31": "-106.00000", "2014-12-31": "-138.00000", "2013-12-31": "-135.00000", "2012-12-31": "-172.00000", "2011-12-31": "-101.00000"}, "Net Change In Intangible Assets": {"2020-12-31": "", "2019-12-31": "-240.00000", "2018-12-31": "-253.00000", "2017-12-31": "-187.00000", "2016-12-31": "-165.00000", "2015-12-31": "-178.00000", "2014-12-31": "-170.00000", "2013-12-31": "-208.00000", "2012-12-31": "-193.00000", "2011-12-31": "-262.00000"}, "Net Acquisitions/Divestitures": {"2020-12-31": "", "2019-12-31": "-129.00000", "2018-12-31": "-533.00000", "2017-12-31": "", "2016-12-31": "", "2015-12-31": "", "2014-12-31": "", "2013-12-31": "", "2012-12-31": "-309.00000", "2011-12-31": ""}, "Net Change In Short-term Investments": {"2020-12-31": "", "2019-12-31": "-149.00000", "2018-12-31": "44.00000", "2017-12-31": "247.00000", "2016-12-31": "-83.00000", "2015-12-31": "14.00000", "2014-12-31": "-137.00000", "2013-12-31": "993.00000", "2012-12-31": "-995.00000", "2011-12-31": "-68.00000"}, "Net Change In Long-Term Investments": {"2020-12-31": "", "2019-12-31": "1099.00000", "2018-12-31": "384.00000", "2017-12-31": "-113.00000", "2016-12-31": "-1821.00000", "2015-12-31": "421.00000", "2014-12-31": "-2741.00000", "2013-12-31": "-2722.00000", "2012-12-31": "4062.00000", "2011-12-31": "-1973.00000"}, "Net Change In Investments - Total": {"2020-12-31": "", "2019-12-31": "950.00000", "2018-12-31": "428.00000", "2017-12-31": "134.00000", "2016-12-31": "-1904.00000", "2015-12-31": "435.00000", "2014-12-31": "-2878.00000", "2013-12-31": "-1729.00000", "2012-12-31": "3067.00000", "2011-12-31": "-2041.00000"}, "Investing Activities - Other": {"2020-12-31": "", "2019-12-31": "-4361.00000", "2018-12-31": "-6487.00000", "2017-12-31": "-3678.00000", "2016-12-31": "-9122.00000", "2015-12-31": "-6056.00000", "2014-12-31": "-7088.00000", "2013-12-31": "-381.00000", "2012-12-31": "-1474.00000", "2011-12-31": "370.00000"}, "Cash Flow From Investing Activities": {"2020-12-31": "", "2019-12-31": "-3875.00000", "2018-12-31": "-7077.00000", "2017-12-31": "-3984.00000", "2016-12-31": "-11326.00000", "2015-12-31": "-5905.00000", "2014-12-31": "-10274.00000", "2013-12-31": "-2453.00000", "2012-12-31": "919.00000", "2011-12-31": "-2034.00000"}, "Net Long-Term Debt": {"2020-12-31": "", "2019-12-31": "-2007.00000", "2018-12-31": "7666.00000", "2017-12-31": "2612.00000", "2016-12-31": "6715.00000", "2015-12-31": "5984.00000", "2014-12-31": "3243.00000", "2013-12-31": "711.00000", "2012-12-31": "-2548.00000", "2011-12-31": "-3104.00000"}, "Net Current Debt": {"2020-12-31": "", "2019-12-31": "-1048.00000", "2018-12-31": "-4870.00000", "2017-12-31": "-5292.00000", "2016-12-31": "-2840.00000", "2015-12-31": "-7857.00000", "2014-12-31": "3487.00000", "2013-12-31": "2940.00000", "2012-12-31": "-3150.00000", "2011-12-31": "702.00000"}, "Debt Issuance/Retirement Net - Total": {"2020-12-31": "", "2019-12-31": "-3055.00000", "2018-12-31": "2796.00000", "2017-12-31": "-2680.00000", "2016-12-31": "3875.00000", "2015-12-31": "-1873.00000", "2014-12-31": "6730.00000", "2013-12-31": "3651.00000", "2012-12-31": "-5698.00000", "2011-12-31": "-2402.00000"}, "Net Common Equity Issued/Repurchased": {"2020-12-31": "", "2019-12-31": "-1220.00000", "2018-12-31": "-1025.00000", "2017-12-31": "-820.00000", "2016-12-31": "-430.00000", "2015-12-31": "-500.00000", "2014-12-31": "-334.00000", "2013-12-31": "", "2012-12-31": "", "2011-12-31": ""}, "Net Total Equity Issued/Repurchased": {"2020-12-31": "", "2019-12-31": "-490.00000", "2018-12-31": "-432.00000", "2017-12-31": "-820.00000", "2016-12-31": "-430.00000", "2015-12-31": "-253.00000", "2014-12-31": "-334.00000", "2013-12-31": "", "2012-12-31": "", "2011-12-31": ""}, "Total Common And Preferred Stock Dividends Paid": {"2020-12-31": "", "2019-12-31": "-682.00000", "2018-12-31": "-485.00000", "2017-12-31": "-336.00000", "2016-12-31": "-255.00000", "2015-12-31": "-221.00000", "2014-12-31": "-806.00000", "2013-12-31": "-1185.00000", "2012-12-31": "-150.00000", "2011-12-31": ""}, "Financial Activities - Other": {"2020-12-31": "", "2019-12-31": "5717.00000", "2018-12-31": "4473.00000", "2017-12-31": "5265.00000", "2016-12-31": "7265.00000", "2015-12-31": "6832.00000", "2014-12-31": "3813.00000", "2013-12-31": "-2968.00000", "2012-12-31": "2584.00000", "2011-12-31": "733.00000"}, "Cash Flow From Financial Activities": {"2020-12-31": "", "2019-12-31": "1490.00000", "2018-12-31": "6352.00000", "2017-12-31": "1429.00000", "2016-12-31": "10455.00000", "2015-12-31": "4485.00000", "2014-12-31": "9403.00000", "2013-12-31": "-502.00000", "2012-12-31": "-3264.00000", "2011-12-31": "-1669.00000"}, "Net Cash Flow": {"2020-12-31": "", "2019-12-31": "-688.00000", "2018-12-31": "1042.00000", "2017-12-31": "-672.00000", "2016-12-31": "619.00000", "2015-12-31": "-191.00000", "2014-12-31": "519.00000", "2013-12-31": "-306.00000", "2012-12-31": "-631.00000", "2011-12-31": "-1224.00000"}, "Stock-Based Compensation": {"2020-12-31": "", "2019-12-31": "41.00000", "2018-12-31": "41.00000", "2017-12-31": "48.00000", "2016-12-31": "23.00000", "2015-12-31": "24.00000", "2014-12-31": "53.00000", "2013-12-31": "27.00000", "2012-12-31": "29.00000", "2011-12-31": ""}, "Common Stock Dividends Paid": {"2020-12-31": "", "2019-12-31": "-617.00000", "2018-12-31": "-471.00000", "2017-12-31": "-322.00000", "2016-12-31": "-241.00000", "2015-12-31": "-214.00000", "2014-12-31": "-806.00000", "2013-12-31": "-1185.00000", "2012-12-31": "-150.00000", "2011-12-31": ""}}, "cash flow statement, quarterly": {"Net Income/Loss": {"2020-12-31": -601, "2020-09-30": 314, "2020-06-30": 253, "2020-03-31": "34.00000", "2019-12-31": 450, "2019-09-30": 449, "2019-06-30": 453, "2019-03-31": "439.00000", "2018-12-31": 465, "2018-09-30": 443, "2018-06-30": 425, "2018-03-31": "388.00000", "2017-12-31": 666, "2017-09-30": 348, "2017-06-30": 318, "2017-03-31": "320.00000", "2016-12-31": 282, "2016-09-30": 297, "2016-06-30": 243, "2016-03-31": "223.00000", "2015-12-31": 221, "2015-09-30": 220, "2015-06-30": 190, "2015-03-31": "209.00000", "2014-12-31": 197, "2014-09-30": 189, "2014-06-30": 313, "2014-03-31": "166.00000", "2013-12-31": 152, "2013-09-30": 144, "2013-06-30": -4365, "2012-12-31": 137, "2011-12-31": 506}, "Total Depreciation And Amortization - Cash Flow": {"2020-12-31": -419, "2020-09-30": 103, "2020-06-30": 112, "2020-03-31": "204.00000", "2019-12-31": 193, "2019-09-30": 165, "2019-06-30": 141, "2019-03-31": "134.00000", "2018-12-31": 132, "2018-09-30": 114, "2018-06-30": 121, "2018-03-31": "122.00000", "2017-12-31": 116, "2017-09-30": 113, "2017-06-30": 134, "2017-03-31": "124.00000", "2016-12-31": 122, "2016-09-30": 132, "2016-06-30": 134, "2016-03-31": "127.00000", "2015-12-31": 125, "2015-09-30": 120, "2015-06-30": 126, "2015-03-31": "117.00000", "2014-12-31": 83, "2014-09-30": 129, "2014-06-30": 112, "2014-03-31": "108.00000", "2013-12-31": 116, "2013-09-30": 117, "2013-06-30": -320, "2012-12-31": -9, "2011-12-31": 573}, "Other Non-Cash Items": {"2020-12-31": -1271, "2020-09-30": 395, "2020-06-30": 389, "2020-03-31": "487.00000", "2019-12-31": 297, "2019-09-30": 78, "2019-06-30": 91, "2019-03-31": "90.00000", "2018-12-31": 60, "2018-09-30": 93, "2018-06-30": 128, "2018-03-31": "77.00000", "2017-12-31": -41, "2017-09-30": 59, "2017-06-30": -32, "2017-03-31": "146.00000", "2016-12-31": 98, "2016-09-30": 127, "2016-06-30": 184, "2016-03-31": "103.00000", "2015-12-31": 295, "2015-09-30": 72, "2015-06-30": 102, "2015-03-31": "42.00000", "2014-12-31": 177, "2014-09-30": 83, "2014-06-30": -237, "2014-03-31": "174.00000", "2013-12-31": -4557, "2013-09-30": 228, "2013-06-30": 4329, "2012-12-31": 0, "2011-12-31": 0}, "Total Non-Cash Items": {"2020-12-31": -1690, "2020-09-30": 498, "2020-06-30": 501, "2020-03-31": "691.00000", "2019-12-31": 490, "2019-09-30": 243, "2019-06-30": 232, "2019-03-31": "224.00000", "2018-12-31": 192, "2018-09-30": 207, "2018-06-30": 249, "2018-03-31": "199.00000", "2017-12-31": 75, "2017-09-30": 172, "2017-06-30": 102, "2017-03-31": "270.00000", "2016-12-31": 220, "2016-09-30": 259, "2016-06-30": 318, "2016-03-31": "230.00000", "2015-12-31": 420, "2015-09-30": 192, "2015-06-30": 228, "2015-03-31": "159.00000", "2014-12-31": 260, "2014-09-30": 212, "2014-06-30": -125, "2014-03-31": "282.00000", "2013-12-31": -4441, "2013-09-30": 345, "2013-06-30": 4009, "2012-12-31": -9, "2011-12-31": 573}, "Change In Accounts Receivable": {"2020-12-31": 655, "2020-09-30": 82, "2020-06-30": 123, "2020-03-31": "-860.00000", "2019-12-31": -61, "2019-09-30": -226, "2019-06-30": -587, "2019-03-31": "116.00000", "2018-12-31": 238, "2018-09-30": -105, "2018-06-30": -61, "2018-03-31": "41.00000", "2017-12-31": 20, "2017-09-30": 63, "2017-06-30": -10, "2017-03-31": "160.00000", "2016-12-31": -120, "2016-09-30": -16, "2016-06-30": -108, "2016-03-31": "-5.00000", "2015-12-31": 74, "2015-09-30": 15, "2015-06-30": -38, "2015-03-31": "-33.00000", "2014-12-31": 5, "2014-09-30": -46, "2014-06-30": -52, "2014-03-31": "45.00000", "2013-12-31": -339, "2013-09-30": 122, "2013-06-30": 217, "2012-12-31": 0, "2011-12-31": 0}, "Change In Inventories": {"2020-12-31": 0, "2020-09-30": 0, "2020-06-30": 0, "2020-03-31": "", "2019-12-31": 0, "2019-09-30": 0, "2019-06-30": 0, "2019-03-31": "", "2018-12-31": 0, "2018-09-30": 0, "2018-06-30": 0, "2018-03-31": "", "2017-12-31": 0, "2017-09-30": 0, "2017-06-30": 0, "2017-03-31": "", "2016-12-31": 0, "2016-09-30": 0, "2016-06-30": 0, "2016-03-31": "", "2015-12-31": 0, "2015-09-30": 0, "2015-06-30": 0, "2015-03-31": "", "2014-12-31": 0, "2014-09-30": 0, "2014-06-30": 0, "2014-03-31": "", "2013-12-31": 0, "2013-09-30": 0, "2013-06-30": 0, "2012-12-31": 0, "2011-12-31": 0}, "Change In Accounts Payable": {"2020-12-31": 0, "2020-09-30": 0, "2020-06-30": 0, "2020-03-31": "", "2019-12-31": 0, "2019-09-30": 0, "2019-06-30": 0, "2019-03-31": "", "2018-12-31": 0, "2018-09-30": 0, "2018-06-30": 0, "2018-03-31": "", "2017-12-31": 0, "2017-09-30": 0, "2017-06-30": 0, "2017-03-31": "", "2016-12-31": 0, "2016-09-30": 0, "2016-06-30": 0, "2016-03-31": "", "2015-12-31": 0, "2015-09-30": 0, "2015-06-30": 0, "2015-03-31": "", "2014-12-31": 0, "2014-09-30": 0, "2014-06-30": 0, "2014-03-31": "", "2013-12-31": 0, "2013-09-30": 0, "2013-06-30": 0, "2012-12-31": 0, "2011-12-31": 0}, "Change In Assets/Liabilities": {"2020-12-31": 2391, "2020-09-30": -236, "2020-06-30": -963, "2020-03-31": "-1192.00000", "2019-12-31": -152, "2019-09-30": -73, "2019-06-30": 7, "2019-03-31": "-307.00000", "2018-12-31": -335, "2018-09-30": -753, "2018-06-30": 98, "2018-03-31": "76.00000", "2017-12-31": -328, "2017-09-30": 330, "2017-06-30": -726, "2017-03-31": "103.00000", "2016-12-31": -90, "2016-09-30": -46, "2016-06-30": -123, "2016-03-31": "-74.00000", "2015-12-31": -317, "2015-09-30": -111, "2015-06-30": 37, "2015-03-31": "-237.00000", "2014-12-31": -279, "2014-09-30": -169, "2014-06-30": 185, "2014-03-31": "207.00000", "2013-12-31": 43, "2013-09-30": -370, "2013-06-30": 327, "2012-12-31": 0, "2011-12-31": 0}, "Total Change In Assets/Liabilities": {"2020-12-31": 3046, "2020-09-30": -154, "2020-06-30": -840, "2020-03-31": "-2052.00000", "2019-12-31": -213, "2019-09-30": -299, "2019-06-30": -580, "2019-03-31": "-191.00000", "2018-12-31": -97, "2018-09-30": -858, "2018-06-30": 37, "2018-03-31": "117.00000", "2017-12-31": -308, "2017-09-30": 393, "2017-06-30": -736, "2017-03-31": "263.00000", "2016-12-31": -210, "2016-09-30": -62, "2016-06-30": -231, "2016-03-31": "-79.00000", "2015-12-31": -243, "2015-09-30": -96, "2015-06-30": -1, "2015-03-31": "-270.00000", "2014-12-31": -274, "2014-09-30": -215, "2014-06-30": 133, "2014-03-31": "252.00000", "2013-12-31": 608, "2013-09-30": -248, "2013-06-30": 668, "2012-12-31": -501, "2011-12-31": 377}, "Cash Flow From Operating Activities": {"2020-12-31": 755, "2020-09-30": 658, "2020-06-30": -86, "2020-03-31": "-1327.00000", "2019-12-31": 727, "2019-09-30": 393, "2019-06-30": 105, "2019-03-31": "472.00000", "2018-12-31": 560, "2018-09-30": -208, "2018-06-30": 711, "2018-03-31": "704.00000", "2017-12-31": 433, "2017-09-30": 913, "2017-06-30": -316, "2017-03-31": "853.00000", "2016-12-31": 292, "2016-09-30": 494, "2016-06-30": 330, "2016-03-31": "374.00000", "2015-12-31": 398, "2015-09-30": 316, "2015-06-30": 417, "2015-03-31": "98.00000", "2014-12-31": 183, "2014-09-30": 186, "2014-06-30": 321, "2014-03-31": "700.00000", "2013-12-31": 1013, "2013-09-30": 241, "2013-06-30": -319, "2012-12-31": -765, "2011-12-31": 2479}, "Net Change In Property, Plant, And Equipment": {"2020-12-31": -1, "2020-09-30": 54, "2020-06-30": -37, "2020-03-31": "-16.00000", "2019-12-31": -48, "2019-09-30": -37, "2019-06-30": -25, "2019-03-31": "15.00000", "2018-12-31": -75, "2018-09-30": -63, "2018-06-30": -62, "2018-03-31": "-32.00000", "2017-12-31": -138, "2017-09-30": -51, "2017-06-30": -50, "2017-03-31": "-14.00000", "2016-12-31": -94, "2016-09-30": -22, "2016-06-30": -14, "2016-03-31": "-5.00000", "2015-12-31": -64, "2015-09-30": -14, "2015-06-30": -21, "2015-03-31": "-7.00000", "2014-12-31": -119, "2014-09-30": -11, "2014-06-30": -1, "2014-03-31": "-7.00000", "2013-12-31": -17, "2013-09-30": -36, "2013-06-30": 90, "2012-12-31": -71, "2011-12-31": -101}, "Net Change In Intangible Assets": {"2020-12-31": 0, "2020-09-30": 0, "2020-06-30": 0, "2020-03-31": "", "2019-12-31": -240, "2019-09-30": 0, "2019-06-30": 0, "2019-03-31": "", "2018-12-31": -62, "2018-09-30": -59, "2018-06-30": -75, "2018-03-31": "-57.00000", "2017-12-31": -49, "2017-09-30": -55, "2017-06-30": -44, "2017-03-31": "-39.00000", "2016-12-31": -39, "2016-09-30": -41, "2016-06-30": -40, "2016-03-31": "-45.00000", "2015-12-31": -36, "2015-09-30": -50, "2015-06-30": -45, "2015-03-31": "-47.00000", "2014-12-31": -54, "2014-09-30": -36, "2014-06-30": -40, "2014-03-31": "-40.00000", "2013-12-31": 129, "2013-09-30": -54, "2013-06-30": -75, "2012-12-31": 0, "2011-12-31": 0}, "Net Acquisitions/Divestitures": {"2020-12-31": 3, "2020-09-30": 0, "2020-06-30": 0, "2020-03-31": "-3.00000", "2019-12-31": 0, "2019-09-30": 0, "2019-06-30": 0, "2019-03-31": "-129.00000", "2018-12-31": 0, "2018-09-30": -533, "2018-06-30": 0, "2018-03-31": "", "2017-12-31": 0, "2017-09-30": 0, "2017-06-30": 0, "2017-03-31": "", "2016-12-31": 0, "2016-09-30": 0, "2016-06-30": 0, "2016-03-31": "", "2015-12-31": 0, "2015-09-30": 0, "2015-06-30": 0, "2015-03-31": "", "2014-12-31": 0, "2014-09-30": 0, "2014-06-30": 0, "2014-03-31": "", "2013-12-31": 0, "2013-09-30": 0, "2013-06-30": 309, "2012-12-31": -309, "2011-12-31": 0}, "Net Change In Short-term Investments": {"2020-12-31": 31, "2020-09-30": 147, "2020-06-30": -195, "2020-03-31": "17.00000", "2019-12-31": -139, "2019-09-30": 28, "2019-06-30": -19, "2019-03-31": "-19.00000", "2018-12-31": -6, "2018-09-30": -28, "2018-06-30": 28, "2018-03-31": "50.00000", "2017-12-31": 95, "2017-09-30": 146, "2017-06-30": -82, "2017-03-31": "88.00000", "2016-12-31": 281, "2016-09-30": 7, "2016-06-30": -193, "2016-03-31": "-178.00000", "2015-12-31": 7, "2015-09-30": -177, "2015-06-30": 429, "2015-03-31": "-245.00000", "2014-12-31": -78, "2014-09-30": 17, "2014-06-30": -10, "2014-03-31": "-66.00000", "2013-12-31": -990, "2013-09-30": -60, "2013-06-30": 1050, "2012-12-31": 0, "2011-12-31": 0}, "Net Change In Long-Term Investments": {"2020-12-31": 85, "2020-09-30": 156, "2020-06-30": 840, "2020-03-31": "-1081.00000", "2019-12-31": 993, "2019-09-30": 300, "2019-06-30": 44, "2019-03-31": "-238.00000", "2018-12-31": 307, "2018-09-30": 289, "2018-06-30": -166, "2018-03-31": "-46.00000", "2017-12-31": 127, "2017-09-30": -305, "2017-06-30": 463, "2017-03-31": "-398.00000", "2016-12-31": -413, "2016-09-30": -1314, "2016-06-30": -414, "2016-03-31": "320.00000", "2015-12-31": 99, "2015-09-30": 1767, "2015-06-30": -1195, "2015-03-31": "-250.00000", "2014-12-31": 321, "2014-09-30": 191, "2014-06-30": 173, "2014-03-31": "-3426.00000", "2013-12-31": 1785, "2013-09-30": -3888, "2013-06-30": 2103, "2012-12-31": 0, "2011-12-31": 0}, "Net Change In Investments - Total": {"2020-12-31": 116, "2020-09-30": 303, "2020-06-30": 645, "2020-03-31": "-1064.00000", "2019-12-31": 854, "2019-09-30": 328, "2019-06-30": 25, "2019-03-31": "-257.00000", "2018-12-31": 301, "2018-09-30": 261, "2018-06-30": -138, "2018-03-31": "4.00000", "2017-12-31": 222, "2017-09-30": -159, "2017-06-30": 381, "2017-03-31": "-310.00000", "2016-12-31": -132, "2016-09-30": -1307, "2016-06-30": -607, "2016-03-31": "142.00000", "2015-12-31": 106, "2015-09-30": 1590, "2015-06-30": -766, "2015-03-31": "-495.00000", "2014-12-31": 243, "2014-09-30": 208, "2014-06-30": 163, "2014-03-31": "-3492.00000", "2013-12-31": -934, "2013-09-30": -3948, "2013-06-30": 86, "2012-12-31": 5108, "2011-12-31": -2041}, "Investing Activities - Other": {"2020-12-31": 5381, "2020-09-30": 1743, "2020-06-30": 561, "2020-03-31": "-7685.00000", "2019-12-31": -2655, "2019-09-30": -789, "2019-06-30": 183, "2019-03-31": "-1100.00000", "2018-12-31": -2178, "2018-09-30": -1296, "2018-06-30": -1980, "2018-03-31": "-1033.00000", "2017-12-31": -95, "2017-09-30": -1774, "2017-06-30": -1029, "2017-03-31": "-780.00000", "2016-12-31": -2362, "2016-09-30": -1692, "2016-06-30": -2655, "2016-03-31": "-2413.00000", "2015-12-31": -1715, "2015-09-30": -752, "2015-06-30": -2398, "2015-03-31": "-1191.00000", "2014-12-31": -2937, "2014-09-30": -1958, "2014-06-30": -696, "2014-03-31": "-1497.00000", "2013-12-31": -1849, "2013-09-30": -678, "2013-06-30": 3605, "2012-12-31": -1775, "2011-12-31": 108}, "Cash Flow From Investing Activities": {"2020-12-31": 5499, "2020-09-30": 2100, "2020-06-30": 1169, "2020-03-31": "-8768.00000", "2019-12-31": -2089, "2019-09-30": -498, "2019-06-30": 183, "2019-03-31": "-1471.00000", "2018-12-31": -2014, "2018-09-30": -1690, "2018-06-30": -2255, "2018-03-31": "-1118.00000", "2017-12-31": -60, "2017-09-30": -2039, "2017-06-30": -742, "2017-03-31": "-1143.00000", "2016-12-31": -2627, "2016-09-30": -3062, "2016-06-30": -3316, "2016-03-31": "-2321.00000", "2015-12-31": -1709, "2015-09-30": 774, "2015-06-30": -3230, "2015-03-31": "-1740.00000", "2014-12-31": -2867, "2014-09-30": -1797, "2014-06-30": -574, "2014-03-31": "-5036.00000", "2013-12-31": -2671, "2013-09-30": -4716, "2013-06-30": 4015, "2012-12-31": 2953, "2011-12-31": -2034}, "Net Long-Term Debt": {"2020-12-31": 5015, "2020-09-30": -71, "2020-06-30": -7244, "2020-03-31": "2300.00000", "2019-12-31": 1249, "2019-09-30": 1249, "2019-06-30": -253, "2019-03-31": "-4252.00000", "2018-12-31": 496, "2018-09-30": 3254, "2018-06-30": 916, "2018-03-31": "3000.00000", "2017-12-31": 2005, "2017-09-30": 249, "2017-06-30": 1361, "2017-03-31": "-1003.00000", "2016-12-31": 3199, "2016-09-30": 152, "2016-06-30": 3243, "2016-03-31": "121.00000", "2015-12-31": 5742, "2015-09-30": 248, "2015-06-30": -3, "2015-03-31": "-3.00000", "2014-12-31": 2584, "2014-09-30": 331, "2014-06-30": 331, "2014-03-31": "-3.00000", "2013-12-31": -372, "2013-09-30": 333, "2013-06-30": 39, "2012-12-31": 0, "2011-12-31": 0}, "Net Current Debt": {"2020-12-31": 43, "2020-09-30": -25, "2020-06-30": -798, "2020-03-31": "780.00000", "2019-12-31": -804, "2019-09-30": -367, "2019-06-30": 761, "2019-03-31": "-638.00000", "2018-12-31": -1322, "2018-09-30": -703, "2018-06-30": -741, "2018-03-31": "-2104.00000", "2017-12-31": -2889, "2017-09-30": -476, "2017-06-30": -1422, "2017-03-31": "-505.00000", "2016-12-31": -1303, "2016-09-30": -82, "2016-06-30": -2037, "2016-03-31": "582.00000", "2015-12-31": -3722, "2015-09-30": -3392, "2015-06-30": -888, "2015-03-31": "145.00000", "2014-12-31": -1368, "2014-09-30": -2611, "2014-06-30": 3477, "2014-03-31": "3989.00000", "2013-12-31": 3618, "2013-09-30": 52, "2013-06-30": 2420, "2012-12-31": -3852, "2011-12-31": 702}, "Debt Issuance/Retirement Net - Total": {"2020-12-31": 5058, "2020-09-30": -96, "2020-06-30": -8042, "2020-03-31": "3080.00000", "2019-12-31": 445, "2019-09-30": 882, "2019-06-30": 508, "2019-03-31": "-4890.00000", "2018-12-31": -826, "2018-09-30": 2551, "2018-06-30": 175, "2018-03-31": "896.00000", "2017-12-31": -884, "2017-09-30": -227, "2017-06-30": -61, "2017-03-31": "-1508.00000", "2016-12-31": 1896, "2016-09-30": 70, "2016-06-30": 1206, "2016-03-31": "703.00000", "2015-12-31": 2020, "2015-09-30": -3144, "2015-06-30": -891, "2015-03-31": "142.00000", "2014-12-31": 1216, "2014-09-30": -2280, "2014-06-30": 3808, "2014-03-31": "3986.00000", "2013-12-31": 1017, "2013-09-30": 385, "2013-06-30": 1857, "2012-12-31": 556, "2011-12-31": -3104}, "Net Common Equity Issued/Repurchased": {"2020-12-31": 270, "2020-09-30": 0, "2020-06-30": 0, "2020-03-31": "-270.00000", "2019-12-31": -400, "2019-09-30": -500, "2019-06-30": -120, "2019-03-31": "-200.00000", "2018-12-31": -300, "2018-09-30": -400, "2018-06-30": -150, "2018-03-31": "-175.00000", "2017-12-31": -335, "2017-09-30": -225, "2017-06-30": -130, "2017-03-31": "-130.00000", "2016-12-31": -180, "2016-09-30": -250, "2016-06-30": 0, "2016-03-31": "", "2015-12-31": 0, "2015-09-30": -250, "2015-06-30": -250, "2015-03-31": "", "2014-12-31": -334, "2014-09-30": 0, "2014-06-30": 0, "2014-03-31": "", "2013-12-31": 0, "2013-09-30": 0, "2013-06-30": 0, "2012-12-31": 0, "2011-12-31": 0}, "Net Total Equity Issued/Repurchased": {"2020-12-31": -125, "2020-09-30": 0, "2020-06-30": 395, "2020-03-31": "-270.00000", "2019-12-31": 37, "2019-09-30": -500, "2019-06-30": -119, "2019-03-31": "92.00000", "2018-12-31": -3, "2018-09-30": -400, "2018-06-30": 146, "2018-03-31": "-175.00000", "2017-12-31": -335, "2017-09-30": -225, "2017-06-30": -130, "2017-03-31": "-130.00000", "2016-12-31": -180, "2016-09-30": -250, "2016-06-30": 0, "2016-03-31": "", "2015-12-31": 0, "2015-09-30": -250, "2015-06-30": -3, "2015-03-31": "", "2014-12-31": -334, "2014-09-30": 0, "2014-06-30": 0, "2014-03-31": "", "2013-12-31": 0, "2013-09-30": 0, "2013-06-30": 0, "2012-12-31": 0, "2011-12-31": 0}, "Total Common And Preferred Stock Dividends Paid": {"2020-12-31": 577, "2020-09-30": -196, "2020-06-30": -190, "2020-03-31": "-191.00000", "2019-12-31": -175, "2019-09-30": -180, "2019-06-30": -163, "2019-03-31": "-164.00000", "2018-12-31": -134, "2018-09-30": -129, "2018-06-30": -114, "2018-03-31": "-108.00000", "2017-12-31": -96, "2017-09-30": -90, "2017-06-30": -78, "2017-03-31": "-72.00000", "2016-12-31": -69, "2016-09-30": -62, "2016-06-30": -71, "2016-03-31": "-53.00000", "2015-12-31": -53, "2015-09-30": -60, "2015-06-30": -53, "2015-03-31": "-55.00000", "2014-12-31": -55, "2014-09-30": -383, "2014-06-30": -343, "2014-03-31": "-25.00000", "2013-12-31": -374, "2013-09-30": -383, "2013-06-30": -278, "2012-12-31": -150, "2011-12-31": 0}, "Financial Activities - Other": {"2020-12-31": -17594, "2020-09-30": -696, "2020-06-30": 10142, "2020-03-31": "8148.00000", "2019-12-31": 599, "2019-09-30": 710, "2019-06-30": 85, "2019-03-31": "4323.00000", "2018-12-31": 2500, "2018-09-30": 2, "2018-06-30": 1343, "2018-03-31": "628.00000", "2017-12-31": 1854, "2017-09-30": -379, "2017-06-30": 1501, "2017-03-31": "2289.00000", "2016-12-31": 1477, "2016-09-30": 2070, "2016-06-30": 3651, "2016-03-31": "67.00000", "2015-12-31": 673, "2015-09-30": 1251, "2015-06-30": 1625, "2015-03-31": "3283.00000", "2014-12-31": 2244, "2014-09-30": 1807, "2014-06-30": -708, "2014-03-31": "470.00000", "2013-12-31": -1750, "2013-09-30": 2569, "2013-06-30": -6371, "2012-12-31": 1851, "2011-12-31": 733}, "Cash Flow From Financial Activities": {"2020-12-31": -12084, "2020-09-30": -988, "2020-06-30": 2305, "2020-03-31": "10767.00000", "2019-12-31": 906, "2019-09-30": 912, "2019-06-30": 311, "2019-03-31": "-639.00000", "2018-12-31": 1537, "2018-09-30": 2024, "2018-06-30": 1550, "2018-03-31": "1241.00000", "2017-12-31": 539, "2017-09-30": -921, "2017-06-30": 1232, "2017-03-31": "579.00000", "2016-12-31": 3124, "2016-09-30": 1828, "2016-06-30": 4786, "2016-03-31": "717.00000", "2015-12-31": 2640, "2015-09-30": -2203, "2015-06-30": 678, "2015-03-31": "3370.00000", "2014-12-31": 3071, "2014-09-30": -856, "2014-06-30": 2757, "2014-03-31": "4431.00000", "2013-12-31": 1833, "2013-09-30": 2571, "2013-06-30": -1642, "2012-12-31": -1595, "2011-12-31": -1669}, "Net Cash Flow": {"2020-12-31": -5830, "2020-09-30": 1770, "2020-06-30": 3388, "2020-03-31": "672.00000", "2019-12-31": -456, "2019-09-30": 807, "2019-06-30": 599, "2019-03-31": "-1638.00000", "2018-12-31": 83, "2018-09-30": 126, "2018-06-30": 6, "2018-03-31": "827.00000", "2017-12-31": 912, "2017-09-30": -2047, "2017-06-30": 174, "2017-03-31": "289.00000", "2016-12-31": 789, "2016-09-30": -740, "2016-06-30": 1800, "2016-03-31": "-1230.00000", "2015-12-31": 1329, "2015-09-30": -1113, "2015-06-30": -2135, "2015-03-31": "1728.00000", "2014-12-31": 387, "2014-09-30": -2467, "2014-06-30": 2504, "2014-03-31": "95.00000", "2013-12-31": 175, "2013-09-30": -1904, "2013-06-30": 2054, "2012-12-31": 593, "2011-12-31": -1224}, "Stock-Based Compensation": {"2020-12-31": -34, "2020-09-30": 11, "2020-06-30": 2, "2020-03-31": "21.00000", "2019-12-31": -3, "2019-09-30": 12, "2019-06-30": 12, "2019-03-31": "20.00000", "2018-12-31": 1, "2018-09-30": 12, "2018-06-30": 10, "2018-03-31": "18.00000", "2017-12-31": 13, "2017-09-30": 8, "2017-06-30": 9, "2017-03-31": "18.00000", "2016-12-31": 8, "2016-09-30": 4, "2016-06-30": 7, "2016-03-31": "4.00000", "2015-12-31": 2, "2015-09-30": 7, "2015-06-30": 9, "2015-03-31": "6.00000", "2014-12-31": 24, "2014-09-30": 10, "2014-06-30": 0, "2014-03-31": "19.00000", "2013-12-31": -24, "2013-09-30": 24, "2013-06-30": 0, "2012-12-31": 0, "2011-12-31": 0}, "Common Stock Dividends Paid": {"2020-12-31": 504, "2020-09-30": -168, "2020-06-30": -168, "2020-03-31": "-168.00000", "2019-12-31": -158, "2019-09-30": -162, "2019-06-30": -148, "2019-03-31": "-149.00000", "2018-12-31": -127, "2018-09-30": -129, "2018-06-30": -107, "2018-03-31": "-108.00000", "2017-12-31": -89, "2017-09-30": -90, "2017-06-30": -71, "2017-03-31": "-72.00000", "2016-12-31": -62, "2016-09-30": -62, "2016-06-30": -64, "2016-03-31": "-53.00000", "2015-12-31": -53, "2015-09-30": -53, "2015-06-30": -53, "2015-03-31": "-55.00000", "2014-12-31": -55, "2014-09-30": -383, "2014-06-30": -343, "2014-03-31": "-25.00000", "2013-12-31": 811, "2013-09-30": -383, "2013-06-30": -428, "2012-12-31": 0, "2011-12-31": 0}}, "financial ratios": {"Current Ratio": {"2019-12-31": "", "2018-12-31": "", "2017-12-31": "", "2016-12-31": "", "2015-12-31": "", "2014-12-31": "", "2013-12-31": "", "2012-12-31": "", "2011-12-31": ""}, "Long-term Debt / Capital": {"2019-12-31": "0.38750", "2018-12-31": "0.43340", "2017-12-31": "0.36730", "2016-12-31": "0.39310", "2015-12-31": "0.33480", "2014-12-31": "0.19410", "2013-12-31": "0.06820", "2012-12-31": "0.02800", "2011-12-31": ""}, "Debt/Equity Ratio": {"2019-12-31": "0.64510", "2018-12-31": "0.82830", "2017-12-31": "0.71220", "2016-12-31": "0.86840", "2015-12-31": "0.67790", "2014-12-31": "0.78740", "2013-12-31": "0.44000", "2012-12-31": "0.19880", "2011-12-31": ""}, "Gross Margin": {"2019-12-31": "", "2018-12-31": "", "2017-12-31": "", "2016-12-31": "", "2015-12-31": "", "2014-12-31": "", "2013-12-31": "", "2012-12-31": "", "2011-12-31": ""}, "Operating Margin": {"2019-12-31": "", "2018-12-31": "", "2017-12-31": "", "2016-12-31": "", "2015-12-31": "", "2014-12-31": "", "2013-12-31": "", "2012-12-31": "", "2011-12-31": ""}, "EBIT Margin": {"2019-12-31": "", "2018-12-31": "", "2017-12-31": "", "2016-12-31": "", "2015-12-31": "", "2014-12-31": "", "2013-12-31": "", "2012-12-31": "", "2011-12-31": ""}, "EBITDA Margin": {"2019-12-31": "", "2018-12-31": "", "2017-12-31": "", "2016-12-31": "", "2015-12-31": "", "2014-12-31": "", "2013-12-31": "", "2012-12-31": "", "2011-12-31": ""}, "Pre-Tax Profit Margin": {"2019-12-31": "36.91370", "2018-12-31": "37.62500", "2017-12-31": "35.49940", "2016-12-31": "31.39580", "2015-12-31": "27.93010", "2014-12-31": "27.21030", "2013-12-31": "-82.35570", "2012-12-31": "22.85200", "2011-12-31": "18.75150"}, "Net Profit Margin": {"2019-12-31": "28.17320", "2018-12-31": "29.16240", "2017-12-31": "30.41220", "2016-12-31": "21.10110", "2015-12-31": "18.42110", "2014-12-31": "18.56220", "2013-12-31": "-81.35840", "2012-12-31": "14.34950", "2011-12-31": "12.19570"}, "Asset Turnover": {"2019-12-31": "0.03680", "2018-12-31": "0.03610", "2017-12-31": "0.03540", "2016-12-31": "0.03270", "2015-12-31": "0.03270", "2014-12-31": "0.03510", "2013-12-31": "0.03450", "2012-12-31": "0.03530", "2011-12-31": ""}, "Inventory Turnover Ratio": {"2019-12-31": "", "2018-12-31": "", "2017-12-31": "", "2016-12-31": "", "2015-12-31": "", "2014-12-31": "", "2013-12-31": "", "2012-12-31": "", "2011-12-31": ""}, "Receiveable Turnover": {"2019-12-31": "", "2018-12-31": "", "2017-12-31": "", "2016-12-31": "", "2015-12-31": "", "2014-12-31": "", "2013-12-31": "", "2012-12-31": "", "2011-12-31": ""}, "Days Sales In Receivables": {"2019-12-31": "", "2018-12-31": "", "2017-12-31": "", "2016-12-31": "", "2015-12-31": "", "2014-12-31": "", "2013-12-31": "", "2012-12-31": "", "2011-12-31": ""}, "ROE - Return On Equity": {"2019-12-31": "8.68110", "2018-12-31": "8.61490", "2017-12-31": "8.25050", "2016-12-31": "5.35900", "2015-12-31": "4.33010", "2014-12-31": "4.48930", "2013-12-31": "-17.84750", "2012-12-31": "2.66480", "2011-12-31": ""}, "Return On Tangible Equity": {"2019-12-31": "11.81630", "2018-12-31": "12.38660", "2017-12-31": "12.34400", "2016-12-31": "8.11900", "2015-12-31": "6.57790", "2014-12-31": "6.98030", "2013-12-31": "-27.80840", "2012-12-31": "5.01640", "2011-12-31": ""}, "ROA - Return On Assets": {"2019-12-31": "1.08070", "2018-12-31": "1.07220", "2017-12-31": "1.08440", "2016-12-31": "0.69890", "2015-12-31": "0.60780", "2014-12-31": "0.65110", "2013-12-31": "-2.80470", "2012-12-31": "0.50610", "2011-12-31": ""}, "ROI - Return On Investment": {"2019-12-31": "4.94100", "2018-12-31": "4.68400", "2017-12-31": "5.15690", "2016-12-31": "3.21170", "2015-12-31": "2.84440", "2014-12-31": "3.61770", "2013-12-31": "-16.63030", "2012-12-31": "2.59030", "2011-12-31": ""}, "Book Value Per Share": {"2019-12-31": "51.25820", "2018-12-31": "44.67090", "2017-12-31": "41.29880", "2016-12-31": "38.57180", "2015-12-31": "37.22430", "2014-12-31": "35.29690", "2013-12-31": "34.27870", "2012-12-31": "43.08770", "2011-12-31": ""}, "Operating Cash Flow Per Share": {"2019-12-31": 0.0831, "2018-12-31": -0.0605, "2017-12-31": 0.8945, "2016-12-31": 0.5605, "2015-12-31": -0.2089, "2014-12-31": -2.2381, "2013-12-31": 1.6697, "2012-12-31": -1.3661, "2011-12-31": 4.4268}, "Free Cash Flow Per Share": {"2019-12-31": 0.3554, "2018-12-31": -0.0412, "2017-12-31": 0.65, "2016-12-31": 0.4997, "2015-12-31": -0.1583, "2014-12-31": -2.2445, "2013-12-31": 1.7357, "2012-12-31": -1.4928, "2011-12-31": 4.2464}}, "financial ratios, quarterly": {"Current Ratio": {"2020-09-30": "", "2020-06-30": "", "2020-03-31": "", "2019-12-31": "", "2019-09-30": "", "2019-06-30": "", "2019-03-31": "", "2018-12-31": "", "2018-09-30": "", "2018-06-30": "", "2018-03-31": "", "2017-12-31": "", "2017-09-30": "", "2017-06-30": "", "2017-03-31": "", "2016-12-31": "", "2016-09-30": "", "2016-06-30": "", "2016-03-31": "", "2015-12-31": "", "2015-09-30": "", "2015-06-30": "", "2015-03-31": "", "2014-12-31": "", "2014-09-30": "", "2014-06-30": "", "2014-03-31": "", "2013-12-31": "", "2013-09-30": "", "2013-06-30": "", "2012-12-31": "", "2011-12-31": ""}, "Long-term Debt / Capital": {"2020-09-30": "0.28850", "2020-06-30": "0.29100", "2020-03-31": "0.42820", "2019-12-31": "0.38750", "2019-09-30": "0.36950", "2019-06-30": "0.34390", "2019-03-31": "0.35260", "2018-12-31": "0.43340", "2018-09-30": "0.43540", "2018-06-30": "0.39990", "2018-03-31": "0.40200", "2017-12-31": "0.36730", "2017-09-30": "0.39990", "2017-06-30": "0.39600", "2017-03-31": "0.37250", "2016-12-31": "0.39310", "2016-09-30": "0.37100", "2016-06-30": "0.36860", "2016-03-31": "0.33450", "2015-12-31": "0.33480", "2015-09-30": "0.17480", "2015-06-30": "0.16570", "2015-03-31": "0.16640", "2014-12-31": "0.19410", "2014-09-30": "0.09620", "2014-06-30": "0.08120", "2014-03-31": "", "2013-12-31": "", "2013-09-30": "", "2013-06-30": "", "2012-12-31": "", "2011-12-31": ""}, "Debt/Equity Ratio": {"2020-09-30": "0.41660", "2020-06-30": "0.42180", "2020-03-31": "0.79710", "2019-12-31": "0.64510", "2019-09-30": "0.63530", "2019-06-30": "0.58950", "2019-03-31": "0.57610", "2018-12-31": "0.82830", "2018-09-30": "0.88870", "2018-06-30": "0.75570", "2018-03-31": "0.76250", "2017-12-31": "0.71220", "2017-09-30": "0.76370", "2017-06-30": "0.77690", "2017-03-31": "0.78780", "2016-12-31": "0.86840", "2016-09-30": "0.75880", "2016-06-30": "0.75630", "2016-03-31": "0.70370", "2015-12-31": "0.67790", "2015-09-30": "0.57690", "2015-06-30": "0.73710", "2015-03-31": "0.78350", "2014-12-31": "0.78740", "2014-09-30": "0.72030", "2014-06-30": "0.82870", "2014-03-31": "", "2013-12-31": "", "2013-09-30": "", "2013-06-30": "", "2012-12-31": "", "2011-12-31": ""}, "Gross Margin": {"2020-09-30": "", "2020-06-30": "", "2020-03-31": "", "2019-12-31": "", "2019-09-30": "", "2019-06-30": "", "2019-03-31": "", "2018-12-31": "", "2018-09-30": "", "2018-06-30": "", "2018-03-31": "", "2017-12-31": "", "2017-09-30": "", "2017-06-30": "", "2017-03-31": "", "2016-12-31": "", "2016-09-30": "", "2016-06-30": "", "2016-03-31": "", "2015-12-31": "", "2015-09-30": "", "2015-06-30": "", "2015-03-31": "", "2014-12-31": "", "2014-09-30": "", "2014-06-30": "", "2014-03-31": "", "2013-12-31": "", "2013-09-30": "", "2013-06-30": "", "2012-12-31": "", "2011-12-31": ""}, "Operating Margin": {"2020-09-30": "", "2020-06-30": "", "2020-03-31": "", "2019-12-31": "", "2019-09-30": "", "2019-06-30": "", "2019-03-31": "", "2018-12-31": "", "2018-09-30": "", "2018-06-30": "", "2018-03-31": "", "2017-12-31": "", "2017-09-30": "", "2017-06-30": "", "2017-03-31": "", "2016-12-31": "", "2016-09-30": "", "2016-06-30": "", "2016-03-31": "", "2015-12-31": "", "2015-09-30": "", "2015-06-30": "", "2015-03-31": "", "2014-12-31": "", "2014-09-30": "", "2014-06-30": "", "2014-03-31": "", "2013-12-31": "", "2013-09-30": "", "2013-06-30": "", "2012-12-31": "", "2011-12-31": ""}, "EBIT Margin": {"2020-09-30": "", "2020-06-30": "", "2020-03-31": "", "2019-12-31": "", "2019-09-30": "", "2019-06-30": "", "2019-03-31": "", "2018-12-31": "", "2018-09-30": "", "2018-06-30": "", "2018-03-31": "", "2017-12-31": "", "2017-09-30": "", "2017-06-30": "", "2017-03-31": "", "2016-12-31": "", "2016-09-30": "", "2016-06-30": "", "2016-03-31": "", "2015-12-31": "", "2015-09-30": "", "2015-06-30": "", "2015-03-31": "", "2014-12-31": "", "2014-09-30": "", "2014-06-30": "", "2014-03-31": "", "2013-12-31": "", "2013-09-30": "", "2013-06-30": "", "2012-12-31": "", "2011-12-31": ""}, "EBITDA Margin": {"2020-09-30": "", "2020-06-30": "", "2020-03-31": "", "2019-12-31": "", "2019-09-30": "", "2019-06-30": "", "2019-03-31": "", "2018-12-31": "", "2018-09-30": "", "2018-06-30": "", "2018-03-31": "", "2017-12-31": "", "2017-09-30": "", "2017-06-30": "", "2017-03-31": "", "2016-12-31": "", "2016-09-30": "", "2016-06-30": "", "2016-03-31": "", "2015-12-31": "", "2015-09-30": "", "2015-06-30": "", "2015-03-31": "", "2014-12-31": "", "2014-09-30": "", "2014-06-30": "", "2014-03-31": "", "2013-12-31": "", "2013-09-30": "", "2013-06-30": "", "2012-12-31": "", "2011-12-31": ""}, "Pre-Tax Profit Margin": {"2020-09-30": "27.51280", "2020-06-30": "23.87250", "2020-03-31": "4.25730", "2019-12-31": "35.42890", "2019-09-30": "36.69490", "2019-06-30": "37.88370", "2019-03-31": "37.65800", "2018-12-31": "36.93630", "2018-09-30": "38.76180", "2018-06-30": "38.55340", "2018-03-31": "36.19940", "2017-12-31": "35.90290", "2017-09-30": "37.41790", "2017-06-30": "34.84160", "2017-03-31": "33.69570", "2016-12-31": "32.83110", "2016-09-30": "32.99850", "2016-06-30": "30.38720", "2016-03-31": "29.04640", "2015-12-31": "29.00960", "2015-09-30": "29.56750", "2015-06-30": "25.11130", "2015-03-31": "28.00000", "2014-12-31": "25.56460", "2014-09-30": "25.27680", "2014-06-30": "33.42700", "2014-03-31": "22.48800", "2013-12-31": "", "2013-09-30": "21.82540", "2013-06-30": "", "2012-12-31": "", "2011-12-31": ""}, "Net Profit Margin": {"2020-09-30": "21.20320", "2020-06-30": "17.49610", "2020-03-31": "1.13530", "2019-12-31": "27.96330", "2019-09-30": "28.10670", "2019-06-30": "28.41280", "2019-03-31": "28.21030", "2018-12-31": "29.84090", "2018-09-30": "29.34050", "2018-06-30": "29.84550", "2018-03-31": "27.52890", "2017-12-31": "47.53750", "2017-09-30": "24.87240", "2017-06-30": "23.98190", "2017-03-31": "24.30120", "2016-12-31": "22.36320", "2016-09-30": "22.41110", "2016-06-30": "20.45460", "2016-03-31": "18.89760", "2015-12-31": "19.36900", "2015-09-30": "18.79970", "2015-06-30": "16.91900", "2015-03-31": "18.57780", "2014-12-31": "17.79590", "2014-09-30": "17.43540", "2014-06-30": "21.98030", "2014-03-31": "15.88520", "2013-12-31": "", "2013-09-30": "14.28570", "2013-06-30": "", "2012-12-31": "", "2011-12-31": ""}, "Asset Turnover": {"2020-09-30": "0.00760", "2020-06-30": "0.00710", "2020-03-31": "0.00600", "2019-12-31": "0.00920", "2019-09-30": "0.00940", "2019-06-30": "0.00940", "2019-03-31": "0.00930", "2018-12-31": "0.00940", "2018-09-30": "0.00940", "2018-06-30": "0.00920", "2018-03-31": "0.00900", "2017-12-31": "0.00920", "2017-09-30": "0.00910", "2017-06-30": "0.00880", "2017-03-31": "0.00860", "2016-12-31": "0.00840", "2016-09-30": "0.00880", "2016-06-30": "0.00820", "2016-03-31": "0.00820", "2015-12-31": "0.00830", "2015-09-30": "0.00840", "2015-06-30": "0.00820", "2015-03-31": "0.00820", "2014-12-31": "0.00830", "2014-09-30": "0.00830", "2014-06-30": "0.01090", "2014-03-31": "", "2013-12-31": "", "2013-09-30": "", "2013-06-30": "", "2012-12-31": "", "2011-12-31": ""}, "Inventory Turnover Ratio": {"2020-09-30": "", "2020-06-30": "", "2020-03-31": "", "2019-12-31": "", "2019-09-30": "", "2019-06-30": "", "2019-03-31": "", "2018-12-31": "", "2018-09-30": "", "2018-06-30": "", "2018-03-31": "", "2017-12-31": "", "2017-09-30": "", "2017-06-30": "", "2017-03-31": "", "2016-12-31": "", "2016-09-30": "", "2016-06-30": "", "2016-03-31": "", "2015-12-31": "", "2015-09-30": "", "2015-06-30": "", "2015-03-31": "", "2014-12-31": "", "2014-09-30": "", "2014-06-30": "", "2014-03-31": "", "2013-12-31": "", "2013-09-30": "", "2013-06-30": "", "2012-12-31": "", "2011-12-31": ""}, "Receiveable Turnover": {"2020-09-30": "", "2020-06-30": "", "2020-03-31": "", "2019-12-31": "", "2019-09-30": "", "2019-06-30": "", "2019-03-31": "", "2018-12-31": "", "2018-09-30": "", "2018-06-30": "", "2018-03-31": "", "2017-12-31": "", "2017-09-30": "", "2017-06-30": "", "2017-03-31": "", "2016-12-31": "", "2016-09-30": "", "2016-06-30": "", "2016-03-31": "", "2015-12-31": "", "2015-09-30": "", "2015-06-30": "", "2015-03-31": "", "2014-12-31": "", "2014-09-30": "", "2014-06-30": "", "2014-03-31": "", "2013-12-31": "", "2013-09-30": "", "2013-06-30": "", "2012-12-31": "", "2011-12-31": ""}, "Days Sales In Receivables": {"2020-09-30": "", "2020-06-30": "", "2020-03-31": "", "2019-12-31": "", "2019-09-30": "", "2019-06-30": "", "2019-03-31": "", "2018-12-31": "", "2018-09-30": "", "2018-06-30": "", "2018-03-31": "", "2017-12-31": "", "2017-09-30": "", "2017-06-30": "", "2017-03-31": "", "2016-12-31": "", "2016-09-30": "", "2016-06-30": "", "2016-03-31": "", "2015-12-31": "", "2015-09-30": "", "2015-06-30": "", "2015-03-31": "", "2014-12-31": "", "2014-09-30": "", "2014-06-30": "", "2014-03-31": "", "2013-12-31": "", "2013-09-30": "", "2013-06-30": "", "2012-12-31": "", "2011-12-31": ""}, "ROE - Return On Equity": {"2020-09-30": "1.53140", "2020-06-30": "1.23700", "2020-03-31": "0.16680", "2019-12-31": "2.18120", "2019-09-30": "2.16720", "2019-06-30": "2.16910", "2019-03-31": "2.15210", "2018-12-31": "2.32770", "2018-09-30": "2.24500", "2018-06-30": "2.13310", "2018-03-31": "1.95840", "2017-12-31": "3.32620", "2017-09-30": "1.75210", "2017-06-30": "1.60470", "2017-03-31": "1.63270", "2016-12-31": "1.44620", "2016-09-30": "1.48990", "2016-06-30": "1.21630", "2016-03-31": "1.13090", "2015-12-31": "1.13920", "2015-09-30": "1.13680", "2015-06-30": "0.98250", "2015-03-31": "1.06830", "2014-12-31": "1.02240", "2014-09-30": "0.97510", "2014-06-30": "1.59720", "2014-03-31": "", "2013-12-31": "", "2013-09-30": "", "2013-06-30": "", "2012-12-31": "", "2011-12-31": ""}, "Return On Tangible Equity": {"2020-09-30": "2.03640", "2020-06-30": "1.64630", "2020-03-31": "0.22820", "2019-12-31": "2.96890", "2019-09-30": "3.03240", "2019-06-30": "3.02460", "2019-03-31": "3.02950", "2018-12-31": "3.34680", "2018-09-30": "3.32330", "2018-06-30": "3.12960", "2018-03-31": "2.94560", "2017-12-31": "4.97650", "2017-09-30": "2.63200", "2017-06-30": "2.41330", "2017-03-31": "2.46700", "2016-12-31": "2.19100", "2016-09-30": "2.23220", "2016-06-30": "1.82020", "2016-03-31": "1.70370", "2015-12-31": "1.73060", "2015-09-30": "1.72900", "2015-06-30": "1.49490", "2015-03-31": "1.64720", "2014-12-31": "1.58970", "2014-09-30": "1.51120", "2014-06-30": "2.46050", "2014-03-31": "", "2013-12-31": "", "2013-09-30": "", "2013-06-30": "", "2012-12-31": "", "2011-12-31": ""}, "ROA - Return On Assets": {"2020-09-30": "0.17520", "2020-06-30": "0.14070", "2020-03-31": "0.01920", "2019-12-31": "0.27150", "2019-09-30": "0.27320", "2019-06-30": "0.27830", "2019-03-31": "0.27210", "2018-12-31": "0.28970", "2018-09-30": "0.27930", "2018-06-30": "0.27340", "2018-03-31": "0.25280", "2017-12-31": "0.43720", "2017-09-30": "0.22990", "2017-06-30": "0.21000", "2017-03-31": "0.21290", "2016-12-31": "0.18860", "2016-09-30": "0.20200", "2016-06-30": "0.16740", "2016-03-31": "0.15920", "2015-12-31": "0.15990", "2015-09-30": "0.16240", "2015-06-30": "0.13840", "2015-03-31": "0.15310", "2014-12-31": "0.14830", "2014-09-30": "0.14390", "2014-06-30": "0.24030", "2014-03-31": "", "2013-12-31": "", "2013-09-30": "", "2013-06-30": "", "2012-12-31": "", "2011-12-31": ""}, "ROI - Return On Investment": {"2020-09-30": "0.99440", "2020-06-30": "0.80010", "2020-03-31": "0.08860", "2019-12-31": "1.24140", "2019-09-30": "1.29560", "2019-06-30": "1.35000", "2019-03-31": "1.32010", "2018-12-31": "1.26560", "2018-09-30": "1.23350", "2018-06-30": "1.24600", "2018-03-31": "1.15670", "2017-12-31": "2.07900", "2017-09-30": "1.03850", "2017-06-30": "0.95730", "2017-03-31": "1.01180", "2016-12-31": "0.86670", "2016-09-30": "0.92570", "2016-06-30": "0.75850", "2016-03-31": "0.74330", "2015-12-31": "0.74830", "2015-09-30": "0.92620", "2015-06-30": "0.80930", "2015-03-31": "0.89060", "2014-12-31": "0.82390", "2014-09-30": "0.88130", "2014-06-30": "1.46750", "2014-03-31": "", "2013-12-31": "", "2013-09-30": "", "2013-06-30": "", "2012-12-31": "", "2011-12-31": ""}, "Book Value Per Share": {"2020-09-30": "52.61160", "2020-06-30": "52.52270", "2020-03-31": "51.45490", "2019-12-31": "51.25820", "2019-09-30": "49.22360", "2019-06-30": "48.08210", "2019-03-31": "46.69310", "2018-12-31": "44.67090", "2018-09-30": "42.76550", "2018-06-30": "42.28240", "2018-03-31": "41.14240", "2017-12-31": "41.29880", "2017-09-30": "40.25790", "2017-06-30": "39.66160", "2017-03-31": "38.95270", "2016-12-31": "38.57180", "2016-09-30": "38.94830", "2016-06-30": "38.22750", "2016-03-31": "37.74570", "2015-12-31": "37.22430", "2015-09-30": "37.14680", "2015-06-30": "36.46280", "2015-03-31": "35.73390", "2014-12-31": "35.29690", "2014-09-30": "34.61260", "2014-06-30": "34.99480", "2014-03-31": "", "2013-12-31": "", "2013-09-30": "", "2013-06-30": "", "2012-12-31": "", "2011-12-31": ""}, "Operating Cash Flow Per Share": {"2020-09-30": 1.5406, "2020-06-30": -0.2143, "2020-03-31": "-3.09040", "2019-12-31": 1.5916, "2019-09-30": 0.9132, "2019-06-30": 0.2357, "2019-03-31": "1.02050", "2018-12-31": 1.1507, "2018-09-30": -0.3835, "2018-06-30": 1.4718, "2018-03-31": "1.43890", "2017-12-31": 0.8509, "2017-09-30": 1.8292, "2017-06-30": -0.6098, "2017-03-31": "1.66810", "2016-12-31": 0.545, "2016-09-30": 0.9715, "2016-06-30": 0.6223, "2016-03-31": "0.70510", "2015-12-31": 0.7255, "2015-09-30": 0.604, "2015-06-30": 0.7757, "2015-03-31": "0.17820", "2014-12-31": 0.3379, "2014-09-30": 0.3312, "2014-06-30": 0.5732, "2014-03-31": "1.25000", "2013-12-31": -2.9214, "2013-09-30": 2.9214, "2013-06-30": 0, "2012-12-31": 0, "2011-12-31": 0}, "Free Cash Flow Per Share": {"2020-09-30": 1.667, "2020-06-30": -0.301, "2020-03-31": "-3.12770", "2019-12-31": 1.4861, "2019-09-30": 0.8298, "2019-06-30": 0.1816, "2019-03-31": "1.05290", "2018-12-31": 0.9965, "2018-09-30": -0.5188, "2018-06-30": 1.3438, "2018-03-31": "1.37350", "2017-12-31": 0.5777, "2017-09-30": 1.7263, "2017-06-30": -0.7086, "2017-03-31": "1.64080", "2016-12-31": 0.366, "2016-09-30": 0.9286, "2016-06-30": 0.596, "2016-03-31": "0.69560", "2015-12-31": 0.6073, "2015-09-30": 0.5772, "2015-06-30": 0.7365, "2015-03-31": "0.16550", "2014-12-31": 0.1243, "2014-09-30": 0.3116, "2014-06-30": 0.5714, "2014-03-31": "1.23750", "2013-12-31": -2.7107, "2013-09-30": 2.7107, "2013-06-30": 0, "2012-12-31": 0, "2011-12-31": 0}}, "revenue": {"Citizens Financial Annual Revenue (Millions of US $)": {"2020": "$7,676", "2019": "$8,066", "2018": "$7,354", "2017": "$6,454", "2016": "$5,763", "2015": "$5,276", "2014": "$5,342", "2013": "$5,133", "2012": "$5,513", "2011": "$5,915"}, "Citizens Financial Quarterly Revenue (Millions of US $)": {"2020-12-31": "$1,827", "2020-09-30": "$1,934", "2020-06-30": "$1,940", "2020-03-31": "$1,975", "2019-12-31": "$1,995", "2019-09-30": "$2,031", "2019-06-30": "$2,042", "2019-03-31": "$1,998", "2018-12-31": "$1,963", "2018-09-30": "$1,893", "2018-06-30": "$1,799", "2018-03-31": "$1,699", "2017-12-31": "$1,695", "2017-09-30": "$1,645", "2017-06-30": "$1,575", "2017-03-31": "$1,539", "2016-12-31": "$1,499", "2016-09-30": "$1,514", "2016-06-30": "$1,401", "2016-03-31": "$1,349", "2015-12-31": "$1,348", "2015-09-30": "$1,327", "2015-06-30": "$1,312", "2015-03-31": "$1,289", "2014-12-31": "$1,280", "2014-09-30": "$1,254", "2014-06-30": "$1,557", "2014-03-31": "$1,251", "2013-12-31": "", "2013-09-30": "$1,256", "2013-06-30": "", "2012-12-31": "", "2011-12-31": ""}}, "gross-profit": {"Citizens Financial Annual Gross Profit (Millions of US $)": {"2020": "$6,905", "2019": "$6,491", "2018": "$6,128", "2017": "$5,707", "2016": "$5,255", "2015": "$4,824", "2014": "$4,979", "2013": "$4,690", "2012": "$4,894", "2011": "$5,031"}, "Citizens Financial Quarterly Gross Profit (Millions of US $)": {"2020-12-31": "$1,707", "2020-09-30": "$1,791", "2020-06-30": "$1,750", "2020-03-31": "$1,657", "2019-12-31": "$1,637", "2019-09-30": "$1,638", "2019-06-30": "$1,628", "2019-03-31": "$1,588", "2018-12-31": "$1,593", "2018-09-30": "$1,564", "2018-06-30": "$1,509", "2018-03-31": "$1,462", "2017-12-31": "$1,484", "2017-09-30": "$1,443", "2017-06-30": "$1,396", "2017-03-31": "$1,384", "2016-12-31": "$1,363", "2016-09-30": "$1,380", "2016-06-30": "$1,278", "2016-03-31": "$1,234", "2015-12-31": "$1,232", "2015-09-30": "$1,209", "2015-06-30": "$1,200", "2015-03-31": "$1,183", "2014-12-31": "$1,179", "2014-09-30": "$1,161", "2014-06-30": "$1,473", "2014-03-31": "$1,166", "2013-12-31": "", "2013-09-30": "$1,153", "2013-06-30": "", "2012-12-31": "", "2011-12-31": ""}}, "operating-income": {"Citizens Financial Annual Operating Income (Millions of US $)": {"2020": "$1,298", "2019": "$2,251", "2018": "$2,183", "2017": "$1,912", "2016": "$1,534", "2015": "$1,263", "2014": "$1,268", "2013": "$-3,468", "2012": "$1,024", "2011": "$778"}, "Citizens Financial Quarterly Operating Income (Millions of US $)": {"2020-12-31": "$571", "2020-09-30": "$375", "2020-06-30": "$307", "2020-03-31": "$45", "2019-12-31": "$541", "2019-09-30": "$564", "2019-06-30": "$580", "2019-03-31": "$566", "2018-12-31": "$557", "2018-09-30": "$576", "2018-06-30": "$549", "2018-03-31": "$501", "2017-12-31": "$369", "2017-09-30": "$513", "2017-06-30": "$462", "2017-03-31": "$434", "2016-12-31": "$414", "2016-09-30": "$427", "2016-06-30": "$361", "2016-03-31": "$332", "2015-12-31": "$331", "2015-09-30": "$335", "2015-06-30": "$282", "2015-03-31": "$315", "2014-12-31": "$283", "2014-09-30": "$274", "2014-06-30": "$476", "2014-03-31": "$235", "2013-12-31": "", "2013-09-30": "$220", "2013-06-30": "", "2012-12-31": "", "2011-12-31": ""}}, "ebitda": {"Citizens Financial Annual EBITDA (Millions of US $)": {"2019": "$", "2018": "$", "2017": "$", "2016": "$", "2015": "$", "2014": "$", "2013": "$", "2012": "$", "2011": "$"}, "Citizens Financial Quarterly EBITDA (Millions of US $)": {"2020-09-30": "", "2020-06-30": "", "2020-03-31": "", "2019-12-31": "", "2019-09-30": "", "2019-06-30": "", "2019-03-31": "", "2018-12-31": "", "2018-09-30": "", "2018-06-30": "", "2018-03-31": "", "2017-12-31": "", "2017-09-30": "", "2017-06-30": "", "2017-03-31": "", "2016-12-31": "", "2016-09-30": "", "2016-06-30": "", "2016-03-31": "", "2015-12-31": "", "2015-09-30": "", "2015-06-30": "", "2015-03-31": "", "2014-12-31": "", "2014-09-30": "", "2014-06-30": "", "2014-03-31": "", "2013-12-31": "", "2013-09-30": "", "2013-06-30": "", "2012-12-31": "", "2011-12-31": ""}}, "net-income": {"Citizens Financial Annual Net Income (Millions of US $)": {"2020": "$950", "2019": "$1,718", "2018": "$1,692", "2017": "$1,638", "2016": "$1,031", "2015": "$833", "2014": "$865", "2013": "$-3,426", "2012": "$643", "2011": "$506"}, "Citizens Financial Quarterly Net Income (Millions of US $)": {"2020-12-31": "$424", "2020-09-30": "$289", "2020-06-30": "$225", "2020-03-31": "$12", "2019-12-31": "$427", "2019-09-30": "$432", "2019-06-30": "$435", "2019-03-31": "$424", "2018-12-31": "$450", "2018-09-30": "$436", "2018-06-30": "$425", "2018-03-31": "$381", "2017-12-31": "$666", "2017-09-30": "$341", "2017-06-30": "$318", "2017-03-31": "$313", "2016-12-31": "$282", "2016-09-30": "$290", "2016-06-30": "$243", "2016-03-31": "$216", "2015-12-31": "$221", "2015-09-30": "$213", "2015-06-30": "$190", "2015-03-31": "$209", "2014-12-31": "$197", "2014-09-30": "$189", "2014-06-30": "$313", "2014-03-31": "$166", "2013-12-31": "", "2013-09-30": "$144", "2013-06-30": "", "2012-12-31": "", "2011-12-31": ""}}, "eps-earnings-per-share-diluted": {"Citizens Financial Annual EPS": {"2020": "$2.22", "2019": "$3.81", "2018": "$3.52", "2017": "$3.25", "2016": "$1.97", "2015": "$1.55", "2014": "$1.55", "2013": "$-6.12", "2012": "$1.15", "2011": "$0.90"}, "Citizens Financial Quarterly EPS": {"2020-12-31": "$0.99", "2020-09-30": "$0.68", "2020-06-30": "$0.53", "2020-03-31": "$0.03", "2019-12-31": "$0.97", "2019-09-30": "$0.97", "2019-06-30": "$0.95", "2019-03-31": "$0.92", "2018-12-31": "$0.95", "2018-09-30": "$0.91", "2018-06-30": "$0.88", "2018-03-31": "$0.78", "2017-12-31": "$1.33", "2017-09-30": "$0.68", "2017-06-30": "$0.63", "2017-03-31": "$0.61", "2016-12-31": "$0.54", "2016-09-30": "$0.56", "2016-06-30": "$0.46", "2016-03-31": "$0.41", "2015-12-31": "$0.42", "2015-09-30": "$0.40", "2015-06-30": "$0.35", "2015-03-31": "$0.38", "2014-12-31": "$0.35", "2014-09-30": "$0.34", "2014-06-30": "$0.56", "2014-03-31": "$0.30", "2013-12-31": "$0.00", "2013-09-30": "$0.26", "2013-06-30": "$0.00", "2012-12-31": "$0.00", "2011-12-31": "$0.00"}}, "shares-outstanding": {"Citizens Financial Annual Shares Outstanding (Millions of Shares)": {"2020": "428", "2019": "451", "2018": "480", "2017": "504", "2016": "524", "2015": "538", "2014": "558", "2013": "560", "2012": "560", "2011": "560"}, "Citizens Financial Quarterly Shares Outstanding (Millions of Shares)": {"2020-12-31": "429", "2020-09-30": "428", "2020-06-30": "428", "2020-03-31": "429", "2019-12-31": "451", "2019-09-30": "447", "2019-06-30": "459", "2019-03-31": "463", "2018-12-31": "480", "2018-09-30": "478", "2018-06-30": "486", "2018-03-31": "489", "2017-12-31": "504", "2017-09-30": "502", "2017-06-30": "507", "2017-03-31": "511", "2016-12-31": "524", "2016-09-30": "521", "2016-06-30": "530", "2016-03-31": "530", "2015-12-31": "538", "2015-09-30": "533", "2015-06-30": "540", "2015-03-31": "550", "2014-12-31": "558", "2014-09-30": "560", "2014-06-30": "560", "2014-03-31": "560", "2013-12-31": "", "2013-09-30": "560", "2013-06-30": "", "2012-12-31": "", "2011-12-31": ""}}, "total-assets": {"Citizens Financial Annual Total Assets (Millions of US $)": {"2019": "$165,733", "2018": "$160,518", "2017": "$152,336", "2016": "$149,520", "2015": "$138,208", "2014": "$132,857", "2013": "$122,154", "2012": "$127,053", "2011": "$0"}, "Citizens Financial Quarterly Total Assets (Millions of US $)": {"2020-09-30": "$179,228", "2020-06-30": "$179,874", "2020-03-31": "$176,719", "2019-12-31": "$165,733", "2019-09-30": "$164,362", "2019-06-30": "$162,749", "2019-03-31": "$161,342", "2018-12-31": "$160,518", "2018-09-30": "$158,598", "2018-06-30": "$155,431", "2018-03-31": "$153,453", "2017-12-31": "$152,336", "2017-09-30": "$151,356", "2017-06-30": "$151,407", "2017-03-31": "$150,285", "2016-12-31": "$149,520", "2016-09-30": "$147,015", "2016-06-30": "$145,183", "2016-03-31": "$140,077", "2015-12-31": "$138,208", "2015-09-30": "$135,447", "2015-06-30": "$137,251", "2015-03-31": "$136,535", "2014-12-31": "$132,857", "2014-09-30": "$131,341", "2014-06-30": "$130,279", "2014-03-31": "$0", "2013-12-31": "$0", "2013-09-30": "$0", "2013-06-30": "$0", "2012-12-31": "$127,053", "2011-12-31": "$0"}}, "cash-on-hand": {"Citizens Financial Annual Cash on Hand (Millions of US $)": {"2019": "$3,683", "2018": "$4,222", "2017": "$3,224", "2016": "$4,143", "2015": "$3,441", "2014": "$3,646", "2013": "$2,990", "2012": "$4,289", "2011": "$"}, "Citizens Financial Quarterly Cash on Hand (Millions of US $)": {"2020-09-30": "$9,544", "2020-06-30": "$7,921", "2020-03-31": "$4,338", "2019-12-31": "$3,683", "2019-09-30": "$4,000", "2019-06-30": "$3,221", "2019-03-31": "$2,603", "2018-12-31": "$4,222", "2018-09-30": "$4,133", "2018-06-30": "$3,979", "2018-03-31": "$4,001", "2017-12-31": "$3,224", "2017-09-30": "$2,407", "2017-06-30": "$4,600", "2017-03-31": "$4,344", "2016-12-31": "$4,143", "2016-09-30": "$3,635", "2016-06-30": "$4,382", "2016-03-31": "$2,389", "2015-12-31": "$3,441", "2015-09-30": "$2,119", "2015-06-30": "$3,055", "2015-03-31": "$5,619", "2014-12-31": "$3,646", "2014-09-30": "$3,181", "2014-06-30": "$5,665", "2014-03-31": "", "2013-12-31": "", "2013-09-30": "", "2013-06-30": "", "2012-12-31": "$4,289", "2011-12-31": ""}}, "long-term-debt": {"Citizens Financial Annual Long Term Debt (Millions of US $)": {"2019": "$14,047", "2018": "$15,925", "2017": "$11,765", "2016": "$12,790", "2015": "$9,886", "2014": "$4,642", "2013": "$1,405", "2012": "$694", "2011": "$"}, "Citizens Financial Quarterly Long Term Debt (Millions of US $)": {"2020-09-30": "$9,109", "2020-06-30": "$9,202", "2020-03-31": "$16,437", "2019-12-31": "$14,047", "2019-09-30": "$12,806", "2019-06-30": "$11,538", "2019-03-31": "$11,725", "2018-12-31": "$15,925", "2018-09-30": "$15,639", "2018-06-30": "$13,641", "2018-03-31": "$13,486", "2017-12-31": "$11,765", "2017-09-30": "$13,400", "2017-06-30": "$13,154", "2017-03-31": "$11,780", "2016-12-31": "$12,790", "2016-09-30": "$11,902", "2016-06-30": "$11,810", "2016-03-31": "$10,035", "2015-12-31": "$9,886", "2015-09-30": "$4,153", "2015-06-30": "$3,890", "2015-03-31": "$3,904", "2014-12-31": "$4,642", "2014-09-30": "$2,062", "2014-06-30": "$1,732", "2014-03-31": "", "2013-12-31": "", "2013-09-30": "", "2013-06-30": "", "2012-12-31": "$694", "2011-12-31": ""}}, "total-liabilities": {"Citizens Financial Annual Total Liabilities (Millions of US $)": {"2019": "$143,532", "2018": "$139,701", "2017": "$132,066", "2016": "$129,773", "2015": "$118,562", "2014": "$113,589", "2013": "$102,958", "2012": "$102,924", "2011": "$0"}, "Citizens Financial Quarterly Total Liabilities (Millions of US $)": {"2020-09-30": "$156,759", "2020-06-30": "$157,456", "2020-03-31": "$154,769", "2019-12-31": "$143,532", "2019-09-30": "$142,511", "2019-06-30": "$140,732", "2019-03-31": "$139,811", "2018-12-31": "$139,701", "2018-09-30": "$138,322", "2018-06-30": "$134,964", "2018-03-31": "$133,394", "2017-12-31": "$132,066", "2017-09-30": "$131,247", "2017-06-30": "$131,343", "2017-03-31": "$130,438", "2016-12-31": "$129,773", "2016-09-30": "$126,834", "2016-06-30": "$124,957", "2016-03-31": "$120,112", "2015-12-31": "$118,562", "2015-09-30": "$115,847", "2015-06-30": "$117,665", "2015-03-31": "$116,971", "2014-12-31": "$113,589", "2014-09-30": "$111,958", "2014-06-30": "$110,682", "2014-03-31": "$0", "2013-12-31": "", "2013-09-30": "$0", "2013-06-30": "$0", "2012-12-31": "$102,924", "2011-12-31": "$0"}}, "total-share-holder-equity": {"Citizens Financial Annual Share Holder Equity (Millions of US $)": {"2019": "$22,201", "2018": "$20,817", "2017": "$20,270", "2016": "$19,747", "2015": "$19,646", "2014": "$19,268", "2013": "$19,196", "2012": "$24,129", "2011": "$0"}, "Citizens Financial Quarterly Share Holder Equity (Millions of US $)": {"2020-09-30": "$22,469", "2020-06-30": "$22,418", "2020-03-31": "$21,950", "2019-12-31": "$22,201", "2019-09-30": "$21,851", "2019-06-30": "$22,017", "2019-03-31": "$21,531", "2018-12-31": "$20,817", "2018-09-30": "$20,276", "2018-06-30": "$20,467", "2018-03-31": "$20,059", "2017-12-31": "$20,270", "2017-09-30": "$20,109", "2017-06-30": "$20,064", "2017-03-31": "$19,847", "2016-12-31": "$19,747", "2016-09-30": "$20,181", "2016-06-30": "$20,226", "2016-03-31": "$19,965", "2015-12-31": "$19,646", "2015-09-30": "$19,600", "2015-06-30": "$19,586", "2015-03-31": "$19,564", "2014-12-31": "$19,268", "2014-09-30": "$19,383", "2014-06-30": "$19,597", "2014-03-31": "$0", "2013-12-31": "", "2013-09-30": "$0", "2013-06-30": "$0", "2012-12-31": "$24,129", "2011-12-31": "$0"}}, "profit-margins": {"current": "13.4%"}, "gross margin": {"2020-12-31": "89.96%", "2020-09-30": "87.14%", "2020-06-30": "84.15%", "2020-03-31": "81.56%", "2019-12-31": "80.47%", "2019-09-30": "80.25%", "2019-06-30": "80.71%", "2019-03-31": "81.72%", "2018-12-31": "83.33%", "2018-09-30": "84.94%", "2018-06-30": "86.25%", "2018-03-31": "87.47%", "2017-12-31": "88.43%", "2017-09-30": "89.26%", "2017-06-30": "90.14%", "2017-03-31": "90.79%", "2016-12-31": "91.19%", "2016-09-30": "91.30%", "2016-06-30": "91.30%", "2016-03-31": "91.36%", "2015-12-31": "91.43%", "2015-09-30": "91.61%", "2015-06-30": "91.98%", "2015-03-31": "92.86%", "2014-12-31": "93.20%", "2014-06-30": "93.31%"}, "operating margin": {"2020-12-31": "16.91%", "2020-09-30": "16.17%", "2020-06-30": "18.35%", "2020-03-31": "21.51%", "2019-12-31": "27.91%", "2019-09-30": "28.22%", "2019-06-30": "28.86%", "2019-03-31": "29.37%", "2018-12-31": "29.68%", "2018-09-30": "28.15%", "2018-06-30": "28.25%", "2018-03-31": "27.90%", "2017-12-31": "27.55%", "2017-09-30": "29.13%", "2017-06-30": "28.35%", "2017-03-31": "27.48%", "2016-12-31": "26.62%", "2016-09-30": "25.86%", "2016-06-30": "25.05%", "2016-03-31": "23.99%", "2015-12-31": "23.94%", "2015-09-30": "23.33%", "2015-06-30": "22.47%", "2015-03-31": "25.06%", "2014-12-31": "23.74%", "2014-06-30": "22.91%"}, "ebitda margin": {"2020-09-30": "0.00%", "2020-06-30": "0.00%", "2020-03-31": "0.00%", "2019-12-31": "0.00%", "2019-09-30": "0.00%", "2019-06-30": "0.00%", "2019-03-31": "0.00%", "2018-12-31": "0.00%", "2018-09-30": "0.00%", "2018-06-30": "0.00%", "2018-03-31": "0.00%", "2017-12-31": "0.00%", "2017-09-30": "0.00%", "2017-06-30": "0.00%", "2017-03-31": "0.00%", "2016-12-31": "0.00%", "2016-09-30": "0.00%", "2016-06-30": "0.00%", "2016-03-31": "0.00%", "2015-12-31": "0.00%", "2015-09-30": "0.00%", "2015-06-30": "0.00%", "2015-03-31": "0.00%", "2014-12-31": "0.00%", "2014-06-30": "0.00%"}, "pre tax profit margin": {"2020-12-31": "16.91%", "2020-09-30": "16.17%", "2020-06-30": "18.35%", "2020-03-31": "21.51%", "2019-12-31": "27.91%", "2019-09-30": "28.22%", "2019-06-30": "28.86%", "2019-03-31": "29.37%", "2018-12-31": "29.68%", "2018-09-30": "30.05%", "2018-06-30": "30.21%", "2018-03-31": "29.92%", "2017-12-31": "29.63%", "2017-09-30": "29.13%", "2017-06-30": "28.35%", "2017-03-31": "27.48%", "2016-12-31": "26.62%", "2016-09-30": "25.86%", "2016-06-30": "25.05%", "2016-03-31": "23.99%", "2015-12-31": "23.94%", "2015-09-30": "23.33%", "2015-06-30": "22.47%", "2015-03-31": "25.06%", "2014-12-31": "23.74%", "2014-06-30": "22.91%"}, "net profit margin": {"2020-12-31": "12.38%", "2020-09-30": "12.15%", "2020-06-30": "13.80%", "2020-03-31": "16.24%", "2019-12-31": "21.30%", "2019-09-30": "21.67%", "2019-06-30": "22.10%", "2019-03-31": "22.67%", "2018-12-31": "23.01%", "2018-09-30": "26.93%", "2018-06-30": "26.51%", "2018-03-31": "25.79%", "2017-12-31": "25.38%", "2017-09-30": "20.04%", "2017-06-30": "19.63%", "2017-03-31": "18.95%", "2016-12-31": "17.89%", "2016-09-30": "17.28%", "2016-06-30": "16.46%", "2016-03-31": "15.74%", "2015-12-31": "15.79%", "2015-09-30": "15.53%", "2015-06-30": "15.29%", "2015-03-31": "16.88%", "2014-12-31": "16.19%", "2014-06-30": "15.33%"}, "pe ratio": {"current": "16.57", "2021-02-05": "32.21", "2020-12-31": "28.55", "2020-09-30": "11.11", "2020-06-30": "9.65", "2020-03-31": "6.06", "2019-12-31": "9.93", "2019-09-30": "8.61", "2019-06-30": "8.66", "2019-03-31": "8.04", "2018-12-31": "7.58", "2018-09-30": "8.79", "2018-06-30": "9.35", "2018-03-31": "10.77", "2017-12-31": "11.27", "2017-09-30": "13.40", "2017-06-30": "13.20", "2017-03-31": "13.73", "2016-12-31": "15.53", "2016-09-30": "11.47", "2016-06-30": "10.10", "2016-03-31": "11.27", "2015-12-31": "14.29", "2015-09-30": "13.49", "2015-06-30": "16.02"}, "price sales": {"2021-02-05": "2.23", "2020-12-31": "1.98", "2020-09-30": "1.36", "2020-06-30": "1.34", "2020-03-31": "0.99", "2019-12-31": "2.14", "2019-09-30": "1.88", "2019-06-30": "1.93", "2019-03-31": "1.84", "2018-12-31": "1.76", "2018-09-30": "2.37", "2018-06-30": "2.50", "2018-03-31": "2.80", "2017-12-31": "2.89", "2017-09-30": "2.70", "2017-06-30": "2.61", "2017-03-31": "2.62", "2016-12-31": "2.81", "2016-09-30": "2.00", "2016-06-30": "1.68", "2016-03-31": "1.79", "2015-12-31": "2.27", "2015-09-30": "2.10", "2015-06-30": "2.46"}, "price book": {"current": "0.82", "2021-02-05": "0.76", "2020-09-30": "0.47", "2020-06-30": "0.46", "2020-03-31": "0.34", "2019-12-31": "0.74", "2019-09-30": "0.66", "2019-06-30": "0.67", "2019-03-31": "0.63", "2018-12-31": "0.60", "2018-09-30": "0.81", "2018-06-30": "0.82", "2018-03-31": "0.90", "2017-12-31": "0.89", "2017-09-30": "0.82", "2017-06-30": "0.78", "2017-03-31": "0.77", "2016-12-31": "0.80", "2016-09-30": "0.54", "2016-06-30": "0.45", "2016-03-31": "0.47", "2015-12-31": "0.59", "2015-09-30": "0.54", "2015-06-30": "0.63", "2015-03-31": "0.56", "2014-12-31": "0.59", "2014-09-30": "0.56"}, "price fcf": {"2021-02-05": "", "2020-09-30": "$-0.28", "2020-06-30": "$-1.11", "2020-03-31": "$-0.63", "2019-12-31": "$3.55", "2019-09-30": "$3.06", "2019-06-30": "$1.71", "2019-03-31": "$2.87", "2018-12-31": "$3.20", "2018-09-30": "$2.78", "2018-06-30": "$5.02", "2018-03-31": "$2.97", "2017-12-31": "$3.24", "2017-09-30": "$3.02", "2017-06-30": "$2.23", "2017-03-31": "$3.53", "2016-12-31": "$2.59", "2016-09-30": "$2.83", "2016-06-30": "$2.48", "2016-03-31": "$2.62", "2015-12-31": "$2.09", "2015-09-30": "$1.60", "2015-06-30": "$3.15"}, "net worth": {"value": "$17.06B"}, "current ratio": {"2020-12-31": "0.93", "2020-09-30": "0.94", "2020-06-30": "0.95", "2020-03-31": "0.99", "2019-12-31": "0.99", "2019-09-30": "0.98", "2019-06-30": "0.97", "2019-03-31": "0.97", "2018-12-31": "1.00", "2018-09-30": "1.00", "2018-06-30": "0.98", "2018-03-31": "0.98", "2017-12-31": "0.96", "2017-09-30": "0.98", "2017-06-30": "0.98", "2017-03-31": "0.97", "2016-12-31": "0.97", "2016-09-30": "0.97", "2016-06-30": "0.98", "2016-03-31": "0.97", "2015-12-31": "0.96", "2015-09-30": "0.91", "2015-06-30": "0.90", "2015-03-31": "0.90", "2014-12-31": "0.91", "2014-09-30": "0.90", "2014-06-30": "0.88", "2014-03-31": "0.00", "2013-12-31": "0.00", "2013-09-30": "0.00", "2013-06-30": "0.00", "2012-12-31": "0.91", "2011-12-31": "0.00"}, "quick ratio": {"2020-12-31": "0.00", "2020-09-30": "0.00", "2020-06-30": "0.00", "2020-03-31": "0.00", "2019-12-31": "0.00", "2019-09-30": "0.00", "2019-06-30": "0.00", "2019-03-31": "0.00", "2018-12-31": "0.00", "2018-09-30": "0.00", "2018-06-30": "0.00", "2018-03-31": "0.00", "2017-12-31": "0.00", "2017-09-30": "0.00", "2017-06-30": "0.00", "2017-03-31": "0.00", "2016-12-31": "0.00", "2016-09-30": "0.00", "2016-06-30": "0.00", "2016-03-31": "0.00", "2015-12-31": "0.00", "2015-09-30": "0.00", "2015-06-30": "0.00", "2015-03-31": "0.00", "2014-12-31": "0.00", "2014-09-30": "0.00", "2014-06-30": "0.00", "2014-03-31": "0.00", "2013-12-31": "0.00", "2013-09-30": "0.00", "2013-06-30": "0.00", "2012-12-31": "0.00", "2011-12-31": "0.00"}, "debt equity ratio": {"current": "0.40", "2020-12-31": "7.09", "2020-09-30": "6.98", "2020-06-30": "7.02", "2020-03-31": "7.05", "2019-12-31": "6.47", "2019-09-30": "6.52", "2019-06-30": "6.39", "2019-03-31": "6.49", "2018-12-31": "6.71", "2018-09-30": "6.82", "2018-06-30": "6.59", "2018-03-31": "6.65", "2017-12-31": "6.52", "2017-09-30": "6.53", "2017-06-30": "6.55", "2017-03-31": "6.57", "2016-12-31": "6.57", "2016-09-30": "6.29", "2016-06-30": "6.18", "2016-03-31": "6.02", "2015-12-31": "6.04", "2015-09-30": "5.91", "2015-06-30": "6.01", "2015-03-31": "5.98", "2014-12-31": "5.90", "2014-09-30": "5.78", "2014-06-30": "5.65", "2014-03-31": "0.00", "2013-12-31": "0.00", "2013-09-30": "0.00", "2013-06-30": "0.00", "2012-12-31": "4.27", "2011-12-31": "0.00"}, "return on equity": {"2020-12-31": "4.25%", "2020-09-30": "4.28%", "2020-06-30": "4.96%", "2020-03-31": "5.94%", "2019-12-31": "7.84%", "2019-09-30": "8.08%", "2019-06-30": "8.25%", "2019-03-31": "8.35%", "2018-12-31": "8.29%", "2018-09-30": "9.41%", "2018-06-30": "8.96%", "2018-03-31": "8.48%", "2017-12-31": "8.16%", "2017-09-30": "6.29%", "2017-06-30": "6.03%", "2017-03-31": "5.64%", "2016-12-31": "5.15%", "2016-09-30": "4.85%", "2016-06-30": "4.50%", "2016-03-31": "4.26%", "2015-12-31": "4.25%", "2015-09-30": "4.15%", "2015-06-30": "4.04%", "2015-03-31": "4.67%", "2014-12-31": "5.94%", "2014-06-30": "12.72%"}, "return on assets": {"2020-12-31": "0.53%", "2020-09-30": "0.54%", "2020-06-30": "0.64%", "2020-03-31": "0.78%", "2019-12-31": "1.05%", "2019-09-30": "1.07%", "2019-06-30": "1.09%", "2019-03-31": "1.09%", "2018-12-31": "1.08%", "2018-09-30": "1.23%", "2018-06-30": "1.18%", "2018-03-31": "1.12%", "2017-12-31": "1.08%", "2017-09-30": "0.83%", "2017-06-30": "0.80%", "2017-03-31": "0.76%", "2016-12-31": "0.71%", "2016-09-30": "0.68%", "2016-06-30": "0.64%", "2016-03-31": "0.61%", "2015-12-31": "0.61%", "2015-09-30": "0.60%", "2015-06-30": "0.58%", "2015-03-31": "0.68%", "2014-12-31": "0.88%", "2014-06-30": "1.91%"}, "return on investments": {"2020-12-31": "3.92%", "2020-09-30": "3.68%", "2020-06-30": "4.14%", "2020-03-31": "4.84%", "2019-12-31": "6.54%", "2019-09-30": "6.56%", "2019-06-30": "6.54%", "2019-03-31": "6.42%", "2018-12-31": "6.22%", "2018-09-30": "5.88%", "2018-06-30": "5.80%", "2018-03-31": "5.58%", "2017-12-31": "5.45%", "2017-09-30": "5.57%", "2017-06-30": "5.37%", "2017-03-31": "5.10%", "2016-12-31": "4.84%", "2016-09-30": "4.69%", "2016-06-30": "4.71%", "2016-03-31": "4.80%", "2015-12-31": "5.04%", "2015-09-30": "5.14%", "2015-06-30": "5.00%", "2015-03-31": "5.98%", "2014-12-31": "7.61%", "2014-06-30": "17.46%"}, "return on tangible equity": {"2020-09-30": "6.27%", "2020-06-30": "7.28%", "2020-03-31": "8.73%", "2019-12-31": "11.56%", "2019-09-30": "11.97%", "2019-06-30": "12.31%", "2019-03-31": "12.55%", "2018-12-31": "12.54%", "2018-09-30": "14.27%", "2018-06-30": "13.59%", "2018-03-31": "12.89%", "2017-12-31": "12.42%", "2017-09-30": "9.60%", "2017-06-30": "9.20%", "2017-03-31": "8.59%", "2016-12-31": "7.84%", "2016-09-30": "7.39%", "2016-06-30": "6.88%", "2016-03-31": "6.55%", "2015-12-31": "6.55%", "2015-09-30": "6.41%", "2015-06-30": "6.24%", "2015-03-31": "7.22%", "2014-12-31": "9.20%", "2014-06-30": "19.59%"}, "dividend yield history": {"last payout": "$1.56", "last yield": "3.91%"}}