{"ticker": "CTXS", "price": {"title": "Citrix Systems Historical Annual Stock Price Data", "value": 131.82, "historical": {"2021": {"Average Stock Price": "132.0254", "Year Open": "128.3300", "Year High": "144.4700", "Year Low": "125.7700", "Year Close": "131.8200", "Annual % Change": "1.32%"}, "2020": {"Average Stock Price": "133.3652", "Year Open": "111.6700", "Year High": "167.7300", "Year Low": "102.9700", "Year Close": "130.1000", "Annual % Change": "17.31%"}, "2019": {"Average Stock Price": "101.2500", "Year Open": "102.2100", "Year High": "114.0400", "Year Low": "91.2200", "Year Close": "110.9000", "Annual % Change": "8.24%"}, "2018": {"Average Stock Price": "102.8772", "Year Open": "88.6900", "Year High": "114.4200", "Year Low": "84.5300", "Year Close": "102.4600", "Annual % Change": "16.43%"}, "2017": {"Average Stock Price": "82.2977", "Year Open": "90.1300", "Year High": "95.7400", "Year Low": "71.2400", "Year Close": "88.0000", "Annual % Change": "-1.47%"}, "2016": {"Average Stock Price": "81.6030", "Year Open": "74.1700", "Year High": "92.0600", "Year Low": "62.2800", "Year Close": "89.3100", "Annual % Change": "18.06%"}, "2015": {"Average Stock Price": "69.3956", "Year Open": "63.4800", "Year High": "84.1700", "Year Low": "56.9800", "Year Close": "75.6500", "Annual % Change": "18.57%"}, "2014": {"Average Stock Price": "63.2541", "Year Open": "62.4900", "Year High": "72.6800", "Year Low": "52.7200", "Year Close": "63.8000", "Annual % Change": "0.87%"}, "2013": {"Average Stock Price": "66.4874", "Year Open": "68.1700", "Year High": "76.3300", "Year Low": "54.9620", "Year Close": "63.2500", "Annual % Change": "-3.61%"}, "2012": {"Average Stock Price": "73.0306", "Year Open": "61.9600", "Year High": "87.3000", "Year Low": "57.3400", "Year Close": "65.6200", "Annual % Change": "8.07%"}, "2011": {"Average Stock Price": "69.5816", "Year Open": "67.9600", "Year High": "87.6200", "Year Low": "50.3100", "Year Close": "60.7200", "Annual % Change": "-11.24%"}, "2010": {"Average Stock Price": "53.2857", "Year Open": "42.8400", "Year High": "71.0600", "Year Low": "41.1500", "Year Close": "68.4100", "Annual % Change": "64.41%"}, "2009": {"Average Stock Price": "31.7246", "Year Open": "24.3600", "Year High": "42.7400", "Year Low": "20.0900", "Year Close": "41.6100", "Annual % Change": "76.54%"}, "2008": {"Average Stock Price": "29.5677", "Year Open": "38.0500", "Year High": "38.4700", "Year Low": "19.5400", "Year Close": "23.5700", "Annual % Change": "-37.99%"}, "2007": {"Average Stock Price": "35.0245", "Year Open": "26.8300", "Year High": "43.8600", "Year Low": "26.8300", "Year Close": "38.0100", "Annual % Change": "40.52%"}, "2006": {"Average Stock Price": "33.5142", "Year Open": "29.2400", "Year High": "45.1600", "Year Low": "26.8200", "Year Close": "27.0500", "Annual % Change": "-5.85%"}, "2005": {"Average Stock Price": "24.0267", "Year Open": "24.1000", "Year High": "29.2400", "Year Low": "21.0700", "Year Close": "28.7300", "Annual % Change": "17.46%"}, "2004": {"Average Stock Price": "20.3877", "Year Open": "20.8600", "Year High": "25.8200", "Year Low": "15.0900", "Year Close": "24.4600", "Annual % Change": "15.60%"}, "2003": {"Average Stock Price": "19.2252", "Year Open": "13.0000", "Year High": "26.9400", "Year Low": "10.9800", "Year Close": "21.1600", "Annual % Change": "71.75%"}, "2002": {"Average Stock Price": "11.1420", "Year Open": "22.6500", "Year High": "23.9800", "Year Low": "5.0000", "Year Close": "12.3200", "Annual % Change": "-45.63%"}, "2001": {"Average Stock Price": "27.1031", "Year Open": "20.9400", "Year High": "36.6900", "Year Low": "17.3100", "Year Close": "22.6600", "Annual % Change": "0.71%"}, "2000": {"Average Stock Price": "43.6100", "Year Open": "64.0500", "Year High": "118.6000", "Year Low": "14.3100", "Year Close": "22.5000", "Annual % Change": "-63.41%"}, "1999": {"Average Stock Price": "28.9708", "Year Open": "23.3750", "Year High": "64.6500", "Year Low": "14.6550", "Year Close": "61.5000", "Annual % Change": "153.45%"}, "1998": {"Average Stock Price": "15.4721", "Year Open": "12.4800", "Year High": "24.2650", "Year Low": "9.3750", "Year Close": "24.2650", "Annual % Change": "91.57%"}, "1997": {"Average Stock Price": "7.4963", "Year Open": "6.5000", "Year High": "13.8650", "Year Low": "1.7717", "Year Close": "12.6667", "Annual % Change": "94.57%"}, "1996": {"Average Stock Price": "5.9027", "Year Open": "2.6667", "Year High": "9.1875", "Year Low": "2.0208", "Year Close": "6.5100", "Annual % Change": "140.37%"}}}, "market cap": {"value": "$16.23B"}, "income statement": {"Revenue": {"2020-12-31": "3236.70000", "2019-12-31": "3010.56400", "2018-12-31": "2973.90300", "2017-12-31": "2824.68600", "2016-12-31": "2736.08000", "2015-12-31": "2646.15400", "2014-12-31": "3142.85600", "2013-12-31": "2918.43400", "2012-12-31": "2586.12300", "2011-12-31": "2206.39200", "2010-12-31": "1874.66200", "2009-12-31": "1614.08800", "2008-12-31": "1583.35400", "2007-12-31": "1391.94200", "2006-12-31": "1134.31900", "2005-12-31": "908.72200"}, "Cost Of Goods Sold": {"2020-12-31": "498.54600", "2019-12-31": "464.04700", "2018-12-31": "433.80300", "2017-12-31": "439.64600", "2016-12-31": "404.88900", "2015-12-31": "474.04000", "2014-12-31": "620.21900", "2013-12-31": "502.79500", "2012-12-31": "404.13700", "2011-12-31": "293.59900", "2010-12-31": "232.26600", "2009-12-31": "187.31000", "2008-12-31": "175.13200", "2007-12-31": "137.60700", "2006-12-31": "98.69800", "2005-12-31": "58.09900"}, "Gross Profit": {"2020-12-31": "2738.15400", "2019-12-31": "2546.51700", "2018-12-31": "2540.10000", "2017-12-31": "2385.04000", "2016-12-31": "2331.19100", "2015-12-31": "2172.11400", "2014-12-31": "2522.63700", "2013-12-31": "2415.63900", "2012-12-31": "2181.98600", "2011-12-31": "1912.79300", "2010-12-31": "1642.39600", "2009-12-31": "1426.77800", "2008-12-31": "1408.22200", "2007-12-31": "1254.33500", "2006-12-31": "1035.62100", "2005-12-31": "850.62300"}, "Research And Development Expenses": {"2020-12-31": "538.08000", "2019-12-31": "518.87700", "2018-12-31": "439.98400", "2017-12-31": "415.80100", "2016-12-31": "395.37300", "2015-12-31": "480.95700", "2014-12-31": "553.81700", "2013-12-31": "516.33800", "2012-12-31": "450.57100", "2011-12-31": "380.67400", "2010-12-31": "361.37600", "2009-12-31": "281.98000", "2008-12-31": "288.10900", "2007-12-31": "205.10300", "2006-12-31": "155.33100", "2005-12-31": "108.75100"}, "SG&A Expenses": {"2020-12-31": "1576.48600", "2019-12-31": "1453.38500", "2018-12-31": "1389.57700", "2017-12-31": "1308.67700", "2016-12-31": "1293.17700", "2015-12-31": "1292.22600", "2014-12-31": "1600.18700", "2013-12-31": "1476.91600", "2012-12-31": "1306.08800", "2011-12-31": "1098.73900", "2010-12-31": "945.05400", "2009-12-31": "918.67600", "2008-12-31": "926.24800", "2007-12-31": "819.63800", "2006-12-31": "659.01200", "2005-12-31": "519.57800"}, "Other Operating Income Or Expenses": {"2020-12-31": "", "2019-12-31": "", "2018-12-31": "", "2017-12-31": "", "2016-12-31": "", "2015-12-31": "-67.13700", "2014-12-31": "-6.32100", "2013-12-31": "", "2012-12-31": "", "2011-12-31": "", "2010-12-31": "", "2009-12-31": "", "2008-12-31": "", "2007-12-31": "", "2006-12-31": "", "2005-12-31": ""}, "Operating Expenses": {"2020-12-31": "2627.89200", "2019-12-31": "2474.44600", "2018-12-31": "2295.94300", "2017-12-31": "2253.68900", "2016-12-31": "2175.91600", "2015-12-31": "2443.36200", "2014-12-31": "2840.54500", "2013-12-31": "2537.71700", "2012-12-31": "2195.34500", "2011-12-31": "1789.42600", "2010-12-31": "1553.94600", "2009-12-31": "1435.41100", "2008-12-31": "1413.35300", "2007-12-31": "1189.53500", "2006-12-31": "930.97500", "2005-12-31": "705.05000"}, "Operating Income": {"2020-12-31": "608.80790", "2019-12-31": "536.11790", "2018-12-31": "677.96000", "2017-12-31": "570.99710", "2016-12-31": "560.16410", "2015-12-31": "202.79220", "2014-12-31": "302.31080", "2013-12-31": "380.71700", "2012-12-31": "390.77810", "2011-12-31": "416.96590", "2010-12-31": "320.71590", "2009-12-31": "178.67700", "2008-12-31": "170.00100", "2007-12-31": "202.40710", "2006-12-31": "203.34390", "2005-12-31": "203.67200"}, "Total Non-Operating Income/Expense": {"2020-12-31": "-53.92800", "2019-12-31": "-26.61800", "2018-12-31": "-48.50500", "2017-12-31": "-20.65100", "2016-12-31": "-32.39400", "2015-12-31": "-38.20800", "2014-12-31": "-26.60500", "2013-12-31": "7.17300", "2012-12-31": "19.45100", "2011-12-31": "13.53100", "2010-12-31": "13.10400", "2009-12-31": "15.21500", "2008-12-31": "26.92200", "2007-12-31": "48.50100", "2006-12-31": "39.73700", "2005-12-31": "20.68200"}, "Pre-Tax Income": {"2020-12-31": "554.88000", "2019-12-31": "509.50000", "2018-12-31": "629.45500", "2017-12-31": "550.34600", "2016-12-31": "527.77000", "2015-12-31": "164.58400", "2014-12-31": "275.70600", "2013-12-31": "387.89000", "2012-12-31": "410.22900", "2011-12-31": "430.49700", "2010-12-31": "333.82000", "2009-12-31": "193.89200", "2008-12-31": "196.92300", "2007-12-31": "250.90800", "2006-12-31": "243.08100", "2005-12-31": "224.35400"}, "Income Taxes": {"2020-12-31": "50.43400", "2019-12-31": "-172.31300", "2018-12-31": "53.78800", "2017-12-31": "528.36100", "2016-12-31": "57.91500", "2015-12-31": "-50.54900", "2014-12-31": "23.98300", "2013-12-31": "48.36700", "2012-12-31": "57.68200", "2011-12-31": "74.86700", "2010-12-31": "57.37900", "2009-12-31": "2.87500", "2008-12-31": "18.64700", "2007-12-31": "36.42500", "2006-12-31": "60.08400", "2005-12-31": "58.74500"}, "Income After Taxes": {"2020-12-31": "504.44600", "2019-12-31": "681.81300", "2018-12-31": "575.66700", "2017-12-31": "21.98500", "2016-12-31": "469.85500", "2015-12-31": "215.13300", "2014-12-31": "251.72300", "2013-12-31": "339.52300", "2012-12-31": "352.54700", "2011-12-31": "355.63000", "2010-12-31": "276.44100", "2009-12-31": "191.01700", "2008-12-31": "178.27600", "2007-12-31": "214.48300", "2006-12-31": "182.99700", "2005-12-31": "165.60900"}, "Other Income": {"2020-12-31": "", "2019-12-31": "", "2018-12-31": "", "2017-12-31": "", "2016-12-31": "", "2015-12-31": "", "2014-12-31": "", "2013-12-31": "", "2012-12-31": "", "2011-12-31": "", "2010-12-31": "", "2009-12-31": "", "2008-12-31": "", "2007-12-31": "", "2006-12-31": "", "2005-12-31": ""}, "Income From Continuous Operations": {"2020-12-31": "504.44600", "2019-12-31": "681.81300", "2018-12-31": "575.66700", "2017-12-31": "21.98500", "2016-12-31": "469.85500", "2015-12-31": "215.13300", "2014-12-31": "251.72300", "2013-12-31": "339.52300", "2012-12-31": "352.54700", "2011-12-31": "355.63000", "2010-12-31": "276.44100", "2009-12-31": "191.01700", "2008-12-31": "178.27600", "2007-12-31": "214.48300", "2006-12-31": "182.99700", "2005-12-31": "165.60900"}, "Income From Discontinued Operations": {"2020-12-31": "", "2019-12-31": "", "2018-12-31": "", "2017-12-31": "-42.70400", "2016-12-31": "66.25700", "2015-12-31": "104.22800", "2014-12-31": "", "2013-12-31": "", "2012-12-31": "", "2011-12-31": "", "2010-12-31": "", "2009-12-31": "", "2008-12-31": "", "2007-12-31": "", "2006-12-31": "", "2005-12-31": ""}, "Net Income": {"2020-12-31": "504.44600", "2019-12-31": "681.81300", "2018-12-31": "575.66700", "2017-12-31": "-20.71900", "2016-12-31": "536.11200", "2015-12-31": "319.36100", "2014-12-31": "251.72300", "2013-12-31": "339.52300", "2012-12-31": "352.54700", "2011-12-31": "356.32200", "2010-12-31": "277.06500", "2009-12-31": "191.01700", "2008-12-31": "178.27600", "2007-12-31": "214.48300", "2006-12-31": "182.99700", "2005-12-31": "165.60900"}, "EBITDA": {"2020-12-31": "819.66190", "2019-12-31": "780.63790", "2018-12-31": "897.09900", "2017-12-31": "779.31010", "2016-12-31": "775.69710", "2015-12-31": "565.76220", "2014-12-31": "655.87380", "2013-12-31": "648.21700", "2012-12-31": "605.65110", "2011-12-31": "576.22090", "2010-12-31": "458.87390", "2009-12-31": "317.25400", "2008-12-31": "293.70700", "2007-12-31": "287.60410", "2006-12-31": "266.92690", "2005-12-31": "254.03000"}, "EBIT": {"2020-12-31": "608.80790", "2019-12-31": "536.11790", "2018-12-31": "677.96000", "2017-12-31": "570.99710", "2016-12-31": "560.16410", "2015-12-31": "202.79220", "2014-12-31": "302.31080", "2013-12-31": "380.71700", "2012-12-31": "390.77810", "2011-12-31": "416.96590", "2010-12-31": "320.71590", "2009-12-31": "178.67700", "2008-12-31": "170.00100", "2007-12-31": "202.40710", "2006-12-31": "203.34390", "2005-12-31": "203.67200"}, "Basic Shares Outstanding": {"2020-12-31": "", "2019-12-31": "130.85300", "2018-12-31": "136.03000", "2017-12-31": "150.77900", "2016-12-31": "155.13400", "2015-12-31": "158.87400", "2014-12-31": "169.87900", "2013-12-31": "186.67200", "2012-12-31": "186.72200", "2011-12-31": "187.31500", "2010-12-31": "185.95900", "2009-12-31": "181.80500", "2008-12-31": "183.02300", "2007-12-31": "181.50100", "2006-12-31": "180.99200", "2005-12-31": "172.22100"}, "Shares Outstanding": {"2020-12-31": "126.15200", "2019-12-31": "135.49500", "2018-12-31": "145.93400", "2017-12-31": "155.50300", "2016-12-31": "157.08400", "2015-12-31": "160.36200", "2014-12-31": "171.27000", "2013-12-31": "188.24500", "2012-12-31": "189.12900", "2011-12-31": "190.64100", "2010-12-31": "190.33500", "2009-12-31": "184.98500", "2008-12-31": "186.68200", "2007-12-31": "187.38000", "2006-12-31": "187.72500", "2005-12-31": "177.77100"}, "Basic EPS": {"2020-12-31": "", "2019-12-31": "5.21000", "2018-12-31": "4.23000", "2017-12-31": "-0.13000", "2016-12-31": "3.46000", "2015-12-31": "2.01000", "2014-12-31": "1.48000", "2013-12-31": "1.82000", "2012-12-31": "1.89000", "2011-12-31": "1.90000", "2010-12-31": "1.49000", "2009-12-31": "1.05000", "2008-12-31": "0.97000", "2007-12-31": "1.18000", "2006-12-31": "1.01000", "2005-12-31": "0.96000"}, "EPS - Earnings Per Share": {"2020-12-31": "4.00000", "2019-12-31": "5.03000", "2018-12-31": "3.94000", "2017-12-31": "-0.13000", "2016-12-31": "3.41000", "2015-12-31": "1.99000", "2014-12-31": "1.47000", "2013-12-31": "1.80000", "2012-12-31": "1.86000", "2011-12-31": "1.87000", "2010-12-31": "1.46000", "2009-12-31": "1.03000", "2008-12-31": "0.96000", "2007-12-31": "1.14000", "2006-12-31": "0.97000", "2005-12-31": "0.93000"}}, "income statement, quarterly": {"Revenue": {"2020-12-31": "809.65600", "2020-09-30": "767.17000", "2020-06-30": "798.92900", "2020-03-31": "860.94500", "2019-12-31": "809.82310", "2019-09-30": "732.90100", "2019-06-30": "748.69700", "2019-03-31": "719.14300", "2018-12-31": "801.87000", "2018-09-30": "732.47600", "2018-06-30": "742.36500", "2018-03-31": "697.19200", "2017-12-31": "777.85690", "2017-09-30": "690.92500", "2017-06-30": "693.22700", "2017-03-31": "662.67700", "2016-12-31": "734.58390", "2016-09-30": "668.73600", "2016-06-30": "673.98700", "2016-03-31": "658.77300", "2015-12-31": "275.32300", "2015-09-30": "813.27000", "2015-06-30": "796.75900", "2015-03-31": "760.80200", "2014-12-31": "851.48280", "2014-09-30": "758.99400", "2014-06-30": "781.56000", "2014-03-31": "750.81900", "2013-12-31": "802.42010", "2013-09-30": "712.73100", "2013-06-30": "730.38400", "2013-03-31": "672.89900", "2012-12-31": "739.99600", "2012-09-30": "641.42200", "2012-06-30": "615.21000", "2012-03-31": "589.49500", "2011-12-31": "619.36610", "2011-09-30": "565.34800", "2011-06-30": "530.79000", "2011-03-31": "490.88800", "2010-12-31": "529.72400", "2010-09-30": "472.23300", "2010-06-30": "458.43300", "2010-03-31": "414.27200", "2009-12-31": "451.16000", "2009-09-30": "401.04200", "2009-06-30": "392.82800", "2009-03-31": "369.05800", "2008-12-31": "415.69700", "2008-09-30": "398.89300", "2008-06-30": "391.73000", "2008-03-31": "377.03400", "2007-12-31": "399.55900", "2007-09-30": "349.93100", "2007-06-30": "334.36400", "2007-03-31": "308.08800", "2006-12-31": "321.00200", "2006-09-30": "277.85100", "2006-06-30": "275.46800", "2006-03-31": "259.99800", "2005-12-31": "268.65590", "2005-09-30": "226.94700", "2005-06-30": "211.22900", "2005-03-31": "201.89000"}, "Cost Of Goods Sold": {"2020-12-31": "133.44300", "2020-09-30": "127.28600", "2020-06-30": "122.24000", "2020-03-31": "115.57700", "2019-12-31": "119.17700", "2019-09-30": "126.91800", "2019-06-30": "110.47900", "2019-03-31": "107.47300", "2018-12-31": "112.85100", "2018-09-30": "103.91700", "2018-06-30": "108.74900", "2018-03-31": "108.28600", "2017-12-31": "121.93900", "2017-09-30": "105.93700", "2017-06-30": "109.31200", "2017-03-31": "102.45800", "2016-12-31": "99.71600", "2016-09-30": "98.17100", "2016-06-30": "107.19100", "2016-03-31": "99.81100", "2015-12-31": "62.42900", "2015-09-30": "146.25400", "2015-06-30": "132.75100", "2015-03-31": "132.60600", "2014-12-31": "174.65200", "2014-09-30": "135.98500", "2014-06-30": "175.25600", "2014-03-31": "134.32600", "2013-12-31": "136.70800", "2013-09-30": "123.93300", "2013-06-30": "127.24000", "2013-03-31": "114.91400", "2012-12-31": "117.36800", "2012-09-30": "106.06800", "2012-06-30": "94.35800", "2012-03-31": "86.34300", "2011-12-31": "82.10000", "2011-09-30": "79.68900", "2011-06-30": "71.83300", "2011-03-31": "59.97700", "2010-12-31": "72.21400", "2010-09-30": "57.79800", "2010-06-30": "53.55500", "2010-03-31": "48.69900", "2009-12-31": "52.61500", "2009-09-30": "45.41800", "2009-06-30": "44.06100", "2009-03-31": "45.21600", "2008-12-31": "46.55600", "2008-09-30": "42.28800", "2008-06-30": "45.85700", "2008-03-31": "40.43100", "2007-12-31": "40.32300", "2007-09-30": "36.00600", "2007-06-30": "31.86400", "2007-03-31": "29.41400", "2006-12-31": "27.98400", "2006-09-30": "24.34400", "2006-06-30": "24.24100", "2006-03-31": "22.12900", "2005-12-31": "21.61700", "2005-09-30": "15.91600", "2005-06-30": "11.36500", "2005-03-31": "9.20100"}, "Gross Profit": {"2020-12-31": "676.21300", "2020-09-30": "639.88400", "2020-06-30": "676.68900", "2020-03-31": "745.36800", "2019-12-31": "690.64610", "2019-09-30": "605.98300", "2019-06-30": "638.21800", "2019-03-31": "611.67000", "2018-12-31": "689.01900", "2018-09-30": "628.55900", "2018-06-30": "633.61600", "2018-03-31": "588.90600", "2017-12-31": "655.91800", "2017-09-30": "584.98800", "2017-06-30": "583.91500", "2017-03-31": "560.21900", "2016-12-31": "634.86790", "2016-09-30": "570.56500", "2016-06-30": "566.79600", "2016-03-31": "558.96200", "2015-12-31": "212.89400", "2015-09-30": "667.01600", "2015-06-30": "664.00790", "2015-03-31": "628.19600", "2014-12-31": "676.83070", "2014-09-30": "623.00900", "2014-06-30": "606.30400", "2014-03-31": "616.49300", "2013-12-31": "665.71220", "2013-09-30": "588.79800", "2013-06-30": "603.14400", "2013-03-31": "557.98500", "2012-12-31": "622.62800", "2012-09-30": "535.35400", "2012-06-30": "520.85210", "2012-03-31": "503.15200", "2011-12-31": "537.26620", "2011-09-30": "485.65900", "2011-06-30": "458.95700", "2011-03-31": "430.91100", "2010-12-31": "457.51000", "2010-09-30": "414.43500", "2010-06-30": "404.87800", "2010-03-31": "365.57300", "2009-12-31": "398.54500", "2009-09-30": "355.62400", "2009-06-30": "348.76700", "2009-03-31": "323.84200", "2008-12-31": "369.14100", "2008-09-30": "356.60500", "2008-06-30": "345.87300", "2008-03-31": "336.60300", "2007-12-31": "359.23600", "2007-09-30": "313.92500", "2007-06-30": "302.50000", "2007-03-31": "278.67400", "2006-12-31": "293.01800", "2006-09-30": "253.50700", "2006-06-30": "251.22700", "2006-03-31": "237.86900", "2005-12-31": "247.03890", "2005-09-30": "211.03100", "2005-06-30": "199.86400", "2005-03-31": "192.68900"}, "Research And Development Expenses": {"2020-12-31": "132.51700", "2020-09-30": "130.62800", "2020-06-30": "140.47700", "2020-03-31": "134.45800", "2019-12-31": "128.16500", "2019-09-30": "126.42000", "2019-06-30": "134.02900", "2019-03-31": "130.26300", "2018-12-31": "116.93400", "2018-09-30": "111.55700", "2018-06-30": "112.94300", "2018-03-31": "98.55000", "2017-12-31": "99.32300", "2017-09-30": "107.11300", "2017-06-30": "106.69600", "2017-03-31": "102.66900", "2016-12-31": "90.74900", "2016-09-30": "101.74100", "2016-06-30": "100.65100", "2016-03-31": "102.23200", "2015-12-31": "56.98500", "2015-09-30": "139.12800", "2015-06-30": "140.20300", "2015-03-31": "144.64100", "2014-12-31": "141.94700", "2014-09-30": "137.87700", "2014-06-30": "140.37500", "2014-03-31": "133.61800", "2013-12-31": "126.49800", "2013-09-30": "127.04900", "2013-06-30": "132.29900", "2013-03-31": "130.49200", "2012-12-31": "122.20800", "2012-09-30": "114.71300", "2012-06-30": "110.02800", "2012-03-31": "103.62200", "2011-12-31": "102.07600", "2011-09-30": "96.67600", "2011-06-30": "91.37400", "2011-03-31": "90.54800", "2010-12-31": "116.73200", "2010-09-30": "87.39900", "2010-06-30": "79.54300", "2010-03-31": "77.70200", "2009-12-31": "66.91800", "2009-09-30": "68.86500", "2009-06-30": "75.16000", "2009-03-31": "71.03700", "2008-12-31": "70.11400", "2008-09-30": "72.50000", "2008-06-30": "73.96500", "2008-03-31": "71.53000", "2007-12-31": "61.46000", "2007-09-30": "49.33200", "2007-06-30": "47.76700", "2007-03-31": "46.54400", "2006-12-31": "42.26200", "2006-09-30": "40.10400", "2006-06-30": "38.28000", "2006-03-31": "34.68500", "2005-12-31": "29.74400", "2005-09-30": "27.54000", "2005-06-30": "26.40200", "2005-03-31": "25.06500"}, "SG&A Expenses": {"2020-12-31": "407.70900", "2020-09-30": "380.25000", "2020-06-30": "382.31900", "2020-03-31": "406.20800", "2019-12-31": "366.67600", "2019-09-30": "354.91600", "2019-06-30": "379.59100", "2019-03-31": "352.20200", "2018-12-31": "361.92100", "2018-09-30": "348.64600", "2018-06-30": "364.07000", "2018-03-31": "314.94000", "2017-12-31": "307.08000", "2017-09-30": "328.87700", "2017-06-30": "349.44600", "2017-03-31": "323.27400", "2016-12-31": "332.51500", "2016-09-30": "324.11200", "2016-06-30": "324.80400", "2016-03-31": "311.74600", "2015-12-31": "154.27900", "2015-09-30": "373.38600", "2015-06-30": "376.13000", "2015-03-31": "388.43100", "2014-12-31": "401.29400", "2014-09-30": "413.45500", "2014-06-30": "396.55400", "2014-03-31": "388.88400", "2013-12-31": "368.01410", "2013-09-30": "363.99600", "2013-06-30": "384.43900", "2013-03-31": "360.46700", "2012-12-31": "345.94900", "2012-09-30": "328.38800", "2012-06-30": "323.43800", "2012-03-31": "308.31300", "2011-12-31": "294.86190", "2011-09-30": "279.87400", "2011-06-30": "268.05600", "2011-03-31": "255.94700", "2010-12-31": "224.37100", "2010-09-30": "242.13800", "2010-06-30": "247.40600", "2010-03-31": "231.13900", "2009-12-31": "244.42900", "2009-09-30": "225.48700", "2009-06-30": "226.68200", "2009-03-31": "222.07800", "2008-12-31": "228.91700", "2008-09-30": "230.93800", "2008-06-30": "237.31100", "2008-03-31": "229.08200", "2007-12-31": "234.06900", "2007-09-30": "200.66900", "2007-06-30": "196.34800", "2007-03-31": "188.55200", "2006-12-31": "186.40200", "2006-09-30": "162.97600", "2006-06-30": "159.45600", "2006-03-31": "150.17800", "2005-12-31": "147.03700", "2005-09-30": "128.55100", "2005-06-30": "122.18500", "2005-03-31": "121.80500"}, "Other Operating Income Or Expenses": {"2020-12-31": "", "2020-09-30": "", "2020-06-30": "", "2020-03-31": "", "2019-12-31": "", "2019-09-30": "", "2019-06-30": "", "2019-03-31": "", "2018-12-31": "", "2018-09-30": "", "2018-06-30": "", "2018-03-31": "", "2017-12-31": "", "2017-09-30": "", "2017-06-30": "", "2017-03-31": "", "2016-12-31": "", "2016-09-30": "", "2016-06-30": "", "2016-03-31": "-0.45600", "2015-12-31": "-2.73300", "2015-09-30": "-64.40400", "2015-06-30": "", "2015-03-31": "", "2014-12-31": "", "2014-09-30": "", "2014-06-30": "", "2014-03-31": "", "2013-12-31": "", "2013-09-30": "", "2013-06-30": "", "2013-03-31": "", "2012-12-31": "", "2012-09-30": "", "2012-06-30": "", "2012-03-31": "", "2011-12-31": "", "2011-09-30": "", "2011-06-30": "", "2011-03-31": "", "2010-12-31": "", "2010-09-30": "", "2010-06-30": "", "2010-03-31": "", "2009-12-31": "", "2009-09-30": "", "2009-06-30": "", "2009-03-31": "", "2008-12-31": "", "2008-09-30": "", "2008-06-30": "", "2008-03-31": "", "2007-12-31": "", "2007-09-30": "", "2007-06-30": "", "2007-03-31": "", "2006-12-31": "", "2006-09-30": "", "2006-06-30": "", "2006-03-31": "", "2005-12-31": "", "2005-09-30": "", "2005-06-30": "", "2005-03-31": ""}, "Operating Expenses": {"2020-12-31": "674.37100", "2020-09-30": "638.86500", "2020-06-30": "655.25800", "2020-03-31": "659.39800", "2019-12-31": "624.46200", "2019-09-30": "622.07000", "2019-06-30": "631.61500", "2019-03-31": "596.29900", "2018-12-31": "599.39900", "2018-09-30": "567.69700", "2018-06-30": "597.21800", "2018-03-31": "531.62900", "2017-12-31": "588.15800", "2017-09-30": "554.21200", "2017-06-30": "571.28600", "2017-03-31": "540.03300", "2016-12-31": "532.23990", "2016-09-30": "540.10710", "2016-06-30": "540.04800", "2016-03-31": "563.52110", "2015-12-31": "310.20980", "2015-09-30": "749.47200", "2015-06-30": "674.61000", "2015-03-31": "709.07000", "2014-12-31": "734.07520", "2014-09-30": "700.39700", "2014-06-30": "727.14100", "2014-03-31": "678.93200", "2013-12-31": "641.56600", "2013-09-30": "625.36400", "2013-06-30": "654.49600", "2013-03-31": "616.29100", "2012-12-31": "594.57510", "2012-09-30": "559.00700", "2012-06-30": "533.01800", "2012-03-31": "508.74500", "2011-12-31": "483.55210", "2011-09-30": "460.66900", "2011-06-30": "435.20000", "2011-03-31": "410.00500", "2010-12-31": "416.37810", "2010-09-30": "390.75600", "2010-06-30": "384.61500", "2010-03-31": "362.19700", "2009-12-31": "373.31200", "2009-09-30": "344.94200", "2009-06-30": "353.10200", "2009-03-31": "364.05500", "2008-12-31": "352.57610", "2008-09-30": "351.19400", "2008-06-30": "362.84000", "2008-03-31": "346.74300", "2007-12-31": "350.10090", "2007-09-30": "289.94700", "2007-06-30": "279.63000", "2007-03-31": "269.85700", "2006-12-31": "261.04010", "2006-09-30": "232.78400", "2006-06-30": "226.12700", "2006-03-31": "211.02400", "2005-12-31": "202.48200", "2005-09-30": "182.15400", "2005-06-30": "162.16600", "2005-03-31": "158.24800"}, "Operating Income": {"2020-12-31": "135.28500", "2020-09-30": "128.30500", "2020-06-30": "143.67100", "2020-03-31": "201.54700", "2019-12-31": "185.36100", "2019-09-30": "110.83100", "2019-06-30": "117.08200", "2019-03-31": "122.84410", "2018-12-31": "202.47090", "2018-09-30": "164.77910", "2018-06-30": "145.14700", "2018-03-31": "165.56300", "2017-12-31": "189.69890", "2017-09-30": "136.71300", "2017-06-30": "121.94100", "2017-03-31": "122.64400", "2016-12-31": "202.34400", "2016-09-30": "128.62900", "2016-06-30": "133.93900", "2016-03-31": "95.25200", "2015-12-31": "-34.88680", "2015-09-30": "63.79800", "2015-06-30": "122.14890", "2015-03-31": "51.73200", "2014-12-31": "117.40760", "2014-09-30": "58.59700", "2014-06-30": "54.41900", "2014-03-31": "71.88700", "2013-12-31": "160.85410", "2013-09-30": "87.36700", "2013-06-30": "75.88800", "2013-03-31": "56.60800", "2012-12-31": "145.42090", "2012-09-30": "82.41500", "2012-06-30": "82.19200", "2012-03-31": "80.75000", "2011-12-31": "135.81410", "2011-09-30": "104.67900", "2011-06-30": "95.59000", "2011-03-31": "80.88300", "2010-12-31": "113.34590", "2010-09-30": "81.47700", "2010-06-30": "73.81800", "2010-03-31": "52.07500", "2009-12-31": "77.84800", "2009-09-30": "56.10000", "2009-06-30": "39.72600", "2009-03-31": "5.00300", "2008-12-31": "63.12090", "2008-09-30": "47.69900", "2008-06-30": "28.89000", "2008-03-31": "30.29100", "2007-12-31": "49.45810", "2007-09-30": "59.98400", "2007-06-30": "54.73400", "2007-03-31": "38.23100", "2006-12-31": "59.96190", "2006-09-30": "45.06700", "2006-06-30": "49.34100", "2006-03-31": "48.97400", "2005-12-31": "66.17400", "2005-09-30": "44.79300", "2005-06-30": "49.06300", "2005-03-31": "43.64200"}, "Total Non-Operating Income/Expense": {"2020-12-31": "-16.13700", "2020-09-30": "-12.30700", "2020-06-30": "-14.57600", "2020-03-31": "-10.90800", "2019-12-31": "-9.40200", "2019-09-30": "-2.71700", "2019-06-30": "-9.83900", "2019-03-31": "-4.66000", "2018-12-31": "-14.84700", "2018-09-30": "-5.36400", "2018-06-30": "-13.67700", "2018-03-31": "-14.61700", "2017-12-31": "-7.57600", "2017-09-30": "-2.87200", "2017-06-30": "-7.58800", "2017-03-31": "-2.61500", "2016-12-31": "-10.11600", "2016-09-30": "-6.56700", "2016-06-30": "-7.30400", "2016-03-31": "-8.40700", "2015-12-31": "-0.21100", "2015-09-30": "-10.44000", "2015-06-30": "-11.42200", "2015-03-31": "-16.13500", "2014-12-31": "-9.70700", "2014-09-30": "-10.37500", "2014-06-30": "-3.39100", "2014-03-31": "-3.13200", "2013-12-31": "1.16400", "2013-09-30": "3.43800", "2013-06-30": "1.37500", "2013-03-31": "1.19600", "2012-12-31": "3.81500", "2012-09-30": "8.48300", "2012-06-30": "3.35300", "2012-03-31": "3.80000", "2011-12-31": "2.73200", "2011-09-30": "-1.86100", "2011-06-30": "5.08800", "2011-03-31": "7.57200", "2010-12-31": "2.59600", "2010-09-30": "5.70000", "2010-06-30": "0.87500", "2010-03-31": "3.93300", "2009-12-31": "3.35200", "2009-09-30": "5.62500", "2009-06-30": "5.06900", "2009-03-31": "1.16900", "2008-12-31": "8.94800", "2008-09-30": "3.18100", "2008-06-30": "6.32200", "2008-03-31": "8.47100", "2007-12-31": "11.19400", "2007-09-30": "13.46100", "2007-06-30": "12.50800", "2007-03-31": "11.33800", "2006-12-31": "11.01300", "2006-09-30": "12.01500", "2006-06-30": "10.31000", "2006-03-31": "6.39900", "2005-12-31": "5.04100", "2005-09-30": "5.57000", "2005-06-30": "4.98300", "2005-03-31": "5.08800"}, "Pre-Tax Income": {"2020-12-31": "119.14800", "2020-09-30": "115.99800", "2020-06-30": "129.09500", "2020-03-31": "190.63900", "2019-12-31": "175.95900", "2019-09-30": "108.11400", "2019-06-30": "107.24300", "2019-03-31": "118.18400", "2018-12-31": "187.62400", "2018-09-30": "159.41500", "2018-06-30": "131.47000", "2018-03-31": "150.94600", "2017-12-31": "182.12300", "2017-09-30": "133.84100", "2017-06-30": "114.35300", "2017-03-31": "120.02900", "2016-12-31": "192.22800", "2016-09-30": "122.06200", "2016-06-30": "126.63500", "2016-03-31": "86.84500", "2015-12-31": "-35.09800", "2015-09-30": "53.35800", "2015-06-30": "110.72700", "2015-03-31": "35.59700", "2014-12-31": "107.70100", "2014-09-30": "48.22200", "2014-06-30": "51.02800", "2014-03-31": "68.75500", "2013-12-31": "162.01800", "2013-09-30": "90.80500", "2013-06-30": "77.26300", "2013-03-31": "57.80400", "2012-12-31": "149.23600", "2012-09-30": "90.89800", "2012-06-30": "85.54500", "2012-03-31": "84.55000", "2011-12-31": "138.54600", "2011-09-30": "102.81800", "2011-06-30": "100.67800", "2011-03-31": "88.45500", "2010-12-31": "115.94200", "2010-09-30": "87.17700", "2010-06-30": "74.69300", "2010-03-31": "56.00800", "2009-12-31": "81.20000", "2009-09-30": "61.72500", "2009-06-30": "44.79500", "2009-03-31": "6.17200", "2008-12-31": "72.06900", "2008-09-30": "50.88000", "2008-06-30": "35.21200", "2008-03-31": "38.76200", "2007-12-31": "60.65200", "2007-09-30": "73.44500", "2007-06-30": "67.24200", "2007-03-31": "49.56900", "2006-12-31": "70.97500", "2006-09-30": "57.08200", "2006-06-30": "59.65100", "2006-03-31": "55.37300", "2005-12-31": "71.21500", "2005-09-30": "50.36300", "2005-06-30": "54.04600", "2005-03-31": "48.73000"}, "Income Taxes": {"2020-12-31": "7.05700", "2020-09-30": "17.77100", "2020-06-30": "16.18900", "2020-03-31": "9.41700", "2019-12-31": "-31.15400", "2019-09-30": "-162.74300", "2019-06-30": "13.74800", "2019-03-31": "7.83600", "2018-12-31": "21.90600", "2018-09-30": "0.55800", "2018-06-30": "24.63700", "2018-03-31": "6.68700", "2017-12-31": "466.01210", "2017-09-30": "7.12100", "2017-06-30": "5.52400", "2017-03-31": "49.70400", "2016-12-31": "13.65300", "2016-09-30": "10.32500", "2016-06-30": "20.34600", "2016-03-31": "13.59100", "2015-12-31": "-62.14400", "2015-09-30": "-2.56700", "2015-06-30": "7.45200", "2015-03-31": "6.71000", "2014-12-31": "12.47300", "2014-09-30": "0.69000", "2014-06-30": "-1.99600", "2014-03-31": "12.81600", "2013-12-31": "23.37400", "2013-09-30": "14.07500", "2013-06-30": "12.80200", "2013-03-31": "-1.88400", "2012-12-31": "35.20700", "2012-09-30": "12.65300", "2012-06-30": "-6.46100", "2012-03-31": "16.28300", "2011-12-31": "29.84700", "2011-09-30": "10.64200", "2011-06-30": "19.27000", "2011-03-31": "15.10800", "2010-12-31": "22.18600", "2010-09-30": "-0.60200", "2010-06-30": "27.13600", "2010-03-31": "8.65900", "2009-12-31": "-6.94800", "2009-09-30": "8.30200", "2009-06-30": "2.27600", "2009-03-31": "-0.75500", "2008-12-31": "11.96900", "2008-09-30": "1.73100", "2008-06-30": "0.56300", "2008-03-31": "4.38400", "2007-12-31": "-2.11300", "2007-09-30": "12.75000", "2007-06-30": "13.85200", "2007-03-31": "11.93600", "2006-12-31": "18.07200", "2006-09-30": "13.42200", "2006-06-30": "14.68000", "2006-03-31": "13.91000", "2005-12-31": "13.00500", "2005-09-30": "9.41000", "2005-06-30": "26.16000", "2005-03-31": "10.17000"}, "Income After Taxes": {"2020-12-31": "112.09100", "2020-09-30": "98.22700", "2020-06-30": "112.90600", "2020-03-31": "181.22200", "2019-12-31": "207.11300", "2019-09-30": "270.85700", "2019-06-30": "93.49500", "2019-03-31": "110.34800", "2018-12-31": "165.71800", "2018-09-30": "158.85700", "2018-06-30": "106.83300", "2018-03-31": "144.25900", "2017-12-31": "-283.88900", "2017-09-30": "126.72000", "2017-06-30": "108.82900", "2017-03-31": "70.32500", "2016-12-31": "178.57500", "2016-09-30": "111.73700", "2016-06-30": "106.28900", "2016-03-31": "73.25400", "2015-12-31": "27.04600", "2015-09-30": "55.92500", "2015-06-30": "103.27500", "2015-03-31": "28.88700", "2014-12-31": "95.22800", "2014-09-30": "47.53200", "2014-06-30": "53.02400", "2014-03-31": "55.93900", "2013-12-31": "138.64400", "2013-09-30": "76.73000", "2013-06-30": "64.46100", "2013-03-31": "59.68800", "2012-12-31": "114.02900", "2012-09-30": "78.24500", "2012-06-30": "92.00600", "2012-03-31": "68.26700", "2011-12-31": "108.69900", "2011-09-30": "92.17600", "2011-06-30": "81.40800", "2011-03-31": "73.34700", "2010-12-31": "93.75600", "2010-09-30": "87.77900", "2010-06-30": "47.55700", "2010-03-31": "47.34900", "2009-12-31": "88.14800", "2009-09-30": "53.42300", "2009-06-30": "42.51900", "2009-03-31": "6.92700", "2008-12-31": "60.10000", "2008-09-30": "49.14900", "2008-06-30": "34.64900", "2008-03-31": "34.37800", "2007-12-31": "62.76500", "2007-09-30": "60.69500", "2007-06-30": "53.39000", "2007-03-31": "37.63300", "2006-12-31": "52.90300", "2006-09-30": "43.66000", "2006-06-30": "44.97100", "2006-03-31": "41.46300", "2005-12-31": "58.21000", "2005-09-30": "40.95300", "2005-06-30": "27.88600", "2005-03-31": "38.56000"}, "Other Income": {"2020-12-31": "", "2020-09-30": "", "2020-06-30": "", "2020-03-31": "", "2019-12-31": "", "2019-09-30": "", "2019-06-30": "", "2019-03-31": "", "2018-12-31": "", "2018-09-30": "", "2018-06-30": "", "2018-03-31": "", "2017-12-31": "", "2017-09-30": "", "2017-06-30": "", "2017-03-31": "", "2016-12-31": "", "2016-09-30": "", "2016-06-30": "", "2016-03-31": "", "2015-12-31": "", "2015-09-30": "", "2015-06-30": "", "2015-03-31": "", "2014-12-31": "", "2014-09-30": "", "2014-06-30": "", "2014-03-31": "", "2013-12-31": "", "2013-09-30": "", "2013-06-30": "", "2013-03-31": "", "2012-12-31": "", "2012-09-30": "", "2012-06-30": "", "2012-03-31": "", "2011-12-31": "", "2011-09-30": "", "2011-06-30": "", "2011-03-31": "", "2010-12-31": "", "2010-09-30": "", "2010-06-30": "", "2010-03-31": "", "2009-12-31": "", "2009-09-30": "", "2009-06-30": "", "2009-03-31": "", "2008-12-31": "", "2008-09-30": "", "2008-06-30": "", "2008-03-31": "", "2007-12-31": "", "2007-09-30": "", "2007-06-30": "", "2007-03-31": "", "2006-12-31": "", "2006-09-30": "", "2006-06-30": "", "2006-03-31": "", "2005-12-31": "", "2005-09-30": "", "2005-06-30": "", "2005-03-31": ""}, "Income From Continuous Operations": {"2020-12-31": "112.09100", "2020-09-30": "98.22700", "2020-06-30": "112.90600", "2020-03-31": "181.22200", "2019-12-31": "207.11300", "2019-09-30": "270.85700", "2019-06-30": "93.49500", "2019-03-31": "110.34800", "2018-12-31": "165.71800", "2018-09-30": "158.85700", "2018-06-30": "106.83300", "2018-03-31": "144.25900", "2017-12-31": "-283.88900", "2017-09-30": "126.72000", "2017-06-30": "108.82900", "2017-03-31": "70.32500", "2016-12-31": "178.57500", "2016-09-30": "111.73700", "2016-06-30": "106.28900", "2016-03-31": "73.25400", "2015-12-31": "27.04600", "2015-09-30": "55.92500", "2015-06-30": "103.27500", "2015-03-31": "28.88700", "2014-12-31": "95.22800", "2014-09-30": "47.53200", "2014-06-30": "53.02400", "2014-03-31": "55.93900", "2013-12-31": "138.64400", "2013-09-30": "76.73000", "2013-06-30": "64.46100", "2013-03-31": "59.68800", "2012-12-31": "114.02900", "2012-09-30": "78.24500", "2012-06-30": "92.00600", "2012-03-31": "68.26700", "2011-12-31": "108.69900", "2011-09-30": "92.17600", "2011-06-30": "81.40800", "2011-03-31": "73.34700", "2010-12-31": "93.75600", "2010-09-30": "87.77900", "2010-06-30": "47.55700", "2010-03-31": "47.34900", "2009-12-31": "88.14800", "2009-09-30": "53.42300", "2009-06-30": "42.51900", "2009-03-31": "6.92700", "2008-12-31": "60.10000", "2008-09-30": "49.14900", "2008-06-30": "34.64900", "2008-03-31": "34.37800", "2007-12-31": "62.76500", "2007-09-30": "60.69500", "2007-06-30": "53.39000", "2007-03-31": "37.63300", "2006-12-31": "52.90300", "2006-09-30": "43.66000", "2006-06-30": "44.97100", "2006-03-31": "41.46300", "2005-12-31": "58.21000", "2005-09-30": "40.95300", "2005-06-30": "27.88600", "2005-03-31": "38.56000"}, "Income From Discontinued Operations": {"2020-12-31": "", "2020-09-30": "", "2020-06-30": "", "2020-03-31": "", "2019-12-31": "", "2019-09-30": "", "2019-06-30": "", "2019-03-31": "", "2018-12-31": "", "2018-09-30": "", "2018-06-30": "", "2018-03-31": "", "2017-12-31": "", "2017-09-30": "", "2017-06-30": "", "2017-03-31": "-42.70400", "2016-12-31": "21.27500", "2016-09-30": "20.16400", "2016-06-30": "14.60900", "2016-03-31": "10.20900", "2015-12-31": "", "2015-09-30": "", "2015-06-30": "", "2015-03-31": "", "2014-12-31": "", "2014-09-30": "", "2014-06-30": "", "2014-03-31": "", "2013-12-31": "", "2013-09-30": "", "2013-06-30": "", "2013-03-31": "", "2012-12-31": "", "2012-09-30": "", "2012-06-30": "", "2012-03-31": "", "2011-12-31": "", "2011-09-30": "", "2011-06-30": "", "2011-03-31": "", "2010-12-31": "", "2010-09-30": "", "2010-06-30": "", "2010-03-31": "", "2009-12-31": "", "2009-09-30": "", "2009-06-30": "", "2009-03-31": "", "2008-12-31": "", "2008-09-30": "", "2008-06-30": "", "2008-03-31": "", "2007-12-31": "", "2007-09-30": "", "2007-06-30": "", "2007-03-31": "", "2006-12-31": "", "2006-09-30": "", "2006-06-30": "", "2006-03-31": "", "2005-12-31": "", "2005-09-30": "", "2005-06-30": "", "2005-03-31": ""}, "Net Income": {"2020-12-31": "112.09100", "2020-09-30": "98.22700", "2020-06-30": "112.90600", "2020-03-31": "181.22200", "2019-12-31": "207.11300", "2019-09-30": "270.85700", "2019-06-30": "93.49500", "2019-03-31": "110.34800", "2018-12-31": "165.71800", "2018-09-30": "158.85700", "2018-06-30": "106.83300", "2018-03-31": "144.25900", "2017-12-31": "-283.88900", "2017-09-30": "126.72000", "2017-06-30": "108.82900", "2017-03-31": "27.62100", "2016-12-31": "199.85000", "2016-09-30": "131.90100", "2016-06-30": "120.89800", "2016-03-31": "83.46300", "2015-12-31": "131.27400", "2015-09-30": "55.92500", "2015-06-30": "103.27500", "2015-03-31": "28.88700", "2014-12-31": "95.22800", "2014-09-30": "47.53200", "2014-06-30": "53.02400", "2014-03-31": "55.93900", "2013-12-31": "138.64400", "2013-09-30": "76.73000", "2013-06-30": "64.46100", "2013-03-31": "59.68800", "2012-12-31": "114.02900", "2012-09-30": "78.24500", "2012-06-30": "92.00600", "2012-03-31": "68.26700", "2011-12-31": "108.69900", "2011-09-30": "92.17600", "2011-06-30": "81.94400", "2011-03-31": "73.50300", "2010-12-31": "94.38000", "2010-09-30": "87.77900", "2010-06-30": "47.55700", "2010-03-31": "47.34900", "2009-12-31": "88.14800", "2009-09-30": "53.42300", "2009-06-30": "42.51900", "2009-03-31": "6.92700", "2008-12-31": "60.10000", "2008-09-30": "49.14900", "2008-06-30": "34.64900", "2008-03-31": "34.37800", "2007-12-31": "62.76500", "2007-09-30": "60.69500", "2007-06-30": "53.39000", "2007-03-31": "37.63300", "2006-12-31": "52.90300", "2006-09-30": "43.66000", "2006-06-30": "44.97100", "2006-03-31": "41.46300", "2005-12-31": "58.21000", "2005-09-30": "40.95300", "2005-06-30": "27.88600", "2005-03-31": "38.56000"}, "EBITDA": {"2020-12-31": "", "2020-09-30": "180.99500", "2020-06-30": "196.56300", "2020-03-31": "255.24800", "2019-12-31": "241.43800", "2019-09-30": "180.58500", "2019-06-30": "173.29900", "2019-03-31": "185.31610", "2018-12-31": "260.02800", "2018-09-30": "220.09510", "2018-06-30": "199.53700", "2018-03-31": "217.43900", "2017-12-31": "248.19890", "2017-09-30": "189.12300", "2017-06-30": "170.04400", "2017-03-31": "171.94400", "2016-12-31": "251.49600", "2016-09-30": "182.54500", "2016-06-30": "192.77400", "2016-03-31": "148.88200", "2015-12-31": "32.27320", "2015-09-30": "208.64800", "2015-06-30": "199.02790", "2015-03-31": "125.81300", "2014-12-31": "219.65060", "2014-09-30": "135.34200", "2014-06-30": "158.96300", "2014-03-31": "141.91800", "2013-12-31": "229.71210", "2013-09-30": "155.52300", "2013-06-30": "141.83800", "2013-03-31": "121.14400", "2012-12-31": "206.23890", "2012-09-30": "141.12500", "2012-06-30": "127.99000", "2012-03-31": "130.29700", "2011-12-31": "179.47510", "2011-09-30": "147.56800", "2011-06-30": "132.44600", "2011-03-31": "116.73200", "2010-12-31": "148.87790", "2010-09-30": "115.94800", "2010-06-30": "107.97800", "2010-03-31": "86.07000", "2009-12-31": "114.10200", "2009-09-30": "90.18600", "2009-06-30": "73.86900", "2009-03-31": "39.09700", "2008-12-31": "96.88080", "2008-09-30": "78.36700", "2008-06-30": "60.47600", "2008-03-31": "57.98300", "2007-12-31": "75.44310", "2007-09-30": "80.47600", "2007-06-30": "74.61400", "2007-03-31": "57.07100", "2006-12-31": "77.21700", "2006-09-30": "60.97000", "2006-06-30": "64.51200", "2006-03-31": "64.22800", "2005-12-31": "81.66100", "2005-09-30": "58.03400", "2005-06-30": "60.31200", "2005-03-31": "54.02300"}, "EBIT": {"2020-12-31": "135.28500", "2020-09-30": "128.30500", "2020-06-30": "143.67100", "2020-03-31": "201.54700", "2019-12-31": "185.36080", "2019-09-30": "110.83100", "2019-06-30": "117.08200", "2019-03-31": "122.84410", "2018-12-31": "202.47090", "2018-09-30": "164.77910", "2018-06-30": "145.14700", "2018-03-31": "165.56300", "2017-12-31": "189.69910", "2017-09-30": "136.71300", "2017-06-30": "121.94100", "2017-03-31": "122.64400", "2016-12-31": "202.34420", "2016-09-30": "128.62900", "2016-06-30": "133.93900", "2016-03-31": "95.25200", "2015-12-31": "-34.88670", "2015-09-30": "63.79800", "2015-06-30": "122.14890", "2015-03-31": "51.73200", "2014-12-31": "117.40780", "2014-09-30": "58.59700", "2014-06-30": "54.41900", "2014-03-31": "71.88700", "2013-12-31": "160.85410", "2013-09-30": "87.36700", "2013-06-30": "75.88800", "2013-03-31": "56.60800", "2012-12-31": "145.42100", "2012-09-30": "82.41500", "2012-06-30": "82.19200", "2012-03-31": "80.75000", "2011-12-31": "135.81400", "2011-09-30": "104.67900", "2011-06-30": "95.59000", "2011-03-31": "80.88300", "2010-12-31": "113.34590", "2010-09-30": "81.47700", "2010-06-30": "73.81800", "2010-03-31": "52.07500", "2009-12-31": "77.84800", "2009-09-30": "56.10000", "2009-06-30": "39.72600", "2009-03-31": "5.00300", "2008-12-31": "63.12090", "2008-09-30": "47.69900", "2008-06-30": "28.89000", "2008-03-31": "30.29100", "2007-12-31": "49.45810", "2007-09-30": "59.98400", "2007-06-30": "54.73400", "2007-03-31": "38.23100", "2006-12-31": "59.96190", "2006-09-30": "45.06700", "2006-06-30": "49.34100", "2006-03-31": "48.97400", "2005-12-31": "66.17400", "2005-09-30": "44.79300", "2005-06-30": "49.06300", "2005-03-31": "43.64200"}, "Basic Shares Outstanding": {"2020-12-31": "", "2020-09-30": "123.25500", "2020-06-30": "123.52200", "2020-03-31": "124.73700", "2019-12-31": "130.85300", "2019-09-30": "130.27700", "2019-06-30": "131.30900", "2019-03-31": "131.48300", "2018-12-31": "136.03000", "2018-09-30": "135.05500", "2018-06-30": "135.99300", "2018-03-31": "139.24800", "2017-12-31": "150.77900", "2017-09-30": "151.15600", "2017-06-30": "151.21200", "2017-03-31": "153.24700", "2016-12-31": "155.13400", "2016-09-30": "155.52500", "2016-06-30": "154.99800", "2016-03-31": "154.06700", "2015-12-31": "158.87400", "2015-09-30": "160.35900", "2015-06-30": "161.08500", "2015-03-31": "160.32300", "2014-12-31": "169.87900", "2014-09-30": "164.22900", "2014-06-30": "169.97300", "2014-03-31": "183.99700", "2013-12-31": "186.67200", "2013-09-30": "187.45900", "2013-06-30": "187.22900", "2013-03-31": "186.65800", "2012-12-31": "186.72200", "2012-09-30": "186.86400", "2012-06-30": "186.37200", "2012-03-31": "185.73000", "2011-12-31": "187.31500", "2011-09-30": "186.97900", "2011-06-30": "187.69100", "2011-03-31": "187.57100", "2010-12-31": "185.95900", "2010-09-30": "186.55800", "2010-06-30": "185.25600", "2010-03-31": "184.01800", "2009-12-31": "181.80500", "2009-09-30": "182.53100", "2009-06-30": "181.56700", "2009-03-31": "180.34700", "2008-12-31": "183.02300", "2008-09-30": "182.22800", "2008-06-30": "183.59500", "2008-03-31": "185.48600", "2007-12-31": "181.50100", "2007-09-30": "180.18900", "2007-06-30": "179.77400", "2007-03-31": "179.28200", "2006-12-31": "180.99200", "2006-09-30": "183.00800", "2006-06-30": "183.02300", "2006-03-31": "178.16900", "2005-12-31": "172.22100", "2005-09-30": "172.87000", "2005-06-30": "169.69800", "2005-03-31": "170.13900"}, "Shares Outstanding": {"2020-12-31": "125.38400", "2020-09-30": "125.86300", "2020-06-30": "125.73500", "2020-03-31": "127.57700", "2019-12-31": "135.49500", "2019-09-30": "132.65500", "2019-06-30": "134.27700", "2019-03-31": "141.02500", "2018-12-31": "145.93400", "2018-09-30": "147.56800", "2018-06-30": "145.44700", "2018-03-31": "146.38800", "2017-12-31": "155.50300", "2017-09-30": "154.62700", "2017-06-30": "156.03600", "2017-03-31": "158.36900", "2016-12-31": "157.08400", "2016-09-30": "157.53200", "2016-06-30": "156.66600", "2016-03-31": "155.94500", "2015-12-31": "160.36200", "2015-09-30": "161.77700", "2015-06-30": "162.02700", "2015-03-31": "162.03600", "2014-12-31": "171.27000", "2014-09-30": "165.71300", "2014-06-30": "170.89100", "2014-03-31": "185.68100", "2013-12-31": "188.24500", "2013-09-30": "188.98000", "2013-06-30": "188.48600", "2013-03-31": "189.01100", "2012-12-31": "189.12900", "2012-09-30": "189.67100", "2012-06-30": "189.27900", "2012-03-31": "188.88400", "2011-12-31": "190.64100", "2011-09-30": "189.73000", "2011-06-30": "191.41200", "2011-03-31": "191.50000", "2010-12-31": "190.33500", "2010-09-30": "191.00400", "2010-06-30": "189.27800", "2010-03-31": "188.84200", "2009-12-31": "184.98500", "2009-09-30": "186.33400", "2009-06-30": "184.74000", "2009-03-31": "182.37300", "2008-12-31": "186.68200", "2008-09-30": "185.66600", "2008-06-30": "188.02100", "2008-03-31": "189.98700", "2007-12-31": "187.38000", "2007-09-30": "186.74700", "2007-06-30": "185.43400", "2007-03-31": "184.35700", "2006-12-31": "187.72500", "2006-09-30": "188.91700", "2006-06-30": "191.42500", "2006-03-31": "185.98800", "2005-12-31": "177.77100", "2005-09-30": "178.21000", "2005-06-30": "175.14600", "2005-03-31": "175.91300"}, "Basic EPS": {"2020-12-31": "", "2020-09-30": "0.80000", "2020-06-30": "0.91000", "2020-03-31": "1.45000", "2019-12-31": "1.58000", "2019-09-30": "2.08000", "2019-06-30": "0.71000", "2019-03-31": "0.84000", "2018-12-31": "1.22000", "2018-09-30": "1.18000", "2018-06-30": "0.79000", "2018-03-31": "1.04000", "2017-12-31": "-1.87000", "2017-09-30": "0.84000", "2017-06-30": "0.72000", "2017-03-31": "0.18000", "2016-12-31": "1.29000", "2016-09-30": "0.85000", "2016-06-30": "0.78000", "2016-03-31": "0.54000", "2015-12-31": "0.84000", "2015-09-30": "0.35000", "2015-06-30": "0.64000", "2015-03-31": "0.18000", "2014-12-31": "0.58000", "2014-09-30": "0.29000", "2014-06-30": "0.31000", "2014-03-31": "0.30000", "2013-12-31": "0.75000", "2013-09-30": "0.41000", "2013-06-30": "0.34000", "2013-03-31": "0.32000", "2012-12-31": "0.61000", "2012-09-30": "0.42000", "2012-06-30": "0.49000", "2012-03-31": "0.37000", "2011-12-31": "0.58000", "2011-09-30": "0.49000", "2011-06-30": "0.44000", "2011-03-31": "0.39000", "2010-12-31": "0.50000", "2010-09-30": "0.47000", "2010-06-30": "0.26000", "2010-03-31": "0.26000", "2009-12-31": "0.49000", "2009-09-30": "0.29000", "2009-06-30": "0.23000", "2009-03-31": "0.04000", "2008-12-31": "0.32000", "2008-09-30": "0.27000", "2008-06-30": "0.19000", "2008-03-31": "0.19000", "2007-12-31": "0.33000", "2007-09-30": "0.34000", "2007-06-30": "0.30000", "2007-03-31": "0.21000", "2006-12-31": "0.29000", "2006-09-30": "0.24000", "2006-06-30": "0.25000", "2006-03-31": "0.23000", "2005-12-31": "0.33000", "2005-09-30": "0.24000", "2005-06-30": "0.16000", "2005-03-31": "0.23000"}, "EPS - Earnings Per Share": {"2020-12-31": "0.89000", "2020-09-30": "0.78000", "2020-06-30": "0.90000", "2020-03-31": "1.42000", "2019-12-31": "1.51000", "2019-09-30": "2.04000", "2019-06-30": "0.70000", "2019-03-31": "0.78000", "2018-12-31": "1.14000", "2018-09-30": "1.08000", "2018-06-30": "0.73000", "2018-03-31": "0.99000", "2017-12-31": "-1.82000", "2017-09-30": "0.82000", "2017-06-30": "0.70000", "2017-03-31": "0.17000", "2016-12-31": "1.26000", "2016-09-30": "0.84000", "2016-06-30": "0.77000", "2016-03-31": "0.54000", "2015-12-31": "0.82000", "2015-09-30": "0.35000", "2015-06-30": "0.64000", "2015-03-31": "0.18000", "2014-12-31": "0.57000", "2014-09-30": "0.29000", "2014-06-30": "0.31000", "2014-03-31": "0.30000", "2013-12-31": "0.73000", "2013-09-30": "0.41000", "2013-06-30": "0.34000", "2013-03-31": "0.32000", "2012-12-31": "0.60000", "2012-09-30": "0.41000", "2012-06-30": "0.49000", "2012-03-31": "0.36000", "2011-12-31": "0.57000", "2011-09-30": "0.49000", "2011-06-30": "0.43000", "2011-03-31": "0.38000", "2010-12-31": "0.50000", "2010-09-30": "0.46000", "2010-06-30": "0.25000", "2010-03-31": "0.25000", "2009-12-31": "0.47000", "2009-09-30": "0.29000", "2009-06-30": "0.23000", "2009-03-31": "0.04000", "2008-12-31": "0.34000", "2008-09-30": "0.26000", "2008-06-30": "0.18000", "2008-03-31": "0.18000", "2007-12-31": "0.32000", "2007-09-30": "0.33000", "2007-06-30": "0.29000", "2007-03-31": "0.20000", "2006-12-31": "0.29000", "2006-09-30": "0.23000", "2006-06-30": "0.23000", "2006-03-31": "0.22000", "2005-12-31": "0.32000", "2005-09-30": "0.23000", "2005-06-30": "0.16000", "2005-03-31": "0.22000"}}, "balance sheet": {"Cash On Hand": {"2020-12-31": "877.00800", "2019-12-31": "588.81600", "2018-12-31": "1202.38100", "2017-12-31": "1747.64600", "2016-12-31": "1563.01800", "2015-12-31": "871.37000", "2014-12-31": "789.40900", "2013-12-31": "734.71600", "2012-12-31": "928.63100", "2011-12-31": "739.75700", "2010-12-31": "893.80500", "2009-12-31": "599.61100", "2008-12-31": "575.29600", "2007-12-31": "579.83400", "2006-12-31": "501.70600", "2005-12-31": "502.93500"}, "Receivables": {"2020-12-31": "858.00900", "2019-12-31": "720.35900", "2018-12-31": "688.42000", "2017-12-31": "712.53500", "2016-12-31": "681.20600", "2015-12-31": "669.27600", "2014-12-31": "674.40100", "2013-12-31": "654.82100", "2012-12-31": "630.95600", "2011-12-31": "484.43100", "2010-12-31": "378.39500", "2009-12-31": "304.91200", "2008-12-31": "231.29600", "2007-12-31": "225.86100", "2006-12-31": "204.97400", "2005-12-31": "142.01500"}, "Inventory": {"2020-12-31": "20.08900", "2019-12-31": "15.89800", "2018-12-31": "21.90500", "2017-12-31": "13.91200", "2016-12-31": "12.52200", "2015-12-31": "10.52100", "2014-12-31": "12.61700", "2013-12-31": "14.10700", "2012-12-31": "10.72300", "2011-12-31": "8.50700", "2010-12-31": "6.98000", "2009-12-31": "8.66400", "2008-12-31": "11.22600", "2007-12-31": "9.62900", "2006-12-31": "6.61900", "2005-12-31": "3.93300"}, "Pre-Paid Expenses": {"2020-12-31": "236.00000", "2019-12-31": "187.65900", "2018-12-31": "174.19500", "2017-12-31": "147.33000", "2016-12-31": "124.84200", "2015-12-31": "132.78400", "2014-12-31": "166.00500", "2013-12-31": "110.98100", "2012-12-31": "106.57900", "2011-12-31": "95.41900", "2010-12-31": "105.07300", "2009-12-31": "71.51900", "2008-12-31": "84.53000", "2007-12-31": "75.99500", "2006-12-31": "45.64600", "2005-12-31": "31.16400"}, "Other Current Assets": {"2020-12-31": "", "2019-12-31": "", "2018-12-31": "", "2017-12-31": "", "2016-12-31": "", "2015-12-31": "", "2014-12-31": "", "2013-12-31": "", "2012-12-31": "", "2011-12-31": "", "2010-12-31": "", "2009-12-31": "", "2008-12-31": "", "2007-12-31": "", "2006-12-31": "", "2005-12-31": ""}, "Total Current Assets": {"2020-12-31": "1991.10600", "2019-12-31": "1512.73200", "2018-12-31": "2086.90100", "2017-12-31": "2621.42300", "2016-12-31": "2561.27700", "2015-12-31": "1683.95100", "2014-12-31": "1688.32400", "2013-12-31": "1563.09500", "2012-12-31": "1713.73500", "2011-12-31": "1373.03000", "2010-12-31": "1470.47900", "2009-12-31": "1039.29500", "2008-12-31": "940.14000", "2007-12-31": "934.34500", "2006-12-31": "811.73700", "2005-12-31": "727.40900"}, "Property, Plant, And Equipment": {"2020-12-31": "208.81100", "2019-12-31": "231.89400", "2018-12-31": "243.39600", "2017-12-31": "252.93200", "2016-12-31": "261.95400", "2015-12-31": "373.81700", "2014-12-31": "367.77900", "2013-12-31": "338.99600", "2012-12-31": "303.29400", "2011-12-31": "277.42900", "2010-12-31": "250.48200", "2009-12-31": "247.70300", "2008-12-31": "254.33400", "2007-12-31": "134.90700", "2006-12-31": "92.58000", "2005-12-31": "73.72700"}, "Long-Term Investments": {"2020-12-31": "14.36500", "2019-12-31": "16.64000", "2018-12-31": "574.31900", "2017-12-31": "984.32800", "2016-12-31": "980.14200", "2015-12-31": "891.96400", "2014-12-31": "1073.11000", "2013-12-31": "855.70000", "2012-12-31": "595.31300", "2011-12-31": "737.84400", "2010-12-31": "791.85400", "2009-12-31": "607.64600", "2008-12-31": "275.58500", "2007-12-31": "218.67600", "2006-12-31": "241.67500", "2005-12-31": "51.28600"}, "Goodwill And Intangible Assets": {"2020-12-31": "1879.89900", "2019-12-31": "1906.88600", "2018-12-31": "1969.85700", "2017-12-31": "1756.44600", "2016-12-31": "1759.57400", "2015-12-31": "2246.14000", "2014-12-31": "2187.56800", "2013-12-31": "2278.54400", "2012-12-31": "2074.42400", "2011-12-31": "1582.49200", "2010-12-31": "1099.24400", "2009-12-31": "1113.01400", "2008-12-31": "1174.72600", "2007-12-31": "1164.83100", "2006-12-31": "762.15200", "2005-12-31": "729.32700"}, "Other Long-Term Assets": {"2020-12-31": "222.53300", "2019-12-31": "152.80600", "2018-12-31": "124.57800", "2017-12-31": "52.68500", "2016-12-31": "54.44900", "2015-12-31": "56.44900", "2014-12-31": "67.02800", "2013-12-31": "60.49600", "2012-12-31": "66.53900", "2011-12-31": "61.26700", "2010-12-31": "47.72600", "2009-12-31": "45.54500", "2008-12-31": "36.58500", "2007-12-31": "81.93400", "2006-12-31": "74.73500", "2005-12-31": "71.70100"}, "Total Long-Term Assets": {"2020-12-31": "2899.24100", "2019-12-31": "2876.19400", "2018-12-31": "3049.14800", "2017-12-31": "3198.75300", "2016-12-31": "3828.95000", "2015-12-31": "3783.56600", "2014-12-31": "3823.68300", "2013-12-31": "3649.15400", "2012-12-31": "3082.66700", "2011-12-31": "2726.51100", "2010-12-31": "2233.12100", "2009-12-31": "2051.85200", "2008-12-31": "1754.16600", "2007-12-31": "1600.34800", "2006-12-31": "1212.73600", "2005-12-31": "971.57300"}, "Total Assets": {"2020-12-31": "4890.34700", "2019-12-31": "4388.92600", "2018-12-31": "5136.04900", "2017-12-31": "5820.17600", "2016-12-31": "6390.22700", "2015-12-31": "5467.51700", "2014-12-31": "5512.00700", "2013-12-31": "5212.24900", "2012-12-31": "4796.40200", "2011-12-31": "4099.54100", "2010-12-31": "3703.60000", "2009-12-31": "3091.14700", "2008-12-31": "2694.30600", "2007-12-31": "2534.69300", "2006-12-31": "2024.47300", "2005-12-31": "1698.98200"}, "Total Current Liabilities": {"2020-12-31": "2152.42700", "2019-12-31": "1828.58700", "2018-12-31": "2911.14000", "2017-12-31": "1687.07900", "2016-12-31": "3098.34900", "2015-12-31": "1680.96900", "2014-12-31": "1590.10900", "2013-12-31": "1464.06100", "2012-12-31": "1342.87300", "2011-12-31": "1179.13000", "2010-12-31": "1020.01200", "2009-12-31": "834.36400", "2008-12-31": "730.91700", "2007-12-31": "654.27400", "2006-12-31": "535.54300", "2005-12-31": "432.35400"}, "Long Term Debt": {"2020-12-31": "1732.62200", "2019-12-31": "742.92600", "2018-12-31": "741.82500", "2017-12-31": "2127.47400", "2016-12-31": "", "2015-12-31": "1311.07100", "2014-12-31": "1292.95300", "2013-12-31": "", "2012-12-31": "", "2011-12-31": "", "2010-12-31": "", "2009-12-31": "", "2008-12-31": "", "2007-12-31": "", "2006-12-31": "", "2005-12-31": "31.00000"}, "Other Non-Current Liabilities": {"2020-12-31": "305.02800", "2019-12-31": "326.91700", "2018-12-31": "442.23600", "2017-12-31": "457.39300", "2016-12-31": "199.30800", "2015-12-31": "87.71700", "2014-12-31": "97.52900", "2013-12-31": "115.32200", "2012-12-31": "99.03300", "2011-12-31": "48.68000", "2010-12-31": "8.36200", "2009-12-31": "4.94000", "2008-12-31": "0.74400", "2007-12-31": "6.71300", "2006-12-31": "1.12300", "2005-12-31": "1.29700"}, "Total Long Term Liabilities": {"2020-12-31": "2625.77700", "2019-12-31": "1722.68300", "2018-12-31": "1673.39000", "2017-12-31": "3140.63600", "2016-12-31": "683.15100", "2015-12-31": "1813.10200", "2014-12-31": "1748.25300", "2013-12-31": "428.38100", "2012-12-31": "331.75200", "2011-12-31": "189.92100", "2010-12-31": "123.00000", "2009-12-31": "68.27600", "2008-12-31": "45.52400", "2007-12-31": "42.09400", "2006-12-31": "24.64100", "2005-12-31": "52.10000"}, "Total Liabilities": {"2020-12-31": "4778.20400", "2019-12-31": "3551.27000", "2018-12-31": "4584.53000", "2017-12-31": "4827.71500", "2016-12-31": "3781.50000", "2015-12-31": "3494.07100", "2014-12-31": "3338.36200", "2013-12-31": "1892.44200", "2012-12-31": "1674.62500", "2011-12-31": "1369.05100", "2010-12-31": "1143.01200", "2009-12-31": "902.64000", "2008-12-31": "776.44100", "2007-12-31": "696.36800", "2006-12-31": "560.18400", "2005-12-31": "484.45400"}, "Common Stock Net": {"2020-12-31": "0.32200", "2019-12-31": "0.31900", "2018-12-31": "0.31000", "2017-12-31": "0.30600", "2016-12-31": "0.30300", "2015-12-31": "0.29900", "2014-12-31": "0.29500", "2013-12-31": "0.29100", "2012-12-31": "0.28700", "2011-12-31": "0.28300", "2010-12-31": "0.27800", "2009-12-31": "0.26500", "2008-12-31": "0.25600", "2007-12-31": "0.25200", "2006-12-31": "0.23800", "2005-12-31": "0.22600"}, "Retained Earnings (Accumulated Deficit)": {"2020-12-31": "4984.33300", "2019-12-31": "4660.14500", "2018-12-31": "4169.01900", "2017-12-31": "3509.48400", "2016-12-31": "4010.73700", "2015-12-31": "3474.62500", "2014-12-31": "3155.26400", "2013-12-31": "2903.54100", "2012-12-31": "2564.01800", "2011-12-31": "2211.47100", "2010-12-31": "1855.14900", "2009-12-31": "1578.08400", "2008-12-31": "1387.06700", "2007-12-31": "1208.79100", "2006-12-31": "1006.70600", "2005-12-31": "823.70900"}, "Comprehensive Income": {"2020-12-31": "-3.64900", "2019-12-31": "-5.12700", "2018-12-31": "-8.15400", "2017-12-31": "-10.80600", "2016-12-31": "-28.70400", "2015-12-31": "-28.52700", "2014-12-31": "-36.79000", "2013-12-31": "4.95100", "2012-12-31": "-7.70500", "2011-12-31": "-11.56100", "2010-12-31": "2.02300", "2009-12-31": "-2.06000", "2008-12-31": "-15.85200", "2007-12-31": "5.75100", "2006-12-31": "4.18000", "2005-12-31": "-4.46300"}, "Other Share Holders Equity": {"2020-12-31": "", "2019-12-31": "", "2018-12-31": "", "2017-12-31": "", "2016-12-31": "", "2015-12-31": "", "2014-12-31": "", "2013-12-31": "", "2012-12-31": "", "2011-12-31": "", "2010-12-31": "", "2009-12-31": "", "2008-12-31": "", "2007-12-31": "", "2006-12-31": "", "2005-12-31": ""}, "Share Holder Equity": {"2020-12-31": "112.14300", "2019-12-31": "837.65600", "2018-12-31": "551.51900", "2017-12-31": "992.46100", "2016-12-31": "2608.72700", "2015-12-31": "1973.44600", "2014-12-31": "2173.64500", "2013-12-31": "3319.80700", "2012-12-31": "3121.77700", "2011-12-31": "2730.49000", "2010-12-31": "2560.58800", "2009-12-31": "2188.50700", "2008-12-31": "1917.86500", "2007-12-31": "1838.32500", "2006-12-31": "1464.28900", "2005-12-31": "1214.52800"}, "Total Liabilities And Share Holders Equity": {"2020-12-31": "4890.34700", "2019-12-31": "4388.92600", "2018-12-31": "5136.04900", "2017-12-31": "5820.17600", "2016-12-31": "6390.22700", "2015-12-31": "5467.51700", "2014-12-31": "5512.00700", "2013-12-31": "5212.24900", "2012-12-31": "4796.40200", "2011-12-31": "4099.54100", "2010-12-31": "3703.60000", "2009-12-31": "3091.14700", "2008-12-31": "2694.30600", "2007-12-31": "2534.69300", "2006-12-31": "2024.47300", "2005-12-31": "1698.98200"}}, "balance sheet, quarterly": {"Cash On Hand": {"2020-12-31": "877.00800", "2020-09-30": "924.78100", "2020-06-30": "867.67000", "2020-03-31": "550.52500", "2019-12-31": "588.81600", "2019-09-30": "549.20600", "2019-06-30": "563.14500", "2019-03-31": "1786.28000", "2018-12-31": "1202.38100", "2018-09-30": "1833.87800", "2018-06-30": "1509.07500", "2018-03-31": "1464.96400", "2017-12-31": "1747.64600", "2017-09-30": "1503.76200", "2017-06-30": "1355.86300", "2017-03-31": "1414.09500", "2016-12-31": "1563.01800", "2016-09-30": "1663.01100", "2016-06-30": "1350.83100", "2016-03-31": "1155.75400", "2015-12-31": "871.37000", "2015-09-30": "1072.80000", "2015-06-30": "872.49100", "2015-03-31": "983.31900", "2014-12-31": "789.40900", "2014-09-30": "747.22300", "2014-06-30": "820.39790", "2014-03-31": "829.27700", "2013-12-31": "734.71600", "2013-09-30": "694.66900", "2013-06-30": "700.15000", "2013-03-31": "657.94400", "2012-12-31": "928.63100", "2012-09-30": "683.04700", "2012-06-30": "1297.78400", "2012-03-31": "867.08110", "2011-12-31": "739.75700", "2011-09-30": "775.05100", "2011-06-30": "898.42100", "2011-03-31": "929.91910", "2010-12-31": "893.80500", "2010-09-30": "902.17900", "2010-06-30": "823.02500", "2010-03-31": "673.06700", "2009-12-31": "599.61100", "2009-09-30": "578.66700", "2009-06-30": "579.67500", "2009-03-31": "556.55900", "2008-12-31": "575.29600", "2008-09-30": "523.89400", "2008-06-30": "451.66500", "2008-03-31": "430.71000", "2007-12-31": "579.83400", "2007-09-30": "710.98700", "2007-06-30": "729.59700", "2007-03-31": "649.75600", "2006-12-31": "501.70600", "2006-09-30": "457.13700", "2006-06-30": "620.83300", "2006-03-31": "580.26500", "2005-12-31": "502.93500", "2005-09-30": "508.23100", "2005-06-30": "390.95100", "2005-03-31": "310.63800"}, "Receivables": {"2020-12-31": "858.00900", "2020-09-30": "564.78200", "2020-06-30": "614.15000", "2020-03-31": "700.02600", "2019-12-31": "720.35900", "2019-09-30": "426.84200", "2019-06-30": "530.10200", "2019-03-31": "482.64700", "2018-12-31": "688.42000", "2018-09-30": "413.50900", "2018-06-30": "528.38600", "2018-03-31": "427.89000", "2017-12-31": "712.53500", "2017-09-30": "464.80100", "2017-06-30": "541.31500", "2017-03-31": "485.76900", "2016-12-31": "681.20600", "2016-09-30": "475.08500", "2016-06-30": "504.42000", "2016-03-31": "450.00000", "2015-12-31": "669.27600", "2015-09-30": "467.81500", "2015-06-30": "500.97600", "2015-03-31": "438.17700", "2014-12-31": "674.40100", "2014-09-30": "465.55800", "2014-06-30": "506.40900", "2014-03-31": "510.86200", "2013-12-31": "654.82100", "2013-09-30": "450.39500", "2013-06-30": "493.67100", "2013-03-31": "450.93900", "2012-12-31": "630.95600", "2012-09-30": "456.54500", "2012-06-30": "404.21200", "2012-03-31": "389.80700", "2011-12-31": "484.43100", "2011-09-30": "339.49400", "2011-06-30": "338.73400", "2011-03-31": "297.19000", "2010-12-31": "378.39500", "2010-09-30": "273.28600", "2010-06-30": "319.37800", "2010-03-31": "242.60700", "2009-12-31": "304.91200", "2009-09-30": "237.89700", "2009-06-30": "224.18400", "2009-03-31": "198.17300", "2008-12-31": "231.29600", "2008-09-30": "220.77200", "2008-06-30": "225.27700", "2008-03-31": "186.60000", "2007-12-31": "225.86100", "2007-09-30": "190.53600", "2007-06-30": "177.41800", "2007-03-31": "168.04700", "2006-12-31": "204.97400", "2006-09-30": "149.34300", "2006-06-30": "136.17500", "2006-03-31": "116.41800", "2005-12-31": "142.01500", "2005-09-30": "111.13000", "2005-06-30": "98.86100", "2005-03-31": "85.45900"}, "Inventory": {"2020-12-31": "20.08900", "2020-09-30": "15.88700", "2020-06-30": "17.76700", "2020-03-31": "17.32300", "2019-12-31": "15.89800", "2019-09-30": "18.51800", "2019-06-30": "22.88800", "2019-03-31": "23.14500", "2018-12-31": "21.90500", "2018-09-30": "21.38600", "2018-06-30": "20.28200", "2018-03-31": "13.56900", "2017-12-31": "13.91200", "2017-09-30": "14.89200", "2017-06-30": "13.22900", "2017-03-31": "15.21000", "2016-12-31": "12.52200", "2016-09-30": "14.80900", "2016-06-30": "11.50900", "2016-03-31": "12.19400", "2015-12-31": "10.52100", "2015-09-30": "10.86300", "2015-06-30": "12.70800", "2015-03-31": "12.02400", "2014-12-31": "12.61700", "2014-09-30": "16.48300", "2014-06-30": "14.20600", "2014-03-31": "12.53700", "2013-12-31": "14.10700", "2013-09-30": "11.97900", "2013-06-30": "13.69700", "2013-03-31": "11.22900", "2012-12-31": "10.72300", "2012-09-30": "10.96100", "2012-06-30": "6.65900", "2012-03-31": "9.43000", "2011-12-31": "8.50700", "2011-09-30": "7.02400", "2011-06-30": "7.33200", "2011-03-31": "7.51300", "2010-12-31": "6.98000", "2010-09-30": "7.34900", "2010-06-30": "7.37400", "2010-03-31": "7.33700", "2009-12-31": "8.66400", "2009-09-30": "8.79300", "2009-06-30": "9.86400", "2009-03-31": "10.03800", "2008-12-31": "11.22600", "2008-09-30": "12.65400", "2008-06-30": "12.82100", "2008-03-31": "13.80500", "2007-12-31": "9.62900", "2007-09-30": "6.80900", "2007-06-30": "6.79100", "2007-03-31": "9.70900", "2006-12-31": "6.61900", "2006-09-30": "5.41500", "2006-06-30": "4.81700", "2006-03-31": "3.95400", "2005-12-31": "3.93300", "2005-09-30": "", "2005-06-30": "", "2005-03-31": ""}, "Pre-Paid Expenses": {"2020-12-31": "236.00000", "2020-09-30": "233.51400", "2020-06-30": "186.39000", "2020-03-31": "193.17900", "2019-12-31": "187.65900", "2019-09-30": "199.43400", "2019-06-30": "155.57900", "2019-03-31": "160.93800", "2018-12-31": "174.19500", "2018-09-30": "229.18800", "2018-06-30": "208.64800", "2018-03-31": "168.98700", "2017-12-31": "147.33000", "2017-09-30": "168.21800", "2017-06-30": "176.08000", "2017-03-31": "170.08300", "2016-12-31": "124.84200", "2016-09-30": "119.48200", "2016-06-30": "135.03100", "2016-03-31": "169.62200", "2015-12-31": "132.78400", "2015-09-30": "141.74200", "2015-06-30": "154.99000", "2015-03-31": "186.22200", "2014-12-31": "166.00500", "2014-09-30": "164.87700", "2014-06-30": "152.75500", "2014-03-31": "138.38900", "2013-12-31": "110.98100", "2013-09-30": "131.92700", "2013-06-30": "123.75300", "2013-03-31": "141.29500", "2012-12-31": "106.57900", "2012-09-30": "124.72300", "2012-06-30": "123.06400", "2012-03-31": "112.11500", "2011-12-31": "95.41900", "2011-09-30": "104.59500", "2011-06-30": "122.97300", "2011-03-31": "112.92600", "2010-12-31": "105.07300", "2010-09-30": "142.37100", "2010-06-30": "105.54600", "2010-03-31": "108.64600", "2009-12-31": "71.51900", "2009-09-30": "100.75600", "2009-06-30": "104.41400", "2009-03-31": "87.56200", "2008-12-31": "84.53000", "2008-09-30": "91.68300", "2008-06-30": "91.63300", "2008-03-31": "100.16800", "2007-12-31": "75.99500", "2007-09-30": "70.72600", "2007-06-30": "61.56500", "2007-03-31": "56.49600", "2006-12-31": "45.64600", "2006-09-30": "43.05500", "2006-06-30": "54.27500", "2006-03-31": "34.46200", "2005-12-31": "31.16400", "2005-09-30": "33.21400", "2005-06-30": "33.88100", "2005-03-31": "32.10500"}, "Other Current Assets": {"2020-12-31": "", "2020-09-30": "", "2020-06-30": "", "2020-03-31": "", "2019-12-31": "", "2019-09-30": "", "2019-06-30": "", "2019-03-31": "", "2018-12-31": "", "2018-09-30": "", "2018-06-30": "", "2018-03-31": "", "2017-12-31": "", "2017-09-30": "", "2017-06-30": "", "2017-03-31": "", "2016-12-31": "", "2016-09-30": "", "2016-06-30": "", "2016-03-31": "", "2015-12-31": "", "2015-09-30": "", "2015-06-30": "", "2015-03-31": "", "2014-12-31": "", "2014-09-30": "", "2014-06-30": "", "2014-03-31": "", "2013-12-31": "", "2013-09-30": "", "2013-06-30": "", "2013-03-31": "", "2012-12-31": "", "2012-09-30": "", "2012-06-30": "", "2012-03-31": "", "2011-12-31": "", "2011-09-30": "", "2011-06-30": "", "2011-03-31": "", "2010-12-31": "", "2010-09-30": "", "2010-06-30": "", "2010-03-31": "", "2009-12-31": "", "2009-09-30": "", "2009-06-30": "", "2009-03-31": "", "2008-12-31": "", "2008-09-30": "", "2008-06-30": "", "2008-03-31": "", "2007-12-31": "", "2007-09-30": "", "2007-06-30": "", "2007-03-31": "", "2006-12-31": "", "2006-09-30": "", "2006-06-30": "", "2006-03-31": "", "2005-12-31": "", "2005-09-30": "", "2005-06-30": "", "2005-03-31": ""}, "Total Current Assets": {"2020-12-31": "1991.10600", "2020-09-30": "1738.96400", "2020-06-30": "1685.97700", "2020-03-31": "1461.05300", "2019-12-31": "1512.73200", "2019-09-30": "1194.00000", "2019-06-30": "1271.71400", "2019-03-31": "2453.01000", "2018-12-31": "2086.90100", "2018-09-30": "2497.96100", "2018-06-30": "2266.39100", "2018-03-31": "2075.41000", "2017-12-31": "2621.42300", "2017-09-30": "2151.67300", "2017-06-30": "2086.48700", "2017-03-31": "2085.15700", "2016-12-31": "2561.27700", "2016-09-30": "2272.38700", "2016-06-30": "2001.79100", "2016-03-31": "1787.57000", "2015-12-31": "1683.95100", "2015-09-30": "1737.13800", "2015-06-30": "1589.28300", "2015-03-31": "1668.65600", "2014-12-31": "1688.32400", "2014-09-30": "1444.71000", "2014-06-30": "1541.57000", "2014-03-31": "1538.90100", "2013-12-31": "1563.09500", "2013-09-30": "1328.80600", "2013-06-30": "1371.35800", "2013-03-31": "1301.47500", "2012-12-31": "1713.73500", "2012-09-30": "1319.51400", "2012-06-30": "1875.67600", "2012-03-31": "1423.72900", "2011-12-31": "1373.03000", "2011-09-30": "1311.64100", "2011-06-30": "1452.55600", "2011-03-31": "1431.83900", "2010-12-31": "1470.47900", "2010-09-30": "1386.64800", "2010-06-30": "1311.65300", "2010-03-31": "1086.72500", "2009-12-31": "1039.29500", "2009-09-30": "961.26500", "2009-06-30": "952.38900", "2009-03-31": "891.05500", "2008-12-31": "940.14000", "2008-09-30": "893.07500", "2008-06-30": "825.87800", "2008-03-31": "774.97200", "2007-12-31": "934.34500", "2007-09-30": "1036.13000", "2007-06-30": "1030.84300", "2007-03-31": "939.62800", "2006-12-31": "811.73700", "2006-09-30": "701.59900", "2006-06-30": "862.73100", "2006-03-31": "781.46200", "2005-12-31": "727.40900", "2005-09-30": "695.65400", "2005-06-30": "565.45500", "2005-03-31": "472.31500"}, "Property, Plant, And Equipment": {"2020-12-31": "208.81100", "2020-09-30": "212.35300", "2020-06-30": "218.79000", "2020-03-31": "225.09800", "2019-12-31": "231.89400", "2019-09-30": "236.78800", "2019-06-30": "245.39500", "2019-03-31": "243.13200", "2018-12-31": "243.39600", "2018-09-30": "247.54400", "2018-06-30": "246.02500", "2018-03-31": "249.69600", "2017-12-31": "252.93200", "2017-09-30": "254.29700", "2017-06-30": "252.92500", "2017-03-31": "260.14900", "2016-12-31": "261.95400", "2016-09-30": "352.52100", "2016-06-30": "365.80400", "2016-03-31": "376.01200", "2015-12-31": "373.81700", "2015-09-30": "371.10100", "2015-06-30": "370.76700", "2015-03-31": "373.38400", "2014-12-31": "367.77900", "2014-09-30": "353.72000", "2014-06-30": "339.83200", "2014-03-31": "336.74000", "2013-12-31": "338.99600", "2013-09-30": "337.02100", "2013-06-30": "311.31600", "2013-03-31": "302.37800", "2012-12-31": "303.29400", "2012-09-30": "295.93400", "2012-06-30": "283.53500", "2012-03-31": "278.67100", "2011-12-31": "277.42900", "2011-09-30": "277.95100", "2011-06-30": "272.68500", "2011-03-31": "261.23500", "2010-12-31": "250.48200", "2010-09-30": "247.20800", "2010-06-30": "242.97900", "2010-03-31": "243.09400", "2009-12-31": "247.70300", "2009-09-30": "251.17400", "2009-06-30": "254.02500", "2009-03-31": "257.35200", "2008-12-31": "254.33400", "2008-09-30": "176.47500", "2008-06-30": "166.93300", "2008-03-31": "151.40500", "2007-12-31": "134.90700", "2007-09-30": "114.90900", "2007-06-30": "105.13200", "2007-03-31": "99.73200", "2006-12-31": "92.58000", "2006-09-30": "86.82100", "2006-06-30": "81.31400", "2006-03-31": "76.29300", "2005-12-31": "73.72700", "2005-09-30": "70.06100", "2005-06-30": "69.38900", "2005-03-31": "68.23500"}, "Long-Term Investments": {"2020-12-31": "14.36500", "2020-09-30": "13.59100", "2020-06-30": "12.64800", "2020-03-31": "12.72100", "2019-12-31": "16.64000", "2019-09-30": "21.37400", "2019-06-30": "30.48400", "2019-03-31": "86.34000", "2018-12-31": "574.31900", "2018-09-30": "657.72700", "2018-06-30": "825.44400", "2018-03-31": "773.65400", "2017-12-31": "984.32800", "2017-09-30": "1054.95200", "2017-06-30": "1045.38400", "2017-03-31": "952.15700", "2016-12-31": "980.14200", "2016-09-30": "789.03800", "2016-06-30": "854.48600", "2016-03-31": "849.49000", "2015-12-31": "891.96400", "2015-09-30": "792.26200", "2015-06-30": "972.90900", "2015-03-31": "986.29500", "2014-12-31": "1073.11000", "2014-09-30": "1073.23200", "2014-06-30": "975.67600", "2014-03-31": "998.83100", "2013-12-31": "855.70000", "2013-09-30": "961.42200", "2013-06-30": "819.59000", "2013-03-31": "747.00400", "2012-12-31": "595.31300", "2012-09-30": "723.20500", "2012-06-30": "410.36900", "2012-03-31": "741.61900", "2011-12-31": "737.84400", "2011-09-30": "765.82200", "2011-06-30": "800.64900", "2011-03-31": "708.90600", "2010-12-31": "791.85400", "2010-09-30": "689.21100", "2010-06-30": "585.41800", "2010-03-31": "717.93300", "2009-12-31": "607.64600", "2009-09-30": "511.70100", "2009-06-30": "407.66900", "2009-03-31": "347.41500", "2008-12-31": "275.58500", "2008-09-30": "305.46700", "2008-06-30": "380.37100", "2008-03-31": "353.08000", "2007-12-31": "218.67600", "2007-09-30": "217.76400", "2007-06-30": "198.11000", "2007-03-31": "195.71300", "2006-12-31": "241.67500", "2006-09-30": "279.19800", "2006-06-30": "214.89200", "2006-03-31": "95.43900", "2005-12-31": "51.28600", "2005-09-30": "51.34700", "2005-06-30": "148.26500", "2005-03-31": "147.38500"}, "Goodwill And Intangible Assets": {"2020-12-31": "1879.89900", "2020-09-30": "1885.53200", "2020-06-30": "1892.17600", "2020-03-31": "1899.54000", "2019-12-31": "1906.88600", "2019-09-30": "1917.46300", "2019-06-30": "1945.32300", "2019-03-31": "1957.84700", "2018-12-31": "1969.85700", "2018-09-30": "1789.56100", "2018-06-30": "1804.42700", "2018-03-31": "1818.46300", "2017-12-31": "1756.44600", "2017-09-30": "1785.21700", "2017-06-30": "1804.65500", "2017-03-31": "1816.15600", "2016-12-31": "1759.57400", "2016-09-30": "2212.41600", "2016-06-30": "2222.83700", "2016-03-31": "2244.02800", "2015-12-31": "2246.14000", "2015-09-30": "2323.48400", "2015-06-30": "2418.56000", "2015-03-31": "2269.54900", "2014-12-31": "2187.56800", "2014-09-30": "2197.39600", "2014-06-30": "2235.67800", "2014-03-31": "2270.86100", "2013-12-31": "2278.54400", "2013-09-30": "2300.89800", "2013-06-30": "2321.13000", "2013-03-31": "2352.51300", "2012-12-31": "2074.42400", "2012-09-30": "2079.39700", "2012-06-30": "1651.73100", "2012-03-31": "1593.86400", "2011-12-31": "1582.49200", "2011-09-30": "1438.81100", "2011-06-30": "1231.36200", "2011-03-31": "1239.46900", "2010-12-31": "1099.24400", "2010-09-30": "1114.54200", "2010-06-30": "1110.07100", "2010-03-31": "1123.56000", "2009-12-31": "1113.01400", "2009-09-30": "1128.83000", "2009-06-30": "1141.82100", "2009-03-31": "1159.84900", "2008-12-31": "1174.72600", "2008-09-30": "1155.62800", "2008-06-30": "1171.67900", "2008-03-31": "1184.60300", "2007-12-31": "1164.83100", "2007-09-30": "819.31200", "2007-06-30": "823.77300", "2007-03-31": "830.63200", "2006-12-31": "762.15200", "2006-09-30": "773.76400", "2006-06-30": "727.05900", "2006-03-31": "720.78900", "2005-12-31": "729.32700", "2005-09-30": "712.45800", "2005-06-30": "439.15300", "2005-03-31": "443.79600"}, "Other Long-Term Assets": {"2020-12-31": "222.53300", "2020-09-30": "175.42300", "2020-06-30": "162.46700", "2020-03-31": "160.76700", "2019-12-31": "152.80600", "2019-09-30": "141.78100", "2019-06-30": "134.34100", "2019-03-31": "130.72800", "2018-12-31": "124.57800", "2018-09-30": "116.03100", "2018-06-30": "104.01500", "2018-03-31": "105.97700", "2017-12-31": "52.68500", "2017-09-30": "57.50200", "2017-06-30": "64.08300", "2017-03-31": "62.73900", "2016-12-31": "54.44900", "2016-09-30": "64.46000", "2016-06-30": "54.79100", "2016-03-31": "55.65100", "2015-12-31": "56.44900", "2015-09-30": "68.31400", "2015-06-30": "70.12000", "2015-03-31": "75.07200", "2014-12-31": "67.02800", "2014-09-30": "68.39800", "2014-06-30": "65.98000", "2014-03-31": "53.36100", "2013-12-31": "60.49600", "2013-09-30": "65.85900", "2013-06-30": "61.35000", "2013-03-31": "67.03400", "2012-12-31": "66.53900", "2012-09-30": "67.73100", "2012-06-30": "62.64600", "2012-03-31": "61.27200", "2011-12-31": "61.26700", "2011-09-30": "53.34000", "2011-06-30": "55.63200", "2011-03-31": "51.32200", "2010-12-31": "47.72600", "2010-09-30": "41.70100", "2010-06-30": "42.38700", "2010-03-31": "42.16800", "2009-12-31": "45.54500", "2009-09-30": "45.92100", "2009-06-30": "45.22700", "2009-03-31": "39.74900", "2008-12-31": "36.58500", "2008-09-30": "32.26000", "2008-06-30": "24.98500", "2008-03-31": "83.48300", "2007-12-31": "81.93400", "2007-09-30": "76.28300", "2007-06-30": "75.61700", "2007-03-31": "75.23900", "2006-12-31": "74.73500", "2006-09-30": "72.99500", "2006-06-30": "72.68900", "2006-03-31": "72.41500", "2005-12-31": "71.70100", "2005-09-30": "71.37000", "2005-06-30": "155.52100", "2005-03-31": "158.49400"}, "Total Long-Term Assets": {"2020-12-31": "2899.24100", "2020-09-30": "2869.63000", "2020-06-30": "2862.13700", "2020-03-31": "2870.17400", "2019-12-31": "2876.19400", "2019-09-30": "2837.09300", "2019-06-30": "2663.48200", "2019-03-31": "2714.44600", "2018-12-31": "3049.14800", "2018-09-30": "2938.56600", "2018-06-30": "3099.67100", "2018-03-31": "3062.06700", "2017-12-31": "3198.75300", "2017-09-30": "3347.72300", "2017-06-30": "3344.42200", "2017-03-31": "3275.40900", "2016-12-31": "3828.95000", "2016-09-30": "3650.11600", "2016-06-30": "3712.42300", "2016-03-31": "3731.11900", "2015-12-31": "3783.56600", "2015-09-30": "3668.34500", "2015-06-30": "3912.69200", "2015-03-31": "3785.98000", "2014-12-31": "3823.68300", "2014-09-30": "3786.76700", "2014-06-30": "3707.64600", "2014-03-31": "3730.57200", "2013-12-31": "3649.15400", "2013-09-30": "3795.18300", "2013-06-30": "3624.65300", "2013-03-31": "3546.86400", "2012-12-31": "3082.66700", "2012-09-30": "3169.63900", "2012-06-30": "2453.34000", "2012-03-31": "2727.38900", "2011-12-31": "2726.51100", "2011-09-30": "2571.22300", "2011-06-30": "2417.13300", "2011-03-31": "2320.72600", "2010-12-31": "2233.12100", "2010-09-30": "2110.33900", "2010-06-30": "2006.93700", "2010-03-31": "2151.73500", "2009-12-31": "2051.85200", "2009-09-30": "1952.70900", "2009-06-30": "1863.87900", "2009-03-31": "1820.96900", "2008-12-31": "1754.16600", "2008-09-30": "1669.83000", "2008-06-30": "1743.96800", "2008-03-31": "1772.57100", "2007-12-31": "1600.34800", "2007-09-30": "1276.74600", "2007-06-30": "1252.07900", "2007-03-31": "1247.75200", "2006-12-31": "1212.73600", "2006-09-30": "1255.24800", "2006-06-30": "1129.20200", "2006-03-31": "995.39700", "2005-12-31": "971.57300", "2005-09-30": "917.28300", "2005-06-30": "818.28000", "2005-03-31": "817.91000"}, "Total Assets": {"2020-12-31": "4890.34700", "2020-09-30": "4608.59400", "2020-06-30": "4548.11400", "2020-03-31": "4331.22700", "2019-12-31": "4388.92600", "2019-09-30": "4031.09300", "2019-06-30": "3935.19600", "2019-03-31": "5167.45600", "2018-12-31": "5136.04900", "2018-09-30": "5436.52700", "2018-06-30": "5366.06200", "2018-03-31": "5137.47700", "2017-12-31": "5820.17600", "2017-09-30": "5499.39600", "2017-06-30": "5430.90900", "2017-03-31": "5360.56600", "2016-12-31": "6390.22700", "2016-09-30": "5922.50300", "2016-06-30": "5714.21400", "2016-03-31": "5518.68900", "2015-12-31": "5467.51700", "2015-09-30": "5405.48300", "2015-06-30": "5501.97500", "2015-03-31": "5454.63600", "2014-12-31": "5512.00700", "2014-09-30": "5231.47700", "2014-06-30": "5249.21600", "2014-03-31": "5269.47300", "2013-12-31": "5212.24900", "2013-09-30": "5123.98900", "2013-06-30": "4996.01100", "2013-03-31": "4848.33900", "2012-12-31": "4796.40200", "2012-09-30": "4489.15300", "2012-06-30": "4329.01600", "2012-03-31": "4151.11800", "2011-12-31": "4099.54100", "2011-09-30": "3882.86400", "2011-06-30": "3869.68900", "2011-03-31": "3752.56500", "2010-12-31": "3703.60000", "2010-09-30": "3496.98700", "2010-06-30": "3318.59000", "2010-03-31": "3238.46000", "2009-12-31": "3091.14700", "2009-09-30": "2913.97400", "2009-06-30": "2816.26800", "2009-03-31": "2712.02400", "2008-12-31": "2694.30600", "2008-09-30": "2562.90500", "2008-06-30": "2569.84600", "2008-03-31": "2547.54300", "2007-12-31": "2534.69300", "2007-09-30": "2312.87600", "2007-06-30": "2282.92200", "2007-03-31": "2187.38000", "2006-12-31": "2024.47300", "2006-09-30": "1956.84700", "2006-06-30": "1991.93300", "2006-03-31": "1776.85900", "2005-12-31": "1698.98200", "2005-09-30": "1612.93700", "2005-06-30": "1383.73500", "2005-03-31": "1290.22500"}, "Total Current Liabilities": {"2020-12-31": "2152.42700", "2020-09-30": "1920.82700", "2020-06-30": "1992.53300", "2020-03-31": "1874.04900", "2019-12-31": "1828.58700", "2019-09-30": "1613.68500", "2019-06-30": "1681.52600", "2019-03-31": "2842.76800", "2018-12-31": "2911.14000", "2018-09-30": "3023.16100", "2018-06-30": "3014.25800", "2018-03-31": "1521.65900", "2017-12-31": "1687.07900", "2017-09-30": "1498.64900", "2017-06-30": "1546.48900", "2017-03-31": "1630.98700", "2016-12-31": "3098.34900", "2016-09-30": "2949.82600", "2016-06-30": "1626.68300", "2016-03-31": "1624.26400", "2015-12-31": "1680.96900", "2015-09-30": "1547.54200", "2015-06-30": "1524.31800", "2015-03-31": "1633.93800", "2014-12-31": "1590.10900", "2014-09-30": "1462.44700", "2014-06-30": "1475.59500", "2014-03-31": "1449.53600", "2013-12-31": "1464.06100", "2013-09-30": "1340.59500", "2013-06-30": "1350.62200", "2013-03-31": "1304.45000", "2012-12-31": "1342.87300", "2012-09-30": "1165.87400", "2012-06-30": "1134.15300", "2012-03-31": "1171.86100", "2011-12-31": "1179.13000", "2011-09-30": "1050.73800", "2011-06-30": "1038.30500", "2011-03-31": "974.06200", "2010-12-31": "1020.01200", "2010-09-30": "889.26200", "2010-06-30": "884.39300", "2010-03-31": "833.95100", "2009-12-31": "834.36400", "2009-09-30": "725.53400", "2009-06-30": "719.53000", "2009-03-31": "718.50700", "2008-12-31": "730.91700", "2008-09-30": "687.91600", "2008-06-30": "669.96200", "2008-03-31": "659.71800", "2007-12-31": "654.27400", "2007-09-30": "621.27800", "2007-06-30": "615.10800", "2007-03-31": "585.19800", "2006-12-31": "535.54300", "2006-09-30": "453.85600", "2006-06-30": "450.46000", "2006-03-31": "429.17000", "2005-12-31": "432.35400", "2005-09-30": "399.32600", "2005-06-30": "377.81000", "2005-03-31": "336.45900"}, "Long Term Debt": {"2020-12-31": "1732.62200", "2020-09-30": "1732.06900", "2020-06-30": "1731.51400", "2020-03-31": "1730.96100", "2019-12-31": "742.92600", "2019-09-30": "742.70400", "2019-06-30": "742.48200", "2019-03-31": "742.10000", "2018-12-31": "741.82500", "2018-09-30": "741.55100", "2018-06-30": "741.27700", "2018-03-31": "2137.41800", "2017-12-31": "2127.47400", "2017-09-30": "1376.67300", "2017-06-30": "1367.09200", "2017-03-31": "1357.58000", "2016-12-31": "", "2016-09-30": "", "2016-06-30": "1329.47800", "2016-03-31": "1320.24000", "2015-12-31": "1311.07100", "2015-09-30": "1316.89200", "2015-06-30": "1308.85200", "2015-03-31": "1300.87200", "2014-12-31": "1292.95300", "2014-09-30": "1285.09200", "2014-06-30": "1277.28900", "2014-03-31": "", "2013-12-31": "", "2013-09-30": "", "2013-06-30": "", "2013-03-31": "", "2012-12-31": "", "2012-09-30": "", "2012-06-30": "", "2012-03-31": "", "2011-12-31": "", "2011-09-30": "", "2011-06-30": "", "2011-03-31": "", "2010-12-31": "", "2010-09-30": "", "2010-06-30": "", "2010-03-31": "", "2009-12-31": "", "2009-09-30": "", "2009-06-30": "", "2009-03-31": "", "2008-12-31": "", "2008-09-30": "", "2008-06-30": "", "2008-03-31": "", "2007-12-31": "", "2007-09-30": "", "2007-06-30": "", "2007-03-31": "24.75000", "2006-12-31": "", "2006-09-30": "", "2006-06-30": "", "2006-03-31": "", "2005-12-31": "31.00000", "2005-09-30": "75.00000", "2005-06-30": "", "2005-03-31": ""}, "Other Non-Current Liabilities": {"2020-12-31": "305.02800", "2020-09-30": "313.28400", "2020-06-30": "309.34300", "2020-03-31": "329.46300", "2019-12-31": "326.91700", "2019-09-30": "325.68500", "2019-06-30": "347.27800", "2019-03-31": "370.62300", "2018-12-31": "442.23600", "2018-09-30": "450.87300", "2018-06-30": "493.40900", "2018-03-31": "474.03700", "2017-12-31": "457.39300", "2017-09-30": "122.74000", "2017-06-30": "125.41800", "2017-03-31": "144.39500", "2016-12-31": "199.30800", "2016-09-30": "202.77200", "2016-06-30": "90.02900", "2016-03-31": "93.52500", "2015-12-31": "87.71700", "2015-09-30": "84.30500", "2015-06-30": "80.55800", "2015-03-31": "78.70100", "2014-12-31": "97.52900", "2014-09-30": "71.50300", "2014-06-30": "73.19100", "2014-03-31": "87.69400", "2013-12-31": "115.32200", "2013-09-30": "114.50800", "2013-06-30": "105.72400", "2013-03-31": "104.38400", "2012-12-31": "99.03300", "2012-09-30": "29.52500", "2012-06-30": "27.96900", "2012-03-31": "40.88800", "2011-12-31": "48.68000", "2011-09-30": "48.91400", "2011-06-30": "49.71700", "2011-03-31": "48.96000", "2010-12-31": "8.36200", "2010-09-30": "6.69700", "2010-06-30": "6.75700", "2010-03-31": "4.33400", "2009-12-31": "4.94000", "2009-09-30": "0.83500", "2009-06-30": "1.12600", "2009-03-31": "0.69700", "2008-12-31": "0.74400", "2008-09-30": "0.91100", "2008-06-30": "1.40500", "2008-03-31": "2.54300", "2007-12-31": "6.71300", "2007-09-30": "10.94900", "2007-06-30": "11.23200", "2007-03-31": "11.45900", "2006-12-31": "1.12300", "2006-09-30": "7.23400", "2006-06-30": "1.37900", "2006-03-31": "1.35200", "2005-12-31": "1.29700", "2005-09-30": "1.32800", "2005-06-30": "1.67700", "2005-03-31": "4.54000"}, "Total Long Term Liabilities": {"2020-12-31": "2625.77700", "2020-09-30": "2618.96700", "2020-06-30": "2649.17700", "2020-03-31": "2676.10700", "2019-12-31": "1722.68300", "2019-09-30": "1704.49700", "2019-06-30": "1745.64800", "2019-03-31": "1769.81000", "2018-12-31": "1673.39000", "2018-09-30": "1660.14600", "2018-06-30": "1715.62800", "2018-03-31": "3092.44000", "2017-12-31": "3140.63600", "2017-09-30": "2005.13600", "2017-06-30": "2002.71900", "2017-03-31": "1995.83700", "2016-12-31": "683.15100", "2016-09-30": "620.94100", "2016-06-30": "1845.48600", "2016-03-31": "1826.34500", "2015-12-31": "1813.10200", "2015-09-30": "1773.24900", "2015-06-30": "1752.82200", "2015-03-31": "1720.36700", "2014-12-31": "1748.25300", "2014-09-30": "1672.69200", "2014-06-30": "1669.72400", "2014-03-31": "405.92000", "2013-12-31": "428.38100", "2013-09-30": "382.59400", "2013-06-30": "369.20000", "2013-03-31": "349.74200", "2012-12-31": "331.75200", "2012-09-30": "287.24100", "2012-06-30": "264.88100", "2012-03-31": "201.72400", "2011-12-31": "189.92100", "2011-09-30": "172.20100", "2011-06-30": "167.89500", "2011-03-31": "159.52900", "2010-12-31": "123.00000", "2010-09-30": "106.13100", "2010-06-30": "98.18100", "2010-03-31": "69.87800", "2009-12-31": "68.27600", "2009-09-30": "61.57600", "2009-06-30": "48.90000", "2009-03-31": "43.99000", "2008-12-31": "45.52400", "2008-09-30": "40.50200", "2008-06-30": "40.71300", "2008-03-31": "38.38200", "2007-12-31": "42.09400", "2007-09-30": "39.22300", "2007-06-30": "36.81800", "2007-03-31": "36.20900", "2006-12-31": "24.64100", "2006-09-30": "28.48400", "2006-06-30": "22.00700", "2006-03-31": "19.61200", "2005-12-31": "52.10000", "2005-09-30": "92.55100", "2005-06-30": "16.65800", "2005-03-31": "18.10100"}, "Total Liabilities": {"2020-12-31": "4778.20400", "2020-09-30": "4539.79400", "2020-06-30": "4641.71000", "2020-03-31": "4550.15600", "2019-12-31": "3551.27000", "2019-09-30": "3318.18200", "2019-06-30": "3427.17400", "2019-03-31": "4612.57800", "2018-12-31": "4584.53000", "2018-09-30": "4683.30700", "2018-06-30": "4729.88600", "2018-03-31": "4614.09900", "2017-12-31": "4827.71500", "2017-09-30": "3503.78500", "2017-06-30": "3549.20800", "2017-03-31": "3626.82400", "2016-12-31": "3781.50000", "2016-09-30": "3570.76700", "2016-06-30": "3472.16900", "2016-03-31": "3450.60900", "2015-12-31": "3494.07100", "2015-09-30": "3320.79100", "2015-06-30": "3277.14000", "2015-03-31": "3354.30500", "2014-12-31": "3338.36200", "2014-09-30": "3135.13900", "2014-06-30": "3145.31900", "2014-03-31": "1855.45600", "2013-12-31": "1892.44200", "2013-09-30": "1723.18900", "2013-06-30": "1719.82200", "2013-03-31": "1654.19200", "2012-12-31": "1674.62500", "2012-09-30": "1453.11500", "2012-06-30": "1399.03400", "2012-03-31": "1373.58500", "2011-12-31": "1369.05100", "2011-09-30": "1222.93900", "2011-06-30": "1206.20000", "2011-03-31": "1133.59100", "2010-12-31": "1143.01200", "2010-09-30": "995.39300", "2010-06-30": "982.57400", "2010-03-31": "903.82900", "2009-12-31": "902.64000", "2009-09-30": "787.11000", "2009-06-30": "768.43000", "2009-03-31": "762.49700", "2008-12-31": "776.44100", "2008-09-30": "728.41800", "2008-06-30": "710.67500", "2008-03-31": "698.10000", "2007-12-31": "696.36800", "2007-09-30": "660.50100", "2007-06-30": "651.92600", "2007-03-31": "621.40700", "2006-12-31": "560.18400", "2006-09-30": "482.34000", "2006-06-30": "472.46700", "2006-03-31": "448.78200", "2005-12-31": "484.45400", "2005-09-30": "491.87700", "2005-06-30": "394.46800", "2005-03-31": "354.56000"}, "Common Stock Net": {"2020-12-31": "0.32200", "2020-09-30": "0.32200", "2020-06-30": "0.32100", "2020-03-31": "0.32000", "2019-12-31": "0.31900", "2019-09-30": "0.31800", "2019-06-30": "0.31700", "2019-03-31": "0.31200", "2018-12-31": "0.31000", "2018-09-30": "0.30800", "2018-06-30": "0.30800", "2018-03-31": "0.30800", "2017-12-31": "0.30600", "2017-09-30": "0.30500", "2017-06-30": "0.30500", "2017-03-31": "0.30500", "2016-12-31": "0.30300", "2016-09-30": "0.30200", "2016-06-30": "0.30100", "2016-03-31": "0.30100", "2015-12-31": "0.29900", "2015-09-30": "0.29800", "2015-06-30": "0.29700", "2015-03-31": "0.29600", "2014-12-31": "0.29500", "2014-09-30": "0.29400", "2014-06-30": "0.29300", "2014-03-31": "0.29300", "2013-12-31": "0.29100", "2013-09-30": "0.29100", "2013-06-30": "0.28900", "2013-03-31": "0.28900", "2012-12-31": "0.28700", "2012-09-30": "0.28700", "2012-06-30": "0.28500", "2012-03-31": "0.28400", "2011-12-31": "0.28300", "2011-09-30": "0.28200", "2011-06-30": "0.28100", "2011-03-31": "0.28000", "2010-12-31": "0.27800", "2010-09-30": "0.27600", "2010-06-30": "0.27200", "2010-03-31": "0.27100", "2009-12-31": "0.26500", "2009-09-30": "0.26300", "2009-06-30": "0.26000", "2009-03-31": "0.25800", "2008-12-31": "0.25600", "2008-09-30": "0.25500", "2008-06-30": "0.25400", "2008-03-31": "0.25300", "2007-12-31": "0.25200", "2007-09-30": "0.24100", "2007-06-30": "0.23900", "2007-03-31": "0.23900", "2006-12-31": "0.23800", "2006-09-30": "0.23700", "2006-06-30": "0.23600", "2006-03-31": "0.23100", "2005-12-31": "0.22600", "2005-09-30": "0.22400", "2005-06-30": "0.21600", "2005-03-31": "0.21400"}, "Retained Earnings (Accumulated Deficit)": {"2020-12-31": "4984.33300", "2020-09-30": "4916.94000", "2020-06-30": "4863.51500", "2020-03-31": "4794.96400", "2019-12-31": "4660.14500", "2019-09-30": "4500.87600", "2019-06-30": "4277.58600", "2019-03-31": "4232.18100", "2018-12-31": "4169.01900", "2018-09-30": "4052.21100", "2018-06-30": "3893.35400", "2018-03-31": "3786.52100", "2017-12-31": "3509.48400", "2017-09-30": "3790.45200", "2017-06-30": "3663.73200", "2017-03-31": "3553.68000", "2016-12-31": "4010.73700", "2016-09-30": "3810.88700", "2016-06-30": "3678.98600", "2016-03-31": "3558.08800", "2015-12-31": "3474.62500", "2015-09-30": "3343.35200", "2015-06-30": "3287.42600", "2015-03-31": "3184.15100", "2014-12-31": "3155.26400", "2014-09-30": "3060.03600", "2014-06-30": "3012.50400", "2014-03-31": "2959.48000", "2013-12-31": "2903.54100", "2013-09-30": "2764.89700", "2013-06-30": "2688.16700", "2013-03-31": "2623.70600", "2012-12-31": "2564.01800", "2012-09-30": "2449.98900", "2012-06-30": "2371.74400", "2012-03-31": "2279.73800", "2011-12-31": "2211.47100", "2011-09-30": "2102.77200", "2011-06-30": "2010.59600", "2011-03-31": "1928.65200", "2010-12-31": "1855.14900", "2010-09-30": "1760.76900", "2010-06-30": "1672.99000", "2010-03-31": "1625.43300", "2009-12-31": "1578.08400", "2009-09-30": "1489.93600", "2009-06-30": "1436.51300", "2009-03-31": "1393.99400", "2008-12-31": "1387.06700", "2008-09-30": "1326.96700", "2008-06-30": "1277.81800", "2008-03-31": "1243.16900", "2007-12-31": "1208.79100", "2007-09-30": "1146.02600", "2007-06-30": "1085.33100", "2007-03-31": "1031.94100", "2006-12-31": "1006.70600", "2006-09-30": "1082.37300", "2006-06-30": "1035.75500", "2006-03-31": "989.30500", "2005-12-31": "823.70900", "2005-09-30": "885.68500", "2005-06-30": "844.73200", "2005-03-31": "816.84600"}, "Comprehensive Income": {"2020-12-31": "-3.64900", "2020-09-30": "-4.32700", "2020-06-30": "-6.46500", "2020-03-31": "-7.81000", "2019-12-31": "-5.12700", "2019-09-30": "-6.48200", "2019-06-30": "-4.61000", "2019-03-31": "-5.48300", "2018-12-31": "-8.15400", "2018-09-30": "-18.29100", "2018-06-30": "-18.71800", "2018-03-31": "-14.87400", "2017-12-31": "-10.80600", "2017-09-30": "-8.66700", "2017-06-30": "-8.77900", "2017-03-31": "-10.93400", "2016-12-31": "-28.70400", "2016-09-30": "-22.83500", "2016-06-30": "-21.90000", "2016-03-31": "-21.06300", "2015-12-31": "-28.52700", "2015-09-30": "-29.46400", "2015-06-30": "-29.23600", "2015-03-31": "-35.97200", "2014-12-31": "-36.79000", "2014-09-30": "-20.49900", "2014-06-30": "1.75200", "2014-03-31": "4.25000", "2013-12-31": "4.95100", "2013-09-30": "-3.22200", "2013-06-30": "-16.97500", "2013-03-31": "-18.24000", "2012-12-31": "-7.70500", "2012-09-30": "-10.13300", "2012-06-30": "-21.85400", "2012-03-31": "-4.42100", "2011-12-31": "-11.56100", "2011-09-30": "-5.01100", "2011-06-30": "12.91900", "2011-03-31": "10.93400", "2010-12-31": "2.02300", "2010-09-30": "2.49400", "2010-06-30": "-10.59000", "2010-03-31": "-5.67500", "2009-12-31": "-2.06000", "2009-09-30": "7.52000", "2009-06-30": "-5.59200", "2009-03-31": "-23.99900", "2008-12-31": "-15.85200", "2008-09-30": "-34.69500", "2008-06-30": "6.84500", "2008-03-31": "12.16600", "2007-12-31": "5.75100", "2007-09-30": "8.06400", "2007-06-30": "3.25600", "2007-03-31": "3.41000", "2006-12-31": "4.18000", "2006-09-30": "1.14500", "2006-06-30": "2.31200", "2006-03-31": "-2.63700", "2005-12-31": "-4.46300", "2005-09-30": "-3.94000", "2005-06-30": "-2.89900", "2005-03-31": "2.79500"}, "Other Share Holders Equity": {"2020-12-31": "", "2020-09-30": "", "2020-06-30": "", "2020-03-31": "", "2019-12-31": "", "2019-09-30": "", "2019-06-30": "", "2019-03-31": "", "2018-12-31": "", "2018-09-30": "", "2018-06-30": "", "2018-03-31": "", "2017-12-31": "", "2017-09-30": "", "2017-06-30": "", "2017-03-31": "", "2016-12-31": "", "2016-09-30": "", "2016-06-30": "", "2016-03-31": "", "2015-12-31": "", "2015-09-30": "", "2015-06-30": "", "2015-03-31": "", "2014-12-31": "", "2014-09-30": "", "2014-06-30": "", "2014-03-31": "", "2013-12-31": "", "2013-09-30": "", "2013-06-30": "", "2013-03-31": "", "2012-12-31": "", "2012-09-30": "", "2012-06-30": "", "2012-03-31": "", "2011-12-31": "", "2011-09-30": "", "2011-06-30": "", "2011-03-31": "", "2010-12-31": "", "2010-09-30": "", "2010-06-30": "", "2010-03-31": "", "2009-12-31": "", "2009-09-30": "", "2009-06-30": "", "2009-03-31": "", "2008-12-31": "", "2008-09-30": "", "2008-06-30": "", "2008-03-31": "", "2007-12-31": "", "2007-09-30": "", "2007-06-30": "", "2007-03-31": "", "2006-12-31": "", "2006-09-30": "", "2006-06-30": "", "2006-03-31": "", "2005-12-31": "", "2005-09-30": "", "2005-06-30": "", "2005-03-31": ""}, "Share Holder Equity": {"2020-12-31": "112.14300", "2020-09-30": "68.80000", "2020-06-30": "-93.59600", "2020-03-31": "-218.92900", "2019-12-31": "837.65600", "2019-09-30": "712.91100", "2019-06-30": "508.02200", "2019-03-31": "554.87800", "2018-12-31": "551.51900", "2018-09-30": "753.22000", "2018-06-30": "636.17600", "2018-03-31": "523.37800", "2017-12-31": "992.46100", "2017-09-30": "1995.61100", "2017-06-30": "1881.70100", "2017-03-31": "1733.74200", "2016-12-31": "2608.72700", "2016-09-30": "2351.73600", "2016-06-30": "2242.04500", "2016-03-31": "2068.08000", "2015-12-31": "1973.44600", "2015-09-30": "2084.69200", "2015-06-30": "2224.83500", "2015-03-31": "2100.33100", "2014-12-31": "2173.64500", "2014-09-30": "2096.33800", "2014-06-30": "2103.89700", "2014-03-31": "3414.01700", "2013-12-31": "3319.80700", "2013-09-30": "3400.80000", "2013-06-30": "3276.18900", "2013-03-31": "3194.14700", "2012-12-31": "3121.77700", "2012-09-30": "3036.03800", "2012-06-30": "2929.98200", "2012-03-31": "2777.53300", "2011-12-31": "2730.49000", "2011-09-30": "2659.92500", "2011-06-30": "2663.48900", "2011-03-31": "2618.97400", "2010-12-31": "2560.58800", "2010-09-30": "2501.59400", "2010-06-30": "2336.01600", "2010-03-31": "2334.63100", "2009-12-31": "2188.50700", "2009-09-30": "2126.86400", "2009-06-30": "2047.83800", "2009-03-31": "1949.52700", "2008-12-31": "1917.86500", "2008-09-30": "1834.48700", "2008-06-30": "1859.17100", "2008-03-31": "1849.44300", "2007-12-31": "1838.32500", "2007-09-30": "1652.37500", "2007-06-30": "1630.99600", "2007-03-31": "1565.97300", "2006-12-31": "1464.28900", "2006-09-30": "1474.50700", "2006-06-30": "1519.46600", "2006-03-31": "1328.07700", "2005-12-31": "1214.52800", "2005-09-30": "1121.06000", "2005-06-30": "989.26700", "2005-03-31": "935.66500"}, "Total Liabilities And Share Holders Equity": {"2020-12-31": "4890.34700", "2020-09-30": "4608.59400", "2020-06-30": "4548.11400", "2020-03-31": "4331.22700", "2019-12-31": "4388.92600", "2019-09-30": "4031.09300", "2019-06-30": "3935.19600", "2019-03-31": "5167.45600", "2018-12-31": "5136.04900", "2018-09-30": "5436.52700", "2018-06-30": "5366.06200", "2018-03-31": "5137.47700", "2017-12-31": "5820.17600", "2017-09-30": "5499.39600", "2017-06-30": "5430.90900", "2017-03-31": "5360.56600", "2016-12-31": "6390.22700", "2016-09-30": "5922.50300", "2016-06-30": "5714.21400", "2016-03-31": "5518.68900", "2015-12-31": "5467.51700", "2015-09-30": "5405.48300", "2015-06-30": "5501.97500", "2015-03-31": "5454.63600", "2014-12-31": "5512.00700", "2014-09-30": "5231.47700", "2014-06-30": "5249.21600", "2014-03-31": "5269.47300", "2013-12-31": "5212.24900", "2013-09-30": "5123.98900", "2013-06-30": "4996.01100", "2013-03-31": "4848.33900", "2012-12-31": "4796.40200", "2012-09-30": "4489.15300", "2012-06-30": "4329.01600", "2012-03-31": "4151.11800", "2011-12-31": "4099.54100", "2011-09-30": "3882.86400", "2011-06-30": "3869.68900", "2011-03-31": "3752.56500", "2010-12-31": "3703.60000", "2010-09-30": "3496.98700", "2010-06-30": "3318.59000", "2010-03-31": "3238.46000", "2009-12-31": "3091.14700", "2009-09-30": "2913.97400", "2009-06-30": "2816.26800", "2009-03-31": "2712.02400", "2008-12-31": "2694.30600", "2008-09-30": "2562.90500", "2008-06-30": "2569.84600", "2008-03-31": "2547.54300", "2007-12-31": "2534.69300", "2007-09-30": "2312.87600", "2007-06-30": "2282.92200", "2007-03-31": "2187.38000", "2006-12-31": "2024.47300", "2006-09-30": "1956.84700", "2006-06-30": "1991.93300", "2006-03-31": "1776.85900", "2005-12-31": "1698.98200", "2005-09-30": "1612.93700", "2005-06-30": "1383.73500", "2005-03-31": "1290.22500"}}, "cash flow statement": {"Net Income/Loss": {"2020-12-31": "504.44600", "2019-12-31": "681.81300", "2018-12-31": "575.66700", "2017-12-31": "-20.71900", "2016-12-31": "536.11200", "2015-12-31": "319.36100", "2014-12-31": "251.72300", "2013-12-31": "339.52300", "2012-12-31": "352.54700", "2011-12-31": "355.63000", "2010-12-31": "276.44100", "2009-12-31": "191.01700", "2008-12-31": "178.27600", "2007-12-31": "214.48300", "2006-12-31": "182.99700", "2005-12-31": "165.60900"}, "Total Depreciation And Amortization - Cash Flow": {"2020-12-31": "210.85400", "2019-12-31": "244.52000", "2018-12-31": "219.13900", "2017-12-31": "208.31300", "2016-12-31": "215.53300", "2015-12-31": "362.97000", "2014-12-31": "353.56300", "2013-12-31": "267.50000", "2012-12-31": "214.87300", "2011-12-31": "159.25500", "2010-12-31": "138.15800", "2009-12-31": "138.57700", "2008-12-31": "123.70600", "2007-12-31": "85.19700", "2006-12-31": "63.58300", "2005-12-31": "50.35800"}, "Other Non-Cash Items": {"2020-12-31": "309.25500", "2019-12-31": "47.22000", "2018-12-31": "210.28500", "2017-12-31": "250.19100", "2016-12-31": "231.24800", "2015-12-31": "156.14900", "2014-12-31": "143.82500", "2013-12-31": "130.84600", "2012-12-31": "45.73100", "2011-12-31": "90.37200", "2010-12-31": "56.90100", "2009-12-31": "77.26400", "2008-12-31": "117.90700", "2007-12-31": "147.36500", "2006-12-31": "67.31000", "2005-12-31": "46.85900"}, "Total Non-Cash Items": {"2020-12-31": "520.10890", "2019-12-31": "291.74000", "2018-12-31": "429.42400", "2017-12-31": "458.50400", "2016-12-31": "446.78100", "2015-12-31": "519.11900", "2014-12-31": "497.38800", "2013-12-31": "398.34600", "2012-12-31": "260.60400", "2011-12-31": "249.62700", "2010-12-31": "195.05900", "2009-12-31": "215.84100", "2008-12-31": "241.61300", "2007-12-31": "232.56200", "2006-12-31": "130.89300", "2005-12-31": "97.21700"}, "Change In Accounts Receivable": {"2020-12-31": "-151.83000", "2019-12-31": "-38.99400", "2018-12-31": "18.70300", "2017-12-31": "-33.90400", "2016-12-31": "-61.66200", "2015-12-31": "-8.86600", "2014-12-31": "-30.96200", "2013-12-31": "-22.95100", "2012-12-31": "-107.62800", "2011-12-31": "-95.48100", "2010-12-31": "-79.05800", "2009-12-31": "-74.60400", "2008-12-31": "-10.97500", "2007-12-31": "-19.64500", "2006-12-31": "-68.18700", "2005-12-31": "-28.42400"}, "Change In Inventories": {"2020-12-31": "-4.22000", "2019-12-31": "3.04600", "2018-12-31": "-8.23900", "2017-12-31": "-2.54500", "2016-12-31": "-4.13300", "2015-12-31": "0.70300", "2014-12-31": "-1.16700", "2013-12-31": "-5.59100", "2012-12-31": "-2.02400", "2011-12-31": "-3.09700", "2010-12-31": "-1.19200", "2009-12-31": "0.60100", "2008-12-31": "-2.27100", "2007-12-31": "-6.31600", "2006-12-31": "-5.86900", "2005-12-31": "-1.70700"}, "Change In Accounts Payable": {"2020-12-31": "7.53200", "2019-12-31": "8.99400", "2018-12-31": "6.80400", "2017-12-31": "-7.23800", "2016-12-31": "-16.36500", "2015-12-31": "6.40800", "2014-12-31": "0.04000", "2013-12-31": "3.09200", "2012-12-31": "-0.42600", "2011-12-31": "-11.75800", "2010-12-31": "9.61200", "2009-12-31": "4.61300", "2008-12-31": "-6.80800", "2007-12-31": "5.38200", "2006-12-31": "7.79100", "2005-12-31": "12.05200"}, "Change In Assets/Liabilities": {"2020-12-31": "-50.17700", "2019-12-31": "-115.66000", "2018-12-31": "33.00700", "2017-12-31": "160.49700", "2016-12-31": "150.01600", "2015-12-31": "99.48600", "2014-12-31": "145.88300", "2013-12-31": "200.27000", "2012-12-31": "199.06400", "2011-12-31": "180.01700", "2010-12-31": "127.99100", "2009-12-31": "83.60600", "2008-12-31": "77.60900", "2007-12-31": "-6.29200", "2006-12-31": "56.08300", "2005-12-31": "54.59700"}, "Total Change In Assets/Liabilities": {"2020-12-31": "-88.74600", "2019-12-31": "-190.48300", "2018-12-31": "30.25400", "2017-12-31": "470.49100", "2016-12-31": "132.93700", "2015-12-31": "196.06800", "2014-12-31": "96.87000", "2013-12-31": "190.47400", "2012-12-31": "205.37600", "2011-12-31": "73.86500", "2010-12-31": "144.79200", "2009-12-31": "77.11600", "2008-12-31": "42.21800", "2007-12-31": "-24.77000", "2006-12-31": "13.43300", "2005-12-31": "30.31700"}, "Cash Flow From Operating Activities": {"2020-12-31": "935.80900", "2019-12-31": "783.07000", "2018-12-31": "1035.34500", "2017-12-31": "908.27600", "2016-12-31": "1115.83000", "2015-12-31": "1034.54800", "2014-12-31": "845.98100", "2013-12-31": "928.34300", "2012-12-31": "818.52700", "2011-12-31": "679.12200", "2010-12-31": "616.29200", "2009-12-31": "483.97400", "2008-12-31": "462.10700", "2007-12-31": "422.27500", "2006-12-31": "327.32300", "2005-12-31": "293.14300"}, "Net Change In Property, Plant, And Equipment": {"2020-12-31": "-41.43800", "2019-12-31": "-63.45400", "2018-12-31": "-69.35400", "2017-12-31": "-80.90100", "2016-12-31": "-85.03500", "2015-12-31": "-97.56600", "2014-12-31": "-165.41700", "2013-12-31": "-162.88900", "2012-12-31": "-122.95800", "2011-12-31": "-111.93200", "2010-12-31": "-75.37600", "2009-12-31": "-76.24600", "2008-12-31": "-181.04600", "2007-12-31": "-85.91900", "2006-12-31": "-52.05100", "2005-12-31": "-26.37700"}, "Net Change In Intangible Assets": {"2020-12-31": "-8.58100", "2019-12-31": "-3.50000", "2018-12-31": "-3.21000", "2017-12-31": "-7.37900", "2016-12-31": "-25.94000", "2015-12-31": "-10.79500", "2014-12-31": "-13.67600", "2013-12-31": "-12.15300", "2012-12-31": "-27.76000", "2011-12-31": "-15.43700", "2010-12-31": "-16.71500", "2009-12-31": "-3.29000", "2008-12-31": "-40.41800", "2007-12-31": "-3.25000", "2006-12-31": "", "2005-12-31": ""}, "Net Acquisitions/Divestitures": {"2020-12-31": "", "2019-12-31": "", "2018-12-31": "-248.92900", "2017-12-31": "-60.44900", "2016-12-31": "-13.24200", "2015-12-31": "-95.33100", "2014-12-31": "-101.05900", "2013-12-31": "-334.88100", "2012-12-31": "-487.22100", "2011-12-31": "-455.37700", "2010-12-31": "-20.51000", "2009-12-31": "-3.33800", "2008-12-31": "-28.02300", "2007-12-31": "-148.05500", "2006-12-31": "-61.46200", "2005-12-31": "-168.34700"}, "Net Change In Short-term Investments": {"2020-12-31": "", "2019-12-31": "", "2018-12-31": "", "2017-12-31": "", "2016-12-31": "", "2015-12-31": "", "2014-12-31": "", "2013-12-31": "5.24300", "2012-12-31": "", "2011-12-31": "", "2010-12-31": "", "2009-12-31": "", "2008-12-31": "", "2007-12-31": "", "2006-12-31": "", "2005-12-31": ""}, "Net Change In Long-Term Investments": {"2020-12-31": "-79.30400", "2019-12-31": "1101.05200", "2018-12-31": "456.87500", "2017-12-31": "86.37600", "2016-12-31": "-311.63100", "2015-12-31": "199.66110", "2014-12-31": "-289.30490", "2013-12-31": "-433.47000", "2012-12-31": "276.54910", "2011-12-31": "131.56490", "2010-12-31": "-344.44090", "2009-12-31": "-419.99100", "2008-12-31": "90.86500", "2007-12-31": "-180.37700", "2006-12-31": "-323.74400", "2005-12-31": "354.98700"}, "Net Change In Investments - Total": {"2020-12-31": "-79.30400", "2019-12-31": "1101.05200", "2018-12-31": "456.87500", "2017-12-31": "86.37600", "2016-12-31": "-311.63100", "2015-12-31": "199.66110", "2014-12-31": "-289.30490", "2013-12-31": "-428.22700", "2012-12-31": "276.54910", "2011-12-31": "131.56490", "2010-12-31": "-344.44090", "2009-12-31": "-419.99100", "2008-12-31": "90.86500", "2007-12-31": "-180.37700", "2006-12-31": "-323.74400", "2005-12-31": "354.98700"}, "Investing Activities - Other": {"2020-12-31": "-8.98200", "2019-12-31": "1.65100", "2018-12-31": "-3.20200", "2017-12-31": "-1.56800", "2016-12-31": "-48.35600", "2015-12-31": "-220.38400", "2014-12-31": "", "2013-12-31": "", "2012-12-31": "3.45000", "2011-12-31": "", "2010-12-31": "", "2009-12-31": "", "2008-12-31": "", "2007-12-31": "", "2006-12-31": "", "2005-12-31": ""}, "Cash Flow From Investing Activities": {"2020-12-31": "-138.30500", "2019-12-31": "1035.74900", "2018-12-31": "132.18000", "2017-12-31": "-63.92100", "2016-12-31": "-484.20400", "2015-12-31": "-224.41500", "2014-12-31": "-569.45700", "2013-12-31": "-938.15000", "2012-12-31": "-357.94000", "2011-12-31": "-451.18100", "2010-12-31": "-457.04200", "2009-12-31": "-502.86500", "2008-12-31": "-158.62200", "2007-12-31": "-417.60100", "2006-12-31": "-437.25700", "2005-12-31": "160.26300"}, "Net Long-Term Debt": {"2020-12-31": "986.95300", "2019-12-31": "", "2018-12-31": "", "2017-12-31": "741.03900", "2016-12-31": "", "2015-12-31": "", "2014-12-31": "1227.36400", "2013-12-31": "-2.06100", "2012-12-31": "-24.34600", "2011-12-31": "-11.56100", "2010-12-31": "", "2009-12-31": "", "2008-12-31": "-0.40700", "2007-12-31": "-8.00000", "2006-12-31": "-34.85000", "2005-12-31": "31.00000"}, "Net Current Debt": {"2020-12-31": "", "2019-12-31": "-1164.49700", "2018-12-31": "-278.66000", "2017-12-31": "-4.00000", "2016-12-31": "", "2015-12-31": "-3.17500", "2014-12-31": "", "2013-12-31": "", "2012-12-31": "", "2011-12-31": "", "2010-12-31": "", "2009-12-31": "", "2008-12-31": "", "2007-12-31": "", "2006-12-31": "", "2005-12-31": ""}, "Debt Issuance/Retirement Net - Total": {"2020-12-31": "986.95300", "2019-12-31": "-1164.49700", "2018-12-31": "-278.66000", "2017-12-31": "737.03900", "2016-12-31": "", "2015-12-31": "-3.17500", "2014-12-31": "1227.36400", "2013-12-31": "-2.06100", "2012-12-31": "-24.34600", "2011-12-31": "-11.56100", "2010-12-31": "", "2009-12-31": "", "2008-12-31": "-0.40700", "2007-12-31": "-8.00000", "2006-12-31": "-34.85000", "2005-12-31": "31.00000"}, "Net Common Equity Issued/Repurchased": {"2020-12-31": "-1288.48300", "2019-12-31": "-453.85300", "2018-12-31": "-1260.98900", "2017-12-31": "-1322.84300", "2016-12-31": "12.55800", "2015-12-31": "-643.41890", "2014-12-31": "-1492.49200", "2013-12-31": "-332.67100", "2012-12-31": "-142.60200", "2011-12-31": "-299.24300", "2010-12-31": "-80.18200", "2009-12-31": "-48.94600", "2008-12-31": "-212.08600", "2007-12-31": "-141.57500", "2006-12-31": "-43.50500", "2005-12-31": "-72.75800"}, "Net Total Equity Issued/Repurchased": {"2020-12-31": "-1288.48300", "2019-12-31": "-453.85300", "2018-12-31": "-1260.98900", "2017-12-31": "-1322.84300", "2016-12-31": "12.55800", "2015-12-31": "-643.41890", "2014-12-31": "-1492.49200", "2013-12-31": "-332.67100", "2012-12-31": "-142.60200", "2011-12-31": "-299.24300", "2010-12-31": "-80.18200", "2009-12-31": "-48.94600", "2008-12-31": "-212.08600", "2007-12-31": "-141.57500", "2006-12-31": "-43.50500", "2005-12-31": "-72.75800"}, "Total Common And Preferred Stock Dividends Paid": {"2020-12-31": "-172.00600", "2019-12-31": "-182.94700", "2018-12-31": "-46.79900", "2017-12-31": "", "2016-12-31": "", "2015-12-31": "", "2014-12-31": "", "2013-12-31": "", "2012-12-31": "", "2011-12-31": "", "2010-12-31": "", "2009-12-31": "", "2008-12-31": "", "2007-12-31": "", "2006-12-31": "", "2005-12-31": ""}, "Financial Activities - Other": {"2020-12-31": "-121.65200", "2019-12-31": "-89.21300", "2018-12-31": "-71.59300", "2017-12-31": "-108.56300", "2016-12-31": "-50.58900", "2015-12-31": "-44.85700", "2014-12-31": "-27.54000", "2013-12-31": "-17.54900", "2012-12-31": "17.16600", "2011-12-31": "18.19000", "2010-12-31": "53.86600", "2009-12-31": "3.40900", "2008-12-31": "5.55900", "2007-12-31": "17.75300", "2006-12-31": "51.91500", "2005-12-31": "-1.09800"}, "Cash Flow From Financial Activities": {"2020-12-31": "-595.18800", "2019-12-31": "-1890.51000", "2018-12-31": "-1658.04100", "2017-12-31": "-694.36700", "2016-12-31": "-38.03100", "2015-12-31": "-691.45100", "2014-12-31": "-292.66800", "2013-12-31": "-352.28100", "2012-12-31": "-149.78200", "2011-12-31": "-292.61400", "2010-12-31": "-26.31600", "2009-12-31": "-45.53700", "2008-12-31": "-206.93400", "2007-12-31": "-131.82200", "2006-12-31": "-26.44000", "2005-12-31": "-42.85600"}, "Net Cash Flow": {"2020-12-31": "207.13400", "2019-12-31": "-73.00500", "2018-12-31": "-496.36400", "2017-12-31": "158.17400", "2016-12-31": "588.43800", "2015-12-31": "50.60700", "2014-12-31": "-20.59100", "2013-12-31": "-362.86900", "2012-12-31": "310.31300", "2011-12-31": "-62.86600", "2010-12-31": "134.71900", "2009-12-31": "-64.67800", "2008-12-31": "102.37200", "2007-12-31": "-125.30500", "2006-12-31": "-134.98100", "2005-12-31": "410.55000"}, "Stock-Based Compensation": {"2020-12-31": "307.71000", "2019-12-31": "278.89200", "2018-12-31": "203.61900", "2017-12-31": "165.12000", "2016-12-31": "152.73900", "2015-12-31": "128.26200", "2014-12-31": "169.28700", "2013-12-31": "183.94100", "2012-12-31": "149.94000", "2011-12-31": "92.90900", "2010-12-31": "103.75800", "2009-12-31": "111.41900", "2008-12-31": "124.61500", "2007-12-31": "65.49100", "2006-12-31": "61.59600", "2005-12-31": "7.40300"}, "Common Stock Dividends Paid": {"2020-12-31": "-172.00600", "2019-12-31": "-182.94700", "2018-12-31": "-46.79900", "2017-12-31": "", "2016-12-31": "", "2015-12-31": "", "2014-12-31": "", "2013-12-31": "", "2012-12-31": "", "2011-12-31": "", "2010-12-31": "", "2009-12-31": "", "2008-12-31": "", "2007-12-31": "", "2006-12-31": "", "2005-12-31": ""}}, "cash flow statement, quarterly": {"Net Income/Loss": {"2020-12-31": 112.091, "2020-09-30": 98.227, "2020-06-30": 112.906, "2020-03-31": "181.22200", "2019-12-31": 207.113, "2019-09-30": 270.857, "2019-06-30": 93.495, "2019-03-31": "110.34800", "2018-12-31": 165.718, "2018-09-30": 158.857, "2018-06-30": 106.833, "2018-03-31": "144.25900", "2017-12-31": -283.889, "2017-09-30": 126.72, "2017-06-30": 108.829, "2017-03-31": "27.62100", "2016-12-31": 199.85, "2016-09-30": 131.901, "2016-06-30": 120.898, "2016-03-31": "83.46300", "2015-12-31": 131.274, "2015-09-30": 55.925, "2015-06-30": 103.275, "2015-03-31": "28.88700", "2014-12-31": 95.228, "2014-09-30": 47.532, "2014-06-30": 53.024, "2014-03-31": "55.93900", "2013-12-31": 138.644, "2013-09-30": 76.73, "2013-06-30": 64.461, "2013-03-31": "59.68800", "2012-12-31": 114.029, "2012-09-30": 78.245, "2012-06-30": 92.006, "2012-03-31": "68.26700", "2011-12-31": 108.699, "2011-09-30": 92.176, "2011-06-30": 81.408, "2011-03-31": "73.34700", "2010-12-31": 93.756, "2010-09-30": 87.779, "2010-06-30": 47.557, "2010-03-31": "47.34900", "2009-12-31": 88.148, "2009-09-30": 53.423, "2009-06-30": 42.519, "2009-03-31": "6.92700", "2008-12-31": 60.1, "2008-09-30": 49.149, "2008-06-30": 34.649, "2008-03-31": "34.37800", "2007-12-31": 62.765, "2007-09-30": 60.695, "2007-06-30": 53.39, "2007-03-31": "37.63300", "2006-12-31": 52.903, "2006-09-30": 43.66, "2006-06-30": 44.971, "2006-03-31": "41.46300", "2005-12-31": 58.21, "2005-09-30": 40.953, "2005-06-30": 27.886, "2005-03-31": "38.56000"}, "Total Depreciation And Amortization - Cash Flow": {"2020-12-31": 51.571, "2020-09-30": 52.69, "2020-06-30": 52.892, "2020-03-31": "53.70100", "2019-12-31": 56.077, "2019-09-30": 69.754, "2019-06-30": 56.217, "2019-03-31": "62.47200", "2018-12-31": 57.557, "2018-09-30": 55.316, "2018-06-30": 54.39, "2018-03-31": "51.87600", "2017-12-31": 58.5, "2017-09-30": 52.41, "2017-06-30": 48.103, "2017-03-31": "49.30000", "2016-12-31": 49.152, "2016-09-30": 53.916, "2016-06-30": 58.835, "2016-03-31": "53.63000", "2015-12-31": 67.16, "2015-09-30": 144.85, "2015-06-30": 76.879, "2015-03-31": "74.08100", "2014-12-31": 102.243, "2014-09-30": 76.745, "2014-06-30": 104.544, "2014-03-31": "70.03100", "2013-12-31": 68.858, "2013-09-30": 68.156, "2013-06-30": 65.95, "2013-03-31": "64.53600", "2012-12-31": 60.818, "2012-09-30": 58.71, "2012-06-30": 45.798, "2012-03-31": "49.54700", "2011-12-31": 43.661, "2011-09-30": 42.889, "2011-06-30": 36.856, "2011-03-31": "35.84900", "2010-12-31": 35.532, "2010-09-30": 34.471, "2010-06-30": 34.16, "2010-03-31": "33.99500", "2009-12-31": 36.254, "2009-09-30": 34.086, "2009-06-30": 34.143, "2009-03-31": "34.09400", "2008-12-31": 33.76, "2008-09-30": 30.668, "2008-06-30": 31.586, "2008-03-31": "27.69200", "2007-12-31": 25.985, "2007-09-30": 20.492, "2007-06-30": 19.88, "2007-03-31": "18.84000", "2006-12-31": 17.255, "2006-09-30": 15.903, "2006-06-30": 15.171, "2006-03-31": "15.25400", "2005-12-31": 15.487, "2005-09-30": 13.241, "2005-06-30": 11.249, "2005-03-31": "10.38100"}, "Other Non-Cash Items": {"2020-12-31": 107.802, "2020-09-30": 58.966, "2020-06-30": 79.074, "2020-03-31": "63.41300", "2019-12-31": 18.67, "2019-09-30": -129.121, "2019-06-30": 69.538, "2019-03-31": "88.13300", "2018-12-31": 50.687, "2018-09-30": 51.088, "2018-06-30": 63.231, "2018-03-31": "45.27900", "2017-12-31": 102.426, "2017-09-30": 27.297, "2017-06-30": 20.894, "2017-03-31": "99.57400", "2016-12-31": 77.183, "2016-09-30": 56.635, "2016-06-30": 38.947, "2016-03-31": "58.48300", "2015-12-31": 62.047, "2015-09-30": 18.924, "2015-06-30": 9.608, "2015-03-31": "65.57000", "2014-12-31": 35.074, "2014-09-30": 33.193, "2014-06-30": 13.174, "2014-03-31": "62.38400", "2013-12-31": 45.504, "2013-09-30": 9.126, "2013-06-30": 43.941, "2013-03-31": "32.27500", "2012-12-31": -26.748, "2012-09-30": 34.869, "2012-06-30": 5.463, "2012-03-31": "32.14700", "2011-12-31": 33.029, "2011-09-30": 29.539, "2011-06-30": 24.876, "2011-03-31": "2.92800", "2010-12-31": -35.002, "2010-09-30": 28.024, "2010-06-30": 29.136, "2010-03-31": "34.74300", "2009-12-31": -12.021, "2009-09-30": 29.324, "2009-06-30": 34.333, "2009-03-31": "25.62800", "2008-12-31": 31.795, "2008-09-30": 23.836, "2008-06-30": 28.918, "2008-03-31": "33.35800", "2007-12-31": 103.699, "2007-09-30": 17.098, "2007-06-30": 13.568, "2007-03-31": "13.00000", "2006-12-31": 19.184, "2006-09-30": 14.494, "2006-06-30": 17.696, "2006-03-31": "15.93600", "2005-12-31": 18.634, "2005-09-30": 14.966, "2005-06-30": 8.589, "2005-03-31": "4.67000"}, "Total Non-Cash Items": {"2020-12-31": 159.3729, "2020-09-30": 111.656, "2020-06-30": 131.966, "2020-03-31": "117.11400", "2019-12-31": 74.747, "2019-09-30": -59.367, "2019-06-30": 125.755, "2019-03-31": "150.60500", "2018-12-31": 108.244, "2018-09-30": 106.404, "2018-06-30": 117.621, "2018-03-31": "97.15500", "2017-12-31": 160.926, "2017-09-30": 79.707, "2017-06-30": 68.997, "2017-03-31": "148.87400", "2016-12-31": 126.335, "2016-09-30": 110.551, "2016-06-30": 97.782, "2016-03-31": "112.11300", "2015-12-31": 129.207, "2015-09-30": 163.774, "2015-06-30": 86.487, "2015-03-31": "139.65100", "2014-12-31": 137.317, "2014-09-30": 109.938, "2014-06-30": 117.718, "2014-03-31": "132.41500", "2013-12-31": 114.362, "2013-09-30": 77.282, "2013-06-30": 109.891, "2013-03-31": "96.81100", "2012-12-31": 34.07, "2012-09-30": 93.579, "2012-06-30": 51.261, "2012-03-31": "81.69400", "2011-12-31": 76.69, "2011-09-30": 72.428, "2011-06-30": 61.732, "2011-03-31": "38.77700", "2010-12-31": 0.53, "2010-09-30": 62.495, "2010-06-30": 63.296, "2010-03-31": "68.73800", "2009-12-31": 24.233, "2009-09-30": 63.41, "2009-06-30": 68.476, "2009-03-31": "59.72200", "2008-12-31": 65.555, "2008-09-30": 54.504, "2008-06-30": 60.504, "2008-03-31": "61.05000", "2007-12-31": 129.684, "2007-09-30": 37.59, "2007-06-30": 33.448, "2007-03-31": "31.84000", "2006-12-31": 36.439, "2006-09-30": 30.397, "2006-06-30": 32.867, "2006-03-31": "31.19000", "2005-12-31": 34.121, "2005-09-30": 28.207, "2005-06-30": 19.838, "2005-03-31": "15.05100"}, "Change In Accounts Receivable": {"2020-12-31": -302.177, "2020-09-30": 55.018, "2020-06-30": 84.015, "2020-03-31": "11.31400", "2019-12-31": -295.622, "2019-09-30": 101.458, "2019-06-30": -49.236, "2019-03-31": "204.40600", "2018-12-31": -277.583, "2018-09-30": 113.817, "2018-06-30": -102.635, "2018-03-31": "285.10400", "2017-12-31": -250.043, "2017-09-30": 75.668, "2017-06-30": -56.937, "2017-03-31": "197.40800", "2016-12-31": -252.347, "2016-09-30": 27.727, "2016-06-30": -55.863, "2016-03-31": "218.82100", "2015-12-31": -206.941, "2015-09-30": 29.224, "2015-06-30": -62.183, "2015-03-31": "231.03400", "2014-12-31": -213.504, "2014-09-30": 36.338, "2014-06-30": 3.23, "2014-03-31": "142.97400", "2013-12-31": -204.99, "2013-09-30": 44.045, "2013-06-30": -45.898, "2013-03-31": "183.89200", "2012-12-31": -178.113, "2012-09-30": -0.414, "2012-06-30": -17.215, "2012-03-31": "88.11400", "2011-12-31": -136.675, "2011-09-30": -3.211, "2011-06-30": -41.217, "2011-03-31": "85.62200", "2010-12-31": -104.86, "2010-09-30": 46.109, "2010-06-30": -80.419, "2010-03-31": "60.11200", "2009-12-31": -67.366, "2009-09-30": -12.784, "2009-06-30": -25.928, "2009-03-31": "31.47400", "2008-12-31": -14.369, "2008-09-30": 1.963, "2008-06-30": -38.734, "2008-03-31": "40.16500", "2007-12-31": -33.96, "2007-09-30": -13.469, "2007-06-30": -10.993, "2007-03-31": "38.77700", "2006-12-31": -57.45, "2006-09-30": -14.315, "2006-06-30": -20.254, "2006-03-31": "23.83200", "2005-12-31": -29.387, "2005-09-30": -6.068, "2005-06-30": -15.592, "2005-03-31": "22.62300"}, "Change In Inventories": {"2020-12-31": -3.628, "2020-09-30": 1.302, "2020-06-30": 0.05, "2020-03-31": "-1.94400", "2019-12-31": 2.603, "2019-09-30": 3.037, "2019-06-30": -0.718, "2019-03-31": "-1.87600", "2018-12-31": -0.69, "2018-09-30": -0.904, "2018-06-30": -6.679, "2018-03-31": "0.03400", "2017-12-31": 0.805, "2017-09-30": -1.952, "2017-06-30": 1.413, "2017-03-31": "-2.81100", "2016-12-31": 1.221, "2016-09-30": -3.891, "2016-06-30": 0.609, "2016-03-31": "-2.07200", "2015-12-31": -0.381, "2015-09-30": 1.855, "2015-06-30": -1.09, "2015-03-31": "0.31900", "2014-12-31": 3.175, "2014-09-30": -3.255, "2014-06-30": -2.204, "2014-03-31": "1.11700", "2013-12-31": -2.503, "2013-09-30": 0.826, "2013-06-30": -2.774, "2013-03-31": "-1.14000", "2012-12-31": 0.139, "2012-09-30": -3.108, "2012-06-30": 2.279, "2012-03-31": "-1.33400", "2011-12-31": -1.657, "2011-09-30": 0.082, "2011-06-30": -0.472, "2011-03-31": "-1.05000", "2010-12-31": -0.264, "2010-09-30": -0.666, "2010-06-30": -1.005, "2010-03-31": "0.74300", "2009-12-31": -0.128, "2009-09-30": 0.883, "2009-06-30": 0.184, "2009-03-31": "-0.33800", "2008-12-31": 1.207, "2008-09-30": -0.028, "2008-06-30": 1.392, "2008-03-31": "-4.84200", "2007-12-31": -3.31, "2007-09-30": -1.182, "2007-06-30": 2.096, "2007-03-31": "-3.92000", "2006-12-31": -3.227, "2006-09-30": -0.9, "2006-06-30": -1.741, "2006-03-31": "-0.00100", "2005-12-31": -0.939, "2005-09-30": -0.762, "2005-06-30": 0.273, "2005-03-31": "-0.27900"}, "Change In Accounts Payable": {"2020-12-31": -10.441, "2020-09-30": -19.891, "2020-06-30": 17.335, "2020-03-31": "20.52900", "2019-12-31": 11.639, "2019-09-30": -23.901, "2019-06-30": 15.122, "2019-03-31": "6.13400", "2018-12-31": 3.859, "2018-09-30": -16.906, "2018-06-30": 18.023, "2018-03-31": "1.82800", "2017-12-31": 9.801, "2017-09-30": -7.767, "2017-06-30": -1.05, "2017-03-31": "-8.22200", "2016-12-31": 2.923, "2016-09-30": 5.244, "2016-06-30": -15.611, "2016-03-31": "-8.92100", "2015-12-31": -0.25, "2015-09-30": 6.62, "2015-06-30": -1.845, "2015-03-31": "1.88300", "2014-12-31": -7.486, "2014-09-30": 4.783, "2014-06-30": 4.055, "2014-03-31": "-1.31200", "2013-12-31": 8.041, "2013-09-30": -4.527, "2013-06-30": 10.89, "2013-03-31": "-11.31200", "2012-12-31": 6.625, "2012-09-30": -10.206, "2012-06-30": 7.668, "2012-03-31": "-4.51300", "2011-12-31": 0.509, "2011-09-30": -3.329, "2011-06-30": 12.518, "2011-03-31": "-21.45600", "2010-12-31": 6.07, "2010-09-30": 6.654, "2010-06-30": 0.216, "2010-03-31": "-3.32800", "2009-12-31": 8.306, "2009-09-30": 1.53, "2009-06-30": 1.145, "2009-03-31": "-6.36800", "2008-12-31": 8.948, "2008-09-30": -0.729, "2008-06-30": -3.96, "2008-03-31": "-11.06700", "2007-12-31": 13.341, "2007-09-30": -4.263, "2007-06-30": -4.531, "2007-03-31": "0.83500", "2006-12-31": 5.298, "2006-09-30": -1.685, "2006-06-30": 3.511, "2006-03-31": "0.66700", "2005-12-31": 12.722, "2005-09-30": -0.505, "2005-06-30": 2.193, "2005-03-31": "-2.35800"}, "Change In Assets/Liabilities": {"2020-12-31": 145.246, "2020-09-30": -160.716, "2020-06-30": 33.441, "2020-03-31": "-68.14800", "2019-12-31": 162.836, "2019-09-30": -184.469, "2019-06-30": -23.334, "2019-03-31": "-70.69300", "2018-12-31": 184.112, "2018-09-30": -79.57, "2018-06-30": 10.259, "2018-03-31": "-81.79400", "2017-12-31": 186.827, "2017-09-30": -36.07, "2017-06-30": 65.144, "2017-03-31": "-55.40400", "2016-12-31": 180.501, "2016-09-30": 11.167, "2016-06-30": 21.372, "2016-03-31": "-63.02400", "2015-12-31": 150.903, "2015-09-30": -29.719, "2015-06-30": 34.846, "2015-03-31": "-56.54400", "2014-12-31": 159.291, "2014-09-30": -26.934, "2014-06-30": 21.351, "2014-03-31": "-7.82500", "2013-12-31": 141.581, "2013-09-30": -4.078, "2013-06-30": 70.034, "2013-03-31": "-7.26700", "2012-12-31": 151.239, "2012-09-30": 12.325, "2012-06-30": 29.224, "2012-03-31": "6.27600", "2011-12-31": 96.754, "2011-09-30": 22.865, "2011-06-30": 34.651, "2011-03-31": "25.74700", "2010-12-31": 135.059, "2010-09-30": -36.346, "2010-06-30": 48.308, "2010-03-31": "-19.03000", "2009-12-31": 93.023, "2009-09-30": 19.307, "2009-06-30": -10.282, "2009-03-31": "-18.44200", "2008-12-31": 61.93, "2008-09-30": 1.995, "2008-06-30": 19.226, "2008-03-31": "-5.54200", "2007-12-31": -24.958, "2007-09-30": -5.78, "2007-06-30": 15.058, "2007-03-31": "9.38800", "2006-12-31": 35.07, "2006-09-30": 17.118, "2006-06-30": 2.584, "2006-03-31": "1.31100", "2005-12-31": 29.125, "2005-09-30": 11.116, "2005-06-30": 7.422, "2005-03-31": "6.93400"}, "Total Change In Assets/Liabilities": {"2020-12-31": -151.428, "2020-09-30": -97.526, "2020-06-30": 174.297, "2020-03-31": "-14.08900", "2019-12-31": -75.809, "2019-09-30": -64.384, "2019-06-30": -56.903, "2019-03-31": "6.61300", "2018-12-31": -67.553, "2018-09-30": 35.637, "2018-06-30": -54.271, "2018-03-31": "116.44100", "2017-12-31": 376.721, "2017-09-30": 48.332, "2017-06-30": -27.351, "2017-03-31": "72.78900", "2016-12-31": -67.138, "2016-09-30": 46.004, "2016-06-30": 9.682, "2016-03-31": "144.38900", "2015-12-31": 21.254, "2015-09-30": 40.096, "2015-06-30": 11.385, "2015-03-31": "123.33300", "2014-12-31": -42.114, "2014-09-30": 6.664, "2014-06-30": 32.798, "2014-03-31": "99.52200", "2013-12-31": -23.312, "2013-09-30": 68.937, "2013-06-30": 34.55, "2013-03-31": "110.29900", "2012-12-31": 78.622, "2012-09-30": 9.168, "2012-06-30": 24.477, "2012-03-31": "93.10900", "2011-12-31": -15.826, "2011-09-30": 23.43, "2011-06-30": 19.157, "2011-03-31": "47.10400", "2010-12-31": 85.041, "2010-09-30": 39.907, "2010-06-30": -7.634, "2010-03-31": "27.47800", "2009-12-31": 69.532, "2009-09-30": 17.039, "2009-06-30": -24.552, "2009-03-31": "15.09700", "2008-12-31": 40.455, "2008-09-30": 11.033, "2008-06-30": -20.569, "2008-03-31": "11.29900", "2007-12-31": -79.986, "2007-09-30": -13.31, "2007-06-30": 15.483, "2007-03-31": "53.04300", "2006-12-31": 6.602, "2006-09-30": -3.185, "2006-06-30": -14.732, "2006-03-31": "24.74800", "2005-12-31": -13.095, "2005-09-30": 6.245, "2005-06-30": 17.378, "2005-03-31": "19.78900"}, "Cash Flow From Operating Activities": {"2020-12-31": 120.036, "2020-09-30": 112.357, "2020-06-30": 419.169, "2020-03-31": "284.24700", "2019-12-31": 206.051, "2019-09-30": 147.106, "2019-06-30": 162.347, "2019-03-31": "267.56600", "2018-12-31": 206.409, "2018-09-30": 300.898, "2018-06-30": 170.183, "2018-03-31": "357.85500", "2017-12-31": 253.758, "2017-09-30": 254.759, "2017-06-30": 150.475, "2017-03-31": "249.28400", "2016-12-31": 259.047, "2016-09-30": 288.456, "2016-06-30": 228.362, "2016-03-31": "339.96500", "2015-12-31": 281.735, "2015-09-30": 259.795, "2015-06-30": 201.147, "2015-03-31": "291.87100", "2014-12-31": 190.431, "2014-09-30": 164.134, "2014-06-30": 203.54, "2014-03-31": "287.87600", "2013-12-31": 229.694, "2013-09-30": 222.949, "2013-06-30": 208.902, "2013-03-31": "266.79800", "2012-12-31": 226.721, "2012-09-30": 180.992, "2012-06-30": 167.744, "2012-03-31": "243.07000", "2011-12-31": 169.563, "2011-09-30": 188.034, "2011-06-30": 162.297, "2011-03-31": "159.22800", "2010-12-31": 179.327, "2010-09-30": 190.181, "2010-06-30": 103.219, "2010-03-31": "143.56500", "2009-12-31": 181.913, "2009-09-30": 133.872, "2009-06-30": 86.443, "2009-03-31": "81.74600", "2008-12-31": 166.11, "2008-09-30": 114.686, "2008-06-30": 74.584, "2008-03-31": "106.72700", "2007-12-31": 112.463, "2007-09-30": 84.975, "2007-06-30": 102.321, "2007-03-31": "122.51600", "2006-12-31": 95.944, "2006-09-30": 70.872, "2006-06-30": 63.106, "2006-03-31": "97.40100", "2005-12-31": 79.236, "2005-09-30": 75.405, "2005-06-30": 65.102, "2005-03-31": "73.40000"}, "Net Change In Property, Plant, And Equipment": {"2020-12-31": -10.655, "2020-09-30": -9.705, "2020-06-30": -10.575, "2020-03-31": "-10.50300", "2019-12-31": -13.001, "2019-09-30": -12.392, "2019-06-30": -20.784, "2019-03-31": "-17.27700", "2018-12-31": -15.065, "2018-09-30": -21.36, "2018-06-30": -16.932, "2018-03-31": "-15.99700", "2017-12-31": -19.231, "2017-09-30": -23.02, "2017-06-30": -18.904, "2017-03-31": "-19.74600", "2016-12-31": -18.768, "2016-09-30": -17.58, "2016-06-30": -22.352, "2016-03-31": "-26.33500", "2015-12-31": 22.025, "2015-09-30": -39.586, "2015-06-30": -35.914, "2015-03-31": "-44.09100", "2014-12-31": -49.975, "2014-09-30": -48.301, "2014-06-30": -36.672, "2014-03-31": "-30.46900", "2013-12-31": -36.279, "2013-09-30": -59.829, "2013-06-30": -38.484, "2013-03-31": "-28.29700", "2012-12-31": -35.668, "2012-09-30": -36.043, "2012-06-30": -28.1, "2012-03-31": "-23.14700", "2011-12-31": -23.077, "2011-09-30": -29.399, "2011-06-30": -32.611, "2011-03-31": "-26.84500", "2010-12-31": -22.275, "2010-09-30": -23.029, "2010-06-30": -18.811, "2010-03-31": "-11.26100", "2009-12-31": -19.446, "2009-09-30": -16.634, "2009-06-30": -17.269, "2009-03-31": "-22.89700", "2008-12-31": -93.487, "2008-09-30": -25.272, "2008-06-30": -31.882, "2008-03-31": "-30.40500", "2007-12-31": -30.806, "2007-09-30": -22.099, "2007-06-30": -17.401, "2007-03-31": "-15.61300", "2006-12-31": -16.538, "2006-09-30": -14.096, "2006-06-30": -12.514, "2006-03-31": "-8.90300", "2005-12-31": -9.678, "2005-09-30": -4.659, "2005-06-30": -7.718, "2005-03-31": "-4.32200"}, "Net Change In Intangible Assets": {"2020-12-31": -3, "2020-09-30": -2.371, "2020-06-30": -1.528, "2020-03-31": "-1.68200", "2019-12-31": -1.095, "2019-09-30": -0.247, "2019-06-30": -1.568, "2019-03-31": "-0.59000", "2018-12-31": -1.07, "2018-09-30": -0.923, "2018-06-30": -0.682, "2018-03-31": "-0.53500", "2017-12-31": -1.514, "2017-09-30": -0.71, "2017-06-30": -3.221, "2017-03-31": "-1.93400", "2016-12-31": -0.185, "2016-09-30": -1.178, "2016-06-30": -0.429, "2016-03-31": "-24.14800", "2015-12-31": -0.129, "2015-09-30": -1.332, "2015-06-30": -7.252, "2015-03-31": "-2.08200", "2014-12-31": -0.964, "2014-09-30": -2.985, "2014-06-30": -9.016, "2014-03-31": "-0.71100", "2013-12-31": -4.951, "2013-09-30": -2.708, "2013-06-30": -2.258, "2013-03-31": "-2.23600", "2012-12-31": -13.483, "2012-09-30": -2.277, "2012-06-30": -11.939, "2012-03-31": "-0.06100", "2011-12-31": -2.273, "2011-09-30": -5.677, "2011-06-30": -5.965, "2011-03-31": "-1.52200", "2010-12-31": -3.833, "2010-09-30": -2.647, "2010-06-30": -2.942, "2010-03-31": "-7.29300", "2009-12-31": 0, "2009-09-30": -1.44, "2009-06-30": -1.625, "2009-03-31": "-0.22500", "2008-12-31": -8.45, "2008-09-30": -0.437, "2008-06-30": -3.8, "2008-03-31": "-27.73100", "2007-12-31": -0.5, "2007-09-30": 0, "2007-06-30": 0, "2007-03-31": "-2.75000", "2006-12-31": 0, "2006-09-30": 0, "2006-06-30": 0, "2006-03-31": "", "2005-12-31": 0, "2005-09-30": 0, "2005-06-30": 0, "2005-03-31": ""}, "Net Acquisitions/Divestitures": {"2020-12-31": 0, "2020-09-30": 0, "2020-06-30": 0, "2020-03-31": "", "2019-12-31": 0, "2019-09-30": 0, "2019-06-30": 0, "2019-03-31": "", "2018-12-31": -182.946, "2018-09-30": 0, "2018-06-30": 0.347, "2018-03-31": "-66.33000", "2017-12-31": 0, "2017-09-30": 0, "2017-06-30": 0, "2017-03-31": "-60.44900", "2016-12-31": -1.786, "2016-09-30": -11.456, "2016-06-30": 0, "2016-03-31": "", "2015-12-31": 155.655, "2015-09-30": 0.198, "2015-06-30": -161.717, "2015-03-31": "-89.46700", "2014-12-31": -57.717, "2014-09-30": -2, "2014-06-30": -17.188, "2014-03-31": "-24.15400", "2013-12-31": -5.538, "2013-09-30": -5.294, "2013-06-30": 0, "2013-03-31": "-324.04900", "2012-12-31": 1.126, "2012-09-30": -405.969, "2012-06-30": -58.345, "2012-03-31": "-24.03300", "2011-12-31": -145.905, "2011-09-30": -191.032, "2011-06-30": 0, "2011-03-31": "-118.44000", "2010-12-31": 0.162, "2010-09-30": -10.445, "2010-06-30": -0.761, "2010-03-31": "-9.46600", "2009-12-31": -1.218, "2009-09-30": -0.7, "2009-06-30": -0.22, "2009-03-31": "-1.20000", "2008-12-31": -25.884, "2008-09-30": 0, "2008-06-30": 0, "2008-03-31": "-2.13900", "2007-12-31": -81.946, "2007-09-30": -6.137, "2007-06-30": -2.697, "2007-03-31": "-57.27500", "2006-12-31": -0.494, "2006-09-30": -47.52, "2006-06-30": -13.448, "2006-03-31": "", "2005-12-31": -31.671, "2005-09-30": -136.676, "2005-06-30": 0, "2005-03-31": ""}, "Net Change In Short-term Investments": {"2020-12-31": 0, "2020-09-30": 0, "2020-06-30": 0, "2020-03-31": "", "2019-12-31": 0, "2019-09-30": 0, "2019-06-30": 0, "2019-03-31": "", "2018-12-31": 0, "2018-09-30": 0, "2018-06-30": 0, "2018-03-31": "", "2017-12-31": 0, "2017-09-30": 0, "2017-06-30": 0, "2017-03-31": "", "2016-12-31": 0, "2016-09-30": 0, "2016-06-30": 0, "2016-03-31": "", "2015-12-31": 0, "2015-09-30": 0, "2015-06-30": 0, "2015-03-31": "", "2014-12-31": 0, "2014-09-30": 0, "2014-06-30": 0, "2014-03-31": "", "2013-12-31": 5.243, "2013-09-30": 0, "2013-06-30": 0, "2013-03-31": "", "2012-12-31": 0, "2012-09-30": 0, "2012-06-30": 0, "2012-03-31": "", "2011-12-31": 0, "2011-09-30": 0, "2011-06-30": 0, "2011-03-31": "", "2010-12-31": 0, "2010-09-30": 0, "2010-06-30": 0, "2010-03-31": "", "2009-12-31": 0, "2009-09-30": 0, "2009-06-30": 0, "2009-03-31": "", "2008-12-31": 0, "2008-09-30": 0, "2008-06-30": 0, "2008-03-31": "", "2007-12-31": 0, "2007-09-30": 0, "2007-06-30": 0, "2007-03-31": "", "2006-12-31": 0, "2006-09-30": -28.992, "2006-06-30": 28.992, "2006-03-31": "", "2005-12-31": 0, "2005-09-30": 0, "2005-06-30": 0, "2005-03-31": ""}, "Net Change In Long-Term Investments": {"2020-12-31": 231.051, "2020-09-30": -44.285, "2020-06-30": -287.405, "2020-03-31": "21.33500", "2019-12-31": 17.076, "2019-09-30": 12.221, "2019-06-30": 171.57, "2019-03-31": "900.18500", "2018-12-31": 130.132, "2018-09-30": 27.187, "2018-06-30": -28.563, "2018-03-31": "328.11900", "2017-12-31": -3.8091, "2017-09-30": -61.2389, "2017-06-30": -98.052, "2017-03-31": "249.47600", "2016-12-31": -567.7449, "2016-09-30": 394.5799, "2016-06-30": -45.234, "2016-03-31": "-93.23200", "2015-12-31": -65.2959, "2015-09-30": 145.5549, "2015-06-30": 81.5491, "2015-03-31": "37.85300", "2014-12-31": -24.5549, "2014-09-30": -62.64, "2014-06-30": 17.567, "2014-03-31": "-219.67700", "2013-12-31": 100.134, "2013-09-30": -152.624, "2013-06-30": -105.969, "2013-03-31": "-275.01100", "2012-12-31": 202.2522, "2012-09-30": -327.4731, "2012-06-30": 469.637, "2012-03-31": "-67.86700", "2011-12-31": 82.539, "2011-09-30": 33.8639, "2011-06-30": -149.509, "2011-03-31": "164.67100", "2010-12-31": -105.2139, "2010-09-30": -128.248, "2010-06-30": 49.564, "2010-03-31": "-160.54300", "2009-12-31": -162.878, "2009-09-30": -88.479, "2009-06-30": -55.698, "2009-03-31": "-112.93600", "2008-12-31": 93.338, "2008-09-30": 47.837, "2008-06-30": -32.122, "2008-03-31": "-18.18800", "2007-12-31": -9.362, "2007-09-30": -132.75, "2007-06-30": -36.95, "2007-03-31": "-1.31500", "2006-12-31": 125.348, "2006-09-30": 1.802, "2006-06-30": -268.508, "2006-03-31": "-182.38600", "2005-12-31": -18.827, "2005-09-30": 360.823, "2005-06-30": 7.385, "2005-03-31": "5.60600"}, "Net Change In Investments - Total": {"2020-12-31": 231.051, "2020-09-30": -44.285, "2020-06-30": -287.405, "2020-03-31": "21.33500", "2019-12-31": 17.076, "2019-09-30": 12.221, "2019-06-30": 171.57, "2019-03-31": "900.18500", "2018-12-31": 130.132, "2018-09-30": 27.187, "2018-06-30": -28.563, "2018-03-31": "328.11900", "2017-12-31": -3.8091, "2017-09-30": -61.2389, "2017-06-30": -98.052, "2017-03-31": "249.47600", "2016-12-31": -567.7449, "2016-09-30": 394.5799, "2016-06-30": -45.234, "2016-03-31": "-93.23200", "2015-12-31": -65.2959, "2015-09-30": 145.5549, "2015-06-30": 81.5491, "2015-03-31": "37.85300", "2014-12-31": -24.5549, "2014-09-30": -62.64, "2014-06-30": 17.567, "2014-03-31": "-219.67700", "2013-12-31": 105.377, "2013-09-30": -152.624, "2013-06-30": -105.969, "2013-03-31": "-275.01100", "2012-12-31": 202.2522, "2012-09-30": -327.4731, "2012-06-30": 469.637, "2012-03-31": "-67.86700", "2011-12-31": 82.539, "2011-09-30": 33.8639, "2011-06-30": -149.509, "2011-03-31": "164.67100", "2010-12-31": -105.2139, "2010-09-30": -128.248, "2010-06-30": 49.564, "2010-03-31": "-160.54300", "2009-12-31": -162.878, "2009-09-30": -88.479, "2009-06-30": -55.698, "2009-03-31": "-112.93600", "2008-12-31": 93.338, "2008-09-30": 47.837, "2008-06-30": -32.122, "2008-03-31": "-18.18800", "2007-12-31": -9.362, "2007-09-30": -132.75, "2007-06-30": -36.95, "2007-03-31": "-1.31500", "2006-12-31": 125.348, "2006-09-30": -27.19, "2006-06-30": -239.516, "2006-03-31": "-182.38600", "2005-12-31": -18.827, "2005-09-30": 360.823, "2005-06-30": 7.385, "2005-03-31": "5.60600"}, "Investing Activities - Other": {"2020-12-31": -9.905, "2020-09-30": 0.216, "2020-06-30": -0.177, "2020-03-31": "0.88400", "2019-12-31": 0.732, "2019-09-30": -0.246, "2019-06-30": 0.59, "2019-03-31": "0.57500", "2018-12-31": -4.601, "2018-09-30": -1.603, "2018-06-30": -0.255, "2018-03-31": "3.25700", "2017-12-31": 1.833, "2017-09-30": -0.497, "2017-06-30": -0.298, "2017-03-31": "-2.60600", "2016-12-31": -9.425, "2016-09-30": -11.226, "2016-06-30": -13.365, "2016-03-31": "-14.34000", "2015-12-31": -216.984, "2015-09-30": -2.342, "2015-06-30": -0.321, "2015-03-31": "-0.73700", "2014-12-31": 0, "2014-09-30": 0, "2014-06-30": 0, "2014-03-31": "", "2013-12-31": 0, "2013-09-30": 0, "2013-06-30": 0, "2013-03-31": "", "2012-12-31": 0, "2012-09-30": 3.45, "2012-06-30": 0, "2012-03-31": "", "2011-12-31": 0, "2011-09-30": 0, "2011-06-30": 0, "2011-03-31": "", "2010-12-31": 0, "2010-09-30": 0, "2010-06-30": 0, "2010-03-31": "", "2009-12-31": 3, "2009-09-30": 0, "2009-06-30": -3, "2009-03-31": "", "2008-12-31": 0, "2008-09-30": 0, "2008-06-30": 0, "2008-03-31": "", "2007-12-31": 0, "2007-09-30": 0, "2007-06-30": 0, "2007-03-31": "", "2006-12-31": 0, "2006-09-30": 0, "2006-06-30": 0.465, "2006-03-31": "-0.46500", "2005-12-31": 0, "2005-09-30": 0, "2005-06-30": 0, "2005-03-31": ""}, "Cash Flow From Investing Activities": {"2020-12-31": 207.491, "2020-09-30": -56.145, "2020-06-30": -299.685, "2020-03-31": "10.03400", "2019-12-31": 3.712, "2019-09-30": -0.664, "2019-06-30": 149.808, "2019-03-31": "882.89300", "2018-12-31": -73.55, "2018-09-30": 3.301, "2018-06-30": -46.085, "2018-03-31": "248.51400", "2017-12-31": -22.721, "2017-09-30": -85.466, "2017-06-30": -120.475, "2017-03-31": "164.74100", "2016-12-31": -597.909, "2016-09-30": 353.14, "2016-06-30": -81.38, "2016-03-31": "-158.05500", "2015-12-31": -104.729, "2015-09-30": 102.493, "2015-06-30": -123.655, "2015-03-31": "-98.52400", "2014-12-31": -133.211, "2014-09-30": -115.926, "2014-06-30": -45.309, "2014-03-31": "-275.01100", "2013-12-31": 58.609, "2013-09-30": -220.455, "2013-06-30": -146.711, "2013-03-31": "-629.59300", "2012-12-31": 154.227, "2012-09-30": -768.312, "2012-06-30": 371.253, "2012-03-31": "-115.10800", "2011-12-31": -88.716, "2011-09-30": -192.244, "2011-06-30": -188.085, "2011-03-31": "17.86400", "2010-12-31": -131.16, "2010-09-30": -164.369, "2010-06-30": 27.05, "2010-03-31": "-188.56300", "2009-12-31": -180.542, "2009-09-30": -107.253, "2009-06-30": -77.812, "2009-03-31": "-137.25800", "2008-12-31": -34.483, "2008-09-30": 22.128, "2008-06-30": -67.804, "2008-03-31": "-78.46300", "2007-12-31": -122.614, "2007-09-30": -160.986, "2007-06-30": -57.048, "2007-03-31": "-76.95300", "2006-12-31": 108.316, "2006-09-30": -88.806, "2006-06-30": -265.013, "2006-03-31": "-191.75400", "2005-12-31": -60.176, "2005-09-30": 219.488, "2005-06-30": -0.333, "2005-03-31": "1.28400"}, "Net Long-Term Debt": {"2020-12-31": 0, "2020-09-30": 0, "2020-06-30": 0, "2020-03-31": "986.95300", "2019-12-31": 0, "2019-09-30": 0, "2019-06-30": 0, "2019-03-31": "", "2018-12-31": 0, "2018-09-30": 0, "2018-06-30": 0, "2018-03-31": "", "2017-12-31": 701.039, "2017-09-30": 10, "2017-06-30": -70, "2017-03-31": "100.00000", "2016-12-31": 0, "2016-09-30": 0, "2016-06-30": 0, "2016-03-31": "", "2015-12-31": 7.569, "2015-09-30": 0, "2015-06-30": -99.394, "2015-03-31": "91.82500", "2014-12-31": -0.299, "2014-09-30": 0, "2014-06-30": 1231.429, "2014-03-31": "-3.76600", "2013-12-31": -2.061, "2013-09-30": 0, "2013-06-30": 0, "2013-03-31": "", "2012-12-31": 0, "2012-09-30": -16.609, "2012-06-30": -5.281, "2012-03-31": "-2.45600", "2011-12-31": 0, "2011-09-30": -0.635, "2011-06-30": 0, "2011-03-31": "-10.92600", "2010-12-31": 0, "2010-09-30": 0, "2010-06-30": 0, "2010-03-31": "", "2009-12-31": 0, "2009-09-30": 0, "2009-06-30": 0, "2009-03-31": "", "2008-12-31": 0, "2008-09-30": 0, "2008-06-30": 0, "2008-03-31": "-0.40700", "2007-12-31": 0, "2007-09-30": 0, "2007-06-30": 0, "2007-03-31": "-8.00000", "2006-12-31": 0, "2006-09-30": -3.85, "2006-06-30": 0, "2006-03-31": "-31.00000", "2005-12-31": -44, "2005-09-30": 75, "2005-06-30": 0, "2005-03-31": ""}, "Net Current Debt": {"2020-12-31": 0, "2020-09-30": 0, "2020-06-30": 0, "2020-03-31": "", "2019-12-31": 0, "2019-09-30": 0, "2019-06-30": -1164.497, "2019-03-31": "", "2018-12-31": -272.986, "2018-09-30": 0, "2018-06-30": 0, "2018-03-31": "-5.67400", "2017-12-31": 0, "2017-09-30": 0, "2017-06-30": 0, "2017-03-31": "-4.00000", "2016-12-31": 0, "2016-09-30": 0, "2016-06-30": 0, "2016-03-31": "", "2015-12-31": -3.175, "2015-09-30": 0, "2015-06-30": 0, "2015-03-31": "", "2014-12-31": 0, "2014-09-30": 0, "2014-06-30": 0, "2014-03-31": "", "2013-12-31": 0, "2013-09-30": 0, "2013-06-30": 0, "2013-03-31": "", "2012-12-31": 0, "2012-09-30": 0, "2012-06-30": 0, "2012-03-31": "", "2011-12-31": 0, "2011-09-30": 0, "2011-06-30": 0, "2011-03-31": "", "2010-12-31": 0, "2010-09-30": 0, "2010-06-30": 0, "2010-03-31": "", "2009-12-31": 0, "2009-09-30": 0, "2009-06-30": 0, "2009-03-31": "", "2008-12-31": 0, "2008-09-30": 0, "2008-06-30": 0, "2008-03-31": "", "2007-12-31": 0, "2007-09-30": 0, "2007-06-30": 0, "2007-03-31": "", "2006-12-31": 0, "2006-09-30": 0, "2006-06-30": 0, "2006-03-31": "", "2005-12-31": 0, "2005-09-30": 0, "2005-06-30": 0, "2005-03-31": ""}, "Debt Issuance/Retirement Net - Total": {"2020-12-31": 0, "2020-09-30": 0, "2020-06-30": 0, "2020-03-31": "986.95300", "2019-12-31": 0, "2019-09-30": 0, "2019-06-30": -1164.497, "2019-03-31": "", "2018-12-31": -272.986, "2018-09-30": 0, "2018-06-30": 0, "2018-03-31": "-5.67400", "2017-12-31": 701.039, "2017-09-30": 10, "2017-06-30": -70, "2017-03-31": "96.00000", "2016-12-31": 0, "2016-09-30": 0, "2016-06-30": 0, "2016-03-31": "", "2015-12-31": 4.394, "2015-09-30": 0, "2015-06-30": -99.394, "2015-03-31": "91.82500", "2014-12-31": -0.299, "2014-09-30": 0, "2014-06-30": 1231.429, "2014-03-31": "-3.76600", "2013-12-31": -2.061, "2013-09-30": 0, "2013-06-30": 0, "2013-03-31": "", "2012-12-31": 0, "2012-09-30": -16.609, "2012-06-30": -5.281, "2012-03-31": "-2.45600", "2011-12-31": 0, "2011-09-30": -0.635, "2011-06-30": 0, "2011-03-31": "-10.92600", "2010-12-31": 0, "2010-09-30": 0, "2010-06-30": 0, "2010-03-31": "", "2009-12-31": 0, "2009-09-30": 0, "2009-06-30": 0, "2009-03-31": "", "2008-12-31": 0, "2008-09-30": 0, "2008-06-30": 0, "2008-03-31": "-0.40700", "2007-12-31": 0, "2007-09-30": 0, "2007-06-30": 0, "2007-03-31": "-8.00000", "2006-12-31": 0, "2006-09-30": -3.85, "2006-06-30": 0, "2006-03-31": "-31.00000", "2005-12-31": -44, "2005-09-30": 75, "2005-06-30": 0, "2005-03-31": ""}, "Net Common Equity Issued/Repurchased": {"2020-12-31": -88.58, "2020-09-30": 0, "2020-06-30": 0, "2020-03-31": "-1199.90300", "2019-12-31": -99.949, "2019-09-30": -103.904, "2019-06-30": -156.195, "2019-03-31": "-93.80500", "2018-12-31": -380, "2018-09-30": -116.1239, "2018-06-30": -14.9351, "2018-03-31": "-749.93000", "2017-12-31": -749.98, "2017-09-30": -74.353, "2017-06-30": 0.588, "2017-03-31": "-499.09800", "2016-12-31": 1.809, "2016-09-30": 8.879, "2016-06-30": 24.535, "2016-03-31": "-22.66500", "2015-12-31": -324.6869, "2015-09-30": -190.019, "2015-06-30": -12.198, "2015-03-31": "-116.51500", "2014-12-31": -31.955, "2014-09-30": -79.409, "2014-06-30": -1389.086, "2014-03-31": "7.95800", "2013-12-31": -244.907, "2013-09-30": -21.687, "2013-06-30": -29.964, "2013-03-31": "-36.11300", "2012-12-31": -63.447, "2012-09-30": -40.648, "2012-06-30": 31.229, "2012-03-31": "-69.73600", "2011-12-31": -69.173, "2011-09-30": -115.281, "2011-06-30": -57.172, "2011-03-31": "-57.61700", "2010-12-31": -66.106, "2010-09-30": 1.676, "2010-06-30": -70.689, "2010-03-31": "54.93700", "2009-12-31": -38.091, "2009-09-30": -23.062, "2009-06-30": 13.105, "2009-03-31": "-0.89800", "2008-12-31": -24.443, "2008-09-30": -69.511, "2008-06-30": -54.769, "2008-03-31": "-63.36300", "2007-12-31": -138.84, "2007-09-30": -62.81, "2007-06-30": 0, "2007-03-31": "60.07500", "2006-12-31": -80.3, "2006-09-30": -121.427, "2006-06-30": 106.106, "2006-03-31": "52.11600", "2005-12-31": 1.842, "2005-09-30": -69.335, "2005-06-30": 21.957, "2005-03-31": "-27.22200"}, "Net Total Equity Issued/Repurchased": {"2020-12-31": -88.58, "2020-09-30": 0, "2020-06-30": 0, "2020-03-31": "-1199.90300", "2019-12-31": -99.949, "2019-09-30": -103.904, "2019-06-30": -156.195, "2019-03-31": "-93.80500", "2018-12-31": -380, "2018-09-30": -116.1239, "2018-06-30": -14.9351, "2018-03-31": "-749.93000", "2017-12-31": -749.98, "2017-09-30": -74.353, "2017-06-30": 0.588, "2017-03-31": "-499.09800", "2016-12-31": 1.809, "2016-09-30": 8.879, "2016-06-30": 24.535, "2016-03-31": "-22.66500", "2015-12-31": -324.6869, "2015-09-30": -190.019, "2015-06-30": -12.198, "2015-03-31": "-116.51500", "2014-12-31": -31.955, "2014-09-30": -79.409, "2014-06-30": -1389.086, "2014-03-31": "7.95800", "2013-12-31": -244.907, "2013-09-30": -21.687, "2013-06-30": -29.964, "2013-03-31": "-36.11300", "2012-12-31": -63.447, "2012-09-30": -40.648, "2012-06-30": 31.229, "2012-03-31": "-69.73600", "2011-12-31": -69.173, "2011-09-30": -115.281, "2011-06-30": -57.172, "2011-03-31": "-57.61700", "2010-12-31": -66.106, "2010-09-30": 1.676, "2010-06-30": -70.689, "2010-03-31": "54.93700", "2009-12-31": -38.091, "2009-09-30": -23.062, "2009-06-30": 13.105, "2009-03-31": "-0.89800", "2008-12-31": -24.443, "2008-09-30": -69.511, "2008-06-30": -54.769, "2008-03-31": "-63.36300", "2007-12-31": -138.84, "2007-09-30": -62.81, "2007-06-30": 0, "2007-03-31": "60.07500", "2006-12-31": -80.3, "2006-09-30": -121.427, "2006-06-30": 106.106, "2006-03-31": "52.11600", "2005-12-31": 1.842, "2005-09-30": -69.335, "2005-06-30": 21.957, "2005-03-31": "-27.22200"}, "Total Common And Preferred Stock Dividends Paid": {"2020-12-31": -42.898, "2020-09-30": -43.046, "2020-06-30": -43.223, "2020-03-31": "-42.83900", "2019-12-31": -45.723, "2019-09-30": -45.373, "2019-06-30": -45.827, "2019-03-31": "-46.02400", "2018-12-31": -46.799, "2018-09-30": 0, "2018-06-30": 0, "2018-03-31": "", "2017-12-31": 0, "2017-09-30": 0, "2017-06-30": 0, "2017-03-31": "", "2016-12-31": 0, "2016-09-30": 0, "2016-06-30": 0, "2016-03-31": "", "2015-12-31": 0, "2015-09-30": 0, "2015-06-30": 0, "2015-03-31": "", "2014-12-31": 0, "2014-09-30": 0, "2014-06-30": 0, "2014-03-31": "", "2013-12-31": 0, "2013-09-30": 0, "2013-06-30": 0, "2013-03-31": "", "2012-12-31": 0, "2012-09-30": 0, "2012-06-30": 0, "2012-03-31": "", "2011-12-31": 0, "2011-09-30": 0, "2011-06-30": 0, "2011-03-31": "", "2010-12-31": 0, "2010-09-30": 0, "2010-06-30": 0, "2010-03-31": "", "2009-12-31": 0, "2009-09-30": 0, "2009-06-30": 0, "2009-03-31": "", "2008-12-31": 0, "2008-09-30": 0, "2008-06-30": 0, "2008-03-31": "", "2007-12-31": 0, "2007-09-30": 0, "2007-06-30": 0, "2007-03-31": "", "2006-12-31": 0, "2006-09-30": 0, "2006-06-30": 0, "2006-03-31": "", "2005-12-31": 0, "2005-09-30": 0, "2005-06-30": 0, "2005-03-31": ""}, "Financial Activities - Other": {"2020-12-31": -16.804, "2020-09-30": -3.692, "2020-06-30": -46.909, "2020-03-31": "-54.24700", "2019-12-31": -14.419, "2019-09-30": -4.242, "2019-06-30": -52.89, "2019-03-31": "-17.66200", "2018-12-31": -18.004, "2018-09-30": -3.653, "2018-06-30": -36.334, "2018-03-31": "-13.60200", "2017-12-31": -8.861, "2017-09-30": -10.632, "2017-06-30": -25.679, "2017-03-31": "-63.39100", "2016-12-31": -7.561, "2016-09-30": -9.494, "2016-06-30": -16.995, "2016-03-31": "-16.53900", "2015-12-31": -14.742, "2015-09-30": -3.718, "2015-06-30": -8.154, "2015-03-31": "-18.24300", "2014-12-31": -4.885, "2014-09-30": -2.819, "2014-06-30": -19.852, "2014-03-31": "0.01600", "2013-12-31": -7.038, "2013-09-30": 1.437, "2013-06-30": -19.17, "2013-03-31": "7.22200", "2012-12-31": 1.664, "2012-09-30": 5.535, "2012-06-30": 9.472, "2012-03-31": "0.49500", "2011-12-31": 10.711, "2011-09-30": 2.469, "2011-06-30": -1.695, "2011-03-31": "6.70500", "2010-12-31": 15.005, "2010-09-30": 24.885, "2010-06-30": 3.071, "2010-03-31": "10.90500", "2009-12-31": -3.439, "2009-09-30": 3.95, "2009-06-30": 2.393, "2009-03-31": "0.50500", "2008-12-31": 0.18, "2008-09-30": 0.579, "2008-06-30": 2.755, "2008-03-31": "2.04500", "2007-12-31": 9.642, "2007-09-30": 5.684, "2007-06-30": 0, "2007-03-31": "2.42700", "2006-12-31": 7.162, "2006-09-30": 15.161, "2006-06-30": 17.198, "2006-03-31": "12.39400", "2005-12-31": -1.098, "2005-09-30": 0, "2005-06-30": 0, "2005-03-31": ""}, "Cash Flow From Financial Activities": {"2020-12-31": -148.282, "2020-09-30": -46.738, "2020-06-30": -90.132, "2020-03-31": "-310.03600", "2019-12-31": -160.091, "2019-09-30": -153.519, "2019-06-30": -1419.409, "2019-03-31": "-157.49100", "2018-12-31": -717.789, "2018-09-30": -119.777, "2018-06-30": -51.269, "2018-03-31": "-769.20600", "2017-12-31": -57.802, "2017-09-30": -74.985, "2017-06-30": -95.091, "2017-03-31": "-466.48900", "2016-12-31": -5.752, "2016-09-30": -0.615, "2016-06-30": 7.54, "2016-03-31": "-39.20400", "2015-12-31": -335.035, "2015-09-30": -193.737, "2015-06-30": -119.746, "2015-03-31": "-42.93300", "2014-12-31": -37.139, "2014-09-30": -82.228, "2014-06-30": -177.509, "2014-03-31": "4.20800", "2013-12-31": -254.006, "2013-09-30": -20.25, "2013-06-30": -49.134, "2013-03-31": "-28.89100", "2012-12-31": -61.783, "2012-09-30": -51.722, "2012-06-30": 35.42, "2012-03-31": "-71.69700", "2011-12-31": -58.462, "2011-09-30": -113.447, "2011-06-30": -58.867, "2011-03-31": "-61.83800", "2010-12-31": -51.101, "2010-09-30": 26.561, "2010-06-30": -67.618, "2010-03-31": "65.84200", "2009-12-31": -41.53, "2009-09-30": -19.112, "2009-06-30": 15.498, "2009-03-31": "-0.39300", "2008-12-31": -24.263, "2008-09-30": -68.932, "2008-06-30": -52.014, "2008-03-31": "-61.72500", "2007-12-31": -129.198, "2007-09-30": -57.126, "2007-06-30": 0, "2007-03-31": "54.50200", "2006-12-31": -73.138, "2006-09-30": -110.116, "2006-06-30": 123.304, "2006-03-31": "33.51000", "2005-12-31": -43.256, "2005-09-30": 5.665, "2005-06-30": 21.957, "2005-03-31": "-27.22200"}, "Net Cash Flow": {"2020-12-31": 184.071, "2020-09-30": 13.752, "2020-06-30": 30.191, "2020-03-31": "-20.88000", "2019-12-31": 51.927, "2019-09-30": -10.886, "2019-06-30": -1107.959, "2019-03-31": "993.91300", "2018-12-31": -586.416, "2018-09-30": 183.474, "2018-06-30": 67.011, "2018-03-31": "-160.43300", "2017-12-31": 174.261, "2017-09-30": 96.098, "2017-06-30": -63.206, "2017-03-31": "-48.97900", "2016-12-31": -351.727, "2016-09-30": 642.451, "2016-06-30": 152.926, "2016-03-31": "144.78800", "2015-12-31": -216.838, "2015-09-30": 165.281, "2015-06-30": -40.62, "2015-03-31": "142.78400", "2014-12-31": 17.362, "2014-09-30": -36.615, "2014-06-30": -19.117, "2014-03-31": "17.77900", "2013-12-31": 34.267, "2013-09-30": -16.68, "2013-06-30": 11.688, "2013-03-31": "-392.14400", "2012-12-31": 319.482, "2012-09-30": -637.713, "2012-06-30": 570.959, "2012-03-31": "57.58500", "2011-12-31": 21.166, "2011-09-30": -118.686, "2011-06-30": -84.524, "2011-03-31": "119.17800", "2010-12-31": -2.826, "2010-09-30": 54.284, "2010-06-30": 62.857, "2010-03-31": "20.40400", "2009-12-31": -38.925, "2009-09-30": 6.158, "2009-06-30": 24.387, "2009-03-31": "-56.29800", "2008-12-31": 108.043, "2008-09-30": 70.697, "2008-06-30": -44.752, "2008-03-31": "-31.61600", "2007-12-31": -139.708, "2007-09-30": -131.989, "2007-06-30": 45.875, "2007-03-31": "100.51700", "2006-12-31": 132.515, "2006-09-30": -128.05, "2006-06-30": -78.603, "2006-03-31": "-60.84300", "2005-12-31": -24.196, "2005-09-30": 300.558, "2005-06-30": 86.726, "2005-03-31": "47.46200"}, "Stock-Based Compensation": {"2020-12-31": 78.856, "2020-09-30": 85.169, "2020-06-30": 85.362, "2020-03-31": "58.32300", "2019-12-31": 76.369, "2019-09-30": 68.969, "2019-06-30": 68.32, "2019-03-31": "65.23400", "2018-12-31": 59.313, "2018-09-30": 52.739, "2018-06-30": 55.844, "2018-03-31": "35.72300", "2017-12-31": 37.901, "2017-09-30": 51.732, "2017-06-30": 40.679, "2017-03-31": "34.80800", "2016-12-31": 37.468, "2016-09-30": 40.843, "2016-06-30": 38.367, "2016-03-31": "36.06100", "2015-12-31": 24.588, "2015-09-30": 38.671, "2015-06-30": 30.792, "2015-03-31": "34.21100", "2014-12-31": 40.847, "2014-09-30": 42.449, "2014-06-30": 45.29, "2014-03-31": "40.70100", "2013-12-31": 46.635, "2013-09-30": 45.893, "2013-06-30": 47.857, "2013-03-31": "43.55600", "2012-12-31": 41.018, "2012-09-30": 40.103, "2012-06-30": 38.262, "2012-03-31": "30.55700", "2011-12-31": 29.318, "2011-09-30": 24.954, "2011-06-30": 20.753, "2011-03-31": "17.88400", "2010-12-31": 19.852, "2010-09-30": 30.833, "2010-06-30": 28.146, "2010-03-31": "24.92700", "2009-12-31": 26.939, "2009-09-30": 27.892, "2009-06-30": 28.44, "2009-03-31": "28.14800", "2008-12-31": 33.705, "2008-09-30": 29.922, "2008-06-30": 33.582, "2008-03-31": "27.40600", "2007-12-31": 24.866, "2007-09-30": 14.908, "2007-06-30": 11.786, "2007-03-31": "13.93100", "2006-12-31": 16.1, "2006-09-30": 17.317, "2006-06-30": 14.294, "2006-03-31": "13.88500", "2005-12-31": 6.017, "2005-09-30": 1.189, "2005-06-30": 0.094, "2005-03-31": "0.10300"}, "Common Stock Dividends Paid": {"2020-12-31": -42.898, "2020-09-30": -43.046, "2020-06-30": -43.223, "2020-03-31": "-42.83900", "2019-12-31": -45.723, "2019-09-30": -45.373, "2019-06-30": -45.827, "2019-03-31": "-46.02400", "2018-12-31": -46.799, "2018-09-30": 0, "2018-06-30": 0, "2018-03-31": "", "2017-12-31": 0, "2017-09-30": 0, "2017-06-30": 0, "2017-03-31": "", "2016-12-31": 0, "2016-09-30": 0, "2016-06-30": 0, "2016-03-31": "", "2015-12-31": 0, "2015-09-30": 0, "2015-06-30": 0, "2015-03-31": "", "2014-12-31": 0, "2014-09-30": 0, "2014-06-30": 0, "2014-03-31": "", "2013-12-31": 0, "2013-09-30": 0, "2013-06-30": 0, "2013-03-31": "", "2012-12-31": 0, "2012-09-30": 0, "2012-06-30": 0, "2012-03-31": "", "2011-12-31": 0, "2011-09-30": 0, "2011-06-30": 0, "2011-03-31": "", "2010-12-31": 0, "2010-09-30": 0, "2010-06-30": 0, "2010-03-31": "", "2009-12-31": 0, "2009-09-30": 0, "2009-06-30": 0, "2009-03-31": "", "2008-12-31": 0, "2008-09-30": 0, "2008-06-30": 0, "2008-03-31": "", "2007-12-31": 0, "2007-09-30": 0, "2007-06-30": 0, "2007-03-31": "", "2006-12-31": 0, "2006-09-30": 0, "2006-06-30": 0, "2006-03-31": "", "2005-12-31": 0, "2005-09-30": 0, "2005-06-30": 0, "2005-03-31": ""}}, "financial ratios": {"Current Ratio": {"2019-12-31": "0.82730", "2018-12-31": "0.71690", "2017-12-31": "1.55380", "2016-12-31": "0.82670", "2015-12-31": "1.00180", "2014-12-31": "1.06180", "2013-12-31": "1.06760", "2012-12-31": "1.27620", "2011-12-31": "1.16440", "2010-12-31": "1.44160", "2009-12-31": "1.24560", "2008-12-31": "1.28620", "2007-12-31": "1.42810", "2006-12-31": "1.51570", "2005-12-31": "1.68240"}, "Long-term Debt / Capital": {"2019-12-31": "0.47000", "2018-12-31": "0.57360", "2017-12-31": "0.68190", "2016-12-31": "", "2015-12-31": "0.39920", "2014-12-31": "0.37300", "2013-12-31": "", "2012-12-31": "", "2011-12-31": "", "2010-12-31": "", "2009-12-31": "", "2008-12-31": "", "2007-12-31": "", "2006-12-31": "", "2005-12-31": "0.02490"}, "Debt/Equity Ratio": {"2019-12-31": "0.88690", "2018-12-31": "3.44010", "2017-12-31": "2.14360", "2016-12-31": "0.51680", "2015-12-31": "0.66440", "2014-12-31": "0.59480", "2013-12-31": "", "2012-12-31": "", "2011-12-31": "", "2010-12-31": "", "2009-12-31": "", "2008-12-31": "", "2007-12-31": "", "2006-12-31": "", "2005-12-31": "0.02550"}, "Gross Margin": {"2019-12-31": "84.58600", "2018-12-31": "85.41300", "2017-12-31": "84.43560", "2016-12-31": "85.20190", "2015-12-31": "82.08570", "2014-12-31": "80.26580", "2013-12-31": "82.77180", "2012-12-31": "84.37290", "2011-12-31": "86.69320", "2010-12-31": "87.61020", "2009-12-31": "88.39530", "2008-12-31": "88.93920", "2007-12-31": "90.11400", "2006-12-31": "91.29890", "2005-12-31": "93.60650"}, "Operating Margin": {"2019-12-31": "17.80790", "2018-12-31": "22.79700", "2017-12-31": "20.21450", "2016-12-31": "20.47320", "2015-12-31": "7.66370", "2014-12-31": "9.61900", "2013-12-31": "13.04530", "2012-12-31": "15.11060", "2011-12-31": "18.89810", "2010-12-31": "17.10790", "2009-12-31": "11.06980", "2008-12-31": "10.73680", "2007-12-31": "14.54140", "2006-12-31": "17.92650", "2005-12-31": "22.41300"}, "EBIT Margin": {"2019-12-31": "17.80790", "2018-12-31": "22.79700", "2017-12-31": "20.21450", "2016-12-31": "20.47320", "2015-12-31": "7.66370", "2014-12-31": "9.61900", "2013-12-31": "13.04530", "2012-12-31": "15.11060", "2011-12-31": "18.89810", "2010-12-31": "17.10790", "2009-12-31": "11.06980", "2008-12-31": "10.73680", "2007-12-31": "14.54140", "2006-12-31": "17.92650", "2005-12-31": "22.41300"}, "EBITDA Margin": {"2019-12-31": "25.93000", "2018-12-31": "30.16570", "2017-12-31": "27.58930", "2016-12-31": "28.35070", "2015-12-31": "21.38060", "2014-12-31": "20.86870", "2013-12-31": "22.21110", "2012-12-31": "23.41930", "2011-12-31": "26.11600", "2010-12-31": "24.47770", "2009-12-31": "19.65530", "2008-12-31": "18.54970", "2007-12-31": "20.66210", "2006-12-31": "23.53190", "2005-12-31": "27.95460"}, "Pre-Tax Profit Margin": {"2019-12-31": "16.92370", "2018-12-31": "21.16600", "2017-12-31": "19.48340", "2016-12-31": "19.28930", "2015-12-31": "6.21970", "2014-12-31": "8.77250", "2013-12-31": "13.29100", "2012-12-31": "15.86270", "2011-12-31": "19.51140", "2010-12-31": "17.80690", "2009-12-31": "12.01250", "2008-12-31": "12.43710", "2007-12-31": "18.02580", "2006-12-31": "21.42970", "2005-12-31": "24.68900"}, "Net Profit Margin": {"2019-12-31": "22.64740", "2018-12-31": "19.35730", "2017-12-31": "-0.73350", "2016-12-31": "19.59420", "2015-12-31": "12.06890", "2014-12-31": "8.00940", "2013-12-31": "11.63370", "2012-12-31": "13.63230", "2011-12-31": "16.14950", "2010-12-31": "14.77950", "2009-12-31": "11.83440", "2008-12-31": "11.25940", "2007-12-31": "15.40890", "2006-12-31": "16.13280", "2005-12-31": "18.22440"}, "Asset Turnover": {"2019-12-31": "0.68590", "2018-12-31": "0.57900", "2017-12-31": "0.48530", "2016-12-31": "0.42820", "2015-12-31": "0.48400", "2014-12-31": "0.57020", "2013-12-31": "0.55990", "2012-12-31": "0.53920", "2011-12-31": "0.53820", "2010-12-31": "0.50620", "2009-12-31": "0.52220", "2008-12-31": "0.58770", "2007-12-31": "0.54920", "2006-12-31": "0.56030", "2005-12-31": "0.53490"}, "Inventory Turnover Ratio": {"2019-12-31": "29.18900", "2018-12-31": "19.80380", "2017-12-31": "31.60190", "2016-12-31": "32.33420", "2015-12-31": "45.05660", "2014-12-31": "49.15740", "2013-12-31": "35.64150", "2012-12-31": "37.68880", "2011-12-31": "34.51260", "2010-12-31": "33.27590", "2009-12-31": "21.61940", "2008-12-31": "15.60060", "2007-12-31": "14.29090", "2006-12-31": "14.91130", "2005-12-31": "14.77220"}, "Receiveable Turnover": {"2019-12-31": "4.17930", "2018-12-31": "4.31990", "2017-12-31": "3.96430", "2016-12-31": "4.01650", "2015-12-31": "3.95380", "2014-12-31": "4.66020", "2013-12-31": "4.45680", "2012-12-31": "4.09870", "2011-12-31": "4.55460", "2010-12-31": "4.95420", "2009-12-31": "5.29360", "2008-12-31": "6.84560", "2007-12-31": "6.16280", "2006-12-31": "5.53400", "2005-12-31": "6.39880"}, "Days Sales In Receivables": {"2019-12-31": "87.33610", "2018-12-31": "84.49280", "2017-12-31": "92.07230", "2016-12-31": "90.87460", "2015-12-31": "92.31730", "2014-12-31": "78.32250", "2013-12-31": "81.89660", "2012-12-31": "89.05180", "2011-12-31": "80.13870", "2010-12-31": "73.67420", "2009-12-31": "68.95090", "2008-12-31": "53.31910", "2007-12-31": "59.22610", "2006-12-31": "65.95630", "2005-12-31": "57.04220"}, "ROE - Return On Equity": {"2019-12-31": "81.39530", "2018-12-31": "104.37850", "2017-12-31": "2.21520", "2016-12-31": "18.01090", "2015-12-31": "10.90140", "2014-12-31": "11.58070", "2013-12-31": "10.22720", "2012-12-31": "11.29320", "2011-12-31": "13.02440", "2010-12-31": "10.79600", "2009-12-31": "8.72820", "2008-12-31": "9.29550", "2007-12-31": "11.66730", "2006-12-31": "12.49730", "2005-12-31": "13.63570"}, "Return On Tangible Equity": {"2019-12-31": "-63.76670", "2018-12-31": "-40.58740", "2017-12-31": "-2.87770", "2016-12-31": "55.33220", "2015-12-31": "-78.89170", "2014-12-31": "-1807.95300", "2013-12-31": "32.60680", "2012-12-31": "33.66080", "2011-12-31": "30.97830", "2010-12-31": "18.91690", "2009-12-31": "17.76090", "2008-12-31": "23.98960", "2007-12-31": "31.84630", "2006-12-31": "26.06290", "2005-12-31": "34.13200"}, "ROA - Return On Assets": {"2019-12-31": "15.53490", "2018-12-31": "11.20840", "2017-12-31": "0.37770", "2016-12-31": "7.35270", "2015-12-31": "3.93470", "2014-12-31": "4.56680", "2013-12-31": "6.51390", "2012-12-31": "7.35020", "2011-12-31": "8.67490", "2010-12-31": "7.46410", "2009-12-31": "6.17950", "2008-12-31": "6.61680", "2007-12-31": "8.46190", "2006-12-31": "9.03920", "2005-12-31": "9.74750"}, "ROI - Return On Investment": {"2019-12-31": "43.13680", "2018-12-31": "44.51000", "2017-12-31": "0.70470", "2016-12-31": "18.01090", "2015-12-31": "6.54990", "2014-12-31": "7.26140", "2013-12-31": "10.22720", "2012-12-31": "11.29320", "2011-12-31": "13.02440", "2010-12-31": "10.79600", "2009-12-31": "8.72820", "2008-12-31": "9.29550", "2007-12-31": "11.66730", "2006-12-31": "12.49730", "2005-12-31": "13.29630"}, "Book Value Per Share": {"2019-12-31": "6.44020", "2018-12-31": "4.19620", "2017-12-31": "6.90610", "2016-12-31": "16.69060", "2015-12-31": "12.82980", "2014-12-31": "13.51970", "2013-12-31": "18.11240", "2012-12-31": "16.75290", "2011-12-31": "14.69480", "2010-12-31": "13.65720", "2009-12-31": "11.98470", "2008-12-31": "10.65150", "2007-12-31": "9.81170", "2006-12-31": "8.19450", "2005-12-31": "6.87700"}, "Operating Cash Flow Per Share": {"2019-12-31": -1.3153, "2018-12-31": 1.2537, "2017-12-31": -1.2625, "2016-12-31": 0.6521, "2015-12-31": 1.5118, "2014-12-31": 0.0079, "2013-12-31": 0.6037, "2012-12-31": 0.7656, "2011-12-31": 0.3244, "2010-12-31": 0.6216, "2009-12-31": 0.1409, "2008-12-31": 0.2218, "2007-12-31": 0.51, "2006-12-31": 0.0946, "2005-12-31": 1.649}, "Free Cash Flow Per Share": {"2019-12-31": -1.3084, "2018-12-31": 1.2988, "2017-12-31": -1.2415, "2016-12-31": 0.7192, "2015-12-31": 1.8693, "2014-12-31": -0.0927, "2013-12-31": 0.3886, "2012-12-31": 0.7025, "2011-12-31": 0.1333, "2010-12-31": 0.6378, "2009-12-31": 0.6985, "2008-12-31": -0.2894, "2007-12-31": 0.3286, "2006-12-31": -0.0342, "2005-12-31": 1.5006}}, "financial ratios, quarterly": {"Current Ratio": {"2020-09-30": "0.90530", "2020-06-30": "0.84610", "2020-03-31": "0.77960", "2019-12-31": "0.82730", "2019-09-30": "0.73990", "2019-06-30": "0.75630", "2019-03-31": "0.86290", "2018-12-31": "0.71690", "2018-09-30": "0.82630", "2018-06-30": "0.75190", "2018-03-31": "1.36390", "2017-12-31": "1.55380", "2017-09-30": "1.43570", "2017-06-30": "1.34920", "2017-03-31": "1.27850", "2016-12-31": "0.82670", "2016-09-30": "0.77030", "2016-06-30": "1.23060", "2016-03-31": "1.10050", "2015-12-31": "1.00180", "2015-09-30": "1.12250", "2015-06-30": "1.04260", "2015-03-31": "1.02120", "2014-12-31": "1.06180", "2014-09-30": "0.98790", "2014-06-30": "1.04470", "2014-03-31": "1.06170", "2013-12-31": "1.06760", "2013-09-30": "0.99120", "2013-06-30": "1.01540", "2013-03-31": "0.99770", "2012-12-31": "1.27620", "2012-09-30": "1.13180", "2012-06-30": "1.65380", "2012-03-31": "1.21490", "2011-12-31": "1.16440", "2011-09-30": "1.24830", "2011-06-30": "1.39900", "2011-03-31": "1.47000", "2010-12-31": "1.44160", "2010-09-30": "1.55930", "2010-06-30": "1.48310", "2010-03-31": "1.30310", "2009-12-31": "1.24560", "2009-09-30": "1.32490", "2009-06-30": "1.32360", "2009-03-31": "1.24010", "2008-12-31": "1.28620", "2008-09-30": "1.29820", "2008-06-30": "1.23270", "2008-03-31": "1.17470", "2007-12-31": "1.42810", "2007-09-30": "1.66770", "2007-06-30": "1.67590", "2007-03-31": "1.60570", "2006-12-31": "1.51570", "2006-09-30": "1.54590", "2006-06-30": "1.91520", "2006-03-31": "1.82090", "2005-12-31": "1.68240", "2005-09-30": "1.74210", "2005-06-30": "1.49670", "2005-03-31": "1.40380"}, "Long-term Debt / Capital": {"2020-09-30": "0.96180", "2020-06-30": "1.05710", "2020-03-31": "1.14480", "2019-12-31": "0.47000", "2019-09-30": "0.51020", "2019-06-30": "0.59370", "2019-03-31": "0.57220", "2018-12-31": "0.57360", "2018-09-30": "0.49610", "2018-06-30": "0.53820", "2018-03-31": "0.80330", "2017-12-31": "0.68190", "2017-09-30": "0.40820", "2017-06-30": "0.42080", "2017-03-31": "0.43920", "2016-12-31": "", "2016-09-30": "", "2016-06-30": "0.37220", "2016-03-31": "0.38960", "2015-12-31": "0.39920", "2015-09-30": "0.38710", "2015-06-30": "0.37040", "2015-03-31": "0.38250", "2014-12-31": "0.37300", "2014-09-30": "0.38000", "2014-06-30": "0.37780", "2014-03-31": "", "2013-12-31": "", "2013-09-30": "", "2013-06-30": "", "2013-03-31": "", "2012-12-31": "", "2012-09-30": "", "2012-06-30": "", "2012-03-31": "", "2011-12-31": "", "2011-09-30": "", "2011-06-30": "", "2011-03-31": "", "2010-12-31": "", "2010-09-30": "", "2010-06-30": "", "2010-03-31": "", "2009-12-31": "", "2009-09-30": "", "2009-06-30": "", "2009-03-31": "", "2008-12-31": "", "2008-09-30": "", "2008-06-30": "", "2008-03-31": "", "2007-12-31": "", "2007-09-30": "", "2007-06-30": "", "2007-03-31": "0.01560", "2006-12-31": "", "2006-09-30": "", "2006-06-30": "", "2006-03-31": "", "2005-12-31": "0.02490", "2005-09-30": "0.06270", "2005-06-30": "", "2005-03-31": ""}, "Debt/Equity Ratio": {"2020-09-30": "25.17540", "2020-06-30": "-18.49990", "2020-03-31": "-7.90650", "2019-12-31": "0.88690", "2019-09-30": "1.04180", "2019-06-30": "1.46150", "2019-03-31": "3.43370", "2018-12-31": "3.44010", "2018-09-30": "2.86440", "2018-06-30": "3.37550", "2018-03-31": "4.08390", "2017-12-31": "2.14360", "2017-09-30": "0.70990", "2017-06-30": "0.74250", "2017-03-31": "0.84070", "2016-12-31": "0.51680", "2016-09-30": "0.56930", "2016-06-30": "0.59300", "2016-03-31": "0.63840", "2015-12-31": "0.66440", "2015-09-30": "0.63170", "2015-06-30": "0.58830", "2015-03-31": "0.66460", "2014-12-31": "0.59480", "2014-09-30": "0.61300", "2014-06-30": "0.60710", "2014-03-31": "", "2013-12-31": "", "2013-09-30": "", "2013-06-30": "", "2013-03-31": "", "2012-12-31": "", "2012-09-30": "", "2012-06-30": "", "2012-03-31": "", "2011-12-31": "", "2011-09-30": "", "2011-06-30": "", "2011-03-31": "", "2010-12-31": "", "2010-09-30": "", "2010-06-30": "", "2010-03-31": "", "2009-12-31": "", "2009-09-30": "", "2009-06-30": "", "2009-03-31": "", "2008-12-31": "", "2008-09-30": "", "2008-06-30": "", "2008-03-31": "", "2007-12-31": "", "2007-09-30": "", "2007-06-30": "", "2007-03-31": "0.01580", "2006-12-31": "", "2006-09-30": "", "2006-06-30": "", "2006-03-31": "", "2005-12-31": "0.02550", "2005-09-30": "0.06690", "2005-06-30": "", "2005-03-31": ""}, "Gross Margin": {"2020-09-30": "83.40840", "2020-06-30": "84.69950", "2020-03-31": "86.57560", "2019-12-31": "85.28360", "2019-09-30": "82.68280", "2019-06-30": "85.24380", "2019-03-31": "85.05540", "2018-12-31": "85.92650", "2018-09-30": "85.81290", "2018-06-30": "85.35100", "2018-03-31": "84.46830", "2017-12-31": "84.32370", "2017-09-30": "84.66740", "2017-06-30": "84.23140", "2017-03-31": "84.53880", "2016-12-31": "86.42550", "2016-09-30": "85.31990", "2016-06-30": "84.09600", "2016-03-31": "84.84900", "2015-12-31": "77.32520", "2015-09-30": "82.01660", "2015-06-30": "83.33860", "2015-03-31": "82.57020", "2014-12-31": "79.48850", "2014-09-30": "82.08350", "2014-06-30": "77.57610", "2014-03-31": "82.10940", "2013-12-31": "82.96300", "2013-09-30": "82.61150", "2013-06-30": "82.57900", "2013-03-31": "82.92260", "2012-12-31": "84.13940", "2012-09-30": "83.46360", "2012-06-30": "84.66250", "2012-03-31": "85.35310", "2011-12-31": "86.74450", "2011-09-30": "85.90440", "2011-06-30": "86.46680", "2011-03-31": "87.78190", "2010-12-31": "86.36760", "2010-09-30": "87.76070", "2010-06-30": "88.31780", "2010-03-31": "88.24470", "2009-12-31": "88.33780", "2009-09-30": "88.67500", "2009-06-30": "88.78360", "2009-03-31": "87.74830", "2008-12-31": "88.80050", "2008-09-30": "89.39870", "2008-06-30": "88.29370", "2008-03-31": "89.27660", "2007-12-31": "89.90810", "2007-09-30": "89.71050", "2007-06-30": "90.47030", "2007-03-31": "90.45270", "2006-12-31": "91.28230", "2006-09-30": "91.23850", "2006-06-30": "91.20010", "2006-03-31": "91.48880", "2005-12-31": "91.95370", "2005-09-30": "92.98690", "2005-06-30": "94.61960", "2005-03-31": "95.44260"}, "Operating Margin": {"2020-09-30": "16.72450", "2020-06-30": "17.98300", "2020-03-31": "23.41000", "2019-12-31": "22.88910", "2019-09-30": "15.12220", "2019-06-30": "15.63810", "2019-03-31": "17.08200", "2018-12-31": "25.24990", "2018-09-30": "22.49620", "2018-06-30": "19.55200", "2018-03-31": "23.74710", "2017-12-31": "24.38740", "2017-09-30": "19.78700", "2017-06-30": "17.59030", "2017-03-31": "18.50740", "2016-12-31": "27.54540", "2016-09-30": "19.23460", "2016-06-30": "19.87260", "2016-03-31": "14.45900", "2015-12-31": "-12.67120", "2015-09-30": "7.84460", "2015-06-30": "15.33070", "2015-03-31": "6.79970", "2014-12-31": "13.78860", "2014-09-30": "7.72030", "2014-06-30": "6.96290", "2014-03-31": "9.57450", "2013-12-31": "20.04610", "2013-09-30": "12.25810", "2013-06-30": "10.39020", "2013-03-31": "8.41260", "2012-12-31": "19.65160", "2012-09-30": "12.84880", "2012-06-30": "13.36000", "2012-03-31": "13.69820", "2011-12-31": "21.92790", "2011-09-30": "18.51590", "2011-06-30": "18.00900", "2011-03-31": "16.47690", "2010-12-31": "21.39720", "2010-09-30": "17.25360", "2010-06-30": "16.10230", "2010-03-31": "12.57030", "2009-12-31": "17.25510", "2009-09-30": "13.98860", "2009-06-30": "10.11280", "2009-03-31": "1.35560", "2008-12-31": "15.18430", "2008-09-30": "11.95780", "2008-06-30": "7.37500", "2008-03-31": "8.03400", "2007-12-31": "12.37820", "2007-09-30": "17.14170", "2007-06-30": "16.36960", "2007-03-31": "12.40910", "2006-12-31": "18.67960", "2006-09-30": "16.21990", "2006-06-30": "17.91170", "2006-03-31": "18.83630", "2005-12-31": "24.63150", "2005-09-30": "19.73720", "2005-06-30": "23.22740", "2005-03-31": "21.61670"}, "EBIT Margin": {"2020-09-30": "16.72450", "2020-06-30": "17.98300", "2020-03-31": "23.41000", "2019-12-31": "22.88910", "2019-09-30": "15.12220", "2019-06-30": "15.63810", "2019-03-31": "17.08200", "2018-12-31": "25.24990", "2018-09-30": "22.49620", "2018-06-30": "19.55200", "2018-03-31": "23.74710", "2017-12-31": "24.38740", "2017-09-30": "19.78700", "2017-06-30": "17.59030", "2017-03-31": "18.50740", "2016-12-31": "27.54540", "2016-09-30": "19.23460", "2016-06-30": "19.87260", "2016-03-31": "14.45900", "2015-12-31": "-12.67120", "2015-09-30": "7.84460", "2015-06-30": "15.33070", "2015-03-31": "6.79970", "2014-12-31": "13.78860", "2014-09-30": "7.72030", "2014-06-30": "6.96290", "2014-03-31": "9.57450", "2013-12-31": "20.04610", "2013-09-30": "12.25810", "2013-06-30": "10.39020", "2013-03-31": "8.41260", "2012-12-31": "19.65160", "2012-09-30": "12.84880", "2012-06-30": "13.36000", "2012-03-31": "13.69820", "2011-12-31": "21.92790", "2011-09-30": "18.51590", "2011-06-30": "18.00900", "2011-03-31": "16.47690", "2010-12-31": "21.39720", "2010-09-30": "17.25360", "2010-06-30": "16.10230", "2010-03-31": "12.57030", "2009-12-31": "17.25510", "2009-09-30": "13.98860", "2009-06-30": "10.11280", "2009-03-31": "1.35560", "2008-12-31": "15.18440", "2008-09-30": "11.95780", "2008-06-30": "7.37500", "2008-03-31": "8.03400", "2007-12-31": "12.37820", "2007-09-30": "17.14170", "2007-06-30": "16.36960", "2007-03-31": "12.40910", "2006-12-31": "18.67960", "2006-09-30": "16.21990", "2006-06-30": "17.91170", "2006-03-31": "18.83630", "2005-12-31": "24.63150", "2005-09-30": "19.73720", "2005-06-30": "23.22740", "2005-03-31": "21.61670"}, "EBITDA Margin": {"2020-09-30": "", "2020-06-30": "", "2020-03-31": "", "2019-12-31": "", "2019-09-30": "", "2019-06-30": "", "2019-03-31": "", "2018-12-31": "", "2018-09-30": "", "2018-06-30": "", "2018-03-31": "", "2017-12-31": "", "2017-09-30": "", "2017-06-30": "", "2017-03-31": "", "2016-12-31": "", "2016-09-30": "", "2016-06-30": "", "2016-03-31": "", "2015-12-31": "", "2015-09-30": "", "2015-06-30": "", "2015-03-31": "", "2014-12-31": "", "2014-09-30": "", "2014-06-30": "", "2014-03-31": "", "2013-12-31": "", "2013-09-30": "", "2013-06-30": "", "2013-03-31": "", "2012-12-31": "", "2012-09-30": "", "2012-06-30": "", "2012-03-31": "", "2011-12-31": "", "2011-09-30": "", "2011-06-30": "", "2011-03-31": "", "2010-12-31": "", "2010-09-30": "", "2010-06-30": "", "2010-03-31": "", "2009-12-31": "", "2009-09-30": "", "2009-06-30": "", "2009-03-31": "", "2008-12-31": "", "2008-09-30": "", "2008-06-30": "", "2008-03-31": "", "2007-12-31": "", "2007-09-30": "", "2007-06-30": "", "2007-03-31": "", "2006-12-31": "", "2006-09-30": "", "2006-06-30": "", "2006-03-31": "", "2005-12-31": "", "2005-09-30": "", "2005-06-30": "", "2005-03-31": ""}, "Pre-Tax Profit Margin": {"2020-09-30": "15.12030", "2020-06-30": "16.15850", "2020-03-31": "22.14300", "2019-12-31": "21.72810", "2019-09-30": "14.75150", "2019-06-30": "14.32400", "2019-03-31": "16.43400", "2018-12-31": "23.39830", "2018-09-30": "21.76390", "2018-06-30": "17.70960", "2018-03-31": "21.65060", "2017-12-31": "23.41340", "2017-09-30": "19.37130", "2017-06-30": "16.49580", "2017-03-31": "18.11280", "2016-12-31": "26.16830", "2016-09-30": "18.25260", "2016-06-30": "18.78890", "2016-03-31": "13.18280", "2015-12-31": "-12.74790", "2015-09-30": "6.56090", "2015-06-30": "13.89720", "2015-03-31": "4.67890", "2014-12-31": "12.64860", "2014-09-30": "6.35340", "2014-06-30": "6.52900", "2014-03-31": "9.15730", "2013-12-31": "20.19120", "2013-09-30": "12.74040", "2013-06-30": "10.57840", "2013-03-31": "8.59030", "2012-12-31": "20.16710", "2012-09-30": "14.17130", "2012-06-30": "13.90500", "2012-03-31": "14.34280", "2011-12-31": "22.36900", "2011-09-30": "18.18670", "2011-06-30": "18.96760", "2011-03-31": "18.01940", "2010-12-31": "21.88730", "2010-09-30": "18.46060", "2010-06-30": "16.29310", "2010-03-31": "13.51960", "2009-12-31": "17.99810", "2009-09-30": "15.39120", "2009-06-30": "11.40320", "2009-03-31": "1.67240", "2008-12-31": "17.33690", "2008-09-30": "12.75530", "2008-06-30": "8.98880", "2008-03-31": "10.28080", "2007-12-31": "15.17970", "2007-09-30": "20.98840", "2007-06-30": "20.11040", "2007-03-31": "16.08920", "2006-12-31": "22.11050", "2006-09-30": "20.54410", "2006-06-30": "21.65440", "2006-03-31": "21.29750", "2005-12-31": "26.50790", "2005-09-30": "22.19150", "2005-06-30": "25.58650", "2005-03-31": "24.13690"}, "Net Profit Margin": {"2020-09-30": "12.80380", "2020-06-30": "14.13220", "2020-03-31": "21.04920", "2019-12-31": "25.57510", "2019-09-30": "36.95680", "2019-06-30": "12.48770", "2019-03-31": "15.34440", "2018-12-31": "20.66640", "2018-09-30": "21.68770", "2018-06-30": "14.39090", "2018-03-31": "20.69140", "2017-12-31": "-36.49630", "2017-09-30": "18.34060", "2017-06-30": "15.69890", "2017-03-31": "4.16810", "2016-12-31": "27.20590", "2016-09-30": "19.72390", "2016-06-30": "17.93770", "2016-03-31": "12.66950", "2015-12-31": "47.68000", "2015-09-30": "6.87660", "2015-06-30": "12.96190", "2015-03-31": "3.79690", "2014-12-31": "11.18380", "2014-09-30": "6.26250", "2014-06-30": "6.78440", "2014-03-31": "7.45040", "2013-12-31": "17.27820", "2013-09-30": "10.76560", "2013-06-30": "8.82560", "2013-03-31": "8.87030", "2012-12-31": "15.40940", "2012-09-30": "12.19870", "2012-06-30": "14.95520", "2012-03-31": "11.58060", "2011-12-31": "17.55000", "2011-09-30": "16.30430", "2011-06-30": "15.43810", "2011-03-31": "14.97350", "2010-12-31": "17.81680", "2010-09-30": "18.58810", "2010-06-30": "10.37380", "2010-03-31": "11.42950", "2009-12-31": "19.53810", "2009-09-30": "13.32110", "2009-06-30": "10.82380", "2009-03-31": "1.87690", "2008-12-31": "14.45770", "2008-09-30": "12.32140", "2008-06-30": "8.84510", "2008-03-31": "9.11800", "2007-12-31": "15.70860", "2007-09-30": "17.34490", "2007-06-30": "15.96760", "2007-03-31": "12.21500", "2006-12-31": "16.48060", "2006-09-30": "15.71350", "2006-06-30": "16.32530", "2006-03-31": "15.94740", "2005-12-31": "21.66710", "2005-09-30": "18.04520", "2005-06-30": "13.20180", "2005-03-31": "19.09950"}, "Asset Turnover": {"2020-09-30": "0.16650", "2020-06-30": "0.17570", "2020-03-31": "0.19880", "2019-12-31": "0.18450", "2019-09-30": "0.18180", "2019-06-30": "0.19030", "2019-03-31": "0.13920", "2018-12-31": "0.15610", "2018-09-30": "0.13470", "2018-06-30": "0.13830", "2018-03-31": "0.13570", "2017-12-31": "0.13360", "2017-09-30": "0.12560", "2017-06-30": "0.12760", "2017-03-31": "0.12360", "2016-12-31": "0.11500", "2016-09-30": "0.11290", "2016-06-30": "0.11790", "2016-03-31": "0.11940", "2015-12-31": "0.05040", "2015-09-30": "0.15050", "2015-06-30": "0.14480", "2015-03-31": "0.13950", "2014-12-31": "0.15450", "2014-09-30": "0.14510", "2014-06-30": "0.14890", "2014-03-31": "0.14250", "2013-12-31": "0.15390", "2013-09-30": "0.13910", "2013-06-30": "0.14620", "2013-03-31": "0.13880", "2012-12-31": "0.15430", "2012-09-30": "0.14290", "2012-06-30": "0.14210", "2012-03-31": "0.14200", "2011-12-31": "0.15110", "2011-09-30": "0.14560", "2011-06-30": "0.13720", "2011-03-31": "0.13080", "2010-12-31": "0.14300", "2010-09-30": "0.13500", "2010-06-30": "0.13810", "2010-03-31": "0.12790", "2009-12-31": "0.14600", "2009-09-30": "0.13760", "2009-06-30": "0.13950", "2009-03-31": "0.13610", "2008-12-31": "0.15430", "2008-09-30": "0.15560", "2008-06-30": "0.15240", "2008-03-31": "0.14800", "2007-12-31": "0.15760", "2007-09-30": "0.15130", "2007-06-30": "0.14650", "2007-03-31": "0.14080", "2006-12-31": "0.15860", "2006-09-30": "0.14200", "2006-06-30": "0.13830", "2006-03-31": "0.14630", "2005-12-31": "0.15810", "2005-09-30": "0.14070", "2005-06-30": "0.15270", "2005-03-31": "0.15650"}, "Inventory Turnover Ratio": {"2020-09-30": "8.01200", "2020-06-30": "6.88020", "2020-03-31": "6.67190", "2019-12-31": "7.49640", "2019-09-30": "6.85380", "2019-06-30": "4.82690", "2019-03-31": "4.64350", "2018-12-31": "5.15180", "2018-09-30": "4.85910", "2018-06-30": "5.36180", "2018-03-31": "7.98040", "2017-12-31": "8.76500", "2017-09-30": "7.11370", "2017-06-30": "8.26310", "2017-03-31": "6.73620", "2016-12-31": "7.96330", "2016-09-30": "6.62910", "2016-06-30": "9.31370", "2016-03-31": "8.18530", "2015-12-31": "5.93380", "2015-09-30": "13.46350", "2015-06-30": "10.44630", "2015-03-31": "11.02840", "2014-12-31": "13.84260", "2014-09-30": "8.25000", "2014-06-30": "12.33680", "2014-03-31": "10.71440", "2013-12-31": "9.69080", "2013-09-30": "10.34590", "2013-06-30": "9.28960", "2013-03-31": "10.23370", "2012-12-31": "10.94540", "2012-09-30": "9.67690", "2012-06-30": "14.17000", "2012-03-31": "9.15620", "2011-12-31": "9.65090", "2011-09-30": "11.34530", "2011-06-30": "9.79720", "2011-03-31": "7.98310", "2010-12-31": "10.34580", "2010-09-30": "7.86470", "2010-06-30": "7.26270", "2010-03-31": "6.63750", "2009-12-31": "6.07280", "2009-09-30": "5.16520", "2009-06-30": "4.46680", "2009-03-31": "4.50450", "2008-12-31": "4.14720", "2008-09-30": "3.34190", "2008-06-30": "3.57670", "2008-03-31": "2.92870", "2007-12-31": "4.18770", "2007-09-30": "5.28800", "2007-06-30": "4.69210", "2007-03-31": "3.02960", "2006-12-31": "4.22780", "2006-09-30": "4.49570", "2006-06-30": "5.03240", "2006-03-31": "5.59660", "2005-12-31": "5.49630", "2005-09-30": "", "2005-06-30": "", "2005-03-31": ""}, "Receiveable Turnover": {"2020-09-30": "1.35830", "2020-06-30": "1.30090", "2020-03-31": "1.22990", "2019-12-31": "1.12420", "2019-09-30": "1.71700", "2019-06-30": "1.41240", "2019-03-31": "1.49000", "2018-12-31": "1.16480", "2018-09-30": "1.77140", "2018-06-30": "1.40500", "2018-03-31": "1.62940", "2017-12-31": "1.09170", "2017-09-30": "1.48650", "2017-06-30": "1.28060", "2017-03-31": "1.36420", "2016-12-31": "1.07840", "2016-09-30": "1.40760", "2016-06-30": "1.33620", "2016-03-31": "1.46390", "2015-12-31": "0.41140", "2015-09-30": "1.73840", "2015-06-30": "1.59040", "2015-03-31": "1.73630", "2014-12-31": "1.26260", "2014-09-30": "1.63030", "2014-06-30": "1.54330", "2014-03-31": "1.46970", "2013-12-31": "1.22540", "2013-09-30": "1.58250", "2013-06-30": "1.47950", "2013-03-31": "1.49220", "2012-12-31": "1.17280", "2012-09-30": "1.40490", "2012-06-30": "1.52200", "2012-03-31": "1.51230", "2011-12-31": "1.27850", "2011-09-30": "1.66530", "2011-06-30": "1.56700", "2011-03-31": "1.65180", "2010-12-31": "1.39990", "2010-09-30": "1.72800", "2010-06-30": "1.43540", "2010-03-31": "1.70760", "2009-12-31": "1.47960", "2009-09-30": "1.68580", "2009-06-30": "1.75230", "2009-03-31": "1.86230", "2008-12-31": "1.79730", "2008-09-30": "1.80680", "2008-06-30": "1.73890", "2008-03-31": "2.02050", "2007-12-31": "1.76900", "2007-09-30": "1.83660", "2007-06-30": "1.88460", "2007-03-31": "1.83330", "2006-12-31": "1.56610", "2006-09-30": "1.86050", "2006-06-30": "2.02290", "2006-03-31": "2.23330", "2005-12-31": "1.89170", "2005-09-30": "2.04220", "2005-06-30": "2.13660", "2005-03-31": "2.36240"}, "Days Sales In Receivables": {"2020-09-30": "66.25700", "2020-06-30": "69.18450", "2020-03-31": "73.17810", "2019-12-31": "80.05740", "2019-09-30": "52.41610", "2019-06-30": "63.72290", "2019-03-31": "60.40280", "2018-12-31": "77.26660", "2018-09-30": "50.80820", "2018-06-30": "64.05840", "2018-03-31": "55.23600", "2017-12-31": "82.44210", "2017-09-30": "60.54510", "2017-06-30": "70.27760", "2017-03-31": "65.97360", "2016-12-31": "83.46020", "2016-09-30": "63.93800", "2016-06-30": "67.35710", "2016-03-31": "61.47790", "2015-12-31": "218.77880", "2015-09-30": "51.77050", "2015-06-30": "56.58910", "2015-03-31": "51.83470", "2014-12-31": "71.28280", "2014-09-30": "55.20490", "2014-06-30": "58.31520", "2014-03-31": "61.23660", "2013-12-31": "73.44520", "2013-09-30": "56.87360", "2013-06-30": "60.83160", "2013-03-31": "60.31290", "2012-12-31": "76.73830", "2012-09-30": "64.05930", "2012-06-30": "59.13280", "2012-03-31": "59.51300", "2011-12-31": "70.39260", "2011-09-30": "54.04540", "2011-06-30": "57.43530", "2011-03-31": "54.48720", "2010-12-31": "64.28920", "2010-09-30": "52.08390", "2010-06-30": "62.70060", "2010-03-31": "52.70600", "2009-12-31": "60.82560", "2009-09-30": "53.38780", "2009-06-30": "51.36230", "2009-03-31": "48.32730", "2008-12-31": "50.07650", "2008-09-30": "49.81160", "2008-06-30": "51.75740", "2008-03-31": "44.54240", "2007-12-31": "50.87480", "2007-09-30": "49.00460", "2007-06-30": "47.75520", "2007-03-31": "49.09060", "2006-12-31": "57.46900", "2006-09-30": "48.37440", "2006-06-30": "44.49070", "2006-03-31": "40.29890", "2005-12-31": "47.57520", "2005-09-30": "44.07060", "2005-06-30": "42.12250", "2005-03-31": "38.09650"}, "ROE - Return On Equity": {"2020-09-30": "142.77390", "2020-06-30": "-120.63140", "2020-03-31": "-82.77660", "2019-12-31": "24.72530", "2019-09-30": "37.99310", "2019-06-30": "18.40370", "2019-03-31": "19.88690", "2018-12-31": "30.04760", "2018-09-30": "21.09040", "2018-06-30": "16.79300", "2018-03-31": "27.56300", "2017-12-31": "-28.60460", "2017-09-30": "6.34990", "2017-06-30": "5.78350", "2017-03-31": "4.05630", "2016-12-31": "6.84530", "2016-09-30": "4.75130", "2016-06-30": "4.74070", "2016-03-31": "3.54210", "2015-12-31": "1.37050", "2015-09-30": "2.68270", "2015-06-30": "4.64190", "2015-03-31": "1.37540", "2014-12-31": "4.38100", "2014-09-30": "2.26740", "2014-06-30": "2.52030", "2014-03-31": "1.63850", "2013-12-31": "4.17630", "2013-09-30": "2.25620", "2013-06-30": "1.96760", "2013-03-31": "1.86870", "2012-12-31": "3.65270", "2012-09-30": "2.57720", "2012-06-30": "3.14020", "2012-03-31": "2.45780", "2011-12-31": "3.98090", "2011-09-30": "3.46540", "2011-06-30": "3.05640", "2011-03-31": "2.80060", "2010-12-31": "3.66150", "2010-09-30": "3.50890", "2010-06-30": "2.03580", "2010-03-31": "2.02810", "2009-12-31": "4.02780", "2009-09-30": "2.51180", "2009-06-30": "2.07630", "2009-03-31": "0.35530", "2008-12-31": "3.13370", "2008-09-30": "2.67920", "2008-06-30": "1.86370", "2008-03-31": "1.85880", "2007-12-31": "3.41420", "2007-09-30": "3.67320", "2007-06-30": "3.27350", "2007-03-31": "2.40320", "2006-12-31": "3.61290", "2006-09-30": "2.96100", "2006-06-30": "2.95970", "2006-03-31": "3.12200", "2005-12-31": "4.79280", "2005-09-30": "3.65310", "2005-06-30": "2.81890", "2005-03-31": "4.12110"}, "Return On Tangible Equity": {"2020-09-30": "-5.40680", "2020-06-30": "-5.68570", "2020-03-31": "-8.55440", "2019-12-31": "-19.37030", "2019-09-30": "-22.48610", "2019-06-30": "-6.50490", "2019-03-31": "-7.86530", "2018-12-31": "-11.68400", "2018-09-30": "-15.32860", "2018-06-30": "-9.14470", "2018-03-31": "-11.13900", "2017-12-31": "37.15900", "2017-09-30": "60.22980", "2017-06-30": "141.25170", "2017-03-31": "-85.33130", "2016-12-31": "21.02980", "2016-09-30": "80.20180", "2016-06-30": "553.35770", "2016-03-31": "-41.63390", "2015-12-31": "-9.91810", "2015-09-30": "-23.41990", "2015-06-30": "-53.31010", "2015-03-31": "-17.07090", "2014-12-31": "-683.95700", "2014-09-30": "-47.03440", "2014-06-30": "-40.23640", "2014-03-31": "4.89340", "2013-12-31": "13.31500", "2013-09-30": "6.97610", "2013-06-30": "6.74940", "2013-03-31": "7.09190", "2012-12-31": "10.88740", "2012-09-30": "8.17910", "2012-06-30": "7.19780", "2012-03-31": "5.76740", "2011-12-31": "9.46860", "2011-09-30": "7.54850", "2011-06-30": "5.68440", "2011-03-31": "5.31690", "2010-12-31": "6.41570", "2010-09-30": "6.32850", "2010-06-30": "3.87920", "2010-03-31": "3.90970", "2009-12-31": "8.19610", "2009-09-30": "5.35280", "2009-06-30": "4.69300", "2009-03-31": "0.87720", "2008-12-31": "8.08730", "2008-09-30": "7.23990", "2008-06-30": "5.03990", "2008-03-31": "5.17090", "2007-12-31": "9.31930", "2007-09-30": "7.28580", "2007-06-30": "6.61400", "2007-03-31": "5.11780", "2006-12-31": "7.53460", "2006-09-30": "6.23050", "2006-06-30": "5.67520", "2006-03-31": "6.82760", "2005-12-31": "11.99710", "2005-09-30": "10.02270", "2005-06-30": "5.06910", "2005-03-31": "7.83950"}, "ROA - Return On Assets": {"2020-09-30": "2.13140", "2020-06-30": "2.48250", "2020-03-31": "4.18410", "2019-12-31": "4.71900", "2019-09-30": "6.71920", "2019-06-30": "2.37590", "2019-03-31": "2.13540", "2018-12-31": "3.22660", "2018-09-30": "2.92200", "2018-06-30": "1.99090", "2018-03-31": "2.80800", "2017-12-31": "-4.87770", "2017-09-30": "2.30430", "2017-06-30": "2.00390", "2017-03-31": "1.31190", "2016-12-31": "2.79450", "2016-09-30": "1.88670", "2016-06-30": "1.86010", "2016-03-31": "1.32740", "2015-12-31": "0.49470", "2015-09-30": "1.03460", "2015-06-30": "1.87710", "2015-03-31": "0.52960", "2014-12-31": "1.72760", "2014-09-30": "0.90860", "2014-06-30": "1.01010", "2014-03-31": "1.06160", "2013-12-31": "2.66000", "2013-09-30": "1.49750", "2013-06-30": "1.29020", "2013-03-31": "1.23110", "2012-12-31": "2.37740", "2012-09-30": "1.74300", "2012-06-30": "2.12530", "2012-03-31": "1.64450", "2011-12-31": "2.65150", "2011-09-30": "2.37390", "2011-06-30": "2.10370", "2011-03-31": "1.95460", "2010-12-31": "2.53150", "2010-09-30": "2.51010", "2010-06-30": "1.43300", "2010-03-31": "1.46210", "2009-12-31": "2.85160", "2009-09-30": "1.83330", "2009-06-30": "1.50980", "2009-03-31": "0.25540", "2008-12-31": "2.23060", "2008-09-30": "1.91770", "2008-06-30": "1.34830", "2008-03-31": "1.34950", "2007-12-31": "2.47620", "2007-09-30": "2.62420", "2007-06-30": "2.33870", "2007-03-31": "1.72050", "2006-12-31": "2.61320", "2006-09-30": "2.23110", "2006-06-30": "2.25770", "2006-03-31": "2.33350", "2005-12-31": "3.42620", "2005-09-30": "2.53900", "2005-06-30": "2.01530", "2005-03-31": "2.98860"}, "ROI - Return On Investment": {"2020-09-30": "5.45440", "2020-06-30": "6.89330", "2020-03-31": "11.98530", "2019-12-31": "13.10360", "2019-09-30": "18.60770", "2019-06-30": "7.47660", "2019-03-31": "8.50810", "2018-12-31": "12.81310", "2018-09-30": "10.62750", "2018-06-30": "7.75580", "2018-03-31": "5.42160", "2017-12-31": "-9.09920", "2017-09-30": "3.75770", "2017-06-30": "3.34980", "2017-03-31": "2.27490", "2016-12-31": "6.84530", "2016-09-30": "4.75130", "2016-06-30": "2.97600", "2016-03-31": "2.16200", "2015-12-31": "0.82340", "2015-09-30": "1.64410", "2015-06-30": "2.92260", "2015-03-31": "0.84930", "2014-12-31": "2.74700", "2014-09-30": "1.40570", "2014-06-30": "1.56820", "2014-03-31": "1.63850", "2013-12-31": "4.17630", "2013-09-30": "2.25620", "2013-06-30": "1.96760", "2013-03-31": "1.86870", "2012-12-31": "3.65270", "2012-09-30": "2.57720", "2012-06-30": "3.14020", "2012-03-31": "2.45780", "2011-12-31": "3.98090", "2011-09-30": "3.46540", "2011-06-30": "3.05640", "2011-03-31": "2.80060", "2010-12-31": "3.66150", "2010-09-30": "3.50890", "2010-06-30": "2.03580", "2010-03-31": "2.02810", "2009-12-31": "4.02780", "2009-09-30": "2.51180", "2009-06-30": "2.07630", "2009-03-31": "0.35530", "2008-12-31": "3.13370", "2008-09-30": "2.67920", "2008-06-30": "1.86370", "2008-03-31": "1.85880", "2007-12-31": "3.41420", "2007-09-30": "3.67320", "2007-06-30": "3.27350", "2007-03-31": "2.36580", "2006-12-31": "3.61290", "2006-09-30": "2.96100", "2006-06-30": "2.95970", "2006-03-31": "3.12200", "2005-12-31": "4.67350", "2005-09-30": "3.42400", "2005-06-30": "2.81890", "2005-03-31": "4.12110"}, "Book Value Per Share": {"2020-09-30": "0.55940", "2020-06-30": "-0.75780", "2020-03-31": "-1.77990", "2019-12-31": "6.44020", "2019-09-30": "5.48870", "2019-06-30": "3.89340", "2019-03-31": "4.20680", "2018-12-31": "4.19620", "2018-09-30": "5.59350", "2018-06-30": "4.69790", "2018-03-31": "3.81630", "2017-12-31": "6.90610", "2017-09-30": "13.24850", "2017-06-30": "12.44480", "2017-03-31": "11.47170", "2016-12-31": "16.69060", "2016-09-30": "15.10550", "2016-06-30": "14.45820", "2016-03-31": "13.38160", "2015-12-31": "12.82980", "2015-09-30": "13.26770", "2015-06-30": "13.89290", "2015-03-31": "13.11950", "2014-12-31": "13.51970", "2014-09-30": "12.81580", "2014-06-30": "12.81730", "2014-03-31": "18.49010", "2013-12-31": "18.11240", "2013-09-30": "18.16390", "2013-06-30": "17.53970", "2013-03-31": "17.08190", "2012-12-31": "16.75290", "2012-09-30": "16.23830", "2012-06-30": "15.69160", "2012-03-31": "14.94330", "2011-12-31": "14.69480", "2011-09-30": "14.28000", "2011-06-30": "14.16590", "2011-03-31": "13.94150", "2010-12-31": "13.65720", "2010-09-30": "13.32510", "2010-06-30": "12.61410", "2010-03-31": "12.55040", "2009-12-31": "11.98470", "2009-09-30": "11.63660", "2009-06-30": "11.23590", "2009-03-31": "10.69650", "2008-12-31": "10.65150", "2008-09-30": "10.11110", "2008-06-30": "10.15190", "2008-03-31": "10.04870", "2007-12-31": "9.81170", "2007-09-30": "9.09140", "2007-06-30": "9.07180", "2007-03-31": "8.71010", "2006-12-31": "8.19450", "2006-09-30": "8.12100", "2006-06-30": "8.24400", "2006-03-31": "7.37870", "2005-12-31": "6.87700", "2005-09-30": "6.40830", "2005-06-30": "5.81380", "2005-03-31": "5.53630"}, "Operating Cash Flow Per Share": {"2020-09-30": 0.887, "2020-06-30": 3.3664, "2020-03-31": "2.22800", "2019-12-31": 1.4295, "2019-09-30": 1.1481, "2019-06-30": 1.3044, "2019-03-31": "1.89730", "2018-12-31": 1.4773, "2018-09-30": 1.9868, "2018-06-30": 1.1859, "2018-03-31": "2.44460", "2017-12-31": 1.608, "2017-09-30": 1.6709, "2017-06-30": 0.9879, "2017-03-31": "1.57410", "2016-12-31": 1.6646, "2016-09-30": 1.8112, "2016-06-30": 1.4476, "2016-03-31": "2.18000", "2015-12-31": 1.7979, "2015-09-30": 1.6106, "2015-06-30": 1.2415, "2015-03-31": "1.80130", "2014-12-31": 0.9836, "2014-09-30": 1.0803, "2014-06-30": 1.3252, "2014-03-31": "1.55040", "2013-12-31": 1.2347, "2013-09-30": 1.1731, "2013-06-30": 1.1123, "2013-03-31": "1.41150", "2012-12-31": 1.2077, "2012-09-30": 0.9498, "2012-06-30": 0.8835, "2012-03-31": "1.28690", "2011-12-31": 0.8766, "2011-09-30": 1.0059, "2011-06-30": 0.8483, "2011-03-31": "0.83150", "2010-12-31": 0.9502, "2010-09-30": 0.9839, "2010-06-30": 0.5436, "2010-03-31": "0.76020", "2009-12-31": 0.9952, "2009-09-30": 0.7107, "2009-06-30": 0.4622, "2009-03-31": "0.44820", "2008-12-31": 0.8812, "2008-09-30": 0.6299, "2008-06-30": 0.4025, "2008-03-31": "0.56180", "2007-12-31": 0.5946, "2007-09-30": 0.4465, "2007-06-30": 0.5479, "2007-03-31": "0.66460", "2006-12-31": 0.5188, "2006-09-30": 0.3863, "2006-06-30": 0.3148, "2006-03-31": "0.52370", "2005-12-31": 0.4487, "2005-09-30": 0.4095, "2005-06-30": 0.3735, "2005-03-31": "0.41730"}, "Free Cash Flow Per Share": {"2020-09-30": 0.8101, "2020-06-30": 3.2811, "2020-03-31": "2.14570", "2019-12-31": 1.3416, "2019-09-30": 1.0512, "2019-06-30": 1.1434, "2019-03-31": "1.77480", "2018-12-31": 1.37, "2018-09-30": 1.8453, "2018-06-30": 1.0688, "2018-03-31": "2.33530", "2017-12-31": 1.4865, "2017-09-30": 1.5198, "2017-06-30": 0.8649, "2017-03-31": "1.44940", "2016-12-31": 1.544, "2016-09-30": 1.7012, "2016-06-30": 1.3057, "2016-03-31": "2.01120", "2015-12-31": 1.9287, "2015-09-30": 1.3652, "2015-06-30": 1.0198, "2015-03-31": "1.52920", "2014-12-31": 0.7143, "2014-09-30": 0.7766, "2014-06-30": 1.0964, "2014-03-31": "1.38630", "2013-12-31": 1.0393, "2013-09-30": 0.8575, "2013-06-30": 0.9077, "2013-03-31": "1.26180", "2012-12-31": 1.0177, "2012-09-30": 0.7603, "2012-06-30": 0.7354, "2012-03-31": "1.16430", "2011-12-31": 0.7578, "2011-09-30": 0.8483, "2011-06-30": 0.6778, "2011-03-31": "0.69130", "2010-12-31": 0.8322, "2010-09-30": 0.8648, "2010-06-30": 0.4443, "2010-03-31": "0.70060", "2009-12-31": 0.8879, "2009-09-30": 0.6232, "2009-06-30": 0.3703, "2009-03-31": "0.32270", "2008-12-31": 0.3829, "2008-09-30": 0.4897, "2008-06-30": 0.2313, "2008-03-31": "0.40170", "2007-12-31": 0.4311, "2007-09-30": 0.3294, "2007-06-30": 0.4546, "2007-03-31": "0.57990", "2006-12-31": 0.4296, "2006-09-30": 0.3102, "2006-06-30": 0.2508, "2006-03-31": "0.47580", "2005-12-31": 0.394, "2005-09-30": 0.3846, "2005-06-30": 0.3293, "2005-03-31": "0.39270"}}, "revenue": {"Citrix Systems Annual Revenue (Millions of US $)": {"2020": "$3,237", "2019": "$3,011", "2018": "$2,974", "2017": "$2,825", "2016": "$2,736", "2015": "$2,646", "2014": "$3,143", "2013": "$2,918", "2012": "$2,586", "2011": "$2,206", "2010": "$1,875", "2009": "$1,614", "2008": "$1,583", "2007": "$1,392", "2006": "$1,134", "2005": "$909"}, "Citrix Systems Quarterly Revenue (Millions of US $)": {"2020-12-31": "$810", "2020-09-30": "$767", "2020-06-30": "$799", "2020-03-31": "$861", "2019-12-31": "$810", "2019-09-30": "$733", "2019-06-30": "$749", "2019-03-31": "$719", "2018-12-31": "$802", "2018-09-30": "$732", "2018-06-30": "$742", "2018-03-31": "$697", "2017-12-31": "$778", "2017-09-30": "$691", "2017-06-30": "$693", "2017-03-31": "$663", "2016-12-31": "$735", "2016-09-30": "$669", "2016-06-30": "$674", "2016-03-31": "$659", "2015-12-31": "$275", "2015-09-30": "$813", "2015-06-30": "$797", "2015-03-31": "$761", "2014-12-31": "$851", "2014-09-30": "$759", "2014-06-30": "$782", "2014-03-31": "$751", "2013-12-31": "$802", "2013-09-30": "$713", "2013-06-30": "$730", "2013-03-31": "$673", "2012-12-31": "$740", "2012-09-30": "$641", "2012-06-30": "$615", "2012-03-31": "$589", "2011-12-31": "$619", "2011-09-30": "$565", "2011-06-30": "$531", "2011-03-31": "$491", "2010-12-31": "$530", "2010-09-30": "$472", "2010-06-30": "$458", "2010-03-31": "$414", "2009-12-31": "$451", "2009-09-30": "$401", "2009-06-30": "$393", "2009-03-31": "$369", "2008-12-31": "$416", "2008-09-30": "$399", "2008-06-30": "$392", "2008-03-31": "$377", "2007-12-31": "$400", "2007-09-30": "$350", "2007-06-30": "$334", "2007-03-31": "$308", "2006-12-31": "$321", "2006-09-30": "$278", "2006-06-30": "$275", "2006-03-31": "$260", "2005-12-31": "$269", "2005-09-30": "$227", "2005-06-30": "$211", "2005-03-31": "$202"}}, "gross-profit": {"Citrix Systems Annual Gross Profit (Millions of US $)": {"2020": "$2,738", "2019": "$2,547", "2018": "$2,540", "2017": "$2,385", "2016": "$2,331", "2015": "$2,172", "2014": "$2,523", "2013": "$2,416", "2012": "$2,182", "2011": "$1,913", "2010": "$1,642", "2009": "$1,427", "2008": "$1,408", "2007": "$1,254", "2006": "$1,036", "2005": "$851"}, "Citrix Systems Quarterly Gross Profit (Millions of US $)": {"2020-12-31": "$676", "2020-09-30": "$640", "2020-06-30": "$677", "2020-03-31": "$745", "2019-12-31": "$691", "2019-09-30": "$606", "2019-06-30": "$638", "2019-03-31": "$612", "2018-12-31": "$689", "2018-09-30": "$629", "2018-06-30": "$634", "2018-03-31": "$589", "2017-12-31": "$656", "2017-09-30": "$585", "2017-06-30": "$584", "2017-03-31": "$560", "2016-12-31": "$635", "2016-09-30": "$571", "2016-06-30": "$567", "2016-03-31": "$559", "2015-12-31": "$213", "2015-09-30": "$667", "2015-06-30": "$664", "2015-03-31": "$628", "2014-12-31": "$677", "2014-09-30": "$623", "2014-06-30": "$606", "2014-03-31": "$616", "2013-12-31": "$666", "2013-09-30": "$589", "2013-06-30": "$603", "2013-03-31": "$558", "2012-12-31": "$623", "2012-09-30": "$535", "2012-06-30": "$521", "2012-03-31": "$503", "2011-12-31": "$537", "2011-09-30": "$486", "2011-06-30": "$459", "2011-03-31": "$431", "2010-12-31": "$458", "2010-09-30": "$414", "2010-06-30": "$405", "2010-03-31": "$366", "2009-12-31": "$399", "2009-09-30": "$356", "2009-06-30": "$349", "2009-03-31": "$324", "2008-12-31": "$369", "2008-09-30": "$357", "2008-06-30": "$346", "2008-03-31": "$337", "2007-12-31": "$359", "2007-09-30": "$314", "2007-06-30": "$303", "2007-03-31": "$279", "2006-12-31": "$293", "2006-09-30": "$254", "2006-06-30": "$251", "2006-03-31": "$238", "2005-12-31": "$247", "2005-09-30": "$211", "2005-06-30": "$200", "2005-03-31": "$193"}}, "operating-income": {"Citrix Systems Annual Operating Income (Millions of US $)": {"2020": "$609", "2019": "$536", "2018": "$678", "2017": "$571", "2016": "$560", "2015": "$203", "2014": "$302", "2013": "$381", "2012": "$391", "2011": "$417", "2010": "$321", "2009": "$179", "2008": "$170", "2007": "$202", "2006": "$203", "2005": "$204"}, "Citrix Systems Quarterly Operating Income (Millions of US $)": {"2020-12-31": "$135", "2020-09-30": "$128", "2020-06-30": "$144", "2020-03-31": "$202", "2019-12-31": "$185", "2019-09-30": "$111", "2019-06-30": "$117", "2019-03-31": "$123", "2018-12-31": "$202", "2018-09-30": "$165", "2018-06-30": "$145", "2018-03-31": "$166", "2017-12-31": "$190", "2017-09-30": "$137", "2017-06-30": "$122", "2017-03-31": "$123", "2016-12-31": "$202", "2016-09-30": "$129", "2016-06-30": "$134", "2016-03-31": "$95", "2015-12-31": "$-35", "2015-09-30": "$64", "2015-06-30": "$122", "2015-03-31": "$52", "2014-12-31": "$117", "2014-09-30": "$59", "2014-06-30": "$54", "2014-03-31": "$72", "2013-12-31": "$161", "2013-09-30": "$87", "2013-06-30": "$76", "2013-03-31": "$57", "2012-12-31": "$145", "2012-09-30": "$82", "2012-06-30": "$82", "2012-03-31": "$81", "2011-12-31": "$136", "2011-09-30": "$105", "2011-06-30": "$96", "2011-03-31": "$81", "2010-12-31": "$113", "2010-09-30": "$81", "2010-06-30": "$74", "2010-03-31": "$52", "2009-12-31": "$78", "2009-09-30": "$56", "2009-06-30": "$40", "2009-03-31": "$5", "2008-12-31": "$63", "2008-09-30": "$48", "2008-06-30": "$29", "2008-03-31": "$30", "2007-12-31": "$49", "2007-09-30": "$60", "2007-06-30": "$55", "2007-03-31": "$38", "2006-12-31": "$60", "2006-09-30": "$45", "2006-06-30": "$49", "2006-03-31": "$49", "2005-12-31": "$66", "2005-09-30": "$45", "2005-06-30": "$49", "2005-03-31": "$44"}}, "ebitda": {"Citrix Systems Annual EBITDA (Millions of US $)": {"2019": "$781", "2018": "$897", "2017": "$779", "2016": "$776", "2015": "$566", "2014": "$656", "2013": "$648", "2012": "$606", "2011": "$576", "2010": "$459", "2009": "$317", "2008": "$294", "2007": "$288", "2006": "$267", "2005": "$254"}, "Citrix Systems Quarterly EBITDA (Millions of US $)": {"2020-09-30": "$181", "2020-06-30": "$197", "2020-03-31": "$255", "2019-12-31": "$241", "2019-09-30": "$181", "2019-06-30": "$173", "2019-03-31": "$185", "2018-12-31": "$260", "2018-09-30": "$220", "2018-06-30": "$200", "2018-03-31": "$217", "2017-12-31": "$248", "2017-09-30": "$189", "2017-06-30": "$170", "2017-03-31": "$172", "2016-12-31": "$251", "2016-09-30": "$183", "2016-06-30": "$193", "2016-03-31": "$149", "2015-12-31": "$32", "2015-09-30": "$209", "2015-06-30": "$199", "2015-03-31": "$126", "2014-12-31": "$220", "2014-09-30": "$135", "2014-06-30": "$159", "2014-03-31": "$142", "2013-12-31": "$230", "2013-09-30": "$156", "2013-06-30": "$142", "2013-03-31": "$121", "2012-12-31": "$206", "2012-09-30": "$141", "2012-06-30": "$128", "2012-03-31": "$130", "2011-12-31": "$179", "2011-09-30": "$148", "2011-06-30": "$132", "2011-03-31": "$117", "2010-12-31": "$149", "2010-09-30": "$116", "2010-06-30": "$108", "2010-03-31": "$86", "2009-12-31": "$114", "2009-09-30": "$90", "2009-06-30": "$74", "2009-03-31": "$39", "2008-12-31": "$97", "2008-09-30": "$78", "2008-06-30": "$60", "2008-03-31": "$58", "2007-12-31": "$75", "2007-09-30": "$80", "2007-06-30": "$75", "2007-03-31": "$57", "2006-12-31": "$77", "2006-09-30": "$61", "2006-06-30": "$65", "2006-03-31": "$64", "2005-12-31": "$82", "2005-09-30": "$58", "2005-06-30": "$60", "2005-03-31": "$54"}}, "net-income": {"Citrix Systems Annual Net Income (Millions of US $)": {"2020": "$504", "2019": "$682", "2018": "$576", "2017": "$-21", "2016": "$536", "2015": "$319", "2014": "$252", "2013": "$340", "2012": "$353", "2011": "$356", "2010": "$277", "2009": "$191", "2008": "$178", "2007": "$214", "2006": "$183", "2005": "$166"}, "Citrix Systems Quarterly Net Income (Millions of US $)": {"2020-12-31": "$112", "2020-09-30": "$98", "2020-06-30": "$113", "2020-03-31": "$181", "2019-12-31": "$207", "2019-09-30": "$271", "2019-06-30": "$93", "2019-03-31": "$110", "2018-12-31": "$166", "2018-09-30": "$159", "2018-06-30": "$107", "2018-03-31": "$144", "2017-12-31": "$-284", "2017-09-30": "$127", "2017-06-30": "$109", "2017-03-31": "$28", "2016-12-31": "$200", "2016-09-30": "$132", "2016-06-30": "$121", "2016-03-31": "$83", "2015-12-31": "$131", "2015-09-30": "$56", "2015-06-30": "$103", "2015-03-31": "$29", "2014-12-31": "$95", "2014-09-30": "$48", "2014-06-30": "$53", "2014-03-31": "$56", "2013-12-31": "$139", "2013-09-30": "$77", "2013-06-30": "$64", "2013-03-31": "$60", "2012-12-31": "$114", "2012-09-30": "$78", "2012-06-30": "$92", "2012-03-31": "$68", "2011-12-31": "$109", "2011-09-30": "$92", "2011-06-30": "$82", "2011-03-31": "$74", "2010-12-31": "$94", "2010-09-30": "$88", "2010-06-30": "$48", "2010-03-31": "$47", "2009-12-31": "$88", "2009-09-30": "$53", "2009-06-30": "$43", "2009-03-31": "$7", "2008-12-31": "$60", "2008-09-30": "$49", "2008-06-30": "$35", "2008-03-31": "$34", "2007-12-31": "$63", "2007-09-30": "$61", "2007-06-30": "$53", "2007-03-31": "$38", "2006-12-31": "$53", "2006-09-30": "$44", "2006-06-30": "$45", "2006-03-31": "$41", "2005-12-31": "$58", "2005-09-30": "$41", "2005-06-30": "$28", "2005-03-31": "$39"}}, "eps-earnings-per-share-diluted": {"Citrix Systems Annual EPS": {"2020": "$4.00", "2019": "$5.03", "2018": "$3.94", "2017": "$-0.13", "2016": "$3.41", "2015": "$1.99", "2014": "$1.47", "2013": "$1.80", "2012": "$1.86", "2011": "$1.87", "2010": "$1.46", "2009": "$1.03", "2008": "$0.96", "2007": "$1.14", "2006": "$0.97", "2005": "$0.93"}, "Citrix Systems Quarterly EPS": {"2020-12-31": "$0.89", "2020-09-30": "$0.78", "2020-06-30": "$0.90", "2020-03-31": "$1.42", "2019-12-31": "$1.51", "2019-09-30": "$2.04", "2019-06-30": "$0.70", "2019-03-31": "$0.78", "2018-12-31": "$1.14", "2018-09-30": "$1.08", "2018-06-30": "$0.73", "2018-03-31": "$0.99", "2017-12-31": "$-1.82", "2017-09-30": "$0.82", "2017-06-30": "$0.70", "2017-03-31": "$0.17", "2016-12-31": "$1.26", "2016-09-30": "$0.84", "2016-06-30": "$0.77", "2016-03-31": "$0.54", "2015-12-31": "$0.82", "2015-09-30": "$0.35", "2015-06-30": "$0.64", "2015-03-31": "$0.18", "2014-12-31": "$0.57", "2014-09-30": "$0.29", "2014-06-30": "$0.31", "2014-03-31": "$0.30", "2013-12-31": "$0.73", "2013-09-30": "$0.41", "2013-06-30": "$0.34", "2013-03-31": "$0.32", "2012-12-31": "$0.60", "2012-09-30": "$0.41", "2012-06-30": "$0.49", "2012-03-31": "$0.36", "2011-12-31": "$0.57", "2011-09-30": "$0.49", "2011-06-30": "$0.43", "2011-03-31": "$0.38", "2010-12-31": "$0.50", "2010-09-30": "$0.46", "2010-06-30": "$0.25", "2010-03-31": "$0.25", "2009-12-31": "$0.47", "2009-09-30": "$0.29", "2009-06-30": "$0.23", "2009-03-31": "$0.04", "2008-12-31": "$0.34", "2008-09-30": "$0.26", "2008-06-30": "$0.18", "2008-03-31": "$0.18", "2007-12-31": "$0.32", "2007-09-30": "$0.33", "2007-06-30": "$0.29", "2007-03-31": "$0.20", "2006-12-31": "$0.29", "2006-09-30": "$0.23", "2006-06-30": "$0.23", "2006-03-31": "$0.22", "2005-12-31": "$0.32", "2005-09-30": "$0.23", "2005-06-30": "$0.16", "2005-03-31": "$0.22"}}, "shares-outstanding": {"Citrix Systems Annual Shares Outstanding (Millions of Shares)": {"2020": "126", "2019": "135", "2018": "146", "2017": "156", "2016": "157", "2015": "160", "2014": "171", "2013": "188", "2012": "189", "2011": "191", "2010": "190", "2009": "185", "2008": "187", "2007": "187", "2006": "188", "2005": "178"}, "Citrix Systems Quarterly Shares Outstanding (Millions of Shares)": {"2020-12-31": "125", "2020-09-30": "126", "2020-06-30": "126", "2020-03-31": "128", "2019-12-31": "135", "2019-09-30": "133", "2019-06-30": "134", "2019-03-31": "141", "2018-12-31": "146", "2018-09-30": "148", "2018-06-30": "145", "2018-03-31": "146", "2017-12-31": "156", "2017-09-30": "155", "2017-06-30": "156", "2017-03-31": "158", "2016-12-31": "157", "2016-09-30": "158", "2016-06-30": "157", "2016-03-31": "156", "2015-12-31": "160", "2015-09-30": "162", "2015-06-30": "162", "2015-03-31": "162", "2014-12-31": "171", "2014-09-30": "166", "2014-06-30": "171", "2014-03-31": "186", "2013-12-31": "188", "2013-09-30": "189", "2013-06-30": "188", "2013-03-31": "189", "2012-12-31": "189", "2012-09-30": "190", "2012-06-30": "189", "2012-03-31": "189", "2011-12-31": "191", "2011-09-30": "190", "2011-06-30": "191", "2011-03-31": "192", "2010-12-31": "190", "2010-09-30": "191", "2010-06-30": "189", "2010-03-31": "189", "2009-12-31": "185", "2009-09-30": "186", "2009-06-30": "185", "2009-03-31": "182", "2008-12-31": "187", "2008-09-30": "186", "2008-06-30": "188", "2008-03-31": "190", "2007-12-31": "187", "2007-09-30": "187", "2007-06-30": "185", "2007-03-31": "184", "2006-12-31": "188", "2006-09-30": "189", "2006-06-30": "191", "2006-03-31": "186", "2005-12-31": "178", "2005-09-30": "178", "2005-06-30": "175", "2005-03-31": "176"}}, "total-assets": {"Citrix Systems Annual Total Assets (Millions of US $)": {"2019": "$4,389", "2018": "$5,136", "2017": "$5,820", "2016": "$6,390", "2015": "$5,468", "2014": "$5,512", "2013": "$5,212", "2012": "$4,796", "2011": "$4,100", "2010": "$3,704", "2009": "$3,091", "2008": "$2,694", "2007": "$2,535", "2006": "$2,024", "2005": "$1,699"}, "Citrix Systems Quarterly Total Assets (Millions of US $)": {"2020-09-30": "$4,609", "2020-06-30": "$4,548", "2020-03-31": "$4,331", "2019-12-31": "$4,389", "2019-09-30": "$4,031", "2019-06-30": "$3,935", "2019-03-31": "$5,167", "2018-12-31": "$5,136", "2018-09-30": "$5,437", "2018-06-30": "$5,366", "2018-03-31": "$5,137", "2017-12-31": "$5,820", "2017-09-30": "$5,499", "2017-06-30": "$5,431", "2017-03-31": "$5,361", "2016-12-31": "$6,390", "2016-09-30": "$5,923", "2016-06-30": "$5,714", "2016-03-31": "$5,519", "2015-12-31": "$5,468", "2015-09-30": "$5,405", "2015-06-30": "$5,502", "2015-03-31": "$5,455", "2014-12-31": "$5,512", "2014-09-30": "$5,231", "2014-06-30": "$5,249", "2014-03-31": "$5,269", "2013-12-31": "$5,212", "2013-09-30": "$5,124", "2013-06-30": "$4,996", "2013-03-31": "$4,848", "2012-12-31": "$4,796", "2012-09-30": "$4,489", "2012-06-30": "$4,329", "2012-03-31": "$4,151", "2011-12-31": "$4,100", "2011-09-30": "$3,883", "2011-06-30": "$3,870", "2011-03-31": "$3,753", "2010-12-31": "$3,704", "2010-09-30": "$3,497", "2010-06-30": "$3,319", "2010-03-31": "$3,238", "2009-12-31": "$3,091", "2009-09-30": "$2,914", "2009-06-30": "$2,816", "2009-03-31": "$2,712", "2008-12-31": "$2,694", "2008-09-30": "$2,563", "2008-06-30": "$2,570", "2008-03-31": "$2,548", "2007-12-31": "$2,535", "2007-09-30": "$2,313", "2007-06-30": "$2,283", "2007-03-31": "$2,187", "2006-12-31": "$2,024", "2006-09-30": "$1,957", "2006-06-30": "$1,992", "2006-03-31": "$1,777", "2005-12-31": "$1,699", "2005-09-30": "$1,613", "2005-06-30": "$1,384", "2005-03-31": "$1,290"}}, "cash-on-hand": {"Citrix Systems Annual Cash on Hand (Millions of US $)": {"2019": "$589", "2018": "$1,202", "2017": "$1,748", "2016": "$1,563", "2015": "$871", "2014": "$789", "2013": "$735", "2012": "$929", "2011": "$740", "2010": "$894", "2009": "$600", "2008": "$575", "2007": "$580", "2006": "$502", "2005": "$503"}, "Citrix Systems Quarterly Cash on Hand (Millions of US $)": {"2020-09-30": "$925", "2020-06-30": "$868", "2020-03-31": "$551", "2019-12-31": "$589", "2019-09-30": "$549", "2019-06-30": "$563", "2019-03-31": "$1,786", "2018-12-31": "$1,202", "2018-09-30": "$1,834", "2018-06-30": "$1,509", "2018-03-31": "$1,465", "2017-12-31": "$1,748", "2017-09-30": "$1,504", "2017-06-30": "$1,356", "2017-03-31": "$1,414", "2016-12-31": "$1,563", "2016-09-30": "$1,663", "2016-06-30": "$1,351", "2016-03-31": "$1,156", "2015-12-31": "$871", "2015-09-30": "$1,073", "2015-06-30": "$872", "2015-03-31": "$983", "2014-12-31": "$789", "2014-09-30": "$747", "2014-06-30": "$820", "2014-03-31": "$829", "2013-12-31": "$735", "2013-09-30": "$695", "2013-06-30": "$700", "2013-03-31": "$658", "2012-12-31": "$929", "2012-09-30": "$683", "2012-06-30": "$1,298", "2012-03-31": "$867", "2011-12-31": "$740", "2011-09-30": "$775", "2011-06-30": "$898", "2011-03-31": "$930", "2010-12-31": "$894", "2010-09-30": "$902", "2010-06-30": "$823", "2010-03-31": "$673", "2009-12-31": "$600", "2009-09-30": "$579", "2009-06-30": "$580", "2009-03-31": "$557", "2008-12-31": "$575", "2008-09-30": "$524", "2008-06-30": "$452", "2008-03-31": "$431", "2007-12-31": "$580", "2007-09-30": "$711", "2007-06-30": "$730", "2007-03-31": "$650", "2006-12-31": "$502", "2006-09-30": "$457", "2006-06-30": "$621", "2006-03-31": "$580", "2005-12-31": "$503", "2005-09-30": "$508", "2005-06-30": "$391", "2005-03-31": "$311"}}, "long-term-debt": {"Citrix Systems Annual Long Term Debt (Millions of US $)": {"2019": "$743", "2018": "$742", "2017": "$2,127", "2016": "$", "2015": "$1,311", "2014": "$1,293", "2013": "$", "2012": "$", "2011": "$", "2010": "$", "2009": "$", "2008": "$", "2007": "$", "2006": "$", "2005": "$31"}, "Citrix Systems Quarterly Long Term Debt (Millions of US $)": {"2020-09-30": "$1,732", "2020-06-30": "$1,732", "2020-03-31": "$1,731", "2019-12-31": "$743", "2019-09-30": "$743", "2019-06-30": "$742", "2019-03-31": "$742", "2018-12-31": "$742", "2018-09-30": "$742", "2018-06-30": "$741", "2018-03-31": "$2,137", "2017-12-31": "$2,127", "2017-09-30": "$1,377", "2017-06-30": "$1,367", "2017-03-31": "$1,358", "2016-12-31": "", "2016-09-30": "", "2016-06-30": "$1,329", "2016-03-31": "$1,320", "2015-12-31": "$1,311", "2015-09-30": "$1,317", "2015-06-30": "$1,309", "2015-03-31": "$1,301", "2014-12-31": "$1,293", "2014-09-30": "$1,285", "2014-06-30": "$1,277", "2014-03-31": "", "2013-12-31": "", "2013-09-30": "", "2013-06-30": "", "2013-03-31": "", "2012-12-31": "", "2012-09-30": "", "2012-06-30": "", "2012-03-31": "", "2011-12-31": "", "2011-09-30": "", "2011-06-30": "", "2011-03-31": "", "2010-12-31": "", "2010-09-30": "", "2010-06-30": "", "2010-03-31": "", "2009-12-31": "", "2009-09-30": "", "2009-06-30": "", "2009-03-31": "", "2008-12-31": "", "2008-09-30": "", "2008-06-30": "", "2008-03-31": "", "2007-12-31": "", "2007-09-30": "", "2007-06-30": "", "2007-03-31": "$25", "2006-12-31": "", "2006-09-30": "", "2006-06-30": "", "2006-03-31": "", "2005-12-31": "$31", "2005-09-30": "$75", "2005-06-30": "", "2005-03-31": ""}}, "total-liabilities": {"Citrix Systems Annual Total Liabilities (Millions of US $)": {"2019": "$3,551", "2018": "$4,585", "2017": "$4,828", "2016": "$3,782", "2015": "$3,494", "2014": "$3,338", "2013": "$1,892", "2012": "$1,675", "2011": "$1,369", "2010": "$1,143", "2009": "$903", "2008": "$776", "2007": "$696", "2006": "$560", "2005": "$484"}, "Citrix Systems Quarterly Total Liabilities (Millions of US $)": {"2020-09-30": "$4,540", "2020-06-30": "$4,642", "2020-03-31": "$4,550", "2019-12-31": "$3,551", "2019-09-30": "$3,318", "2019-06-30": "$3,427", "2019-03-31": "$4,613", "2018-12-31": "$4,585", "2018-09-30": "$4,683", "2018-06-30": "$4,730", "2018-03-31": "$4,614", "2017-12-31": "$4,828", "2017-09-30": "$3,504", "2017-06-30": "$3,549", "2017-03-31": "$3,627", "2016-12-31": "$3,782", "2016-09-30": "$3,571", "2016-06-30": "$3,472", "2016-03-31": "$3,451", "2015-12-31": "$3,494", "2015-09-30": "$3,321", "2015-06-30": "$3,277", "2015-03-31": "$3,354", "2014-12-31": "$3,338", "2014-09-30": "$3,135", "2014-06-30": "$3,145", "2014-03-31": "$1,855", "2013-12-31": "$1,892", "2013-09-30": "$1,723", "2013-06-30": "$1,720", "2013-03-31": "$1,654", "2012-12-31": "$1,675", "2012-09-30": "$1,453", "2012-06-30": "$1,399", "2012-03-31": "$1,374", "2011-12-31": "$1,369", "2011-09-30": "$1,223", "2011-06-30": "$1,206", "2011-03-31": "$1,134", "2010-12-31": "$1,143", "2010-09-30": "$995", "2010-06-30": "$983", "2010-03-31": "$904", "2009-12-31": "$903", "2009-09-30": "$787", "2009-06-30": "$768", "2009-03-31": "$762", "2008-12-31": "$776", "2008-09-30": "$728", "2008-06-30": "$711", "2008-03-31": "$698", "2007-12-31": "$696", "2007-09-30": "$661", "2007-06-30": "$652", "2007-03-31": "$621", "2006-12-31": "$560", "2006-09-30": "$482", "2006-06-30": "$472", "2006-03-31": "$449", "2005-12-31": "$484", "2005-09-30": "$492", "2005-06-30": "$394", "2005-03-31": "$355"}}, "total-share-holder-equity": {"Citrix Systems Annual Share Holder Equity (Millions of US $)": {"2019": "$838", "2018": "$552", "2017": "$992", "2016": "$2,609", "2015": "$1,973", "2014": "$2,174", "2013": "$3,320", "2012": "$3,122", "2011": "$2,730", "2010": "$2,561", "2009": "$2,189", "2008": "$1,918", "2007": "$1,838", "2006": "$1,464", "2005": "$1,215"}, "Citrix Systems Quarterly Share Holder Equity (Millions of US $)": {"2020-09-30": "$69", "2020-06-30": "$-94", "2020-03-31": "$-219", "2019-12-31": "$838", "2019-09-30": "$713", "2019-06-30": "$508", "2019-03-31": "$555", "2018-12-31": "$552", "2018-09-30": "$753", "2018-06-30": "$636", "2018-03-31": "$523", "2017-12-31": "$992", "2017-09-30": "$1,996", "2017-06-30": "$1,882", "2017-03-31": "$1,734", "2016-12-31": "$2,609", "2016-09-30": "$2,352", "2016-06-30": "$2,242", "2016-03-31": "$2,068", "2015-12-31": "$1,973", "2015-09-30": "$2,085", "2015-06-30": "$2,225", "2015-03-31": "$2,100", "2014-12-31": "$2,174", "2014-09-30": "$2,096", "2014-06-30": "$2,104", "2014-03-31": "$3,414", "2013-12-31": "$3,320", "2013-09-30": "$3,401", "2013-06-30": "$3,276", "2013-03-31": "$3,194", "2012-12-31": "$3,122", "2012-09-30": "$3,036", "2012-06-30": "$2,930", "2012-03-31": "$2,778", "2011-12-31": "$2,730", "2011-09-30": "$2,660", "2011-06-30": "$2,663", "2011-03-31": "$2,619", "2010-12-31": "$2,561", "2010-09-30": "$2,502", "2010-06-30": "$2,336", "2010-03-31": "$2,335", "2009-12-31": "$2,189", "2009-09-30": "$2,127", "2009-06-30": "$2,048", "2009-03-31": "$1,950", "2008-12-31": "$1,918", "2008-09-30": "$1,834", "2008-06-30": "$1,859", "2008-03-31": "$1,849", "2007-12-31": "$1,838", "2007-09-30": "$1,652", "2007-06-30": "$1,631", "2007-03-31": "$1,566", "2006-12-31": "$1,464", "2006-09-30": "$1,475", "2006-06-30": "$1,519", "2006-03-31": "$1,328", "2005-12-31": "$1,215", "2005-09-30": "$1,121", "2005-06-30": "$989", "2005-03-31": "$936"}}, "profit-margins": {"current": "15.59%"}, "gross margin": {"2020-12-31": "84.58%", "2020-09-30": "85.05%", "2020-06-30": "84.89%", "2020-03-31": "85.00%", "2019-12-31": "84.59%", "2019-09-30": "84.75%", "2019-06-30": "85.54%", "2019-03-31": "85.61%", "2018-12-31": "85.47%", "2018-09-30": "85.05%", "2018-06-30": "84.73%", "2018-03-31": "84.44%", "2017-12-31": "84.42%", "2017-09-30": "84.97%", "2017-06-30": "85.14%", "2017-03-31": "85.11%", "2016-12-31": "85.20%", "2016-09-30": "83.88%", "2016-06-30": "82.86%", "2016-03-31": "82.67%", "2015-12-31": "82.09%", "2015-09-30": "81.81%", "2015-06-30": "81.82%", "2015-03-31": "80.37%", "2014-12-31": "80.24%", "2014-09-30": "81.16%", "2014-06-30": "81.27%", "2014-03-31": "82.58%", "2013-12-31": "82.80%", "2013-09-30": "83.09%", "2013-06-30": "83.30%", "2013-03-31": "83.81%", "2012-12-31": "84.41%", "2012-09-30": "85.06%", "2012-06-30": "85.72%", "2012-03-31": "86.15%", "2011-12-31": "86.72%", "2011-09-30": "86.63%", "2011-06-30": "87.06%", "2011-03-31": "87.54%", "2010-12-31": "87.67%", "2010-09-30": "88.25%", "2010-06-30": "88.52%", "2010-03-31": "88.61%", "2009-12-31": "88.48%", "2009-09-30": "88.54%", "2009-06-30": "88.71%", "2009-03-31": "88.58%", "2008-12-31": "88.95%", "2008-09-30": "89.22%", "2008-06-30": "89.27%", "2008-03-31": "89.87%", "2007-12-31": "90.16%", "2007-09-30": "90.56%", "2007-06-30": "90.98%", "2007-03-31": "91.12%", "2006-12-31": "91.36%", "2006-09-30": "91.50%", "2006-06-30": "91.85%", "2006-03-31": "92.66%", "2005-12-31": "93.62%"}, "operating margin": {"2020-12-31": "18.81%", "2020-09-30": "20.36%", "2020-06-30": "20.04%", "2020-03-31": "19.51%", "2019-12-31": "17.80%", "2019-09-30": "18.41%", "2019-06-30": "20.22%", "2019-03-31": "21.20%", "2018-12-31": "22.81%", "2018-09-30": "22.58%", "2018-06-30": "21.94%", "2018-03-31": "21.51%", "2017-12-31": "20.25%", "2017-09-30": "20.99%", "2017-06-30": "20.87%", "2017-03-31": "21.45%", "2016-12-31": "20.46%", "2016-09-30": "14.19%", "2016-06-30": "10.66%", "2016-03-31": "9.67%", "2015-12-31": "7.67%", "2015-09-30": "11.02%", "2015-06-30": "11.05%", "2015-03-31": "8.94%", "2014-12-31": "9.61%", "2014-09-30": "11.18%", "2014-06-30": "12.27%", "2014-03-31": "13.22%", "2013-12-31": "13.06%", "2013-09-30": "12.78%", "2013-06-30": "12.93%", "2013-03-31": "13.71%", "2012-12-31": "15.09%", "2012-09-30": "15.46%", "2012-06-30": "16.92%", "2012-03-31": "18.14%", "2011-12-31": "18.95%", "2011-09-30": "18.66%", "2011-06-30": "18.33%", "2011-03-31": "17.89%", "2010-12-31": "17.08%", "2010-09-30": "15.88%", "2010-06-30": "15.08%", "2010-03-31": "13.62%", "2009-12-31": "11.09%", "2009-09-30": "10.39%", "2009-06-30": "9.89%", "2009-03-31": "9.20%", "2008-12-31": "10.73%", "2008-09-30": "9.95%", "2008-06-30": "11.06%", "2008-03-31": "13.28%", "2007-12-31": "14.51%", "2007-09-30": "16.22%", "2007-06-30": "15.95%", "2007-03-31": "16.24%", "2006-12-31": "17.90%", "2006-09-30": "19.32%", "2006-06-30": "20.27%", "2006-03-31": "21.61%", "2005-12-31": "22.44%"}, "ebitda margin": {"2020-09-30": "27.00%", "2020-06-30": "27.29%", "2020-03-31": "26.96%", "2019-12-31": "25.91%", "2019-09-30": "26.61%", "2019-06-30": "27.91%", "2019-03-31": "28.88%", "2018-12-31": "30.17%", "2018-09-30": "30.01%", "2018-06-30": "29.37%", "2018-03-31": "28.82%", "2017-12-31": "27.58%", "2017-09-30": "28.11%", "2017-06-30": "28.12%", "2017-03-31": "29.15%", "2016-12-31": "28.35%", "2016-09-30": "24.46%", "2016-06-30": "24.08%", "2016-03-31": "23.15%", "2015-12-31": "21.39%", "2015-09-30": "23.40%", "2015-06-30": "21.46%", "2015-03-31": "20.30%", "2014-12-31": "20.87%", "2014-09-30": "21.53%", "2014-06-30": "22.54%", "2014-03-31": "22.36%", "2013-12-31": "22.24%", "2013-09-30": "21.88%", "2013-06-30": "21.91%", "2013-03-31": "22.33%", "2012-12-31": "23.40%", "2012-09-30": "23.46%", "2012-06-30": "24.50%", "2012-03-31": "25.56%", "2011-12-31": "26.11%", "2011-09-30": "25.79%", "2011-06-30": "25.40%", "2011-03-31": "25.12%", "2010-12-31": "24.49%", "2010-09-30": "23.62%", "2010-06-30": "23.09%", "2010-03-31": "21.94%", "2009-12-31": "19.64%", "2009-09-30": "19.00%", "2009-06-30": "18.26%", "2009-03-31": "17.39%", "2008-12-31": "18.50%", "2008-09-30": "17.28%", "2008-06-30": "17.97%", "2008-03-31": "19.71%", "2007-12-31": "20.62%", "2007-09-30": "22.01%", "2007-06-30": "21.76%", "2007-03-31": "22.00%", "2006-12-31": "23.54%", "2006-09-30": "25.14%", "2006-06-30": "26.09%", "2006-03-31": "27.30%", "2005-12-31": "27.94%"}, "pre tax profit margin": {"2020-12-31": "17.15%", "2020-09-30": "18.91%", "2020-06-30": "18.86%", "2020-03-31": "18.46%", "2019-12-31": "16.90%", "2019-09-30": "17.35%", "2019-06-30": "19.05%", "2019-03-31": "19.90%", "2018-12-31": "21.16%", "2018-09-30": "21.13%", "2018-06-30": "20.56%", "2018-03-31": "20.32%", "2017-12-31": "19.47%", "2017-09-30": "20.13%", "2017-06-30": "19.86%", "2017-03-31": "20.47%", "2016-12-31": "19.29%", "2016-09-30": "13.22%", "2016-06-30": "9.58%", "2016-03-31": "8.49%", "2015-12-31": "6.24%", "2015-09-30": "9.56%", "2015-06-30": "9.56%", "2015-03-31": "7.71%", "2014-12-31": "8.78%", "2014-09-30": "10.67%", "2014-06-30": "12.24%", "2014-03-31": "13.32%", "2013-12-31": "13.30%", "2013-09-30": "13.13%", "2013-06-30": "13.47%", "2013-03-31": "14.39%", "2012-12-31": "15.90%", "2012-09-30": "16.27%", "2012-06-30": "17.29%", "2012-03-31": "18.58%", "2011-12-31": "19.54%", "2011-09-30": "19.27%", "2011-06-30": "19.37%", "2011-03-31": "18.76%", "2010-12-31": "17.82%", "2010-09-30": "16.66%", "2010-06-30": "15.89%", "2010-03-31": "14.71%", "2009-12-31": "12.02%", "2009-09-30": "11.72%", "2009-06-30": "11.03%", "2009-03-31": "10.41%", "2008-12-31": "12.44%", "2008-09-30": "11.86%", "2008-06-30": "13.69%", "2008-03-31": "16.43%", "2007-12-31": "18.03%", "2007-09-30": "19.88%", "2007-06-30": "19.74%", "2007-03-31": "20.14%", "2006-12-31": "21.43%", "2006-09-30": "22.46%", "2006-06-30": "22.89%", "2006-03-31": "23.78%", "2005-12-31": "24.64%"}, "net profit margin": {"2020-12-31": "15.57%", "2020-09-30": "18.50%", "2020-06-30": "24.10%", "2020-03-31": "23.85%", "2019-12-31": "22.62%", "2019-09-30": "21.31%", "2019-06-30": "17.59%", "2019-03-31": "18.10%", "2018-12-31": "19.37%", "2018-09-30": "4.27%", "2018-06-30": "3.23%", "2018-03-31": "3.36%", "2017-12-31": "-0.71%", "2017-09-30": "16.68%", "2017-06-30": "16.99%", "2017-03-31": "17.55%", "2016-12-31": "19.58%", "2016-09-30": "20.51%", "2016-06-30": "16.15%", "2016-03-31": "14.66%", "2015-12-31": "12.06%", "2015-09-30": "8.78%", "2015-06-30": "8.68%", "2015-03-31": "7.14%", "2014-12-31": "8.02%", "2014-09-30": "9.57%", "2014-06-30": "10.66%", "2014-03-31": "11.21%", "2013-12-31": "11.65%", "2013-09-30": "11.03%", "2013-06-30": "11.35%", "2013-03-31": "12.89%", "2012-12-31": "13.62%", "2012-09-30": "14.08%", "2012-06-30": "15.12%", "2012-03-31": "15.23%", "2011-12-31": "16.18%", "2011-09-30": "16.15%", "2011-06-30": "16.70%", "2011-03-31": "15.58%", "2010-12-31": "14.78%", "2010-09-30": "15.10%", "2010-06-30": "13.69%", "2010-03-31": "13.92%", "2009-12-31": "11.83%", "2009-09-30": "10.32%", "2009-06-30": "10.08%", "2009-03-31": "9.58%", "2008-12-31": "11.24%", "2008-09-30": "11.54%", "2008-06-30": "12.71%", "2008-03-31": "14.44%", "2007-12-31": "15.45%", "2007-09-30": "15.61%", "2007-06-30": "15.15%", "2007-03-31": "15.23%", "2006-12-31": "16.14%", "2006-09-30": "17.38%", "2006-06-30": "17.94%", "2006-03-31": "17.37%", "2005-12-31": "18.26%"}, "pe ratio": {"current": "31.24", "2021-02-05": "42.52", "2020-12-31": "41.97", "2020-09-30": "29.47", "2020-06-30": "24.85", "2020-03-31": "24.56", "2019-12-31": "21.60", "2019-09-30": "20.38", "2019-06-30": "25.99", "2019-03-31": "26.09", "2018-12-31": "25.31", "2018-09-30": "124.26", "2018-06-30": "167.15", "2018-03-31": "155.60", "2017-12-31": "0.00", "2017-09-30": "25.33", "2017-06-30": "26.06", "2017-03-31": "26.68", "2016-12-31": "20.37", "2016-09-30": "22.17", "2016-06-30": "24.92", "2016-03-31": "25.79", "2015-12-31": "29.27", "2015-09-30": "30.79", "2015-06-30": "32.29", "2015-03-31": "36.53", "2014-12-31": "33.53", "2014-09-30": "33.83", "2014-06-30": "27.64", "2014-03-31": "24.96", "2013-12-31": "27.18", "2013-09-30": "32.89", "2013-06-30": "28.11", "2013-03-31": "30.83", "2012-12-31": "27.44", "2012-09-30": "32.35", "2012-06-30": "34.00", "2012-03-31": "33.00", "2011-12-31": "25.12", "2011-09-30": "23.69", "2011-06-30": "35.35", "2011-03-31": "36.16", "2010-12-31": "36.70", "2010-09-30": "37.12", "2010-06-30": "26.07", "2010-03-31": "29.78", "2009-12-31": "31.42", "2009-09-30": "34.28", "2009-06-30": "28.84", "2009-03-31": "21.74", "2008-12-31": "19.30", "2008-09-30": "20.68", "2008-06-30": "22.43", "2008-03-31": "20.19", "2007-12-31": "25.71", "2007-09-30": "27.51", "2007-06-30": "24.71", "2007-03-31": "24.67", "2006-12-31": "20.04"}, "price sales": {"2021-02-05": "5.14", "2020-12-31": "5.07", "2020-09-30": "5.46", "2020-06-30": "5.98", "2020-03-31": "5.90", "2019-12-31": "4.95", "2019-09-30": "4.39", "2019-06-30": "4.56", "2019-03-31": "4.72", "2018-12-31": "4.92", "2018-09-30": "5.45", "2018-06-30": "5.27", "2018-03-31": "4.83", "2017-12-31": "4.73", "2017-09-30": "4.20", "2017-06-30": "4.41", "2017-03-31": "4.66", "2016-12-31": "3.98", "2016-09-30": "4.57", "2016-06-30": "4.08", "2016-03-31": "3.85", "2015-12-31": "3.60", "2015-09-30": "2.75", "2015-06-30": "2.85", "2015-03-31": "2.64", "2014-12-31": "2.73", "2014-09-30": "3.18", "2014-06-30": "2.92", "2014-03-31": "2.80", "2013-12-31": "3.18", "2013-09-30": "3.63", "2013-06-30": "3.19", "2013-03-31": "3.98", "2012-12-31": "3.73", "2012-09-30": "4.58", "2012-06-30": "5.18", "2012-03-31": "5.06", "2011-12-31": "4.08", "2011-09-30": "3.82", "2011-06-30": "5.87", "2011-03-31": "5.58", "2010-12-31": "5.39", "2010-09-30": "5.57", "2010-06-30": "3.57", "2010-03-31": "4.14", "2009-12-31": "3.70", "2009-09-30": "3.58", "2009-06-30": "2.91", "2009-03-31": "2.08", "2008-12-31": "2.17", "2008-09-30": "2.35", "2008-06-30": "2.83", "2008-03-31": "2.93", "2007-12-31": "3.95", "2007-09-30": "4.44", "2007-06-30": "3.94", "2007-03-31": "3.96", "2006-12-31": "3.50"}, "price book": {"current": "144.73", "2021-02-05": "235.65", "2020-09-30": "245.52", "2020-06-30": "-194.16", "2020-03-31": "-78.91", "2019-12-31": "17.04", "2019-09-30": "17.34", "2019-06-30": "24.77", "2019-03-31": "23.19", "2018-12-31": "23.82", "2018-09-30": "19.33", "2018-06-30": "21.70", "2018-03-31": "23.65", "2017-12-31": "12.39", "2017-09-30": "5.64", "2017-06-30": "6.22", "2017-03-31": "7.07", "2016-12-31": "4.16", "2016-09-30": "4.39", "2016-06-30": "4.31", "2016-03-31": "4.57", "2015-12-31": "4.59", "2015-09-30": "4.06", "2015-06-30": "3.93", "2015-03-31": "3.79", "2014-12-31": "3.67", "2014-09-30": "4.33", "2014-06-30": "3.80", "2014-03-31": "2.42", "2013-12-31": "2.72", "2013-09-30": "3.02", "2013-06-30": "2.68", "2013-03-31": "3.29", "2012-12-31": "3.05", "2012-09-30": "3.67", "2012-06-30": "4.16", "2012-03-31": "4.11", "2011-12-31": "3.21", "2011-09-30": "2.97", "2011-06-30": "4.39", "2011-03-31": "4.10", "2010-12-31": "3.90", "2010-09-30": "3.98", "2010-06-30": "2.60", "2010-03-31": "2.94", "2009-12-31": "2.70", "2009-09-30": "2.62", "2009-06-30": "2.21", "2009-03-31": "1.65", "2008-12-31": "1.72", "2008-09-30": "1.94", "2008-06-30": "2.25", "2008-03-31": "2.27", "2007-12-31": "3.01", "2007-09-30": "3.45", "2007-06-30": "2.89", "2007-03-31": "2.86", "2006-12-31": "2.57", "2006-09-30": "3.47", "2006-06-30": "3.78", "2006-03-31": "4.00"}, "price fcf": {"2021-02-05": "", "2020-09-30": "$7.58", "2020-06-30": "$7.82", "2020-03-31": "$5.68", "2019-12-31": "$5.31", "2019-09-30": "$5.34", "2019-06-30": "$6.13", "2019-03-31": "$6.06", "2018-12-31": "$6.62", "2018-09-30": "$6.74", "2018-06-30": "$6.41", "2018-03-31": "$6.21", "2017-12-31": "$5.32", "2017-09-30": "$5.38", "2017-06-30": "$5.56", "2017-03-31": "$6.00", "2016-12-31": "$6.56", "2016-09-30": "$6.95", "2016-06-30": "$6.61", "2016-03-31": "$6.32", "2015-12-31": "$5.84", "2015-09-30": "$4.63", "2015-06-30": "$4.04", "2015-03-31": "$4.12", "2014-12-31": "$3.97", "2014-09-30": "$4.30", "2014-06-30": "$4.38", "2014-03-31": "$4.19", "2013-12-31": "$4.07", "2013-09-30": "$4.04", "2013-06-30": "$3.95", "2013-03-31": "$3.78", "2012-12-31": "$3.68", "2012-09-30": "$3.42", "2012-06-30": "$3.51", "2012-03-31": "$3.45", "2011-12-31": "$2.98", "2011-09-30": "$3.05", "2011-06-30": "$3.07", "2011-03-31": "$2.83", "2010-12-31": "$2.84", "2010-09-30": "$2.90", "2010-06-30": "$2.66", "2010-03-31": "$2.58", "2009-12-31": "$2.20", "2009-09-30": "$1.70", "2009-06-30": "$1.57", "2009-03-31": "$1.43", "2008-12-31": "$1.51", "2008-09-30": "$1.55", "2008-06-30": "$1.39", "2008-03-31": "$1.62", "2007-12-31": "$1.80", "2007-09-30": "$1.79", "2007-06-30": "$1.77", "2007-03-31": "$1.57", "2006-12-31": "$1.47"}, "net worth": {"value": "$16.23B"}, "current ratio": {"2020-12-31": "0.93", "2020-09-30": "0.91", "2020-06-30": "0.85", "2020-03-31": "0.78", "2019-12-31": "0.83", "2019-09-30": "0.74", "2019-06-30": "0.76", "2019-03-31": "0.86", "2018-12-31": "0.72", "2018-09-30": "0.83", "2018-06-30": "0.75", "2018-03-31": "1.36", "2017-12-31": "1.55", "2017-09-30": "1.44", "2017-06-30": "1.35", "2017-03-31": "1.28", "2016-12-31": "0.83", "2016-09-30": "0.77", "2016-06-30": "1.23", "2016-03-31": "1.10", "2015-12-31": "1.00", "2015-09-30": "1.12", "2015-06-30": "1.04", "2015-03-31": "1.02", "2014-12-31": "1.06", "2014-09-30": "0.99", "2014-06-30": "1.05", "2014-03-31": "1.06", "2013-12-31": "1.07", "2013-09-30": "0.99", "2013-06-30": "1.02", "2013-03-31": "1.00", "2012-12-31": "1.28", "2012-09-30": "1.13", "2012-06-30": "1.65", "2012-03-31": "1.22", "2011-12-31": "1.16", "2011-09-30": "1.25", "2011-06-30": "1.40", "2011-03-31": "1.47", "2010-12-31": "1.44", "2010-09-30": "1.56", "2010-06-30": "1.48", "2010-03-31": "1.30", "2009-12-31": "1.25", "2009-09-30": "1.33", "2009-06-30": "1.32", "2009-03-31": "1.24", "2008-12-31": "1.29", "2008-09-30": "1.30", "2008-06-30": "1.23", "2008-03-31": "1.18", "2007-12-31": "1.43", "2007-09-30": "1.67", "2007-06-30": "1.68", "2007-03-31": "1.61", "2006-12-31": "1.52", "2006-09-30": "1.55", "2006-06-30": "1.92", "2006-03-31": "1.82", "2005-12-31": "1.68", "2005-09-30": "1.74", "2005-06-30": "1.50", "2005-03-31": "1.40"}, "quick ratio": {"2020-12-31": "0.92", "2020-09-30": "0.90", "2020-06-30": "0.84", "2020-03-31": "0.77", "2019-12-31": "0.82", "2019-09-30": "0.73", "2019-06-30": "0.74", "2019-03-31": "0.86", "2018-12-31": "0.71", "2018-09-30": "0.82", "2018-06-30": "0.75", "2018-03-31": "1.36", "2017-12-31": "1.55", "2017-09-30": "1.43", "2017-06-30": "1.34", "2017-03-31": "1.27", "2016-12-31": "0.82", "2016-09-30": "0.77", "2016-06-30": "1.22", "2016-03-31": "1.09", "2015-12-31": "1.00", "2015-09-30": "1.12", "2015-06-30": "1.03", "2015-03-31": "1.01", "2014-12-31": "1.05", "2014-09-30": "0.98", "2014-06-30": "1.04", "2014-03-31": "1.05", "2013-12-31": "1.06", "2013-09-30": "0.98", "2013-06-30": "1.01", "2013-03-31": "0.99", "2012-12-31": "1.27", "2012-09-30": "1.12", "2012-06-30": "1.65", "2012-03-31": "1.21", "2011-12-31": "1.16", "2011-09-30": "1.24", "2011-06-30": "1.39", "2011-03-31": "1.46", "2010-12-31": "1.44", "2010-09-30": "1.55", "2010-06-30": "1.48", "2010-03-31": "1.29", "2009-12-31": "1.24", "2009-09-30": "1.31", "2009-06-30": "1.31", "2009-03-31": "1.23", "2008-12-31": "1.27", "2008-09-30": "1.28", "2008-06-30": "1.21", "2008-03-31": "1.15", "2007-12-31": "1.41", "2007-09-30": "1.66", "2007-06-30": "1.67", "2007-03-31": "1.59", "2006-12-31": "1.50", "2006-09-30": "1.53", "2006-06-30": "1.91", "2006-03-31": "1.81", "2005-12-31": "1.67", "2005-09-30": "0.00", "2005-06-30": "0.00", "2005-03-31": "0.00"}, "debt equity ratio": {"current": "15.45", "2020-12-31": "42.61", "2020-09-30": "65.99", "2020-06-30": "-49.59", "2020-03-31": "-20.78", "2019-12-31": "4.24", "2019-09-30": "4.65", "2019-06-30": "6.75", "2019-03-31": "8.31", "2018-12-31": "8.31", "2018-09-30": "6.22", "2018-06-30": "7.44", "2018-03-31": "8.82", "2017-12-31": "4.86", "2017-09-30": "1.76", "2017-06-30": "1.89", "2017-03-31": "2.09", "2016-12-31": "1.45", "2016-09-30": "1.52", "2016-06-30": "1.55", "2016-03-31": "1.67", "2015-12-31": "1.77", "2015-09-30": "1.59", "2015-06-30": "1.47", "2015-03-31": "1.60", "2014-12-31": "1.54", "2014-09-30": "1.50", "2014-06-30": "1.50", "2014-03-31": "0.54", "2013-12-31": "0.57", "2013-09-30": "0.51", "2013-06-30": "0.53", "2013-03-31": "0.52", "2012-12-31": "0.54", "2012-09-30": "0.48", "2012-06-30": "0.48", "2012-03-31": "0.50", "2011-12-31": "0.50", "2011-09-30": "0.46", "2011-06-30": "0.45", "2011-03-31": "0.43", "2010-12-31": "0.45", "2010-09-30": "0.40", "2010-06-30": "0.42", "2010-03-31": "0.39", "2009-12-31": "0.41", "2009-09-30": "0.37", "2009-06-30": "0.38", "2009-03-31": "0.39", "2008-12-31": "0.41", "2008-09-30": "0.40", "2008-06-30": "0.38", "2008-03-31": "0.38", "2007-12-31": "0.38", "2007-09-30": "0.40", "2007-06-30": "0.40", "2007-03-31": "0.40", "2006-12-31": "0.38", "2006-09-30": "0.33", "2006-06-30": "0.31", "2006-03-31": "0.34", "2005-12-31": "0.40", "2005-09-30": "0.44", "2005-06-30": "0.40", "2005-03-31": "0.38"}, "return on equity": {"2020-12-31": "-1527.27%", "2020-09-30": "403.37%", "2020-06-30": "249.43%", "2020-03-31": "163.48%", "2019-12-31": "104.21%", "2019-09-30": "109.97%", "2019-06-30": "89.19%", "2019-03-31": "86.86%", "2018-12-31": "93.51%", "2018-09-30": "17.36%", "2018-06-30": "9.07%", "2018-03-31": "7.12%", "2017-12-31": "-1.21%", "2017-09-30": "22.58%", "2017-06-30": "21.87%", "2017-03-31": "21.53%", "2016-12-31": "23.13%", "2016-09-30": "21.63%", "2016-06-30": "18.69%", "2016-03-31": "17.87%", "2015-12-31": "15.22%", "2015-09-30": "13.19%", "2015-06-30": "12.80%", "2015-03-31": "10.62%", "2014-12-31": "10.30%", "2014-09-30": "10.83%", "2014-06-30": "10.62%", "2014-03-31": "10.02%", "2013-12-31": "10.31%", "2013-09-30": "9.70%", "2013-06-30": "10.01%", "2013-03-31": "11.20%", "2012-12-31": "11.87%", "2012-09-30": "12.10%", "2012-06-30": "13.01%", "2012-03-31": "12.96%", "2011-12-31": "13.38%", "2011-09-30": "13.02%", "2011-06-30": "13.07%", "2011-03-31": "12.14%", "2010-12-31": "11.38%", "2010-09-30": "11.58%", "2010-06-30": "10.50%", "2010-03-31": "10.62%", "2009-12-31": "9.19%", "2009-09-30": "8.11%", "2009-06-30": "8.21%", "2009-03-31": "7.99%", "2008-12-31": "9.54%", "2008-09-30": "9.81%", "2008-06-30": "10.73%", "2008-03-31": "12.11%", "2007-12-31": "12.86%", "2007-09-30": "12.99%", "2007-06-30": "12.26%", "2007-03-31": "11.95%", "2006-12-31": "12.65%", "2006-09-30": "13.58%", "2006-06-30": "14.28%", "2006-03-31": "14.44%", "2005-12-31": "15.58%"}, "return on assets": {"2020-12-31": "10.97%", "2020-09-30": "13.40%", "2020-06-30": "17.85%", "2020-03-31": "18.03%", "2019-12-31": "15.55%", "2019-09-30": "14.01%", "2019-06-30": "10.73%", "2019-03-31": "10.27%", "2018-12-31": "10.93%", "2018-09-30": "2.32%", "2018-06-30": "1.72%", "2018-03-31": "1.75%", "2017-12-31": "-0.36%", "2017-09-30": "8.18%", "2017-06-30": "8.12%", "2017-03-31": "8.23%", "2016-12-31": "9.11%", "2016-09-30": "8.26%", "2016-06-30": "7.08%", "2016-03-31": "6.81%", "2015-12-31": "5.85%", "2015-09-30": "5.18%", "2015-06-30": "5.07%", "2015-03-31": "4.20%", "2014-12-31": "4.74%", "2014-09-30": "5.65%", "2014-06-30": "6.23%", "2014-03-31": "6.52%", "2013-12-31": "6.74%", "2013-09-30": "6.38%", "2013-06-30": "6.61%", "2013-03-31": "7.45%", "2012-12-31": "7.93%", "2012-09-30": "8.13%", "2012-06-30": "8.77%", "2012-03-31": "8.77%", "2011-12-31": "9.15%", "2011-09-30": "8.99%", "2011-06-30": "9.12%", "2011-03-31": "8.52%", "2010-12-31": "8.05%", "2010-09-30": "8.25%", "2010-06-30": "7.51%", "2010-03-31": "7.66%", "2009-12-31": "6.62%", "2009-09-30": "5.85%", "2009-06-30": "5.90%", "2009-03-31": "5.73%", "2008-12-31": "6.86%", "2008-09-30": "7.09%", "2008-06-30": "7.75%", "2008-03-31": "8.72%", "2007-12-31": "9.23%", "2007-09-30": "9.31%", "2007-06-30": "8.90%", "2007-03-31": "8.82%", "2006-12-31": "9.45%", "2006-09-30": "10.13%", "2006-06-30": "10.45%", "2006-03-31": "10.38%", "2005-12-31": "11.09%"}, "return on investments": {"2020-12-31": "35.84%", "2020-09-30": "40.36%", "2020-06-30": "41.51%", "2020-03-31": "42.41%", "2019-12-31": "38.39%", "2019-09-30": "41.76%", "2019-06-30": "45.50%", "2019-03-31": "46.50%", "2018-12-31": "39.73%", "2018-09-30": "30.79%", "2018-06-30": "24.24%", "2018-03-31": "19.84%", "2017-12-31": "17.83%", "2017-09-30": "24.05%", "2017-06-30": "36.34%", "2017-03-31": "35.30%", "2016-12-31": "32.18%", "2016-09-30": "12.61%", "2016-06-30": "7.56%", "2016-03-31": "7.23%", "2015-12-31": "5.96%", "2015-09-30": "10.29%", "2015-06-30": "10.16%", "2015-03-31": "8.28%", "2014-12-31": "11.81%", "2014-09-30": "20.47%", "2014-06-30": "44.25%", "2014-03-31": "inf%", "2013-12-31": "inf%", "2013-09-30": "inf%", "2013-06-30": "inf%", "2013-03-31": "inf%", "2012-12-31": "inf%", "2012-09-30": "inf%", "2012-06-30": "inf%", "2012-03-31": "inf%", "2011-12-31": "inf%", "2011-09-30": "inf%", "2011-06-30": "inf%", "2011-03-31": "inf%", "2010-12-31": "inf%", "2010-09-30": "inf%", "2010-06-30": "inf%", "2010-03-31": "inf%", "2009-12-31": "inf%", "2009-09-30": "inf%", "2009-06-30": "inf%", "2009-03-31": "inf%", "2008-12-31": "inf%", "2008-09-30": "inf%", "2008-06-30": "inf%", "2008-03-31": "inf%", "2007-12-31": "50.79%", "2007-09-30": "53.55%", "2007-06-30": "49.78%", "2007-03-31": "48.27%", "2006-12-31": "inf%", "2006-09-30": "67.09%", "2006-06-30": "34.23%", "2006-03-31": "34.23%", "2005-12-31": "33.42%"}, "return on tangible equity": {"2020-09-30": "-34.28%", "2020-06-30": "-48.42%", "2020-03-31": "-51.60%", "2019-12-31": "-53.27%", "2019-09-30": "-46.86%", "2019-06-30": "-39.89%", "2019-03-31": "-43.14%", "2018-12-31": "-46.86%", "2018-09-30": "-11.82%", "2018-06-30": "-12.46%", "2018-03-31": "-21.67%", "2017-12-31": "14.31%", "2017-09-30": "176.09%", "2017-06-30": "190.84%", "2017-03-31": "208.00%", "2016-12-31": "258.00%", "2016-09-30": "-641.92%", "2016-06-30": "-233.78%", "2016-03-31": "-169.16%", "2015-12-31": "-145.83%", "2015-09-30": "-183.77%", "2015-06-30": "-230.13%", "2015-03-31": "-216.35%", "2014-12-31": "112.50%", "2014-09-30": "60.69%", "2014-06-30": "41.24%", "2014-03-31": "31.71%", "2013-12-31": "34.54%", "2013-09-30": "31.95%", "2013-06-30": "33.25%", "2013-03-31": "33.37%", "2012-12-31": "31.53%", "2012-09-30": "30.39%", "2012-06-30": "29.89%", "2012-03-31": "28.16%", "2011-12-31": "27.56%", "2011-09-30": "24.90%", "2011-06-30": "23.89%", "2011-03-31": "22.30%", "2010-12-31": "20.96%", "2010-09-30": "22.13%", "2010-06-30": "20.93%", "2010-03-31": "22.05%", "2009-12-31": "20.27%", "2009-09-30": "18.97%", "2009-06-30": "20.40%", "2009-03-31": "20.83%", "2008-12-31": "25.67%", "2008-09-30": "26.78%", "2008-06-30": "27.01%", "2008-03-31": "28.34%", "2007-12-31": "28.22%", "2007-09-30": "26.65%", "2007-06-30": "25.53%", "2007-03-31": "24.57%", "2006-12-31": "26.12%", "2006-09-30": "29.09%", "2006-06-30": "32.27%", "2006-03-31": "32.76%", "2005-12-31": "34.30%"}, "dividend yield history": {"last payout": "$1.40", "last yield": "1.06%"}}