{"ticker": "CL", "price": {"title": "Colgate-Palmolive Historical Annual Stock Price Data", "value": 78.41, "historical": {"2021": {"Average Stock Price": "80.2854", "Year Open": "84.3300", "Year High": "84.5200", "Year Low": "78.0000", "Year Close": "78.4100", "Annual % Change": "-8.30%"}, "2020": {"Average Stock Price": "75.1579", "Year Open": "68.1200", "Year High": "86.2600", "Year Low": "59.8900", "Year Close": "85.5100", "Annual % Change": "24.22%"}, "2019": {"Average Stock Price": "69.1233", "Year Open": "59.2500", "Year High": "75.5700", "Year Low": "58.9700", "Year Close": "68.8400", "Annual % Change": "15.66%"}, "2018": {"Average Stock Price": "66.5893", "Year Open": "75.1400", "Year High": "77.5000", "Year Low": "57.8800", "Year Close": "59.5200", "Annual % Change": "-21.11%"}, "2017": {"Average Stock Price": "72.3427", "Year Open": "65.5400", "Year High": "77.2300", "Year Low": "64.5300", "Year Close": "75.4500", "Annual % Change": "15.30%"}, "2016": {"Average Stock Price": "70.1042", "Year Open": "64.7100", "Year High": "75.2700", "Year Low": "62.4500", "Year Close": "65.4400", "Annual % Change": "-1.77%"}, "2015": {"Average Stock Price": "67.1757", "Year Open": "69.0400", "Year High": "71.4600", "Year Low": "60.3700", "Year Close": "66.6200", "Annual % Change": "-3.71%"}, "2014": {"Average Stock Price": "65.9098", "Year Open": "64.3000", "Year High": "71.0000", "Year Low": "60.1700", "Year Close": "69.1900", "Annual % Change": "6.10%"}, "2013": {"Average Stock Price": "59.6213", "Year Open": "53.1550", "Year High": "66.2600", "Year Low": "53.0400", "Year Close": "65.2100", "Annual % Change": "24.76%"}, "2012": {"Average Stock Price": "50.4595", "Year Open": "45.5400", "Year High": "55.3100", "Year Low": "44.1250", "Year Close": "52.2700", "Annual % Change": "13.15%"}, "2011": {"Average Stock Price": "42.6213", "Year Open": "39.8950", "Year High": "46.9800", "Year Low": "37.9650", "Year Close": "46.1950", "Annual % Change": "14.96%"}, "2010": {"Average Stock Price": "39.9745", "Year Open": "41.4250", "Year High": "42.9050", "Year Low": "36.8750", "Year Close": "40.1850", "Annual % Change": "-2.17%"}, "2009": {"Average Stock Price": "35.1359", "Year Open": "34.6600", "Year High": "43.1600", "Year Low": "27.5250", "Year Close": "41.0750", "Annual % Change": "19.86%"}, "2008": {"Average Stock Price": "36.0659", "Year Open": "38.6700", "Year High": "40.4900", "Year Low": "27.3850", "Year Close": "34.2700", "Annual % Change": "-12.08%"}, "2007": {"Average Stock Price": "34.7012", "Year Open": "32.8400", "Year High": "40.3200", "Year Low": "32.2200", "Year Close": "38.9800", "Annual % Change": "19.50%"}, "2006": {"Average Stock Price": "29.9258", "Year Open": "27.4550", "Year High": "33.4150", "Year Low": "26.8500", "Year Close": "32.6200", "Annual % Change": "18.94%"}, "2005": {"Average Stock Price": "26.0852", "Year Open": "25.0100", "Year High": "28.1950", "Year Low": "24.2750", "Year Close": "27.4250", "Annual % Change": "7.21%"}, "2004": {"Average Stock Price": "26.3195", "Year Open": "24.8100", "Year High": "29.4600", "Year Low": "21.5300", "Year Close": "25.5800", "Annual % Change": "2.22%"}, "2003": {"Average Stock Price": "27.3926", "Year Open": "26.9000", "Year High": "30.4400", "Year Low": "24.5500", "Year Close": "25.0250", "Annual % Change": "-4.54%"}, "2002": {"Average Stock Price": "27.0797", "Year Open": "28.8100", "Year High": "29.3650", "Year Low": "22.1800", "Year Close": "26.2150", "Annual % Change": "-9.21%"}, "2001": {"Average Stock Price": "28.4225", "Year Open": "31.2500", "Year High": "31.2500", "Year Low": "25.5000", "Year Close": "28.8750", "Annual % Change": "-10.53%"}, "2000": {"Average Stock Price": "27.7591", "Year Open": "31.1250", "Year High": "32.4050", "Year Low": "21.3750", "Year Close": "32.2750", "Annual % Change": "-0.69%"}, "1999": {"Average Stock Price": "25.0069", "Year Open": "22.5000", "Year High": "32.5000", "Year Low": "18.7650", "Year Close": "32.5000", "Annual % Change": "39.97%"}, "1998": {"Average Stock Price": "20.9848", "Year Open": "18.3125", "Year High": "24.2350", "Year Low": "16.3900", "Year Close": "23.2200", "Annual % Change": "26.37%"}, "1997": {"Average Stock Price": "15.4241", "Year Open": "11.3750", "Year High": "19.4700", "Year Low": "11.3600", "Year Close": "18.3750", "Annual % Change": "59.35%"}, "1996": {"Average Stock Price": "10.3004", "Year Open": "8.8600", "Year High": "11.9375", "Year Low": "8.6094", "Year Close": "11.5313", "Annual % Change": "31.32%"}, "1995": {"Average Stock Price": "8.5836", "Year Open": "7.8600", "Year High": "9.6250", "Year Low": "7.3288", "Year Close": "8.7813", "Annual % Change": "10.84%"}, "1994": {"Average Stock Price": "7.3165", "Year Open": "7.6100", "Year High": "8.1563", "Year Low": "6.3125", "Year Close": "7.9225", "Annual % Change": "1.60%"}, "1993": {"Average Stock Price": "7.1735", "Year Open": "6.8125", "Year High": "8.3438", "Year Low": "5.8600", "Year Close": "7.7975", "Annual % Change": "11.89%"}, "1992": {"Average Stock Price": "6.5807", "Year Open": "6.0475", "Year High": "7.5313", "Year Low": "5.6875", "Year Close": "6.9688", "Annual % Change": "14.06%"}, "1991": {"Average Stock Price": "4.9609", "Year Open": "4.4925", "Year High": "6.1100", "Year Low": "4.2188", "Year Close": "6.1100", "Annual % Change": "32.56%"}, "1990": {"Average Stock Price": "3.9794", "Year Open": "3.9844", "Year High": "4.6875", "Year Low": "3.3200", "Year Close": "4.6094", "Annual % Change": "16.14%"}, "1989": {"Average Stock Price": "3.3652", "Year Open": "2.8281", "Year High": "4.0156", "Year Low": "2.7656", "Year Close": "3.9688", "Annual % Change": "35.11%"}, "1988": {"Average Stock Price": "2.7166", "Year Open": "2.5388", "Year High": "3.0625", "Year Low": "2.4138", "Year Close": "2.9375", "Annual % Change": "19.75%"}, "1987": {"Average Stock Price": "2.8267", "Year Open": "2.6325", "Year High": "3.2500", "Year Low": "2.1800", "Year Close": "2.4531", "Annual % Change": "-3.99%"}, "1986": {"Average Stock Price": "2.3977", "Year Open": "2.0156", "Year High": "2.8125", "Year Low": "1.8988", "Year Close": "2.5550", "Annual % Change": "24.82%"}, "1985": {"Average Stock Price": "1.6649", "Year Open": "1.5313", "Year High": "2.0550", "Year Low": "1.4375", "Year Close": "2.0469", "Annual % Change": "31.63%"}, "1984": {"Average Stock Price": "1.4669", "Year Open": "1.3438", "Year High": "1.6325", "Year Low": "1.2888", "Year Close": "1.5550", "Annual % Change": "15.72%"}, "1983": {"Average Stock Price": "1.3823", "Year Open": "1.2031", "Year High": "1.5863", "Year Low": "1.1950", "Year Close": "1.3438", "Annual % Change": "9.58%"}, "1982": {"Average Stock Price": "1.1524", "Year Open": "1.0469", "Year High": "1.3906", "Year Low": "1.0075", "Year Close": "1.2263", "Annual % Change": "17.14%"}, "1981": {"Average Stock Price": "0.9894", "Year Open": "0.9300", "Year High": "1.1406", "Year Low": "0.8750", "Year Close": "1.0469", "Annual % Change": "14.57%"}, "1980": {"Average Stock Price": "0.8870", "Year Open": "0.8825", "Year High": "1.0781", "Year Low": "0.7031", "Year Close": "0.9138", "Annual % Change": "1.67%"}, "1979": {"Average Stock Price": "1.0425", "Year Open": "1.0550", "Year High": "1.2188", "Year Low": "0.8594", "Year Close": "0.8988", "Annual % Change": "-13.48%"}, "1978": {"Average Stock Price": "1.2467", "Year Open": "1.3281", "Year High": "1.4300", "Year Low": "1.0156", "Year Close": "1.0388", "Annual % Change": "-23.13%"}}}, "market cap": {"value": "$67.46B"}, "income statement": {"Revenue": {"2020-12-31": "16471.00000", "2019-12-31": "15693.00000", "2018-12-31": "15544.00000", "2017-12-31": "15454.00000", "2016-12-31": "15195.00000", "2015-12-31": "16034.00000", "2014-12-31": "17277.00000", "2013-12-31": "17420.00000", "2012-12-31": "17085.00000", "2011-12-31": "16734.00000", "2010-12-31": "15564.00000", "2009-12-31": "15327.00000", "2008-12-31": "15330.00000", "2007-12-31": "13790.00000", "2006-12-31": "12237.70000", "2005-12-31": "11396.90000"}, "Cost Of Goods Sold": {"2020-12-31": "6454.00000", "2019-12-31": "6368.00000", "2018-12-31": "6313.00000", "2017-12-31": "6174.00000", "2016-12-31": "6072.00000", "2015-12-31": "6635.00000", "2014-12-31": "7168.00000", "2013-12-31": "7219.00000", "2012-12-31": "7153.00000", "2011-12-31": "7144.00000", "2010-12-31": "6360.00000", "2009-12-31": "6319.00000", "2008-12-31": "6704.00000", "2007-12-31": "6043.00000", "2006-12-31": "5536.10000", "2005-12-31": "5191.90000"}, "Gross Profit": {"2020-12-31": "10017.00000", "2019-12-31": "9325.00000", "2018-12-31": "9231.00000", "2017-12-31": "9280.00000", "2016-12-31": "9123.00000", "2015-12-31": "9399.00000", "2014-12-31": "10109.00000", "2013-12-31": "10201.00000", "2012-12-31": "9932.00000", "2011-12-31": "9590.00000", "2010-12-31": "9204.00000", "2009-12-31": "9008.00000", "2008-12-31": "8626.00000", "2007-12-31": "7747.00000", "2006-12-31": "6701.60000", "2005-12-31": "6205.00000"}, "Research And Development Expenses": {"2020-12-31": "", "2019-12-31": "", "2018-12-31": "", "2017-12-31": "", "2016-12-31": "", "2015-12-31": "", "2014-12-31": "", "2013-12-31": "", "2012-12-31": "", "2011-12-31": "", "2010-12-31": "", "2009-12-31": "", "2008-12-31": "", "2007-12-31": "", "2006-12-31": "", "2005-12-31": ""}, "SG&A Expenses": {"2020-12-31": "6019.00000", "2019-12-31": "5575.00000", "2018-12-31": "5389.00000", "2017-12-31": "5400.00000", "2016-12-31": "5143.00000", "2015-12-31": "5464.00000", "2014-12-31": "5982.00000", "2013-12-31": "6223.00000", "2012-12-31": "5930.00000", "2011-12-31": "5758.00000", "2010-12-31": "5414.00000", "2009-12-31": "5282.00000", "2008-12-31": "5422.00000", "2007-12-31": "4973.00000", "2006-12-31": "4355.20000", "2005-12-31": "3920.80000"}, "Other Operating Income Or Expenses": {"2020-12-31": "-113.00000", "2019-12-31": "-196.00000", "2018-12-31": "-148.00000", "2017-12-31": "-173.00000", "2016-12-31": "-25.00000", "2015-12-31": "-1146.00000", "2014-12-31": "-570.00000", "2013-12-31": "-422.00000", "2012-12-31": "-113.00000", "2011-12-31": "9.00000", "2010-12-31": "-301.00000", "2009-12-31": "-111.00000", "2008-12-31": "-103.00000", "2007-12-31": "-54.00000", "2006-12-31": "-185.90000", "2005-12-31": "-69.20000"}, "Operating Expenses": {"2020-12-31": "12586.00000", "2019-12-31": "12139.00000", "2018-12-31": "11850.00000", "2017-12-31": "11747.00000", "2016-12-31": "11240.00000", "2015-12-31": "13245.00000", "2014-12-31": "13720.00000", "2013-12-31": "13864.00000", "2012-12-31": "13196.00000", "2011-12-31": "12893.00000", "2010-12-31": "12075.00000", "2009-12-31": "11712.00000", "2008-12-31": "12229.00000", "2007-12-31": "11070.00000", "2006-12-31": "10077.20000", "2005-12-31": "9181.90000"}, "Operating Income": {"2020-12-31": "3885.00000", "2019-12-31": "3554.00000", "2018-12-31": "3694.00000", "2017-12-31": "3707.00000", "2016-12-31": "3955.00000", "2015-12-31": "2789.00000", "2014-12-31": "3557.00000", "2013-12-31": "3556.00000", "2012-12-31": "3889.00000", "2011-12-31": "3841.00000", "2010-12-31": "3489.00000", "2009-12-31": "3615.00000", "2008-12-31": "3101.00000", "2007-12-31": "2720.00000", "2006-12-31": "2160.49900", "2005-12-31": "2215.00000"}, "Total Non-Operating Income/Expense": {"2020-12-31": "-238.00000", "2019-12-31": "-253.00000", "2018-12-31": "-230.00000", "2017-12-31": "-220.00000", "2016-12-31": "-217.00000", "2015-12-31": "-26.00000", "2014-12-31": "-24.00000", "2013-12-31": "9.00000", "2012-12-31": "-15.00000", "2011-12-31": "-52.00000", "2010-12-31": "-59.00000", "2009-12-31": "-77.00000", "2008-12-31": "-96.00000", "2007-12-31": "-157.00000", "2006-12-31": "-158.70000", "2005-12-31": "-136.00000"}, "Pre-Tax Income": {"2020-12-31": "3647.00000", "2019-12-31": "3301.00000", "2018-12-31": "3464.00000", "2017-12-31": "3487.00000", "2016-12-31": "3738.00000", "2015-12-31": "2763.00000", "2014-12-31": "3533.00000", "2013-12-31": "3565.00000", "2012-12-31": "3874.00000", "2011-12-31": "3789.00000", "2010-12-31": "3430.00000", "2009-12-31": "3538.00000", "2008-12-31": "3005.00000", "2007-12-31": "2563.00000", "2006-12-31": "2001.80000", "2005-12-31": "2079.00000"}, "Income Taxes": {"2020-12-31": "787.00000", "2019-12-31": "774.00000", "2018-12-31": "906.00000", "2017-12-31": "1313.00000", "2016-12-31": "1152.00000", "2015-12-31": "1215.00000", "2014-12-31": "1194.00000", "2013-12-31": "1155.00000", "2012-12-31": "1243.00000", "2011-12-31": "1235.00000", "2010-12-31": "1117.00000", "2009-12-31": "1141.00000", "2008-12-31": "968.00000", "2007-12-31": "759.00000", "2006-12-31": "648.40000", "2005-12-31": "727.60000"}, "Income After Taxes": {"2020-12-31": "2860.00000", "2019-12-31": "2527.00000", "2018-12-31": "2558.00000", "2017-12-31": "2174.00000", "2016-12-31": "2586.00000", "2015-12-31": "1548.00000", "2014-12-31": "2339.00000", "2013-12-31": "2410.00000", "2012-12-31": "2631.00000", "2011-12-31": "2554.00000", "2010-12-31": "2313.00000", "2009-12-31": "2397.00000", "2008-12-31": "2037.00000", "2007-12-31": "1804.00000", "2006-12-31": "1353.40000", "2005-12-31": "1351.40000"}, "Other Income": {"2020-12-31": "", "2019-12-31": "", "2018-12-31": "", "2017-12-31": "", "2016-12-31": "", "2015-12-31": "", "2014-12-31": "", "2013-12-31": "", "2012-12-31": "", "2011-12-31": "", "2010-12-31": "", "2009-12-31": "", "2008-12-31": "", "2007-12-31": "", "2006-12-31": "", "2005-12-31": ""}, "Income From Continuous Operations": {"2020-12-31": "2860.00000", "2019-12-31": "2527.00000", "2018-12-31": "2558.00000", "2017-12-31": "2174.00000", "2016-12-31": "2586.00000", "2015-12-31": "1548.00000", "2014-12-31": "2339.00000", "2013-12-31": "2410.00000", "2012-12-31": "2631.00000", "2011-12-31": "2554.00000", "2010-12-31": "2313.00000", "2009-12-31": "2397.00000", "2008-12-31": "2037.00000", "2007-12-31": "1804.00000", "2006-12-31": "1353.40000", "2005-12-31": "1351.40000"}, "Income From Discontinued Operations": {"2020-12-31": "", "2019-12-31": "", "2018-12-31": "", "2017-12-31": "", "2016-12-31": "", "2015-12-31": "", "2014-12-31": "", "2013-12-31": "", "2012-12-31": "", "2011-12-31": "", "2010-12-31": "", "2009-12-31": "", "2008-12-31": "", "2007-12-31": "", "2006-12-31": "", "2005-12-31": ""}, "Net Income": {"2020-12-31": "2695.00000", "2019-12-31": "2367.00000", "2018-12-31": "2400.00000", "2017-12-31": "2024.00000", "2016-12-31": "2441.00000", "2015-12-31": "1384.00000", "2014-12-31": "2180.00000", "2013-12-31": "2241.00000", "2012-12-31": "2472.00000", "2011-12-31": "2431.00000", "2010-12-31": "2169.00000", "2009-12-31": "2291.00000", "2008-12-31": "1957.00000", "2007-12-31": "1737.00000", "2006-12-31": "1353.40000", "2005-12-31": "1351.40000"}, "EBITDA": {"2020-12-31": "4424.00000", "2019-12-31": "4073.00000", "2018-12-31": "4205.00000", "2017-12-31": "4182.00000", "2016-12-31": "4398.00000", "2015-12-31": "3238.00000", "2014-12-31": "3999.00000", "2013-12-31": "3995.00000", "2012-12-31": "4314.00000", "2011-12-31": "4262.00000", "2010-12-31": "3865.00000", "2009-12-31": "3966.00000", "2008-12-31": "3449.00000", "2007-12-31": "3054.00000", "2006-12-31": "2489.19900", "2005-12-31": "2544.30000"}, "EBIT": {"2020-12-31": "3885.00000", "2019-12-31": "3554.00000", "2018-12-31": "3694.00000", "2017-12-31": "3707.00000", "2016-12-31": "3955.00000", "2015-12-31": "2789.00000", "2014-12-31": "3557.00000", "2013-12-31": "3556.00000", "2012-12-31": "3889.00000", "2011-12-31": "3841.00000", "2010-12-31": "3489.00000", "2009-12-31": "3615.00000", "2008-12-31": "3101.00000", "2007-12-31": "2720.00000", "2006-12-31": "2160.49900", "2005-12-31": "2215.00000"}, "Basic Shares Outstanding": {"2020-12-31": "856.80000", "2019-12-31": "859.10000", "2018-12-31": "870.60000", "2017-12-31": "881.80000", "2016-12-31": "891.80000", "2015-12-31": "902.20000", "2014-12-31": "915.10000", "2013-12-31": "930.80000", "2012-12-31": "952.10000", "2011-12-31": "976.70000", "2010-12-31": "975.60000", "2009-12-31": "999.00000", "2008-12-31": "1012.60000", "2007-12-31": "1021.60000", "2006-12-31": "1030.40000", "2005-12-31": "1041.00000"}, "Shares Outstanding": {"2020-12-31": "859.30000", "2019-12-31": "861.10000", "2018-12-31": "873.00000", "2017-12-31": "887.80000", "2016-12-31": "898.40000", "2015-12-31": "909.70000", "2014-12-31": "924.30000", "2013-12-31": "939.90000", "2012-12-31": "960.20000", "2011-12-31": "984.10000", "2010-12-31": "1021.80000", "2009-12-31": "1049.20000", "2008-12-31": "1070.00000", "2007-12-31": "1087.40000", "2006-12-31": "1101.00000", "2005-12-31": "1113.00000"}, "Basic EPS": {"2020-12-31": "3.15000", "2019-12-31": "2.76000", "2018-12-31": "2.76000", "2017-12-31": "2.30000", "2016-12-31": "2.74000", "2015-12-31": "1.53000", "2014-12-31": "2.38000", "2013-12-31": "2.41000", "2012-12-31": "2.60000", "2011-12-31": "2.49000", "2010-12-31": "2.22500", "2009-12-31": "2.26500", "2008-12-31": "1.90500", "2007-12-31": "1.67500", "2006-12-31": "1.28500", "2005-12-31": "1.27000"}, "EPS - Earnings Per Share": {"2020-12-31": "3.14000", "2019-12-31": "2.75000", "2018-12-31": "2.75000", "2017-12-31": "2.28000", "2016-12-31": "2.72000", "2015-12-31": "1.52000", "2014-12-31": "2.36000", "2013-12-31": "2.38000", "2012-12-31": "2.57000", "2011-12-31": "2.47000", "2010-12-31": "2.15500", "2009-12-31": "2.18500", "2008-12-31": "1.83000", "2007-12-31": "1.60000", "2006-12-31": "1.23000", "2005-12-31": "1.21500"}}, "income statement, quarterly": {"Revenue": {"2020-12-31": "4324.00000", "2020-09-30": "4153.00000", "2020-06-30": "3897.00000", "2020-03-31": "4097.00000", "2019-12-31": "4015.00000", "2019-09-30": "3928.00000", "2019-06-30": "3866.00000", "2019-03-31": "3884.00000", "2018-12-31": "3811.00000", "2018-09-30": "3845.00000", "2018-06-30": "3886.00000", "2018-03-31": "4002.00000", "2017-12-31": "3892.00000", "2017-09-30": "3974.00000", "2017-06-30": "3826.00000", "2017-03-31": "3762.00000", "2016-12-31": "3721.00000", "2016-09-30": "3867.00000", "2016-06-30": "3845.00000", "2016-03-31": "3762.00000", "2015-12-31": "3899.00000", "2015-09-30": "3999.00000", "2015-06-30": "4066.00000", "2015-03-31": "4070.00000", "2014-12-31": "4221.00000", "2014-09-30": "4379.00000", "2014-06-30": "4352.00000", "2014-03-31": "4325.00000", "2013-12-31": "4361.00000", "2013-09-30": "4398.00000", "2013-06-30": "4346.00000", "2013-03-31": "4315.00000", "2012-12-31": "4286.00000", "2012-09-30": "4332.00000", "2012-06-30": "4267.00000", "2012-03-31": "4200.00000", "2011-12-31": "4172.00000", "2011-09-30": "4383.00000", "2011-06-30": "4185.00000", "2011-03-31": "3994.00000", "2010-12-31": "3978.00000", "2010-09-30": "3943.00000", "2010-06-30": "3814.00000", "2010-03-31": "3829.00000", "2009-12-31": "4081.00000", "2009-09-30": "3998.00000", "2009-06-30": "3745.00000", "2009-03-31": "3503.00000", "2008-12-31": "3664.20000", "2008-09-30": "3988.00000", "2008-06-30": "3964.80000", "2008-03-31": "3713.00000", "2007-12-31": "3642.50000", "2007-09-30": "3528.20000", "2007-06-30": "3405.40000", "2007-03-31": "3213.90000", "2006-12-31": "3209.10000", "2006-09-30": "3143.70000", "2006-06-30": "3014.30000", "2006-03-31": "2870.60000", "2005-12-31": "2904.60100", "2005-09-30": "2911.80000", "2005-06-30": "2837.50000", "2005-03-31": "2743.00000"}, "Cost Of Goods Sold": {"2020-12-31": "1681.00000", "2020-09-30": "1613.00000", "2020-06-30": "1528.00000", "2020-03-31": "1632.00000", "2019-12-31": "1601.00000", "2019-09-30": "1612.00000", "2019-06-30": "1558.00000", "2019-03-31": "1597.00000", "2018-12-31": "1558.00000", "2018-09-30": "1576.00000", "2018-06-30": "1585.00000", "2018-03-31": "1594.00000", "2017-12-31": "1564.00000", "2017-09-30": "1591.00000", "2017-06-30": "1526.00000", "2017-03-31": "1493.00000", "2016-12-31": "1474.00000", "2016-09-30": "1543.00000", "2016-06-30": "1541.00000", "2016-03-31": "1514.00000", "2015-12-31": "1606.00000", "2015-09-30": "1652.00000", "2015-06-30": "1699.00000", "2015-03-31": "1678.00000", "2014-12-31": "1746.00000", "2014-09-30": "1821.00000", "2014-06-30": "1800.00000", "2014-03-31": "1801.00000", "2013-12-31": "1794.00000", "2013-09-30": "1813.00000", "2013-06-30": "1812.00000", "2013-03-31": "1800.00000", "2012-12-31": "1781.00000", "2012-09-30": "1803.00000", "2012-06-30": "1806.00000", "2012-03-31": "1763.00000", "2011-12-31": "1779.00000", "2011-09-30": "1921.00000", "2011-06-30": "1781.00000", "2011-03-31": "1663.00000", "2010-12-31": "1628.00000", "2010-09-30": "1599.00000", "2010-06-30": "1572.00000", "2010-03-31": "1561.00000", "2009-12-31": "1654.00000", "2009-09-30": "1631.00000", "2009-06-30": "1544.00000", "2009-03-31": "1490.00000", "2008-12-31": "1613.80000", "2008-09-30": "1752.00000", "2008-06-30": "1725.00000", "2008-03-31": "1613.20000", "2007-12-31": "1599.70000", "2007-09-30": "1544.60000", "2007-06-30": "1497.00000", "2007-03-31": "1401.70000", "2006-12-31": "1432.50000", "2006-09-30": "1415.30000", "2006-06-30": "1381.20000", "2006-03-31": "1307.10000", "2005-12-31": "1319.90000", "2005-09-30": "1334.20000", "2005-06-30": "1298.40000", "2005-03-31": "1239.40000"}, "Gross Profit": {"2020-12-31": "2643.00000", "2020-09-30": "2540.00000", "2020-06-30": "2369.00000", "2020-03-31": "2465.00000", "2019-12-31": "2414.00000", "2019-09-30": "2316.00000", "2019-06-30": "2308.00000", "2019-03-31": "2287.00000", "2018-12-31": "2253.00000", "2018-09-30": "2269.00000", "2018-06-30": "2301.00000", "2018-03-31": "2408.00000", "2017-12-31": "2328.00000", "2017-09-30": "2383.00000", "2017-06-30": "2300.00000", "2017-03-31": "2269.00000", "2016-12-31": "2247.00000", "2016-09-30": "2324.00000", "2016-06-30": "2304.00000", "2016-03-31": "2248.00000", "2015-12-31": "2293.00000", "2015-09-30": "2347.00000", "2015-06-30": "2367.00000", "2015-03-31": "2392.00000", "2014-12-31": "2475.00000", "2014-09-30": "2558.00000", "2014-06-30": "2552.00000", "2014-03-31": "2524.00000", "2013-12-31": "2567.00000", "2013-09-30": "2585.00000", "2013-06-30": "2534.00000", "2013-03-31": "2515.00000", "2012-12-31": "2505.00000", "2012-09-30": "2529.00000", "2012-06-30": "2461.00000", "2012-03-31": "2437.00000", "2011-12-31": "2393.00000", "2011-09-30": "2462.00000", "2011-06-30": "2404.00000", "2011-03-31": "2331.00000", "2010-12-31": "2350.00000", "2010-09-30": "2344.00000", "2010-06-30": "2242.00000", "2010-03-31": "2268.00000", "2009-12-31": "2427.00000", "2009-09-30": "2367.00000", "2009-06-30": "2201.00000", "2009-03-31": "2013.00000", "2008-12-31": "2050.40000", "2008-09-30": "2236.00000", "2008-06-30": "2239.80000", "2008-03-31": "2099.80000", "2007-12-31": "2042.80000", "2007-09-30": "1983.60000", "2007-06-30": "1908.40000", "2007-03-31": "1812.20000", "2006-12-31": "1776.60000", "2006-09-30": "1728.40000", "2006-06-30": "1633.10000", "2006-03-31": "1563.50000", "2005-12-31": "1584.70100", "2005-09-30": "1577.60000", "2005-06-30": "1539.10000", "2005-03-31": "1503.60000"}, "Research And Development Expenses": {"2020-12-31": "", "2020-09-30": "", "2020-06-30": "", "2020-03-31": "", "2019-12-31": "", "2019-09-30": "", "2019-06-30": "", "2019-03-31": "", "2018-12-31": "", "2018-09-30": "", "2018-06-30": "", "2018-03-31": "", "2017-12-31": "", "2017-09-30": "", "2017-06-30": "", "2017-03-31": "", "2016-12-31": "", "2016-09-30": "", "2016-06-30": "", "2016-03-31": "", "2015-12-31": "", "2015-09-30": "", "2015-06-30": "", "2015-03-31": "", "2014-12-31": "", "2014-09-30": "", "2014-06-30": "", "2014-03-31": "", "2013-12-31": "", "2013-09-30": "", "2013-06-30": "", "2013-03-31": "", "2012-12-31": "", "2012-09-30": "", "2012-06-30": "", "2012-03-31": "", "2011-12-31": "", "2011-09-30": "", "2011-06-30": "", "2011-03-31": "", "2010-12-31": "", "2010-09-30": "", "2010-06-30": "", "2010-03-31": "", "2009-12-31": "", "2009-09-30": "", "2009-06-30": "", "2009-03-31": "", "2008-12-31": "", "2008-09-30": "", "2008-06-30": "", "2008-03-31": "", "2007-12-31": "", "2007-09-30": "", "2007-06-30": "", "2007-03-31": "", "2006-12-31": "", "2006-09-30": "", "2006-06-30": "", "2006-03-31": "", "2005-12-31": "", "2005-09-30": "", "2005-06-30": "", "2005-03-31": ""}, "SG&A Expenses": {"2020-12-31": "1633.00000", "2020-09-30": "1518.00000", "2020-06-30": "1395.00000", "2020-03-31": "1473.00000", "2019-12-31": "1412.00000", "2019-09-30": "1429.00000", "2019-06-30": "1369.00000", "2019-03-31": "1365.00000", "2018-12-31": "1328.00000", "2018-09-30": "1369.00000", "2018-06-30": "1300.00000", "2018-03-31": "1392.00000", "2017-12-31": "1345.00000", "2017-09-30": "1410.00000", "2017-06-30": "1309.00000", "2017-03-31": "1336.00000", "2016-12-31": "1147.00000", "2016-09-30": "1322.00000", "2016-06-30": "1320.00000", "2016-03-31": "1354.00000", "2015-12-31": "1286.00000", "2015-09-30": "1347.00000", "2015-06-30": "1381.00000", "2015-03-31": "1450.00000", "2014-12-31": "1434.00000", "2014-09-30": "1497.00000", "2014-06-30": "1507.00000", "2014-03-31": "1544.00000", "2013-12-31": "1612.00000", "2013-09-30": "1549.00000", "2013-06-30": "1526.00000", "2013-03-31": "1536.00000", "2012-12-31": "1487.00000", "2012-09-30": "1501.00000", "2012-06-30": "1464.00000", "2012-03-31": "1478.00000", "2011-12-31": "1444.00000", "2011-09-30": "1489.00000", "2011-06-30": "1421.00000", "2011-03-31": "1404.00000", "2010-12-31": "1376.00000", "2010-09-30": "1391.00000", "2010-06-30": "1292.00000", "2010-03-31": "1355.00000", "2009-12-31": "1397.00000", "2009-09-30": "1403.00000", "2009-06-30": "1296.00000", "2009-03-31": "1186.00000", "2008-12-31": "1235.40000", "2008-09-30": "1415.00000", "2008-06-30": "1422.70000", "2008-03-31": "1348.90000", "2007-12-31": "1301.40000", "2007-09-30": "1277.70000", "2007-06-30": "1223.70000", "2007-03-31": "1170.20000", "2006-12-31": "1145.00000", "2006-09-30": "1140.30000", "2006-06-30": "1052.30000", "2006-03-31": "1017.60000", "2005-12-31": "1010.30000", "2005-09-30": "1007.00000", "2005-06-30": "959.10000", "2005-03-31": "944.40000"}, "Other Operating Income Or Expenses": {"2020-12-31": "-41.00000", "2020-09-30": "-4.00000", "2020-06-30": "-28.00000", "2020-03-31": "-40.00000", "2019-12-31": "-71.00000", "2019-09-30": "-31.00000", "2019-06-30": "-51.00000", "2019-03-31": "-43.00000", "2018-12-31": "-34.00000", "2018-09-30": "-26.00000", "2018-06-30": "-55.00000", "2018-03-31": "-33.00000", "2017-12-31": "-23.00000", "2017-09-30": "-16.00000", "2017-06-30": "-113.00000", "2017-03-31": "-21.00000", "2016-12-31": "-27.00000", "2016-09-30": "69.00000", "2016-06-30": "-40.00000", "2016-03-31": "-27.00000", "2015-12-31": "-1146.00000", "2015-09-30": "136.00000", "2015-06-30": "-54.00000", "2015-03-31": "-82.00000", "2014-12-31": "-46.00000", "2014-09-30": "-113.00000", "2014-06-30": "-65.00000", "2014-03-31": "-346.00000", "2013-12-31": "-63.00000", "2013-09-30": "-20.00000", "2013-06-30": "-102.00000", "2013-03-31": "-237.00000", "2012-12-31": "-76.00000", "2012-09-30": "-1.00000", "2012-06-30": "-15.00000", "2012-03-31": "-21.00000", "2011-12-31": "-26.00000", "2011-09-30": "62.00000", "2011-06-30": "-15.00000", "2011-03-31": "-12.00000", "2010-12-31": "-69.00000", "2010-09-30": "5.00000", "2010-06-30": "-2.00000", "2010-03-31": "-235.00000", "2009-12-31": "-39.00000", "2009-09-30": "-38.00000", "2009-06-30": "-18.00000", "2009-03-31": "-16.00000", "2008-12-31": "-39.10000", "2008-09-30": "-30.00000", "2008-06-30": "-28.70000", "2008-03-31": "-5.20000", "2007-12-31": "1.10000", "2007-09-30": "-37.10000", "2007-06-30": "-27.10000", "2007-03-31": "9.10000", "2006-12-31": "1.10000", "2006-09-30": "-38.70000", "2006-06-30": "-119.90000", "2006-03-31": "-28.40000", "2005-12-31": "2.60000", "2005-09-30": "33.70000", "2005-06-30": "-38.90000", "2005-03-31": "-66.60000"}, "Operating Expenses": {"2020-12-31": "3355.00000", "2020-09-30": "3135.00000", "2020-06-30": "2951.00000", "2020-03-31": "3145.00000", "2019-12-31": "3084.00000", "2019-09-30": "3072.00000", "2019-06-30": "2978.00000", "2019-03-31": "3005.00000", "2018-12-31": "2920.00000", "2018-09-30": "2971.00000", "2018-06-30": "2940.00000", "2018-03-31": "3019.00000", "2017-12-31": "2932.00000", "2017-09-30": "3017.00000", "2017-06-30": "2948.00000", "2017-03-31": "2850.00000", "2016-12-31": "2648.00000", "2016-09-30": "2796.00000", "2016-06-30": "2901.00000", "2016-03-31": "2895.00000", "2015-12-31": "4038.00000", "2015-09-30": "2863.00000", "2015-06-30": "3134.00000", "2015-03-31": "3210.00000", "2014-12-31": "3226.00000", "2014-09-30": "3431.00000", "2014-06-30": "3372.00000", "2014-03-31": "3691.00000", "2013-12-31": "3469.00000", "2013-09-30": "3382.00000", "2013-06-30": "3440.00000", "2013-03-31": "3573.00000", "2012-12-31": "3344.00000", "2012-09-30": "3305.00000", "2012-06-30": "3285.00000", "2012-03-31": "3262.00000", "2011-12-31": "3249.00000", "2011-09-30": "3348.00000", "2011-06-30": "3217.00000", "2011-03-31": "3079.00000", "2010-12-31": "3073.00000", "2010-09-30": "2985.00000", "2010-06-30": "2866.00000", "2010-03-31": "3151.00000", "2009-12-31": "3090.00000", "2009-09-30": "3072.00000", "2009-06-30": "2858.00000", "2009-03-31": "2692.00000", "2008-12-31": "2888.30000", "2008-09-30": "3197.00000", "2008-06-30": "3176.40000", "2008-03-31": "2967.30000", "2007-12-31": "2900.00000", "2007-09-30": "2859.40000", "2007-06-30": "2747.80000", "2007-03-31": "2562.80000", "2006-12-31": "2576.40200", "2006-09-30": "2594.30000", "2006-06-30": "2553.40000", "2006-03-31": "2353.10000", "2005-12-31": "2327.60000", "2005-09-30": "2307.50000", "2005-06-30": "2296.40000", "2005-03-31": "2250.40000"}, "Operating Income": {"2020-12-31": "969.00000", "2020-09-30": "1018.00000", "2020-06-30": "946.00000", "2020-03-31": "952.00000", "2019-12-31": "931.00000", "2019-09-30": "856.00000", "2019-06-30": "888.00000", "2019-03-31": "879.00000", "2018-12-31": "891.00000", "2018-09-30": "874.00000", "2018-06-30": "946.00000", "2018-03-31": "983.00000", "2017-12-31": "960.00000", "2017-09-30": "957.00000", "2017-06-30": "878.00000", "2017-03-31": "912.00000", "2016-12-31": "1073.00000", "2016-09-30": "1071.00000", "2016-06-30": "944.00000", "2016-03-31": "867.00000", "2015-12-31": "-139.00000", "2015-09-30": "1136.00000", "2015-06-30": "932.00000", "2015-03-31": "860.00000", "2014-12-31": "995.00000", "2014-09-30": "948.00000", "2014-06-30": "980.00000", "2014-03-31": "634.00000", "2013-12-31": "892.00000", "2013-09-30": "1016.00000", "2013-06-30": "906.00000", "2013-03-31": "742.00000", "2012-12-31": "942.00000", "2012-09-30": "1027.00000", "2012-06-30": "982.00000", "2012-03-31": "938.00000", "2011-12-31": "923.00000", "2011-09-30": "1035.00000", "2011-06-30": "968.00000", "2011-03-31": "915.00000", "2010-12-31": "905.00000", "2010-09-30": "958.00000", "2010-06-30": "948.00000", "2010-03-31": "678.00000", "2009-12-31": "991.00000", "2009-09-30": "926.00000", "2009-06-30": "887.00000", "2009-03-31": "811.00000", "2008-12-31": "775.90010", "2008-09-30": "791.00000", "2008-06-30": "788.40010", "2008-03-31": "745.70000", "2007-12-31": "742.50000", "2007-09-30": "668.80000", "2007-06-30": "657.59990", "2007-03-31": "651.10010", "2006-12-31": "632.69850", "2006-09-30": "549.39990", "2006-06-30": "460.90010", "2006-03-31": "517.50020", "2005-12-31": "577.00020", "2005-09-30": "604.30000", "2005-06-30": "541.10010", "2005-03-31": "492.59990"}, "Total Non-Operating Income/Expense": {"2020-12-31": "-75.00000", "2020-09-30": "-51.00000", "2020-06-30": "-55.00000", "2020-03-31": "-57.00000", "2019-12-31": "-61.00000", "2019-09-30": "-62.00000", "2019-06-30": "-65.00000", "2019-03-31": "-65.00000", "2018-12-31": "-59.00000", "2018-09-30": "-54.00000", "2018-06-30": "-58.00000", "2018-03-31": "-59.00000", "2017-12-31": "-64.00000", "2017-09-30": "-57.00000", "2017-06-30": "-49.00000", "2017-03-31": "-50.00000", "2016-12-31": "-139.00000", "2016-09-30": "-25.00000", "2016-06-30": "-25.00000", "2016-03-31": "-28.00000", "2015-12-31": "-7.00000", "2015-09-30": "-5.00000", "2015-06-30": "-6.00000", "2015-03-31": "-8.00000", "2014-12-31": "-4.00000", "2014-09-30": "-4.00000", "2014-06-30": "-9.00000", "2014-03-31": "-7.00000", "2013-12-31": "1.00000", "2013-09-30": "", "2013-06-30": "5.00000", "2013-03-31": "3.00000", "2012-12-31": "5.00000", "2012-09-30": "-4.00000", "2012-06-30": "-6.00000", "2012-03-31": "-10.00000", "2011-12-31": "-15.00000", "2011-09-30": "-10.00000", "2011-06-30": "-11.00000", "2011-03-31": "-16.00000", "2010-12-31": "-16.00000", "2010-09-30": "-13.00000", "2010-06-30": "-14.00000", "2010-03-31": "-16.00000", "2009-12-31": "-18.00000", "2009-09-30": "-17.00000", "2009-06-30": "-21.00000", "2009-03-31": "-21.00000", "2008-12-31": "-13.90000", "2008-09-30": "-23.00000", "2008-06-30": "-25.40000", "2008-03-31": "-33.70000", "2007-12-31": "-35.40000", "2007-09-30": "-38.50000", "2007-06-30": "-40.40000", "2007-03-31": "-42.70000", "2006-12-31": "-38.90000", "2006-09-30": "-41.20000", "2006-06-30": "-41.30000", "2006-03-31": "-37.30000", "2005-12-31": "-36.70000", "2005-09-30": "-36.80000", "2005-06-30": "-30.90000", "2005-03-31": "-31.60000"}, "Pre-Tax Income": {"2020-12-31": "894.00000", "2020-09-30": "967.00000", "2020-06-30": "891.00000", "2020-03-31": "895.00000", "2019-12-31": "870.00000", "2019-09-30": "794.00000", "2019-06-30": "823.00000", "2019-03-31": "814.00000", "2018-12-31": "832.00000", "2018-09-30": "820.00000", "2018-06-30": "888.00000", "2018-03-31": "924.00000", "2017-12-31": "896.00000", "2017-09-30": "900.00000", "2017-06-30": "829.00000", "2017-03-31": "862.00000", "2016-12-31": "934.00000", "2016-09-30": "1046.00000", "2016-06-30": "919.00000", "2016-03-31": "839.00000", "2015-12-31": "-146.00000", "2015-09-30": "1131.00000", "2015-06-30": "926.00000", "2015-03-31": "852.00000", "2014-12-31": "991.00000", "2014-09-30": "944.00000", "2014-06-30": "971.00000", "2014-03-31": "627.00000", "2013-12-31": "893.00000", "2013-09-30": "1016.00000", "2013-06-30": "911.00000", "2013-03-31": "745.00000", "2012-12-31": "947.00000", "2012-09-30": "1023.00000", "2012-06-30": "976.00000", "2012-03-31": "928.00000", "2011-12-31": "908.00000", "2011-09-30": "1025.00000", "2011-06-30": "957.00000", "2011-03-31": "899.00000", "2010-12-31": "889.00000", "2010-09-30": "945.00000", "2010-06-30": "934.00000", "2010-03-31": "662.00000", "2009-12-31": "973.00000", "2009-09-30": "909.00000", "2009-06-30": "866.00000", "2009-03-31": "790.00000", "2008-12-31": "762.00000", "2008-09-30": "768.00000", "2008-06-30": "763.00000", "2008-03-31": "712.00000", "2007-12-31": "707.10000", "2007-09-30": "630.30000", "2007-06-30": "617.20000", "2007-03-31": "608.40000", "2006-12-31": "593.80010", "2006-09-30": "508.20000", "2006-06-30": "419.60000", "2006-03-31": "480.20000", "2005-12-31": "540.30000", "2005-09-30": "567.50000", "2005-06-30": "510.20000", "2005-03-31": "461.00000"}, "Income Taxes": {"2020-12-31": "202.00000", "2020-09-30": "222.00000", "2020-06-30": "216.00000", "2020-03-31": "147.00000", "2019-12-31": "188.00000", "2019-09-30": "167.00000", "2019-06-30": "205.00000", "2019-03-31": "214.00000", "2018-12-31": "189.00000", "2018-09-30": "258.00000", "2018-06-30": "213.00000", "2018-03-31": "246.00000", "2017-12-31": "543.00000", "2017-09-30": "250.00000", "2017-06-30": "269.00000", "2017-03-31": "251.00000", "2016-12-31": "306.00000", "2016-09-30": "300.00000", "2016-06-30": "281.00000", "2016-03-31": "265.00000", "2015-12-31": "275.00000", "2015-09-30": "361.00000", "2015-06-30": "310.00000", "2015-03-31": "269.00000", "2014-12-31": "325.00000", "2014-09-30": "364.00000", "2014-06-30": "310.00000", "2014-03-31": "195.00000", "2013-12-31": "292.00000", "2013-09-30": "317.00000", "2013-06-30": "307.00000", "2013-03-31": "239.00000", "2012-12-31": "311.00000", "2012-09-30": "326.00000", "2012-06-30": "311.00000", "2012-03-31": "295.00000", "2011-12-31": "283.00000", "2011-09-30": "349.00000", "2011-06-30": "311.00000", "2011-03-31": "292.00000", "2010-12-31": "238.00000", "2010-09-30": "300.00000", "2010-06-30": "304.00000", "2010-03-31": "275.00000", "2009-12-31": "317.00000", "2009-09-30": "292.00000", "2009-06-30": "278.00000", "2009-03-31": "254.00000", "2008-12-31": "250.70000", "2008-09-30": "246.00000", "2008-06-30": "247.80000", "2008-03-31": "223.50000", "2007-12-31": "225.60000", "2007-09-30": "210.20000", "2007-06-30": "201.40000", "2007-03-31": "121.80000", "2006-12-31": "192.60000", "2006-09-30": "164.10000", "2006-06-30": "136.00000", "2006-03-31": "155.70000", "2005-12-31": "179.10000", "2005-09-30": "220.30000", "2005-06-30": "167.30000", "2005-03-31": "160.90000"}, "Income After Taxes": {"2020-12-31": "692.00000", "2020-09-30": "745.00000", "2020-06-30": "675.00000", "2020-03-31": "748.00000", "2019-12-31": "682.00000", "2019-09-30": "627.00000", "2019-06-30": "618.00000", "2019-03-31": "600.00000", "2018-12-31": "643.00000", "2018-09-30": "562.00000", "2018-06-30": "675.00000", "2018-03-31": "678.00000", "2017-12-31": "353.00000", "2017-09-30": "650.00000", "2017-06-30": "560.00000", "2017-03-31": "611.00000", "2016-12-31": "628.00000", "2016-09-30": "746.00000", "2016-06-30": "638.00000", "2016-03-31": "574.00000", "2015-12-31": "-421.00000", "2015-09-30": "770.00000", "2015-06-30": "616.00000", "2015-03-31": "583.00000", "2014-12-31": "666.00000", "2014-09-30": "580.00000", "2014-06-30": "661.00000", "2014-03-31": "432.00000", "2013-12-31": "601.00000", "2013-09-30": "699.00000", "2013-06-30": "604.00000", "2013-03-31": "506.00000", "2012-12-31": "636.00000", "2012-09-30": "697.00000", "2012-06-30": "665.00000", "2012-03-31": "633.00000", "2011-12-31": "625.00000", "2011-09-30": "676.00000", "2011-06-30": "646.00000", "2011-03-31": "607.00000", "2010-12-31": "651.00000", "2010-09-30": "645.00000", "2010-06-30": "630.00000", "2010-03-31": "387.00000", "2009-12-31": "656.00000", "2009-09-30": "617.00000", "2009-06-30": "588.00000", "2009-03-31": "536.00000", "2008-12-31": "511.30000", "2008-09-30": "522.00000", "2008-06-30": "515.20000", "2008-03-31": "488.50000", "2007-12-31": "481.49990", "2007-09-30": "420.10000", "2007-06-30": "415.80000", "2007-03-31": "486.60000", "2006-12-31": "401.20010", "2006-09-30": "344.10000", "2006-06-30": "283.60000", "2006-03-31": "324.50000", "2005-12-31": "361.20000", "2005-09-30": "347.20000", "2005-06-30": "342.90000", "2005-03-31": "300.10000"}, "Other Income": {"2020-12-31": "", "2020-09-30": "", "2020-06-30": "", "2020-03-31": "", "2019-12-31": "", "2019-09-30": "", "2019-06-30": "", "2019-03-31": "", "2018-12-31": "", "2018-09-30": "", "2018-06-30": "", "2018-03-31": "", "2017-12-31": "", "2017-09-30": "", "2017-06-30": "", "2017-03-31": "", "2016-12-31": "", "2016-09-30": "", "2016-06-30": "", "2016-03-31": "", "2015-12-31": "", "2015-09-30": "", "2015-06-30": "", "2015-03-31": "", "2014-12-31": "", "2014-09-30": "", "2014-06-30": "", "2014-03-31": "", "2013-12-31": "", "2013-09-30": "", "2013-06-30": "", "2013-03-31": "", "2012-12-31": "", "2012-09-30": "", "2012-06-30": "", "2012-03-31": "", "2011-12-31": "", "2011-09-30": "", "2011-06-30": "", "2011-03-31": "", "2010-12-31": "", "2010-09-30": "", "2010-06-30": "", "2010-03-31": "", "2009-12-31": "", "2009-09-30": "", "2009-06-30": "", "2009-03-31": "", "2008-12-31": "", "2008-09-30": "", "2008-06-30": "", "2008-03-31": "", "2007-12-31": "", "2007-09-30": "", "2007-06-30": "", "2007-03-31": "", "2006-12-31": "", "2006-09-30": "", "2006-06-30": "", "2006-03-31": "", "2005-12-31": "", "2005-09-30": "", "2005-06-30": "", "2005-03-31": ""}, "Income From Continuous Operations": {"2020-12-31": "692.00000", "2020-09-30": "745.00000", "2020-06-30": "675.00000", "2020-03-31": "748.00000", "2019-12-31": "682.00000", "2019-09-30": "627.00000", "2019-06-30": "618.00000", "2019-03-31": "600.00000", "2018-12-31": "643.00000", "2018-09-30": "562.00000", "2018-06-30": "675.00000", "2018-03-31": "678.00000", "2017-12-31": "353.00000", "2017-09-30": "650.00000", "2017-06-30": "560.00000", "2017-03-31": "611.00000", "2016-12-31": "628.00000", "2016-09-30": "746.00000", "2016-06-30": "638.00000", "2016-03-31": "574.00000", "2015-12-31": "-421.00000", "2015-09-30": "770.00000", "2015-06-30": "616.00000", "2015-03-31": "583.00000", "2014-12-31": "666.00000", "2014-09-30": "580.00000", "2014-06-30": "661.00000", "2014-03-31": "432.00000", "2013-12-31": "601.00000", "2013-09-30": "699.00000", "2013-06-30": "604.00000", "2013-03-31": "506.00000", "2012-12-31": "636.00000", "2012-09-30": "697.00000", "2012-06-30": "665.00000", "2012-03-31": "633.00000", "2011-12-31": "625.00000", "2011-09-30": "676.00000", "2011-06-30": "646.00000", "2011-03-31": "607.00000", "2010-12-31": "651.00000", "2010-09-30": "645.00000", "2010-06-30": "630.00000", "2010-03-31": "387.00000", "2009-12-31": "656.00000", "2009-09-30": "617.00000", "2009-06-30": "588.00000", "2009-03-31": "536.00000", "2008-12-31": "511.30000", "2008-09-30": "522.00000", "2008-06-30": "515.20000", "2008-03-31": "488.50000", "2007-12-31": "481.49990", "2007-09-30": "420.10000", "2007-06-30": "415.80000", "2007-03-31": "486.60000", "2006-12-31": "401.20010", "2006-09-30": "344.10000", "2006-06-30": "283.60000", "2006-03-31": "324.50000", "2005-12-31": "361.20000", "2005-09-30": "347.20000", "2005-06-30": "342.90000", "2005-03-31": "300.10000"}, "Income From Discontinued Operations": {"2020-12-31": "", "2020-09-30": "", "2020-06-30": "", "2020-03-31": "", "2019-12-31": "", "2019-09-30": "", "2019-06-30": "", "2019-03-31": "", "2018-12-31": "", "2018-09-30": "", "2018-06-30": "", "2018-03-31": "", "2017-12-31": "", "2017-09-30": "", "2017-06-30": "", "2017-03-31": "", "2016-12-31": "", "2016-09-30": "", "2016-06-30": "", "2016-03-31": "", "2015-12-31": "", "2015-09-30": "", "2015-06-30": "", "2015-03-31": "", "2014-12-31": "", "2014-09-30": "", "2014-06-30": "", "2014-03-31": "", "2013-12-31": "", "2013-09-30": "", "2013-06-30": "", "2013-03-31": "", "2012-12-31": "", "2012-09-30": "", "2012-06-30": "", "2012-03-31": "", "2011-12-31": "", "2011-09-30": "", "2011-06-30": "", "2011-03-31": "", "2010-12-31": "", "2010-09-30": "", "2010-06-30": "", "2010-03-31": "", "2009-12-31": "", "2009-09-30": "", "2009-06-30": "", "2009-03-31": "", "2008-12-31": "", "2008-09-30": "", "2008-06-30": "", "2008-03-31": "", "2007-12-31": "", "2007-09-30": "", "2007-06-30": "", "2007-03-31": "", "2006-12-31": "", "2006-09-30": "", "2006-06-30": "", "2006-03-31": "", "2005-12-31": "", "2005-09-30": "", "2005-06-30": "", "2005-03-31": ""}, "Net Income": {"2020-12-31": "647.00000", "2020-09-30": "698.00000", "2020-06-30": "635.00000", "2020-03-31": "715.00000", "2019-12-31": "643.00000", "2019-09-30": "578.00000", "2019-06-30": "586.00000", "2019-03-31": "560.00000", "2018-12-31": "606.00000", "2018-09-30": "523.00000", "2018-06-30": "637.00000", "2018-03-31": "634.00000", "2017-12-31": "323.00000", "2017-09-30": "607.00000", "2017-06-30": "524.00000", "2017-03-31": "570.00000", "2016-12-31": "606.00000", "2016-09-30": "702.00000", "2016-06-30": "600.00000", "2016-03-31": "533.00000", "2015-12-31": "-458.00000", "2015-09-30": "726.00000", "2015-06-30": "574.00000", "2015-03-31": "542.00000", "2014-12-31": "628.00000", "2014-09-30": "542.00000", "2014-06-30": "622.00000", "2014-03-31": "388.00000", "2013-12-31": "564.00000", "2013-09-30": "656.00000", "2013-06-30": "561.00000", "2013-03-31": "460.00000", "2012-12-31": "598.00000", "2012-09-30": "654.00000", "2012-06-30": "627.00000", "2012-03-31": "593.00000", "2011-12-31": "590.00000", "2011-09-30": "643.00000", "2011-06-30": "622.00000", "2011-03-31": "576.00000", "2010-12-31": "590.00000", "2010-09-30": "619.00000", "2010-06-30": "603.00000", "2010-03-31": "357.00000", "2009-12-31": "631.00000", "2009-09-30": "590.00000", "2009-06-30": "562.00000", "2009-03-31": "508.00000", "2008-12-31": "496.70000", "2008-09-30": "500.00000", "2008-06-30": "493.80000", "2008-03-31": "466.50000", "2007-12-31": "414.50000", "2007-09-30": "420.10000", "2007-06-30": "415.80000", "2007-03-31": "486.60000", "2006-12-31": "401.20010", "2006-09-30": "344.10000", "2006-06-30": "283.60000", "2006-03-31": "324.50000", "2005-12-31": "361.20000", "2005-09-30": "347.20000", "2005-06-30": "342.90000", "2005-03-31": "300.10000"}, "EBITDA": {"2020-12-31": "", "2020-09-30": "1152.00000", "2020-06-30": "1079.00000", "2020-03-31": "1085.00000", "2019-12-31": "1064.00000", "2019-09-30": "986.00000", "2019-06-30": "1016.00000", "2019-03-31": "1007.00000", "2018-12-31": "1017.00000", "2018-09-30": "1001.00000", "2018-06-30": "1075.00000", "2018-03-31": "1112.00000", "2017-12-31": "1081.00000", "2017-09-30": "1085.00000", "2017-06-30": "995.00000", "2017-03-31": "1021.00000", "2016-12-31": "1187.00000", "2016-09-30": "1185.00000", "2016-06-30": "1053.00000", "2016-03-31": "973.00000", "2015-12-31": "-27.00000", "2015-09-30": "1248.00000", "2015-06-30": "1043.00000", "2015-03-31": "974.00000", "2014-12-31": "1108.00000", "2014-09-30": "1062.00000", "2014-06-30": "1087.00000", "2014-03-31": "742.00000", "2013-12-31": "1002.00000", "2013-09-30": "1124.00000", "2013-06-30": "1017.00000", "2013-03-31": "852.00000", "2012-12-31": "1050.00000", "2012-09-30": "1133.00000", "2012-06-30": "1087.00000", "2012-03-31": "1044.00000", "2011-12-31": "1029.00000", "2011-09-30": "1148.00000", "2011-06-30": "1071.00000", "2011-03-31": "1014.00000", "2010-12-31": "1003.00000", "2010-09-30": "1051.00000", "2010-06-30": "1041.00000", "2010-03-31": "770.00000", "2009-12-31": "1080.00000", "2009-09-30": "1016.00000", "2009-06-30": "977.00000", "2009-03-31": "893.00000", "2008-12-31": "862.90010", "2008-09-30": "879.60000", "2008-06-30": "872.20010", "2008-03-31": "834.29990", "2007-12-31": "830.10000", "2007-09-30": "754.10000", "2007-06-30": "737.69980", "2007-03-31": "732.10010", "2006-12-31": "717.89850", "2006-09-30": "630.49990", "2006-06-30": "543.10020", "2006-03-31": "597.70030", "2005-12-31": "658.90030", "2005-09-30": "686.50010", "2005-06-30": "623.10010", "2005-03-31": "575.79990"}, "EBIT": {"2020-12-31": "969.00000", "2020-09-30": "1018.00000", "2020-06-30": "946.00000", "2020-03-31": "952.00000", "2019-12-31": "931.00000", "2019-09-30": "856.00000", "2019-06-30": "888.00000", "2019-03-31": "879.00000", "2018-12-31": "891.00000", "2018-09-30": "874.00000", "2018-06-30": "946.00000", "2018-03-31": "983.00000", "2017-12-31": "960.00000", "2017-09-30": "957.00000", "2017-06-30": "878.00000", "2017-03-31": "912.00000", "2016-12-31": "1073.00000", "2016-09-30": "1071.00000", "2016-06-30": "944.00000", "2016-03-31": "867.00000", "2015-12-31": "-139.00000", "2015-09-30": "1136.00000", "2015-06-30": "932.00000", "2015-03-31": "860.00000", "2014-12-31": "995.00000", "2014-09-30": "948.00000", "2014-06-30": "980.00000", "2014-03-31": "634.00000", "2013-12-31": "892.00000", "2013-09-30": "1016.00000", "2013-06-30": "906.00000", "2013-03-31": "742.00000", "2012-12-31": "942.00000", "2012-09-30": "1027.00000", "2012-06-30": "982.00000", "2012-03-31": "938.00000", "2011-12-31": "923.00000", "2011-09-30": "1035.00000", "2011-06-30": "968.00000", "2011-03-31": "915.00000", "2010-12-31": "905.00000", "2010-09-30": "958.00000", "2010-06-30": "948.00000", "2010-03-31": "678.00000", "2009-12-31": "991.00000", "2009-09-30": "926.00000", "2009-06-30": "887.00000", "2009-03-31": "811.00000", "2008-12-31": "775.89990", "2008-09-30": "791.00000", "2008-06-30": "788.40010", "2008-03-31": "745.70000", "2007-12-31": "742.50000", "2007-09-30": "668.80000", "2007-06-30": "657.59990", "2007-03-31": "651.10010", "2006-12-31": "632.69870", "2006-09-30": "549.39990", "2006-06-30": "460.90010", "2006-03-31": "517.50020", "2005-12-31": "577.00000", "2005-09-30": "604.30000", "2005-06-30": "541.10010", "2005-03-31": "492.59990"}, "Basic Shares Outstanding": {"2020-12-31": "854.10000", "2020-09-30": "859.00000", "2020-06-30": "857.40000", "2020-03-31": "856.90000", "2019-12-31": "859.10000", "2019-09-30": "858.70000", "2019-06-30": "859.40000", "2019-03-31": "862.00000", "2018-12-31": "870.60000", "2018-09-30": "868.80000", "2018-06-30": "871.70000", "2018-03-31": "875.40000", "2017-12-31": "881.80000", "2017-09-30": "880.70000", "2017-06-30": "883.80000", "2017-03-31": "884.70000", "2016-12-31": "891.80000", "2016-09-30": "891.90000", "2016-06-30": "893.90000", "2016-03-31": "893.70000", "2015-12-31": "902.20000", "2015-09-30": "900.10000", "2015-06-30": "904.60000", "2015-03-31": "907.70000", "2014-12-31": "915.10000", "2014-09-30": "913.80000", "2014-06-30": "916.10000", "2014-03-31": "919.50000", "2013-12-31": "930.80000", "2013-09-30": "928.10000", "2013-06-30": "933.10000", "2013-03-31": "936.60000", "2012-12-31": "952.10000", "2012-09-30": "949.80000", "2012-06-30": "954.60000", "2012-03-31": "960.20000", "2011-12-31": "976.70000", "2011-09-30": "973.40000", "2011-06-30": "979.00000", "2011-03-31": "986.80000", "2010-12-31": "975.60000", "2010-09-30": "972.00000", "2010-06-30": "980.20000", "2010-03-31": "987.40000", "2009-12-31": "999.00000", "2009-09-30": "998.20000", "2009-06-30": "1000.20000", "2009-03-31": "1001.40000", "2008-12-31": "1012.60000", "2008-09-30": "1011.00000", "2008-06-30": "1014.20000", "2008-03-31": "1018.00000", "2007-12-31": "1021.60000", "2007-09-30": "1019.80000", "2007-06-30": "1022.00000", "2007-03-31": "1025.40000", "2006-12-31": "1030.40000", "2006-09-30": "1030.60000", "2006-06-30": "1031.60000", "2006-03-31": "1030.40000", "2005-12-31": "1041.00000", "2005-09-30": "1037.60000", "2005-06-30": "1042.80000", "2005-03-31": "1049.60000"}, "Shares Outstanding": {"2020-12-31": "858.40000", "2020-09-30": "861.80000", "2020-06-30": "858.90000", "2020-03-31": "858.40000", "2019-12-31": "861.10000", "2019-09-30": "861.20000", "2019-06-30": "861.90000", "2019-03-31": "863.20000", "2018-12-31": "873.00000", "2018-09-30": "871.10000", "2018-06-30": "874.00000", "2018-03-31": "879.90000", "2017-12-31": "887.80000", "2017-09-30": "886.30000", "2017-06-30": "890.80000", "2017-03-31": "891.00000", "2016-12-31": "898.40000", "2016-09-30": "899.20000", "2016-06-30": "901.10000", "2016-03-31": "900.20000", "2015-12-31": "909.70000", "2015-09-30": "906.90000", "2015-06-30": "912.40000", "2015-03-31": "916.30000", "2014-12-31": "924.30000", "2014-09-30": "922.80000", "2014-06-30": "925.90000", "2014-03-31": "928.60000", "2013-12-31": "939.90000", "2013-09-30": "936.90000", "2013-06-30": "942.30000", "2013-03-31": "945.00000", "2012-12-31": "960.20000", "2012-09-30": "958.40000", "2012-06-30": "962.70000", "2012-03-31": "967.80000", "2011-12-31": "984.10000", "2011-09-30": "981.00000", "2011-06-30": "986.60000", "2011-03-31": "993.20000", "2010-12-31": "1021.80000", "2010-09-30": "1019.00000", "2010-06-30": "1029.40000", "2010-03-31": "1038.00000", "2009-12-31": "1049.20000", "2009-09-30": "1049.20000", "2009-06-30": "1049.80000", "2009-03-31": "1052.40000", "2008-12-31": "1070.00000", "2008-09-30": "1068.60000", "2008-06-30": "1073.20000", "2008-03-31": "1079.00000", "2007-12-31": "1087.40000", "2007-09-30": "1084.80000", "2007-06-30": "1088.40000", "2007-03-31": "1094.00000", "2006-12-31": "1101.00000", "2006-09-30": "1100.80000", "2006-06-30": "1102.80000", "2006-03-31": "1099.60000", "2005-12-31": "1113.00000", "2005-09-30": "1108.60000", "2005-06-30": "1114.80000", "2005-03-31": "1123.40000"}, "Basic EPS": {"2020-12-31": "0.76000", "2020-09-30": "0.81000", "2020-06-30": "0.74000", "2020-03-31": "0.83000", "2019-12-31": "0.76000", "2019-09-30": "0.67000", "2019-06-30": "0.68000", "2019-03-31": "0.65000", "2018-12-31": "0.71000", "2018-09-30": "0.60000", "2018-06-30": "0.73000", "2018-03-31": "0.72000", "2017-12-31": "0.38000", "2017-09-30": "0.69000", "2017-06-30": "0.59000", "2017-03-31": "0.64000", "2016-12-31": "0.68000", "2016-09-30": "0.79000", "2016-06-30": "0.67000", "2016-03-31": "0.60000", "2015-12-31": "-0.51000", "2015-09-30": "0.81000", "2015-06-30": "0.63000", "2015-03-31": "0.60000", "2014-12-31": "0.69000", "2014-09-30": "0.59000", "2014-06-30": "0.68000", "2014-03-31": "0.42000", "2013-12-31": "0.61000", "2013-09-30": "0.71000", "2013-06-30": "0.60000", "2013-03-31": "0.49000", "2012-12-31": "0.63000", "2012-09-30": "0.69000", "2012-06-30": "0.66000", "2012-03-31": "0.62000", "2011-12-31": "0.61000", "2011-09-30": "0.66000", "2011-06-30": "0.63500", "2011-03-31": "0.58500", "2010-12-31": "0.63500", "2010-09-30": "0.63000", "2010-06-30": "0.60500", "2010-03-31": "0.35500", "2009-12-31": "0.62500", "2009-09-30": "0.58500", "2009-06-30": "0.55500", "2009-03-31": "0.50000", "2008-12-31": "0.48500", "2008-09-30": "0.49000", "2008-06-30": "0.48000", "2008-03-31": "0.45000", "2007-12-31": "0.40000", "2007-09-30": "0.40500", "2007-06-30": "0.40000", "2007-03-31": "0.47000", "2006-12-31": "0.38000", "2006-09-30": "0.32500", "2006-06-30": "0.27000", "2006-03-31": "0.31000", "2005-12-31": "0.34000", "2005-09-30": "0.33000", "2005-06-30": "0.32000", "2005-03-31": "0.28000"}, "EPS - Earnings Per Share": {"2020-12-31": "0.75000", "2020-09-30": "0.81000", "2020-06-30": "0.74000", "2020-03-31": "0.83000", "2019-12-31": "0.75000", "2019-09-30": "0.67000", "2019-06-30": "0.68000", "2019-03-31": "0.65000", "2018-12-31": "0.70000", "2018-09-30": "0.60000", "2018-06-30": "0.73000", "2018-03-31": "0.72000", "2017-12-31": "0.37000", "2017-09-30": "0.68000", "2017-06-30": "0.59000", "2017-03-31": "0.64000", "2016-12-31": "0.68000", "2016-09-30": "0.78000", "2016-06-30": "0.67000", "2016-03-31": "0.59000", "2015-12-31": "-0.50000", "2015-09-30": "0.80000", "2015-06-30": "0.63000", "2015-03-31": "0.59000", "2014-12-31": "0.68000", "2014-09-30": "0.59000", "2014-06-30": "0.67000", "2014-03-31": "0.42000", "2013-12-31": "0.60000", "2013-09-30": "0.70000", "2013-06-30": "0.60000", "2013-03-31": "0.48000", "2012-12-31": "0.62500", "2012-09-30": "0.68000", "2012-06-30": "0.65000", "2012-03-31": "0.61500", "2011-12-31": "0.60500", "2011-09-30": "0.65500", "2011-06-30": "0.63000", "2011-03-31": "0.58000", "2010-12-31": "0.62000", "2010-09-30": "0.60500", "2010-06-30": "0.58500", "2010-03-31": "0.34500", "2009-12-31": "0.60500", "2009-09-30": "0.56000", "2009-06-30": "0.53500", "2009-03-31": "0.48500", "2008-12-31": "0.47000", "2008-09-30": "0.47000", "2008-06-30": "0.46000", "2008-03-31": "0.43000", "2007-12-31": "0.39000", "2007-09-30": "0.38500", "2007-06-30": "0.38000", "2007-03-31": "0.44500", "2006-12-31": "0.36500", "2006-09-30": "0.31500", "2006-06-30": "0.25500", "2006-03-31": "0.29500", "2005-12-31": "0.32500", "2005-09-30": "0.31500", "2005-06-30": "0.31000", "2005-03-31": "0.26500"}}, "balance sheet": {"Cash On Hand": {"2020-12-31": "888.00000", "2019-12-31": "883.00000", "2018-12-31": "726.00000", "2017-12-31": "1535.00000", "2016-12-31": "1315.00000", "2015-12-31": "970.00000", "2014-12-31": "1089.00000", "2013-12-31": "962.00000", "2012-12-31": "884.00000", "2011-12-31": "878.00000", "2010-12-31": "490.00000", "2009-12-31": "600.00000", "2008-12-31": "555.00000", "2007-12-31": "428.70000", "2006-12-31": "489.50000", "2005-12-31": "340.70000"}, "Receivables": {"2020-12-31": "1264.00000", "2019-12-31": "1440.00000", "2018-12-31": "1400.00000", "2017-12-31": "1480.00000", "2016-12-31": "1411.00000", "2015-12-31": "1427.00000", "2014-12-31": "1552.00000", "2013-12-31": "1636.00000", "2012-12-31": "1668.00000", "2011-12-31": "1675.00000", "2010-12-31": "1610.00000", "2009-12-31": "1626.00000", "2008-12-31": "1592.00000", "2007-12-31": "1680.70000", "2006-12-31": "1523.20000", "2005-12-31": "1309.40000"}, "Inventory": {"2020-12-31": "1673.00000", "2019-12-31": "1400.00000", "2018-12-31": "1250.00000", "2017-12-31": "1221.00000", "2016-12-31": "1171.00000", "2015-12-31": "1180.00000", "2014-12-31": "1382.00000", "2013-12-31": "1425.00000", "2012-12-31": "1365.00000", "2011-12-31": "1327.00000", "2010-12-31": "1222.00000", "2009-12-31": "1209.00000", "2008-12-31": "1197.00000", "2007-12-31": "1171.00000", "2006-12-31": "1008.40000", "2005-12-31": "855.80000"}, "Pre-Paid Expenses": {"2020-12-31": "", "2019-12-31": "", "2018-12-31": "", "2017-12-31": "", "2016-12-31": "", "2015-12-31": "", "2014-12-31": "", "2013-12-31": "", "2012-12-31": "", "2011-12-31": "", "2010-12-31": "", "2009-12-31": "", "2008-12-31": "", "2007-12-31": "", "2006-12-31": "", "2005-12-31": ""}, "Other Current Assets": {"2020-12-31": "513.00000", "2019-12-31": "456.00000", "2018-12-31": "417.00000", "2017-12-31": "403.00000", "2016-12-31": "441.00000", "2015-12-31": "807.00000", "2014-12-31": "840.00000", "2013-12-31": "908.00000", "2012-12-31": "639.00000", "2011-12-31": "522.00000", "2010-12-31": "408.00000", "2009-12-31": "375.00000", "2008-12-31": "366.00000", "2007-12-31": "338.10000", "2006-12-31": "279.90000", "2005-12-31": "251.20000"}, "Total Current Assets": {"2020-12-31": "4338.00000", "2019-12-31": "4179.00000", "2018-12-31": "3793.00000", "2017-12-31": "4639.00000", "2016-12-31": "4338.00000", "2015-12-31": "4384.00000", "2014-12-31": "4863.00000", "2013-12-31": "4931.00000", "2012-12-31": "4556.00000", "2011-12-31": "4402.00000", "2010-12-31": "3730.00000", "2009-12-31": "3810.00000", "2008-12-31": "3710.00000", "2007-12-31": "3618.50000", "2006-12-31": "3301.00000", "2005-12-31": "2757.10000"}, "Property, Plant, And Equipment": {"2020-12-31": "3716.00000", "2019-12-31": "3750.00000", "2018-12-31": "3881.00000", "2017-12-31": "4072.00000", "2016-12-31": "3840.00000", "2015-12-31": "3796.00000", "2014-12-31": "4080.00000", "2013-12-31": "4083.00000", "2012-12-31": "3842.00000", "2011-12-31": "3668.00000", "2010-12-31": "3693.00000", "2009-12-31": "3516.00000", "2008-12-31": "3119.00000", "2007-12-31": "3015.20000", "2006-12-31": "2696.10000", "2005-12-31": "2544.10000"}, "Long-Term Investments": {"2020-12-31": "", "2019-12-31": "", "2018-12-31": "", "2017-12-31": "", "2016-12-31": "", "2015-12-31": "", "2014-12-31": "", "2013-12-31": "", "2012-12-31": "", "2011-12-31": "", "2010-12-31": "", "2009-12-31": "", "2008-12-31": "", "2007-12-31": "", "2006-12-31": "", "2005-12-31": ""}, "Goodwill And Intangible Assets": {"2020-12-31": "6718.00000", "2019-12-31": "6175.00000", "2018-12-31": "4167.00000", "2017-12-31": "3559.00000", "2016-12-31": "3420.00000", "2015-12-31": "3449.00000", "2014-12-31": "3720.00000", "2013-12-31": "3970.00000", "2012-12-31": "3999.00000", "2011-12-31": "3998.00000", "2010-12-31": "3193.00000", "2009-12-31": "3123.00000", "2008-12-31": "2986.00000", "2007-12-31": "3116.80000", "2006-12-31": "2912.90000", "2005-12-31": "2628.90000"}, "Other Long-Term Assets": {"2020-12-31": "1148.00000", "2019-12-31": "753.00000", "2018-12-31": "168.00000", "2017-12-31": "218.00000", "2016-12-31": "224.00000", "2015-12-31": "239.00000", "2014-12-31": "720.00000", "2013-12-31": "924.00000", "2012-12-31": "905.00000", "2011-12-31": "541.00000", "2010-12-31": "472.00000", "2009-12-31": "685.00000", "2008-12-31": "164.00000", "2007-12-31": "361.50000", "2006-12-31": "228.00000", "2005-12-31": "577.00000"}, "Total Long-Term Assets": {"2020-12-31": "11582.00000", "2019-12-31": "10855.00000", "2018-12-31": "8368.00000", "2017-12-31": "8037.00000", "2016-12-31": "7785.00000", "2015-12-31": "7551.00000", "2014-12-31": "8596.00000", "2013-12-31": "9054.00000", "2012-12-31": "8838.00000", "2011-12-31": "8322.00000", "2010-12-31": "7442.00000", "2009-12-31": "7324.00000", "2008-12-31": "6269.00000", "2007-12-31": "6493.50000", "2006-12-31": "5837.00000", "2005-12-31": "5750.00000"}, "Total Assets": {"2020-12-31": "15920.00000", "2019-12-31": "15034.00000", "2018-12-31": "12161.00000", "2017-12-31": "12676.00000", "2016-12-31": "12123.00000", "2015-12-31": "11935.00000", "2014-12-31": "13459.00000", "2013-12-31": "13985.00000", "2012-12-31": "13394.00000", "2011-12-31": "12724.00000", "2010-12-31": "11172.00000", "2009-12-31": "11134.00000", "2008-12-31": "9979.00000", "2007-12-31": "10112.00000", "2006-12-31": "9138.00000", "2005-12-31": "8507.10000"}, "Total Current Liabilities": {"2020-12-31": "11738.00000", "2019-12-31": "4038.00000", "2018-12-31": "3341.00000", "2017-12-31": "3408.00000", "2016-12-31": "3305.00000", "2015-12-31": "3534.00000", "2014-12-31": "3946.00000", "2013-12-31": "4579.00000", "2012-12-31": "3736.00000", "2011-12-31": "3716.00000", "2010-12-31": "3728.00000", "2009-12-31": "3599.00000", "2008-12-31": "2952.00000", "2007-12-31": "3162.70000", "2006-12-31": "3469.10000", "2005-12-31": "2743.00000"}, "Long Term Debt": {"2020-12-31": "", "2019-12-31": "7333.00000", "2018-12-31": "6354.00000", "2017-12-31": "6566.00000", "2016-12-31": "6520.00000", "2015-12-31": "6246.00000", "2014-12-31": "5644.00000", "2013-12-31": "4749.00000", "2012-12-31": "4926.00000", "2011-12-31": "4430.00000", "2010-12-31": "2815.00000", "2009-12-31": "2821.00000", "2008-12-31": "3585.00000", "2007-12-31": "3221.90000", "2006-12-31": "2720.40000", "2005-12-31": "2918.00000"}, "Other Non-Current Liabilities": {"2020-12-31": "3081.00000", "2019-12-31": "2598.00000", "2018-12-31": "2034.00000", "2017-12-31": "2255.00000", "2016-12-31": "2035.00000", "2015-12-31": "1966.00000", "2014-12-31": "2223.00000", "2013-12-31": "1677.00000", "2012-12-31": "2049.00000", "2011-12-31": "1785.00000", "2010-12-31": "1704.00000", "2009-12-31": "1375.00000", "2008-12-31": "1316.00000", "2007-12-31": "1177.10000", "2006-12-31": "1227.70000", "2005-12-31": "941.30000"}, "Total Long Term Liabilities": {"2020-12-31": "3081.00000", "2019-12-31": "10438.00000", "2018-12-31": "8623.00000", "2017-12-31": "9025.00000", "2016-12-31": "8801.00000", "2015-12-31": "8445.00000", "2014-12-31": "8128.00000", "2013-12-31": "6870.00000", "2012-12-31": "7268.00000", "2011-12-31": "6467.00000", "2010-12-31": "4627.00000", "2009-12-31": "4278.00000", "2008-12-31": "4983.00000", "2007-12-31": "4663.10000", "2006-12-31": "4258.00000", "2005-12-31": "4414.00000"}, "Total Liabilities": {"2020-12-31": "14819.00000", "2019-12-31": "14476.00000", "2018-12-31": "11964.00000", "2017-12-31": "12433.00000", "2016-12-31": "12106.00000", "2015-12-31": "11979.00000", "2014-12-31": "12074.00000", "2013-12-31": "11449.00000", "2012-12-31": "11004.00000", "2011-12-31": "10183.00000", "2010-12-31": "8355.00000", "2009-12-31": "7877.00000", "2008-12-31": "7935.00000", "2007-12-31": "7825.80000", "2006-12-31": "7727.10000", "2005-12-31": "7157.00000"}, "Common Stock Net": {"2020-12-31": "", "2019-12-31": "1466.00000", "2018-12-31": "1466.00000", "2017-12-31": "1466.00000", "2016-12-31": "1466.00000", "2015-12-31": "1466.00000", "2014-12-31": "1466.00000", "2013-12-31": "1466.00000", "2012-12-31": "1466.00000", "2011-12-31": "733.00000", "2010-12-31": "733.00000", "2009-12-31": "733.00000", "2008-12-31": "733.00000", "2007-12-31": "732.90000", "2006-12-31": "732.90000", "2005-12-31": "732.90000"}, "Retained Earnings (Accumulated Deficit)": {"2020-12-31": "", "2019-12-31": "22501.00000", "2018-12-31": "21615.00000", "2017-12-31": "20531.00000", "2016-12-31": "19922.00000", "2015-12-31": "18861.00000", "2014-12-31": "18832.00000", "2013-12-31": "17952.00000", "2012-12-31": "16953.00000", "2011-12-31": "15649.00000", "2010-12-31": "14329.00000", "2009-12-31": "13157.00000", "2008-12-31": "11760.00000", "2007-12-31": "10627.50000", "2006-12-31": "9643.70000", "2005-12-31": "8968.10000"}, "Comprehensive Income": {"2020-12-31": "", "2019-12-31": "-4273.00000", "2018-12-31": "-4188.00000", "2017-12-31": "-3855.00000", "2016-12-31": "-4180.00000", "2015-12-31": "-3950.00000", "2014-12-31": "-3507.00000", "2013-12-31": "-2451.00000", "2012-12-31": "-2621.00000", "2011-12-31": "-2475.00000", "2010-12-31": "-2115.00000", "2009-12-31": "-2096.00000", "2008-12-31": "-2477.00000", "2007-12-31": "-1666.80000", "2006-12-31": "-2081.20000", "2005-12-31": "-1804.70000"}, "Other Share Holders Equity": {"2020-12-31": "", "2019-12-31": "", "2018-12-31": "", "2017-12-31": "", "2016-12-31": "", "2015-12-31": "", "2014-12-31": "", "2013-12-31": "", "2012-12-31": "", "2011-12-31": "", "2010-12-31": "", "2009-12-31": "", "2008-12-31": "", "2007-12-31": "", "2006-12-31": "", "2005-12-31": ""}, "Share Holder Equity": {"2020-12-31": "1101.00000", "2019-12-31": "558.00000", "2018-12-31": "197.00000", "2017-12-31": "243.00000", "2016-12-31": "17.00000", "2015-12-31": "-44.00000", "2014-12-31": "1385.00000", "2013-12-31": "2536.00000", "2012-12-31": "2390.00000", "2011-12-31": "2541.00000", "2010-12-31": "2817.00000", "2009-12-31": "3257.00000", "2008-12-31": "2044.00000", "2007-12-31": "2286.20000", "2006-12-31": "1410.90000", "2005-12-31": "1350.10000"}, "Total Liabilities And Share Holders Equity": {"2020-12-31": "15920.00000", "2019-12-31": "15034.00000", "2018-12-31": "12161.00000", "2017-12-31": "12676.00000", "2016-12-31": "12123.00000", "2015-12-31": "11935.00000", "2014-12-31": "13459.00000", "2013-12-31": "13985.00000", "2012-12-31": "13394.00000", "2011-12-31": "12724.00000", "2010-12-31": "11172.00000", "2009-12-31": "11134.00000", "2008-12-31": "9979.00000", "2007-12-31": "10112.00000", "2006-12-31": "9138.00000", "2005-12-31": "8507.10000"}}, "balance sheet, quarterly": {"Cash On Hand": {"2020-12-31": "888.00000", "2020-09-30": "989.00000", "2020-06-30": "997.00000", "2020-03-31": "854.00000", "2019-12-31": "883.00000", "2019-09-30": "948.00000", "2019-06-30": "863.00000", "2019-03-31": "843.00000", "2018-12-31": "726.00000", "2018-09-30": "841.00000", "2018-06-30": "833.00000", "2018-03-31": "851.00000", "2017-12-31": "1535.00000", "2017-09-30": "1380.00000", "2017-06-30": "1241.00000", "2017-03-31": "1347.00000", "2016-12-31": "1315.00000", "2016-09-30": "1298.00000", "2016-06-30": "1085.00000", "2016-03-31": "1014.00000", "2015-12-31": "970.00000", "2015-09-30": "1445.00000", "2015-06-30": "1059.00000", "2015-03-31": "859.00000", "2014-12-31": "1089.00000", "2014-09-30": "1355.00000", "2014-06-30": "1161.00000", "2014-03-31": "1795.00000", "2013-12-31": "962.00000", "2013-09-30": "721.00000", "2013-06-30": "884.00000", "2013-03-31": "932.00000", "2012-12-31": "884.00000", "2012-09-30": "909.00000", "2012-06-30": "995.00000", "2012-03-31": "1044.00000", "2011-12-31": "878.00000", "2011-09-30": "945.00000", "2011-06-30": "739.00000", "2011-03-31": "686.00000", "2010-12-31": "490.00000", "2010-09-30": "654.00000", "2010-06-30": "555.00000", "2010-03-31": "561.00000", "2009-12-31": "600.00000", "2009-09-30": "847.00000", "2009-06-30": "896.00000", "2009-03-31": "702.20000", "2008-12-31": "555.00000", "2008-09-30": "634.70000", "2008-06-30": "622.80000", "2008-03-31": "642.10000", "2007-12-31": "428.70000", "2007-09-30": "628.40000", "2007-06-30": "546.90000", "2007-03-31": "474.40000", "2006-12-31": "489.50000", "2006-09-30": "502.90000", "2006-06-30": "430.40000", "2006-03-31": "382.80000", "2005-12-31": "340.70000", "2005-09-30": "376.30000", "2005-06-30": "392.10000", "2005-03-31": "413.90000"}, "Receivables": {"2020-12-31": "1264.00000", "2020-09-30": "1292.00000", "2020-06-30": "1231.00000", "2020-03-31": "1551.00000", "2019-12-31": "1440.00000", "2019-09-30": "1495.00000", "2019-06-30": "1590.00000", "2019-03-31": "1547.00000", "2018-12-31": "1400.00000", "2018-09-30": "1532.00000", "2018-06-30": "1545.00000", "2018-03-31": "1644.00000", "2017-12-31": "1480.00000", "2017-09-30": "1530.00000", "2017-06-30": "1526.00000", "2017-03-31": "1496.00000", "2016-12-31": "1411.00000", "2016-09-30": "1560.00000", "2016-06-30": "1575.00000", "2016-03-31": "1546.00000", "2015-12-31": "1427.00000", "2015-09-30": "1561.00000", "2015-06-30": "1691.00000", "2015-03-31": "1611.00000", "2014-12-31": "1552.00000", "2014-09-30": "1747.00000", "2014-06-30": "1803.00000", "2014-03-31": "1670.00000", "2013-12-31": "1636.00000", "2013-09-30": "1737.00000", "2013-06-30": "1778.00000", "2013-03-31": "1808.00000", "2012-12-31": "1668.00000", "2012-09-30": "1857.00000", "2012-06-30": "1785.00000", "2012-03-31": "1827.00000", "2011-12-31": "1675.00000", "2011-09-30": "1677.00000", "2011-06-30": "1819.00000", "2011-03-31": "1787.00000", "2010-12-31": "1610.00000", "2010-09-30": "1690.00000", "2010-06-30": "1594.00000", "2010-03-31": "1709.00000", "2009-12-31": "1626.00000", "2009-09-30": "1780.00000", "2009-06-30": "1727.80000", "2009-03-31": "1565.40000", "2008-12-31": "1592.00000", "2008-09-30": "1761.10000", "2008-06-30": "1872.50000", "2008-03-31": "1784.80000", "2007-12-31": "1680.70000", "2007-09-30": "1758.00000", "2007-06-30": "1666.50000", "2007-03-31": "1589.70000", "2006-12-31": "1523.20000", "2006-09-30": "1446.30000", "2006-06-30": "1380.70000", "2006-03-31": "1320.80000", "2005-12-31": "1309.40000", "2005-09-30": "1337.20000", "2005-06-30": "1315.40000", "2005-03-31": "1316.20000"}, "Inventory": {"2020-12-31": "1673.00000", "2020-09-30": "1578.00000", "2020-06-30": "1524.00000", "2020-03-31": "1301.00000", "2019-12-31": "1400.00000", "2019-09-30": "1371.00000", "2019-06-30": "1322.00000", "2019-03-31": "1278.00000", "2018-12-31": "1250.00000", "2018-09-30": "1245.00000", "2018-06-30": "1254.00000", "2018-03-31": "1312.00000", "2017-12-31": "1221.00000", "2017-09-30": "1205.00000", "2017-06-30": "1199.00000", "2017-03-31": "1189.00000", "2016-12-31": "1171.00000", "2016-09-30": "1193.00000", "2016-06-30": "1232.00000", "2016-03-31": "1234.00000", "2015-12-31": "1180.00000", "2015-09-30": "1277.00000", "2015-06-30": "1324.00000", "2015-03-31": "1350.00000", "2014-12-31": "1382.00000", "2014-09-30": "1422.00000", "2014-06-30": "1508.00000", "2014-03-31": "1478.00000", "2013-12-31": "1425.00000", "2013-09-30": "1441.00000", "2013-06-30": "1440.00000", "2013-03-31": "1371.00000", "2012-12-31": "1365.00000", "2012-09-30": "1384.00000", "2012-06-30": "1368.00000", "2012-03-31": "1400.00000", "2011-12-31": "1327.00000", "2011-09-30": "1336.00000", "2011-06-30": "1417.00000", "2011-03-31": "1331.00000", "2010-12-31": "1222.00000", "2010-09-30": "1278.00000", "2010-06-30": "1246.00000", "2010-03-31": "1259.00000", "2009-12-31": "1209.00000", "2009-09-30": "1241.00000", "2009-06-30": "1223.80000", "2009-03-31": "1199.40000", "2008-12-31": "1197.00000", "2008-09-30": "1306.00000", "2008-06-30": "1340.50000", "2008-03-31": "1287.00000", "2007-12-31": "1171.00000", "2007-09-30": "1167.00000", "2007-06-30": "1135.40000", "2007-03-31": "1095.40000", "2006-12-31": "1008.40000", "2006-09-30": "1001.60000", "2006-06-30": "986.70000", "2006-03-31": "949.50000", "2005-12-31": "855.80000", "2005-09-30": "890.40000", "2005-06-30": "915.70000", "2005-03-31": "906.70000"}, "Pre-Paid Expenses": {"2020-12-31": "", "2020-09-30": "", "2020-06-30": "", "2020-03-31": "", "2019-12-31": "", "2019-09-30": "", "2019-06-30": "", "2019-03-31": "", "2018-12-31": "", "2018-09-30": "", "2018-06-30": "", "2018-03-31": "", "2017-12-31": "", "2017-09-30": "", "2017-06-30": "", "2017-03-31": "", "2016-12-31": "", "2016-09-30": "", "2016-06-30": "", "2016-03-31": "", "2015-12-31": "", "2015-09-30": "", "2015-06-30": "", "2015-03-31": "", "2014-12-31": "", "2014-09-30": "", "2014-06-30": "", "2014-03-31": "", "2013-12-31": "", "2013-09-30": "", "2013-06-30": "", "2013-03-31": "", "2012-12-31": "", "2012-09-30": "", "2012-06-30": "", "2012-03-31": "", "2011-12-31": "", "2011-09-30": "", "2011-06-30": "", "2011-03-31": "", "2010-12-31": "", "2010-09-30": "", "2010-06-30": "", "2010-03-31": "", "2009-12-31": "", "2009-09-30": "", "2009-06-30": "", "2009-03-31": "", "2008-12-31": "", "2008-09-30": "", "2008-06-30": "", "2008-03-31": "", "2007-12-31": "", "2007-09-30": "", "2007-06-30": "", "2007-03-31": "", "2006-12-31": "", "2006-09-30": "", "2006-06-30": "", "2006-03-31": "", "2005-12-31": "", "2005-09-30": "", "2005-06-30": "", "2005-03-31": ""}, "Other Current Assets": {"2020-12-31": "513.00000", "2020-09-30": "508.00000", "2020-06-30": "460.00000", "2020-03-31": "542.00000", "2019-12-31": "456.00000", "2019-09-30": "535.00000", "2019-06-30": "480.00000", "2019-03-31": "465.00000", "2018-12-31": "417.00000", "2018-09-30": "523.00000", "2018-06-30": "540.00000", "2018-03-31": "485.00000", "2017-12-31": "403.00000", "2017-09-30": "621.00000", "2017-06-30": "589.00000", "2017-03-31": "564.00000", "2016-12-31": "441.00000", "2016-09-30": "713.00000", "2016-06-30": "722.00000", "2016-03-31": "696.00000", "2015-12-31": "807.00000", "2015-09-30": "806.00000", "2015-06-30": "914.00000", "2015-03-31": "880.00000", "2014-12-31": "840.00000", "2014-09-30": "657.00000", "2014-06-30": "702.00000", "2014-03-31": "734.00000", "2013-12-31": "908.00000", "2013-09-30": "701.00000", "2013-06-30": "765.00000", "2013-03-31": "717.00000", "2012-12-31": "639.00000", "2012-09-30": "611.00000", "2012-06-30": "687.00000", "2012-03-31": "578.00000", "2011-12-31": "522.00000", "2011-09-30": "485.00000", "2011-06-30": "495.00000", "2011-03-31": "470.00000", "2010-12-31": "408.00000", "2010-09-30": "469.00000", "2010-06-30": "416.00000", "2010-03-31": "402.00000", "2009-12-31": "375.00000", "2009-09-30": "336.00000", "2009-06-30": "370.20000", "2009-03-31": "349.90000", "2008-12-31": "366.00000", "2008-09-30": "385.40000", "2008-06-30": "421.40000", "2008-03-31": "374.30000", "2007-12-31": "338.10000", "2007-09-30": "382.40000", "2007-06-30": "355.10000", "2007-03-31": "333.20000", "2006-12-31": "279.90000", "2006-09-30": "304.50000", "2006-06-30": "321.80000", "2006-03-31": "296.60000", "2005-12-31": "251.20000", "2005-09-30": "293.60000", "2005-06-30": "306.20000", "2005-03-31": "307.40000"}, "Total Current Assets": {"2020-12-31": "4338.00000", "2020-09-30": "4367.00000", "2020-06-30": "4212.00000", "2020-03-31": "4248.00000", "2019-12-31": "4179.00000", "2019-09-30": "4349.00000", "2019-06-30": "4255.00000", "2019-03-31": "4133.00000", "2018-12-31": "3793.00000", "2018-09-30": "4141.00000", "2018-06-30": "4172.00000", "2018-03-31": "4292.00000", "2017-12-31": "4639.00000", "2017-09-30": "4736.00000", "2017-06-30": "4555.00000", "2017-03-31": "4596.00000", "2016-12-31": "4338.00000", "2016-09-30": "4764.00000", "2016-06-30": "4614.00000", "2016-03-31": "4490.00000", "2015-12-31": "4384.00000", "2015-09-30": "5089.00000", "2015-06-30": "4988.00000", "2015-03-31": "4700.00000", "2014-12-31": "4863.00000", "2014-09-30": "5181.00000", "2014-06-30": "5174.00000", "2014-03-31": "5677.00000", "2013-12-31": "4931.00000", "2013-09-30": "4600.00000", "2013-06-30": "4867.00000", "2013-03-31": "4828.00000", "2012-12-31": "4556.00000", "2012-09-30": "4761.00000", "2012-06-30": "4835.00000", "2012-03-31": "4849.00000", "2011-12-31": "4402.00000", "2011-09-30": "4443.00000", "2011-06-30": "4470.00000", "2011-03-31": "4274.00000", "2010-12-31": "3730.00000", "2010-09-30": "4091.00000", "2010-06-30": "3811.00000", "2010-03-31": "3931.00000", "2009-12-31": "3810.00000", "2009-09-30": "4204.00000", "2009-06-30": "4217.80000", "2009-03-31": "3816.90000", "2008-12-31": "3710.00000", "2008-09-30": "4087.20000", "2008-06-30": "4257.20000", "2008-03-31": "4088.20000", "2007-12-31": "3618.50000", "2007-09-30": "3935.80000", "2007-06-30": "3703.90000", "2007-03-31": "3492.70000", "2006-12-31": "3301.00000", "2006-09-30": "3255.30000", "2006-06-30": "3119.60000", "2006-03-31": "2949.70000", "2005-12-31": "2757.10000", "2005-09-30": "2897.50000", "2005-06-30": "2929.40000", "2005-03-31": "2944.20000"}, "Property, Plant, And Equipment": {"2020-12-31": "3716.00000", "2020-09-30": "3506.00000", "2020-06-30": "3483.00000", "2020-03-31": "3487.00000", "2019-12-31": "3750.00000", "2019-09-30": "3689.00000", "2019-06-30": "3793.00000", "2019-03-31": "3821.00000", "2018-12-31": "3881.00000", "2018-09-30": "3871.00000", "2018-06-30": "3908.00000", "2018-03-31": "4087.00000", "2017-12-31": "4072.00000", "2017-09-30": "3999.00000", "2017-06-30": "3930.00000", "2017-03-31": "3883.00000", "2016-12-31": "3840.00000", "2016-09-30": "3837.00000", "2016-06-30": "3825.00000", "2016-03-31": "3820.00000", "2015-12-31": "3796.00000", "2015-09-30": "3959.00000", "2015-06-30": "4039.00000", "2015-03-31": "3968.00000", "2014-12-31": "4080.00000", "2014-09-30": "4038.00000", "2014-06-30": "4077.00000", "2014-03-31": "4037.00000", "2013-12-31": "4083.00000", "2013-09-30": "3858.00000", "2013-06-30": "3776.00000", "2013-03-31": "3820.00000", "2012-12-31": "3842.00000", "2012-09-30": "3685.00000", "2012-06-30": "3625.00000", "2012-03-31": "3702.00000", "2011-12-31": "3668.00000", "2011-09-30": "3615.00000", "2011-06-30": "3831.00000", "2011-03-31": "3734.00000", "2010-12-31": "3693.00000", "2010-09-30": "3572.00000", "2010-06-30": "3410.00000", "2010-03-31": "3466.00000", "2009-12-31": "3516.00000", "2009-09-30": "3351.00000", "2009-06-30": "3245.40000", "2009-03-31": "3054.70000", "2008-12-31": "3119.00000", "2008-09-30": "3047.20000", "2008-06-30": "3149.30000", "2008-03-31": "3082.30000", "2007-12-31": "3015.20000", "2007-09-30": "2831.70000", "2007-06-30": "2774.80000", "2007-03-31": "2715.00000", "2006-12-31": "2696.10000", "2006-09-30": "2526.40000", "2006-06-30": "2504.50000", "2006-03-31": "2519.60000", "2005-12-31": "2544.10000", "2005-09-30": "2558.50000", "2005-06-30": "2548.60000", "2005-03-31": "2553.80000"}, "Long-Term Investments": {"2020-12-31": "", "2020-09-30": "", "2020-06-30": "", "2020-03-31": "", "2019-12-31": "", "2019-09-30": "", "2019-06-30": "", "2019-03-31": "", "2018-12-31": "", "2018-09-30": "", "2018-06-30": "", "2018-03-31": "", "2017-12-31": "", "2017-09-30": "", "2017-06-30": "", "2017-03-31": "", "2016-12-31": "", "2016-09-30": "", "2016-06-30": "", "2016-03-31": "", "2015-12-31": "", "2015-09-30": "", "2015-06-30": "", "2015-03-31": "", "2014-12-31": "", "2014-09-30": "", "2014-06-30": "", "2014-03-31": "", "2013-12-31": "", "2013-09-30": "", "2013-06-30": "", "2013-03-31": "", "2012-12-31": "", "2012-09-30": "", "2012-06-30": "", "2012-03-31": "", "2011-12-31": "", "2011-09-30": "", "2011-06-30": "", "2011-03-31": "", "2010-12-31": "", "2010-09-30": "", "2010-06-30": "", "2010-03-31": "", "2009-12-31": "", "2009-09-30": "", "2009-06-30": "", "2009-03-31": "", "2008-12-31": "", "2008-09-30": "", "2008-06-30": "", "2008-03-31": "", "2007-12-31": "", "2007-09-30": "", "2007-06-30": "", "2007-03-31": "", "2006-12-31": "", "2006-09-30": "", "2006-06-30": "", "2006-03-31": "", "2005-12-31": "", "2005-09-30": "", "2005-06-30": "", "2005-03-31": ""}, "Goodwill And Intangible Assets": {"2020-12-31": "6718.00000", "2020-09-30": "6549.00000", "2020-06-30": "6415.00000", "2020-03-31": "6381.00000", "2019-12-31": "6175.00000", "2019-09-30": "6067.00000", "2019-06-30": "4145.00000", "2019-03-31": "4129.00000", "2018-12-31": "4167.00000", "2018-09-30": "4199.00000", "2018-06-30": "4218.00000", "2018-03-31": "4354.00000", "2017-12-31": "3559.00000", "2017-09-30": "3559.00000", "2017-06-30": "3531.00000", "2017-03-31": "3446.00000", "2016-12-31": "3420.00000", "2016-09-30": "3527.00000", "2016-06-30": "3517.00000", "2016-03-31": "3531.00000", "2015-12-31": "3449.00000", "2015-09-30": "3506.00000", "2015-06-30": "3612.00000", "2015-03-31": "3542.00000", "2014-12-31": "3720.00000", "2014-09-30": "3779.00000", "2014-06-30": "3975.00000", "2014-03-31": "3985.00000", "2013-12-31": "3970.00000", "2013-09-30": "3958.00000", "2013-06-30": "3883.00000", "2013-03-31": "3916.00000", "2012-12-31": "3999.00000", "2012-09-30": "3956.00000", "2012-06-30": "3927.00000", "2012-03-31": "4081.00000", "2011-12-31": "3998.00000", "2011-09-30": "4118.00000", "2011-06-30": "4377.00000", "2011-03-31": "3243.00000", "2010-12-31": "3193.00000", "2010-09-30": "3154.00000", "2010-06-30": "3003.00000", "2010-03-31": "3065.00000", "2009-12-31": "3123.00000", "2009-09-30": "3122.00000", "2009-06-30": "3027.30000", "2009-03-31": "2903.00000", "2008-12-31": "2986.00000", "2008-09-30": "3048.10000", "2008-06-30": "3264.60000", "2008-03-31": "3252.90000", "2007-12-31": "3116.80000", "2007-09-30": "3072.00000", "2007-06-30": "2954.70000", "2007-03-31": "2920.20000", "2006-12-31": "2912.90000", "2006-09-30": "2884.50000", "2006-06-30": "2830.00000", "2006-03-31": "2660.90000", "2005-12-31": "2628.90000", "2005-09-30": "2665.00000", "2005-06-30": "2639.20000", "2005-03-31": "2674.60000"}, "Other Long-Term Assets": {"2020-12-31": "1148.00000", "2020-09-30": "836.00000", "2020-06-30": "807.00000", "2020-03-31": "775.00000", "2019-12-31": "753.00000", "2019-09-30": "756.00000", "2019-06-30": "791.00000", "2019-03-31": "636.00000", "2018-12-31": "168.00000", "2018-09-30": "195.00000", "2018-06-30": "196.00000", "2018-03-31": "224.00000", "2017-12-31": "218.00000", "2017-09-30": "216.00000", "2017-06-30": "204.00000", "2017-03-31": "202.00000", "2016-12-31": "224.00000", "2016-09-30": "234.00000", "2016-06-30": "248.00000", "2016-03-31": "258.00000", "2015-12-31": "239.00000", "2015-09-30": "872.00000", "2015-06-30": "877.00000", "2015-03-31": "867.00000", "2014-12-31": "720.00000", "2014-09-30": "656.00000", "2014-06-30": "688.00000", "2014-03-31": "658.00000", "2013-12-31": "924.00000", "2013-09-30": "932.00000", "2013-06-30": "872.00000", "2013-03-31": "883.00000", "2012-12-31": "905.00000", "2012-09-30": "940.00000", "2012-06-30": "682.00000", "2012-03-31": "535.00000", "2011-12-31": "541.00000", "2011-09-30": "501.00000", "2011-06-30": "476.00000", "2011-03-31": "579.00000", "2010-12-31": "472.00000", "2010-09-30": "573.00000", "2010-06-30": "362.00000", "2010-03-31": "361.00000", "2009-12-31": "685.00000", "2009-09-30": "390.00000", "2009-06-30": "239.60000", "2009-03-31": "158.70000", "2008-12-31": "164.00000", "2008-09-30": "372.70000", "2008-06-30": "399.20000", "2008-03-31": "386.00000", "2007-12-31": "361.50000", "2007-09-30": "244.20000", "2007-06-30": "247.20000", "2007-03-31": "229.70000", "2006-12-31": "228.00000", "2006-09-30": "502.30000", "2006-06-30": "507.10000", "2006-03-31": "565.60000", "2005-12-31": "577.00000", "2005-09-30": "533.90000", "2005-06-30": "550.00000", "2005-03-31": "518.90000"}, "Total Long-Term Assets": {"2020-12-31": "11582.00000", "2020-09-30": "11099.00000", "2020-06-30": "10929.00000", "2020-03-31": "10822.00000", "2019-12-31": "10855.00000", "2019-09-30": "10677.00000", "2019-06-30": "8896.00000", "2019-03-31": "8750.00000", "2018-12-31": "8368.00000", "2018-09-30": "8430.00000", "2018-06-30": "8478.00000", "2018-03-31": "8852.00000", "2017-12-31": "8037.00000", "2017-09-30": "8039.00000", "2017-06-30": "8025.00000", "2017-03-31": "7852.00000", "2016-12-31": "7785.00000", "2016-09-30": "7859.00000", "2016-06-30": "7901.00000", "2016-03-31": "7958.00000", "2015-12-31": "7551.00000", "2015-09-30": "8474.00000", "2015-06-30": "8672.00000", "2015-03-31": "8456.00000", "2014-12-31": "8596.00000", "2014-09-30": "8504.00000", "2014-06-30": "8814.00000", "2014-03-31": "8755.00000", "2013-12-31": "9054.00000", "2013-09-30": "8839.00000", "2013-06-30": "8620.00000", "2013-03-31": "8705.00000", "2012-12-31": "8838.00000", "2012-09-30": "8663.00000", "2012-06-30": "8318.00000", "2012-03-31": "8405.00000", "2011-12-31": "8322.00000", "2011-09-30": "8325.00000", "2011-06-30": "8774.00000", "2011-03-31": "7657.00000", "2010-12-31": "7442.00000", "2010-09-30": "7299.00000", "2010-06-30": "6775.00000", "2010-03-31": "6892.00000", "2009-12-31": "7324.00000", "2009-09-30": "6863.00000", "2009-06-30": "6512.30000", "2009-03-31": "6116.40000", "2008-12-31": "6269.00000", "2008-09-30": "6468.00000", "2008-06-30": "6813.10100", "2008-03-31": "6721.20000", "2007-12-31": "6493.50000", "2007-09-30": "6147.90000", "2007-06-30": "5976.70000", "2007-03-31": "5864.90000", "2006-12-31": "5837.00000", "2006-09-30": "5913.20000", "2006-06-30": "5841.60000", "2006-03-31": "5746.10000", "2005-12-31": "5750.00000", "2005-09-30": "5757.40000", "2005-06-30": "5737.80000", "2005-03-31": "5747.30000"}, "Total Assets": {"2020-12-31": "15920.00000", "2020-09-30": "15466.00000", "2020-06-30": "15141.00000", "2020-03-31": "15070.00000", "2019-12-31": "15034.00000", "2019-09-30": "15026.00000", "2019-06-30": "13151.00000", "2019-03-31": "12883.00000", "2018-12-31": "12161.00000", "2018-09-30": "12571.00000", "2018-06-30": "12650.00000", "2018-03-31": "13144.00000", "2017-12-31": "12676.00000", "2017-09-30": "12775.00000", "2017-06-30": "12580.00000", "2017-03-31": "12448.00000", "2016-12-31": "12123.00000", "2016-09-30": "12623.00000", "2016-06-30": "12515.00000", "2016-03-31": "12448.00000", "2015-12-31": "11935.00000", "2015-09-30": "13563.00000", "2015-06-30": "13660.00000", "2015-03-31": "13156.00000", "2014-12-31": "13459.00000", "2014-09-30": "13685.00000", "2014-06-30": "13988.00000", "2014-03-31": "14432.00000", "2013-12-31": "13985.00000", "2013-09-30": "13439.00000", "2013-06-30": "13487.00000", "2013-03-31": "13533.00000", "2012-12-31": "13394.00000", "2012-09-30": "13424.00000", "2012-06-30": "13153.00000", "2012-03-31": "13254.00000", "2011-12-31": "12724.00000", "2011-09-30": "12768.00000", "2011-06-30": "13244.00000", "2011-03-31": "11931.00000", "2010-12-31": "11172.00000", "2010-09-30": "11390.00000", "2010-06-30": "10586.00000", "2010-03-31": "10823.00000", "2009-12-31": "11134.00000", "2009-09-30": "11067.00000", "2009-06-30": "10730.10000", "2009-03-31": "9933.30000", "2008-12-31": "9979.00000", "2008-09-30": "10555.20000", "2008-06-30": "11070.30000", "2008-03-31": "10809.40000", "2007-12-31": "10112.00000", "2007-09-30": "10083.70000", "2007-06-30": "9680.60000", "2007-03-31": "9357.60000", "2006-12-31": "9138.00000", "2006-09-30": "9168.50000", "2006-06-30": "8961.20000", "2006-03-31": "8695.80000", "2005-12-31": "8507.10000", "2005-09-30": "8654.90000", "2005-06-30": "8667.20000", "2005-03-31": "8691.50000"}, "Total Current Liabilities": {"2020-12-31": "11738.00000", "2020-09-30": "4481.00000", "2020-06-30": "4580.00000", "2020-03-31": "4443.00000", "2019-12-31": "4038.00000", "2019-09-30": "4231.00000", "2019-06-30": "3782.00000", "2019-03-31": "3865.00000", "2018-12-31": "3341.00000", "2018-09-30": "3747.00000", "2018-06-30": "3942.00000", "2018-03-31": "3980.00000", "2017-12-31": "3408.00000", "2017-09-30": "3854.00000", "2017-06-30": "3780.00000", "2017-03-31": "3809.00000", "2016-12-31": "3305.00000", "2016-09-30": "4655.00000", "2016-06-30": "4671.00000", "2016-03-31": "4463.00000", "2015-12-31": "3534.00000", "2015-09-30": "3937.00000", "2015-06-30": "4206.00000", "2015-03-31": "4323.00000", "2014-12-31": "3946.00000", "2014-09-30": "4412.00000", "2014-06-30": "4061.00000", "2014-03-31": "4702.00000", "2013-12-31": "4579.00000", "2013-09-30": "4491.00000", "2013-06-30": "4444.00000", "2013-03-31": "4091.00000", "2012-12-31": "3736.00000", "2012-09-30": "3700.00000", "2012-06-30": "3566.00000", "2012-03-31": "4107.00000", "2011-12-31": "3716.00000", "2011-09-30": "4317.00000", "2011-06-30": "4249.00000", "2011-03-31": "4282.00000", "2010-12-31": "3728.00000", "2010-09-30": "3176.00000", "2010-06-30": "2955.00000", "2010-03-31": "3818.00000", "2009-12-31": "3599.00000", "2009-09-30": "3591.00000", "2009-06-30": "3240.20000", "2009-03-31": "3056.10000", "2008-12-31": "2952.00000", "2008-09-30": "3255.80000", "2008-06-30": "3320.30000", "2008-03-31": "3611.20000", "2007-12-31": "3162.70000", "2007-09-30": "3785.10000", "2007-06-30": "3455.70000", "2007-03-31": "3818.90000", "2006-12-31": "3469.10000", "2006-09-30": "2860.90000", "2006-06-30": "2660.20000", "2006-03-31": "2663.30000", "2005-12-31": "2743.00000", "2005-09-30": "2758.40000", "2005-06-30": "2465.20000", "2005-03-31": "3090.80000"}, "Long Term Debt": {"2020-12-31": "", "2020-09-30": "6971.00000", "2020-06-30": "6884.00000", "2020-03-31": "7336.00000", "2019-12-31": "7333.00000", "2019-09-30": "7646.00000", "2019-06-30": "6640.00000", "2019-03-31": "6655.00000", "2018-12-31": "6354.00000", "2018-09-30": "6519.00000", "2018-06-30": "6519.00000", "2018-03-31": "6550.00000", "2017-12-31": "6566.00000", "2017-09-30": "6520.00000", "2017-06-30": "6506.00000", "2017-03-31": "6466.00000", "2016-12-31": "6520.00000", "2016-09-30": "5616.00000", "2016-06-30": "5619.00000", "2016-03-31": "5877.00000", "2015-12-31": "6246.00000", "2015-09-30": "6554.00000", "2015-06-30": "6186.00000", "2015-03-31": "5622.00000", "2014-12-31": "5644.00000", "2014-09-30": "5441.00000", "2014-06-30": "5741.00000", "2014-03-31": "5739.00000", "2013-12-31": "4749.00000", "2013-09-30": "4677.00000", "2013-06-30": "5032.00000", "2013-03-31": "5095.00000", "2012-12-31": "4926.00000", "2012-09-30": "4943.00000", "2012-06-30": "5068.00000", "2012-03-31": "4595.00000", "2011-12-31": "4430.00000", "2011-09-30": "3768.00000", "2011-06-30": "4020.00000", "2011-03-31": "3166.00000", "2010-12-31": "2815.00000", "2010-09-30": "3329.00000", "2010-06-30": "3331.00000", "2010-03-31": "2755.00000", "2009-12-31": "2821.00000", "2009-09-30": "2883.00000", "2009-06-30": "3367.90000", "2009-03-31": "3490.50000", "2008-12-31": "3585.00000", "2008-09-30": "3284.40000", "2008-06-30": "3475.90000", "2008-03-31": "3407.80000", "2007-12-31": "3221.90000", "2007-09-30": "2750.10000", "2007-06-30": "2973.10000", "2007-03-31": "2660.60000", "2006-12-31": "2720.40000", "2006-09-30": "3126.20000", "2006-06-30": "3156.00000", "2006-03-31": "3201.20000", "2005-12-31": "2918.00000", "2005-09-30": "3017.20000", "2005-06-30": "3455.10000", "2005-03-31": "2969.90000"}, "Other Non-Current Liabilities": {"2020-12-31": "3081.00000", "2020-09-30": "2535.00000", "2020-06-30": "2545.00000", "2020-03-31": "2535.00000", "2019-12-31": "2598.00000", "2019-09-30": "2388.00000", "2019-06-30": "2436.00000", "2019-03-31": "2267.00000", "2018-12-31": "2034.00000", "2018-09-30": "2048.00000", "2018-06-30": "2172.00000", "2018-03-31": "2264.00000", "2017-12-31": "2255.00000", "2017-09-30": "1938.00000", "2017-06-30": "2011.00000", "2017-03-31": "1980.00000", "2016-12-31": "2035.00000", "2016-09-30": "1854.00000", "2016-06-30": "1933.00000", "2016-03-31": "1932.00000", "2015-12-31": "1966.00000", "2015-09-30": "2248.00000", "2015-06-30": "2250.00000", "2015-03-31": "2239.00000", "2014-12-31": "2223.00000", "2014-09-30": "1731.00000", "2014-06-30": "1722.00000", "2014-03-31": "1698.00000", "2013-12-31": "1677.00000", "2013-09-30": "1952.00000", "2013-06-30": "1955.00000", "2013-03-31": "2042.00000", "2012-12-31": "2049.00000", "2012-09-30": "1757.00000", "2012-06-30": "1737.00000", "2012-03-31": "1808.00000", "2011-12-31": "1785.00000", "2011-09-30": "1538.00000", "2011-06-30": "1651.00000", "2011-03-31": "1733.00000", "2010-12-31": "1704.00000", "2010-09-30": "1927.00000", "2010-06-30": "1331.00000", "2010-03-31": "1362.00000", "2009-12-31": "1375.00000", "2009-09-30": "1357.00000", "2009-06-30": "1295.10000", "2009-03-31": "1306.90000", "2008-12-31": "1316.00000", "2008-09-30": "1164.70000", "2008-06-30": "1260.40000", "2008-03-31": "1243.60000", "2007-12-31": "1177.10000", "2007-09-30": "1273.60000", "2007-06-30": "1241.60000", "2007-03-31": "1267.30000", "2006-12-31": "1227.70000", "2006-09-30": "1008.70000", "2006-06-30": "1029.10000", "2006-03-31": "1002.50000", "2005-12-31": "941.30000", "2005-09-30": "1045.70000", "2005-06-30": "1056.00000", "2005-03-31": "1105.70000"}, "Total Long Term Liabilities": {"2020-12-31": "3081.00000", "2020-09-30": "9912.00000", "2020-06-30": "9829.00000", "2020-03-31": "10286.00000", "2019-12-31": "10438.00000", "2019-09-30": "10621.00000", "2019-06-30": "9379.00000", "2019-03-31": "9228.00000", "2018-12-31": "8623.00000", "2018-09-30": "8892.00000", "2018-06-30": "8897.00000", "2018-03-31": "9063.00000", "2017-12-31": "9025.00000", "2017-09-30": "8654.00000", "2017-06-30": "8712.00000", "2017-03-31": "8644.00000", "2016-12-31": "8801.00000", "2016-09-30": "7740.00000", "2016-06-30": "7810.00000", "2016-03-31": "8058.00000", "2015-12-31": "8445.00000", "2015-09-30": "9036.00000", "2015-06-30": "8697.00000", "2015-03-31": "8094.00000", "2014-12-31": "8128.00000", "2014-09-30": "7527.00000", "2014-06-30": "7856.00000", "2014-03-31": "7830.00000", "2013-12-31": "6870.00000", "2013-09-30": "6941.00000", "2013-06-30": "7239.00000", "2013-03-31": "7423.00000", "2012-12-31": "7268.00000", "2012-09-30": "7027.00000", "2012-06-30": "7077.00000", "2012-03-31": "6651.00000", "2011-12-31": "6467.00000", "2011-09-30": "5581.00000", "2011-06-30": "5851.00000", "2011-03-31": "5058.00000", "2010-12-31": "4627.00000", "2010-09-30": "5368.00000", "2010-06-30": "4827.00000", "2010-03-31": "4241.00000", "2009-12-31": "4278.00000", "2009-09-30": "4365.00000", "2009-06-30": "4790.90000", "2009-03-31": "4938.30000", "2008-12-31": "4983.00000", "2008-09-30": "4831.50000", "2008-06-30": "5083.40000", "2008-03-31": "4946.00000", "2007-12-31": "4663.10000", "2007-09-30": "4276.50000", "2007-06-30": "4453.60000", "2007-03-31": "4120.90000", "2006-12-31": "4258.00000", "2006-09-30": "4673.00000", "2006-06-30": "4705.50000", "2006-03-31": "4744.70000", "2005-12-31": "4414.00000", "2005-09-30": "4593.80000", "2005-06-30": "5007.10000", "2005-03-31": "4585.70000"}, "Total Liabilities": {"2020-12-31": "14819.00000", "2020-09-30": "14393.00000", "2020-06-30": "14409.00000", "2020-03-31": "14729.00000", "2019-12-31": "14476.00000", "2019-09-30": "14852.00000", "2019-06-30": "13161.00000", "2019-03-31": "13093.00000", "2018-12-31": "11964.00000", "2018-09-30": "12639.00000", "2018-06-30": "12839.00000", "2018-03-31": "13043.00000", "2017-12-31": "12433.00000", "2017-09-30": "12508.00000", "2017-06-30": "12492.00000", "2017-03-31": "12453.00000", "2016-12-31": "12106.00000", "2016-09-30": "12395.00000", "2016-06-30": "12481.00000", "2016-03-31": "12521.00000", "2015-12-31": "11979.00000", "2015-09-30": "12973.00000", "2015-06-30": "12903.00000", "2015-03-31": "12417.00000", "2014-12-31": "12074.00000", "2014-09-30": "11939.00000", "2014-06-30": "11917.00000", "2014-03-31": "12532.00000", "2013-12-31": "11449.00000", "2013-09-30": "11432.00000", "2013-06-30": "11683.00000", "2013-03-31": "11514.00000", "2012-12-31": "11004.00000", "2012-09-30": "10727.00000", "2012-06-30": "10643.00000", "2012-03-31": "10758.00000", "2011-12-31": "10183.00000", "2011-09-30": "9898.00000", "2011-06-30": "10100.00000", "2011-03-31": "9340.00000", "2010-12-31": "8355.00000", "2010-09-30": "8544.00000", "2010-06-30": "7782.00000", "2010-03-31": "8059.00000", "2009-12-31": "7877.00000", "2009-09-30": "7956.00000", "2009-06-30": "8031.10000", "2009-03-31": "7994.40000", "2008-12-31": "7935.00000", "2008-09-30": "8087.30000", "2008-06-30": "8403.70000", "2008-03-31": "8557.20000", "2007-12-31": "7825.80000", "2007-09-30": "8061.60000", "2007-06-30": "7909.30000", "2007-03-31": "7939.80000", "2006-12-31": "7727.10000", "2006-09-30": "7533.90000", "2006-06-30": "7365.70000", "2006-03-31": "7408.00000", "2005-12-31": "7157.00000", "2005-09-30": "7352.20000", "2005-06-30": "7472.30000", "2005-03-31": "7676.50000"}, "Common Stock Net": {"2020-12-31": "", "2020-09-30": "1466.00000", "2020-06-30": "1466.00000", "2020-03-31": "1466.00000", "2019-12-31": "1466.00000", "2019-09-30": "1466.00000", "2019-06-30": "1466.00000", "2019-03-31": "1466.00000", "2018-12-31": "1466.00000", "2018-09-30": "1466.00000", "2018-06-30": "1466.00000", "2018-03-31": "1466.00000", "2017-12-31": "1466.00000", "2017-09-30": "1466.00000", "2017-06-30": "1466.00000", "2017-03-31": "1466.00000", "2016-12-31": "1466.00000", "2016-09-30": "1466.00000", "2016-06-30": "1466.00000", "2016-03-31": "1466.00000", "2015-12-31": "1466.00000", "2015-09-30": "1466.00000", "2015-06-30": "1466.00000", "2015-03-31": "1466.00000", "2014-12-31": "1466.00000", "2014-09-30": "1466.00000", "2014-06-30": "1466.00000", "2014-03-31": "1466.00000", "2013-12-31": "1466.00000", "2013-09-30": "1466.00000", "2013-06-30": "1466.00000", "2013-03-31": "733.00000", "2012-12-31": "1466.00000", "2012-09-30": "733.00000", "2012-06-30": "733.00000", "2012-03-31": "733.00000", "2011-12-31": "733.00000", "2011-09-30": "733.00000", "2011-06-30": "733.00000", "2011-03-31": "733.00000", "2010-12-31": "733.00000", "2010-09-30": "733.00000", "2010-06-30": "733.00000", "2010-03-31": "733.00000", "2009-12-31": "733.00000", "2009-09-30": "733.00000", "2009-06-30": "732.90000", "2009-03-31": "732.90000", "2008-12-31": "733.00000", "2008-09-30": "732.90000", "2008-06-30": "732.90000", "2008-03-31": "732.90000", "2007-12-31": "732.90000", "2007-09-30": "732.90000", "2007-06-30": "732.90000", "2007-03-31": "732.90000", "2006-12-31": "732.90000", "2006-09-30": "732.90000", "2006-06-30": "732.90000", "2006-03-31": "732.90000", "2005-12-31": "732.90000", "2005-09-30": "732.90000", "2005-06-30": "732.90000", "2005-03-31": "732.90000"}, "Retained Earnings (Accumulated Deficit)": {"2020-12-31": "", "2020-09-30": "23052.00000", "2020-06-30": "22731.00000", "2020-03-31": "22481.00000", "2019-12-31": "22501.00000", "2019-09-30": "21860.00000", "2019-06-30": "21653.00000", "2019-03-31": "21436.00000", "2018-12-31": "21615.00000", "2018-09-30": "21008.00000", "2018-06-30": "20851.00000", "2018-03-31": "20581.00000", "2017-12-31": "20531.00000", "2017-09-30": "20207.00000", "2017-06-30": "19952.00000", "2017-03-31": "19782.00000", "2016-12-31": "19922.00000", "2016-09-30": "19310.00000", "2016-06-30": "18955.00000", "2016-03-31": "18705.00000", "2015-12-31": "18861.00000", "2015-09-30": "19323.00000", "2015-06-30": "18936.00000", "2015-03-31": "18704.00000", "2014-12-31": "18832.00000", "2014-09-30": "18210.00000", "2014-06-30": "17991.00000", "2014-03-31": "17698.00000", "2013-12-31": "17952.00000", "2013-09-30": "17393.00000", "2013-06-30": "17052.00000", "2013-03-31": "16805.00000", "2012-12-31": "16953.00000", "2012-09-30": "16654.00000", "2012-06-30": "16294.00000", "2012-03-31": "15670.00000", "2011-12-31": "15649.00000", "2011-09-30": "15344.00000", "2011-06-30": "14983.00000", "2011-03-31": "14360.00000", "2010-12-31": "14329.00000", "2010-09-30": "13980.00000", "2010-06-30": "13622.00000", "2010-03-31": "13032.00000", "2009-12-31": "13157.00000", "2009-09-30": "12761.00000", "2009-06-30": "12392.40000", "2009-03-31": "11844.50000", "2008-12-31": "11760.00000", "2008-09-30": "11480.90000", "2008-06-30": "11185.60000", "2008-03-31": "10704.70000", "2007-12-31": "10627.50000", "2007-09-30": "10411.80000", "2007-06-30": "10177.90000", "2007-03-31": "9775.00000", "2006-12-31": "9643.70000", "2006-09-30": "9422.90000", "2006-06-30": "9246.30000", "2006-03-31": "8976.20000", "2005-12-31": "8968.10000", "2005-09-30": "8771.00000", "2005-06-30": "8575.70000", "2005-03-31": "8244.20000"}, "Comprehensive Income": {"2020-12-31": "", "2020-09-30": "-4421.00000", "2020-06-30": "-4519.00000", "2020-03-31": "-4578.00000", "2019-12-31": "-4273.00000", "2019-09-30": "-4215.00000", "2019-06-30": "-4119.00000", "2019-03-31": "-4160.00000", "2018-12-31": "-4188.00000", "2018-09-30": "-4172.00000", "2018-06-30": "-4164.00000", "2018-03-31": "-3900.00000", "2017-12-31": "-3855.00000", "2017-09-30": "-3834.00000", "2017-06-30": "-3947.00000", "2017-03-31": "-4052.00000", "2016-12-31": "-4180.00000", "2016-09-30": "-3829.00000", "2016-06-30": "-3843.00000", "2016-03-31": "-3825.00000", "2015-12-31": "-3950.00000", "2015-09-30": "-4085.00000", "2015-06-30": "-3776.00000", "2015-03-31": "-3847.00000", "2014-12-31": "-3507.00000", "2014-09-30": "-2887.00000", "2014-06-30": "-2504.00000", "2014-03-31": "-2537.00000", "2013-12-31": "-2451.00000", "2013-09-30": "-2716.00000", "2013-06-30": "-2825.00000", "2013-03-31": "-2658.00000", "2012-12-31": "-2621.00000", "2012-09-30": "-2455.00000", "2012-06-30": "-2554.00000", "2012-03-31": "-2269.00000", "2011-12-31": "-2475.00000", "2011-09-30": "-2199.00000", "2011-06-30": "-1748.00000", "2011-03-31": "-1941.00000", "2010-12-31": "-2115.00000", "2010-09-30": "-2308.00000", "2010-06-30": "-2275.00000", "2010-03-31": "-2131.00000", "2009-12-31": "-2096.00000", "2009-09-30": "-2125.00000", "2009-06-30": "-2277.70000", "2009-03-31": "-2566.10000", "2008-12-31": "-2477.00000", "2008-09-30": "-1824.00000", "2008-06-30": "-1469.90000", "2008-03-31": "-1582.90000", "2007-12-31": "-1666.80000", "2007-09-30": "-1878.60000", "2007-06-30": "-1954.30000", "2007-03-31": "-2040.80000", "2006-12-31": "-2081.20000", "2006-09-30": "-1780.30000", "2006-06-30": "-1792.00000", "2006-03-31": "-1764.40000", "2005-12-31": "-1804.70000", "2005-09-30": "-1760.80000", "2005-06-30": "-1781.50000", "2005-03-31": "-1829.10000"}, "Other Share Holders Equity": {"2020-12-31": "", "2020-09-30": "", "2020-06-30": "", "2020-03-31": "", "2019-12-31": "", "2019-09-30": "", "2019-06-30": "", "2019-03-31": "", "2018-12-31": "", "2018-09-30": "", "2018-06-30": "", "2018-03-31": "", "2017-12-31": "", "2017-09-30": "", "2017-06-30": "", "2017-03-31": "", "2016-12-31": "", "2016-09-30": "", "2016-06-30": "", "2016-03-31": "", "2015-12-31": "", "2015-09-30": "", "2015-06-30": "", "2015-03-31": "", "2014-12-31": "", "2014-09-30": "", "2014-06-30": "", "2014-03-31": "", "2013-12-31": "", "2013-09-30": "", "2013-06-30": "", "2013-03-31": "", "2012-12-31": "", "2012-09-30": "", "2012-06-30": "", "2012-03-31": "", "2011-12-31": "", "2011-09-30": "", "2011-06-30": "", "2011-03-31": "", "2010-12-31": "", "2010-09-30": "", "2010-06-30": "", "2010-03-31": "", "2009-12-31": "", "2009-09-30": "", "2009-06-30": "", "2009-03-31": "", "2008-12-31": "", "2008-09-30": "", "2008-06-30": "", "2008-03-31": "", "2007-12-31": "", "2007-09-30": "", "2007-06-30": "", "2007-03-31": "", "2006-12-31": "", "2006-09-30": "", "2006-06-30": "", "2006-03-31": "", "2005-12-31": "", "2005-09-30": "", "2005-06-30": "", "2005-03-31": ""}, "Share Holder Equity": {"2020-12-31": "1101.00000", "2020-09-30": "1073.00000", "2020-06-30": "732.00000", "2020-03-31": "341.00000", "2019-12-31": "558.00000", "2019-09-30": "174.00000", "2019-06-30": "-10.00000", "2019-03-31": "-210.00000", "2018-12-31": "197.00000", "2018-09-30": "-68.00000", "2018-06-30": "-189.00000", "2018-03-31": "101.00000", "2017-12-31": "243.00000", "2017-09-30": "267.00000", "2017-06-30": "88.00000", "2017-03-31": "-5.00000", "2016-12-31": "17.00000", "2016-09-30": "228.00000", "2016-06-30": "34.00000", "2016-03-31": "-73.00000", "2015-12-31": "-44.00000", "2015-09-30": "590.00000", "2015-06-30": "757.00000", "2015-03-31": "739.00000", "2014-12-31": "1385.00000", "2014-09-30": "1746.00000", "2014-06-30": "2071.00000", "2014-03-31": "1900.00000", "2013-12-31": "2536.00000", "2013-09-30": "2007.00000", "2013-06-30": "1804.00000", "2013-03-31": "2019.00000", "2012-12-31": "2390.00000", "2012-09-30": "2697.00000", "2012-06-30": "2510.00000", "2012-03-31": "2496.00000", "2011-12-31": "2541.00000", "2011-09-30": "2870.00000", "2011-06-30": "3144.00000", "2011-03-31": "2591.00000", "2010-12-31": "2817.00000", "2010-09-30": "2846.00000", "2010-06-30": "2804.00000", "2010-03-31": "2764.00000", "2009-12-31": "3257.00000", "2009-09-30": "3111.00000", "2009-06-30": "2699.00000", "2009-03-31": "1938.90000", "2008-12-31": "2044.00000", "2008-09-30": "2467.90000", "2008-06-30": "2666.60000", "2008-03-31": "2252.20000", "2007-12-31": "2286.20000", "2007-09-30": "2022.10000", "2007-06-30": "1771.30000", "2007-03-31": "1417.80000", "2006-12-31": "1410.90000", "2006-09-30": "1634.60000", "2006-06-30": "1595.50000", "2006-03-31": "1287.80000", "2005-12-31": "1350.10000", "2005-09-30": "1302.70000", "2005-06-30": "1194.90000", "2005-03-31": "1015.00000"}, "Total Liabilities And Share Holders Equity": {"2020-12-31": "15920.00000", "2020-09-30": "15466.00000", "2020-06-30": "15141.00000", "2020-03-31": "15070.00000", "2019-12-31": "15034.00000", "2019-09-30": "15026.00000", "2019-06-30": "13151.00000", "2019-03-31": "12883.00000", "2018-12-31": "12161.00000", "2018-09-30": "12571.00000", "2018-06-30": "12650.00000", "2018-03-31": "13144.00000", "2017-12-31": "12676.00000", "2017-09-30": "12775.00000", "2017-06-30": "12580.00000", "2017-03-31": "12448.00000", "2016-12-31": "12123.00000", "2016-09-30": "12623.00000", "2016-06-30": "12515.00000", "2016-03-31": "12448.00000", "2015-12-31": "11935.00000", "2015-09-30": "13563.00000", "2015-06-30": "13660.00000", "2015-03-31": "13156.00000", "2014-12-31": "13459.00000", "2014-09-30": "13685.00000", "2014-06-30": "13988.00000", "2014-03-31": "14432.00000", "2013-12-31": "13985.00000", "2013-09-30": "13439.00000", "2013-06-30": "13487.00000", "2013-03-31": "13533.00000", "2012-12-31": "13394.00000", "2012-09-30": "13424.00000", "2012-06-30": "13153.00000", "2012-03-31": "13254.00000", "2011-12-31": "12724.00000", "2011-09-30": "12768.00000", "2011-06-30": "13244.00000", "2011-03-31": "11931.00000", "2010-12-31": "11172.00000", "2010-09-30": "11390.00000", "2010-06-30": "10586.00000", "2010-03-31": "10823.00000", "2009-12-31": "11134.00000", "2009-09-30": "11067.00000", "2009-06-30": "10730.10000", "2009-03-31": "9933.30000", "2008-12-31": "9979.00000", "2008-09-30": "10555.20000", "2008-06-30": "11070.30000", "2008-03-31": "10809.40000", "2007-12-31": "10112.00000", "2007-09-30": "10083.70000", "2007-06-30": "9680.60000", "2007-03-31": "9357.60000", "2006-12-31": "9138.00000", "2006-09-30": "9168.50000", "2006-06-30": "8961.20000", "2006-03-31": "8695.80000", "2005-12-31": "8507.10000", "2005-09-30": "8654.90000", "2005-06-30": "8667.20000", "2005-03-31": "8691.50000"}}, "cash flow statement": {"Net Income/Loss": {"2020-12-31": "2860.00000", "2019-12-31": "2527.00000", "2018-12-31": "2558.00000", "2017-12-31": "2174.00000", "2016-12-31": "2586.00000", "2015-12-31": "1548.00000", "2014-12-31": "2339.00000", "2013-12-31": "2410.00000", "2012-12-31": "2631.00000", "2011-12-31": "2554.00000", "2010-12-31": "2313.00000", "2009-12-31": "2397.00000", "2008-12-31": "2037.00000", "2007-12-31": "1737.00000", "2006-12-31": "1353.40000", "2005-12-31": "1351.40000"}, "Total Depreciation And Amortization - Cash Flow": {"2020-12-31": "539.00000", "2019-12-31": "519.00000", "2018-12-31": "511.00000", "2017-12-31": "475.00000", "2016-12-31": "443.00000", "2015-12-31": "449.00000", "2014-12-31": "442.00000", "2013-12-31": "439.00000", "2012-12-31": "425.00000", "2011-12-31": "421.00000", "2010-12-31": "376.00000", "2009-12-31": "351.00000", "2008-12-31": "348.00000", "2007-12-31": "334.00000", "2006-12-31": "328.70000", "2005-12-31": "329.30000"}, "Other Non-Cash Items": {"2020-12-31": "-61.00000", "2019-12-31": "22.00000", "2018-12-31": "142.00000", "2017-12-31": "520.00000", "2016-12-31": "20.00000", "2015-12-31": "1074.00000", "2014-12-31": "604.00000", "2013-12-31": "452.00000", "2012-12-31": "117.00000", "2011-12-31": "-72.00000", "2010-12-31": "422.00000", "2009-12-31": "-2.00000", "2008-12-31": "44.00000", "2007-12-31": "-65.00000", "2006-12-31": "192.60000", "2005-12-31": "35.60000"}, "Total Non-Cash Items": {"2020-12-31": "478.00000", "2019-12-31": "541.00000", "2018-12-31": "653.00000", "2017-12-31": "995.00000", "2016-12-31": "463.00000", "2015-12-31": "1523.00000", "2014-12-31": "1046.00000", "2013-12-31": "891.00000", "2012-12-31": "542.00000", "2011-12-31": "349.00000", "2010-12-31": "798.00000", "2009-12-31": "349.00000", "2008-12-31": "392.00000", "2007-12-31": "269.00000", "2006-12-31": "521.30000", "2005-12-31": "364.90000"}, "Change In Accounts Receivable": {"2020-12-31": "138.00000", "2019-12-31": "19.00000", "2018-12-31": "-79.00000", "2017-12-31": "-15.00000", "2016-12-31": "-17.00000", "2015-12-31": "-75.00000", "2014-12-31": "-109.00000", "2013-12-31": "-37.00000", "2012-12-31": "19.00000", "2011-12-31": "-130.00000", "2010-12-31": "40.00000", "2009-12-31": "57.00000", "2008-12-31": "-70.00000", "2007-12-31": "-66.00000", "2006-12-31": "-116.00000", "2005-12-31": "-24.10000"}, "Change In Inventories": {"2020-12-31": "-251.00000", "2019-12-31": "-77.00000", "2018-12-31": "-58.00000", "2017-12-31": "-8.00000", "2016-12-31": "-4.00000", "2015-12-31": "-13.00000", "2014-12-31": "-60.00000", "2013-12-31": "-97.00000", "2012-12-31": "-21.00000", "2011-12-31": "-130.00000", "2010-12-31": "-10.00000", "2009-12-31": "44.00000", "2008-12-31": "-135.00000", "2007-12-31": "-111.00000", "2006-12-31": "-118.50000", "2005-12-31": "-46.80000"}, "Change In Accounts Payable": {"2020-12-31": "", "2019-12-31": "", "2018-12-31": "", "2017-12-31": "", "2016-12-31": "", "2015-12-31": "", "2014-12-31": "", "2013-12-31": "", "2012-12-31": "", "2011-12-31": "", "2010-12-31": "", "2009-12-31": "", "2008-12-31": "", "2007-12-31": "", "2006-12-31": "", "2005-12-31": ""}, "Change In Assets/Liabilities": {"2020-12-31": "-26.00000", "2019-12-31": "87.00000", "2018-12-31": "-36.00000", "2017-12-31": "4.00000", "2016-12-31": "13.00000", "2015-12-31": "33.00000", "2014-12-31": "25.00000", "2013-12-31": "13.00000", "2012-12-31": "30.00000", "2011-12-31": "54.00000", "2010-12-31": "135.00000", "2009-12-31": "136.00000", "2008-12-31": "-47.00000", "2007-12-31": "57.00000", "2006-12-31": "31.40000", "2005-12-31": "-13.70000"}, "Total Change In Assets/Liabilities": {"2020-12-31": "381.00000", "2019-12-31": "65.00000", "2018-12-31": "-155.00000", "2017-12-31": "-115.00000", "2016-12-31": "92.00000", "2015-12-31": "-122.00000", "2014-12-31": "-87.00000", "2013-12-31": "-97.00000", "2012-12-31": "23.00000", "2011-12-31": "-7.00000", "2010-12-31": "100.00000", "2009-12-31": "531.00000", "2008-12-31": "-127.00000", "2007-12-31": "246.00000", "2006-12-31": "-53.20000", "2005-12-31": "68.10000"}, "Cash Flow From Operating Activities": {"2020-12-31": "3719.00000", "2019-12-31": "3133.00000", "2018-12-31": "3056.00000", "2017-12-31": "3054.00000", "2016-12-31": "3141.00000", "2015-12-31": "2949.00000", "2014-12-31": "3298.00000", "2013-12-31": "3204.00000", "2012-12-31": "3196.00000", "2011-12-31": "2896.00000", "2010-12-31": "3211.00000", "2009-12-31": "3277.00000", "2008-12-31": "2302.00000", "2007-12-31": "2252.00000", "2006-12-31": "1821.50000", "2005-12-31": "1784.40000"}, "Net Change In Property, Plant, And Equipment": {"2020-12-31": "-410.00000", "2019-12-31": "-334.00000", "2018-12-31": "-435.00000", "2017-12-31": "-509.00000", "2016-12-31": "-533.00000", "2015-12-31": "-682.00000", "2014-12-31": "-733.00000", "2013-12-31": "-655.00000", "2012-12-31": "-493.00000", "2011-12-31": "-274.00000", "2010-12-31": "-508.00000", "2009-12-31": "-558.00000", "2008-12-31": "-626.00000", "2007-12-31": "-473.00000", "2006-12-31": "-417.00000", "2005-12-31": "-161.40000"}, "Net Change In Intangible Assets": {"2020-12-31": "", "2019-12-31": "", "2018-12-31": "", "2017-12-31": "", "2016-12-31": "", "2015-12-31": "", "2014-12-31": "", "2013-12-31": "", "2012-12-31": "", "2011-12-31": "", "2010-12-31": "", "2009-12-31": "", "2008-12-31": "", "2007-12-31": "", "2006-12-31": "", "2005-12-31": ""}, "Net Acquisitions/Divestitures": {"2020-12-31": "-353.00000", "2019-12-31": "-1711.00000", "2018-12-31": "-728.00000", "2017-12-31": "", "2016-12-31": "-5.00000", "2015-12-31": "208.00000", "2014-12-31": "-87.00000", "2013-12-31": "-3.00000", "2012-12-31": "-29.00000", "2011-12-31": "-966.00000", "2010-12-31": "", "2009-12-31": "", "2008-12-31": "", "2007-12-31": "-27.00000", "2006-12-31": "-200.00000", "2005-12-31": "-38.50000"}, "Net Change In Short-term Investments": {"2020-12-31": "-19.00000", "2019-12-31": "-53.00000", "2018-12-31": "-13.00000", "2017-12-31": "44.00000", "2016-12-31": "42.00000", "2015-12-31": "-143.00000", "2014-12-31": "-57.00000", "2013-12-31": "-238.00000", "2012-12-31": "-398.00000", "2011-12-31": "67.00000", "2010-12-31": "-141.00000", "2009-12-31": "-289.00000", "2008-12-31": "10.00000", "2007-12-31": "-11.00000", "2006-12-31": "-1.20000", "2005-12-31": "-20.00000"}, "Net Change In Long-Term Investments": {"2020-12-31": "", "2019-12-31": "", "2018-12-31": "", "2017-12-31": "", "2016-12-31": "", "2015-12-31": "", "2014-12-31": "", "2013-12-31": "", "2012-12-31": "", "2011-12-31": "", "2010-12-31": "", "2009-12-31": "", "2008-12-31": "", "2007-12-31": "", "2006-12-31": "", "2005-12-31": ""}, "Net Change In Investments - Total": {"2020-12-31": "-19.00000", "2019-12-31": "-53.00000", "2018-12-31": "-13.00000", "2017-12-31": "44.00000", "2016-12-31": "42.00000", "2015-12-31": "-143.00000", "2014-12-31": "-57.00000", "2013-12-31": "-238.00000", "2012-12-31": "-398.00000", "2011-12-31": "67.00000", "2010-12-31": "-141.00000", "2009-12-31": "-289.00000", "2008-12-31": "10.00000", "2007-12-31": "-11.00000", "2006-12-31": "-1.20000", "2005-12-31": "-20.00000"}, "Investing Activities - Other": {"2020-12-31": "3.00000", "2019-12-31": "-1.00000", "2018-12-31": "6.00000", "2017-12-31": "-6.00000", "2016-12-31": "-3.00000", "2015-12-31": "-68.00000", "2014-12-31": "18.00000", "2013-12-31": "6.00000", "2012-12-31": "55.00000", "2011-12-31": "-40.00000", "2010-12-31": "-9.00000", "2009-12-31": "6.00000", "2008-12-31": "3.00000", "2007-12-31": "-17.00000", "2006-12-31": "-2.20000", "2005-12-31": "-0.80000"}, "Cash Flow From Investing Activities": {"2020-12-31": "-779.00000", "2019-12-31": "-2099.00000", "2018-12-31": "-1170.00000", "2017-12-31": "-471.00000", "2016-12-31": "-499.00000", "2015-12-31": "-685.00000", "2014-12-31": "-859.00000", "2013-12-31": "-890.00000", "2012-12-31": "-865.00000", "2011-12-31": "-1213.00000", "2010-12-31": "-658.00000", "2009-12-31": "-841.00000", "2008-12-31": "-613.00000", "2007-12-31": "-528.00000", "2006-12-31": "-620.40000", "2005-12-31": "-220.70000"}, "Net Long-Term Debt": {"2020-12-31": "-564.00000", "2019-12-31": "1448.00000", "2018-12-31": "-179.00000", "2017-12-31": "-29.00000", "2016-12-31": "164.00000", "2015-12-31": "421.00000", "2014-12-31": "435.00000", "2013-12-31": "422.00000", "2012-12-31": "441.00000", "2011-12-31": "1414.00000", "2010-12-31": "296.00000", "2009-12-31": "-526.00000", "2008-12-31": "195.00000", "2007-12-31": "-225.00000", "2006-12-31": "139.10000", "2005-12-31": "-78.40000"}, "Net Current Debt": {"2020-12-31": "", "2019-12-31": "", "2018-12-31": "", "2017-12-31": "", "2016-12-31": "", "2015-12-31": "", "2014-12-31": "", "2013-12-31": "", "2012-12-31": "", "2011-12-31": "", "2010-12-31": "", "2009-12-31": "", "2008-12-31": "", "2007-12-31": "", "2006-12-31": "", "2005-12-31": ""}, "Debt Issuance/Retirement Net - Total": {"2020-12-31": "-564.00000", "2019-12-31": "1448.00000", "2018-12-31": "-179.00000", "2017-12-31": "-29.00000", "2016-12-31": "164.00000", "2015-12-31": "421.00000", "2014-12-31": "435.00000", "2013-12-31": "422.00000", "2012-12-31": "441.00000", "2011-12-31": "1414.00000", "2010-12-31": "296.00000", "2009-12-31": "-526.00000", "2008-12-31": "195.00000", "2007-12-31": "-225.00000", "2006-12-31": "139.10000", "2005-12-31": "-78.40000"}, "Net Common Equity Issued/Repurchased": {"2020-12-31": "-602.00000", "2019-12-31": "-704.00000", "2018-12-31": "-909.00000", "2017-12-31": "-892.00000", "2016-12-31": "-889.00000", "2015-12-31": "-1204.00000", "2014-12-31": "-1159.00000", "2013-12-31": "-1182.00000", "2012-12-31": "-1465.00000", "2011-12-31": "-1453.00000", "2010-12-31": "-1778.00000", "2009-12-31": "-763.00000", "2008-12-31": "-836.00000", "2007-12-31": "-780.00000", "2006-12-31": "-520.30000", "2005-12-31": "-749.10000"}, "Net Total Equity Issued/Repurchased": {"2020-12-31": "-602.00000", "2019-12-31": "-704.00000", "2018-12-31": "-909.00000", "2017-12-31": "-892.00000", "2016-12-31": "-889.00000", "2015-12-31": "-1204.00000", "2014-12-31": "-1159.00000", "2013-12-31": "-1182.00000", "2012-12-31": "-1465.00000", "2011-12-31": "-1453.00000", "2010-12-31": "-1778.00000", "2009-12-31": "-763.00000", "2008-12-31": "-836.00000", "2007-12-31": "-780.00000", "2006-12-31": "-520.30000", "2005-12-31": "-749.10000"}, "Total Common And Preferred Stock Dividends Paid": {"2020-12-31": "-1654.00000", "2019-12-31": "-1614.00000", "2018-12-31": "-1591.00000", "2017-12-31": "-1529.00000", "2016-12-31": "-1508.00000", "2015-12-31": "-1493.00000", "2014-12-31": "-1446.00000", "2013-12-31": "-1382.00000", "2012-12-31": "-1277.00000", "2011-12-31": "-1203.00000", "2010-12-31": "-1142.00000", "2009-12-31": "-981.00000", "2008-12-31": "-889.00000", "2007-12-31": "-798.00000", "2006-12-31": "-677.80000", "2005-12-31": "-607.20000"}, "Financial Activities - Other": {"2020-12-31": "-99.00000", "2019-12-31": "", "2018-12-31": "", "2017-12-31": "", "2016-12-31": "", "2015-12-31": "", "2014-12-31": "", "2013-12-31": "", "2012-12-31": "", "2011-12-31": "", "2010-12-31": "", "2009-12-31": "", "2008-12-31": "", "2007-12-31": "", "2006-12-31": "", "2005-12-31": "-89.70000"}, "Cash Flow From Financial Activities": {"2020-12-31": "-2919.00000", "2019-12-31": "-870.00000", "2018-12-31": "-2679.00000", "2017-12-31": "-2450.00000", "2016-12-31": "-2233.00000", "2015-12-31": "-2276.00000", "2014-12-31": "-2170.00000", "2013-12-31": "-2142.00000", "2012-12-31": "-2301.00000", "2011-12-31": "-1242.00000", "2010-12-31": "-2624.00000", "2009-12-31": "-2270.00000", "2008-12-31": "-1530.00000", "2007-12-31": "-1803.00000", "2006-12-31": "-1059.00000", "2005-12-31": "-1524.40000"}, "Net Cash Flow": {"2020-12-31": "5.00000", "2019-12-31": "157.00000", "2018-12-31": "-809.00000", "2017-12-31": "220.00000", "2016-12-31": "345.00000", "2015-12-31": "-119.00000", "2014-12-31": "127.00000", "2013-12-31": "78.00000", "2012-12-31": "6.00000", "2011-12-31": "388.00000", "2010-12-31": "-110.00000", "2009-12-31": "45.00000", "2008-12-31": "126.00000", "2007-12-31": "-61.00000", "2006-12-31": "148.80000", "2005-12-31": "21.10000"}, "Stock-Based Compensation": {"2020-12-31": "107.00000", "2019-12-31": "100.00000", "2018-12-31": "109.00000", "2017-12-31": "127.00000", "2016-12-31": "123.00000", "2015-12-31": "125.00000", "2014-12-31": "131.00000", "2013-12-31": "128.00000", "2012-12-31": "120.00000", "2011-12-31": "122.00000", "2010-12-31": "121.00000", "2009-12-31": "117.00000", "2008-12-31": "100.00000", "2007-12-31": "110.00000", "2006-12-31": "116.90000", "2005-12-31": "41.10000"}, "Common Stock Dividends Paid": {"2020-12-31": "-1654.00000", "2019-12-31": "-1614.00000", "2018-12-31": "-1591.00000", "2017-12-31": "-1529.00000", "2016-12-31": "-1508.00000", "2015-12-31": "-1493.00000", "2014-12-31": "-1446.00000", "2013-12-31": "-1382.00000", "2012-12-31": "-1277.00000", "2011-12-31": "-1203.00000", "2010-12-31": "-1142.00000", "2009-12-31": "-981.00000", "2008-12-31": "-889.00000", "2007-12-31": "-798.00000", "2006-12-31": "-677.80000", "2005-12-31": "-607.20000"}}, "cash flow statement, quarterly": {"Net Income/Loss": {"2020-12-31": 692, "2020-09-30": 745, "2020-06-30": 675, "2020-03-31": "748.00000", "2019-12-31": 682, "2019-09-30": 627, "2019-06-30": 618, "2019-03-31": "600.00000", "2018-12-31": 643, "2018-09-30": 562, "2018-06-30": 675, "2018-03-31": "678.00000", "2017-12-31": 353, "2017-09-30": 650, "2017-06-30": 560, "2017-03-31": "611.00000", "2016-12-31": 628, "2016-09-30": 746, "2016-06-30": 638, "2016-03-31": "574.00000", "2015-12-31": -421, "2015-09-30": 770, "2015-06-30": 616, "2015-03-31": "583.00000", "2014-12-31": 666, "2014-09-30": 580, "2014-06-30": 661, "2014-03-31": "432.00000", "2013-12-31": 601, "2013-09-30": 699, "2013-06-30": 604, "2013-03-31": "506.00000", "2012-12-31": 636, "2012-09-30": 697, "2012-06-30": 665, "2012-03-31": "633.00000", "2011-12-31": 625, "2011-09-30": 676, "2011-06-30": 646, "2011-03-31": "607.00000", "2010-12-31": 651, "2010-09-30": 645, "2010-06-30": 630, "2010-03-31": "387.00000", "2009-12-31": 656, "2009-09-30": 617, "2009-06-30": 588, "2009-03-31": "536.00000", "2008-12-31": 577, "2008-09-30": 499.7, "2008-06-30": 493.8, "2008-03-31": "466.50000", "2007-12-31": 414.5, "2007-09-30": 420.1, "2007-06-30": 415.8, "2007-03-31": "486.60000", "2006-12-31": 401.2, "2006-09-30": 344.1, "2006-06-30": 283.6, "2006-03-31": "324.50000", "2005-12-31": 361.2, "2005-09-30": 347.2, "2005-06-30": 342.9, "2005-03-31": "300.10000"}, "Total Depreciation And Amortization - Cash Flow": {"2020-12-31": 139, "2020-09-30": 134, "2020-06-30": 133, "2020-03-31": "133.00000", "2019-12-31": 133, "2019-09-30": 130, "2019-06-30": 128, "2019-03-31": "128.00000", "2018-12-31": 126, "2018-09-30": 127, "2018-06-30": 129, "2018-03-31": "129.00000", "2017-12-31": 121, "2017-09-30": 128, "2017-06-30": 117, "2017-03-31": "109.00000", "2016-12-31": 114, "2016-09-30": 114, "2016-06-30": 109, "2016-03-31": "106.00000", "2015-12-31": 112, "2015-09-30": 112, "2015-06-30": 111, "2015-03-31": "114.00000", "2014-12-31": 113, "2014-09-30": 114, "2014-06-30": 107, "2014-03-31": "108.00000", "2013-12-31": 110, "2013-09-30": 108, "2013-06-30": 111, "2013-03-31": "110.00000", "2012-12-31": 108, "2012-09-30": 106, "2012-06-30": 105, "2012-03-31": "106.00000", "2011-12-31": 106, "2011-09-30": 113, "2011-06-30": 103, "2011-03-31": "99.00000", "2010-12-31": 98, "2010-09-30": 93, "2010-06-30": 93, "2010-03-31": "92.00000", "2009-12-31": 89, "2009-09-30": 90, "2009-06-30": 90, "2009-03-31": "82.00000", "2008-12-31": 87, "2008-09-30": 88.6, "2008-06-30": 83.8, "2008-03-31": "88.60000", "2007-12-31": 87.6, "2007-09-30": 85.3, "2007-06-30": 80.1, "2007-03-31": "81.00000", "2006-12-31": 85.2, "2006-09-30": 81.1, "2006-06-30": 82.2, "2006-03-31": "80.20000", "2005-12-31": 81.9, "2005-09-30": 82.2, "2005-06-30": 82, "2005-03-31": "83.20000"}, "Other Non-Cash Items": {"2020-12-31": 44, "2020-09-30": 45, "2020-06-30": -37, "2020-03-31": "-113.00000", "2019-12-31": -38, "2019-09-30": 54, "2019-06-30": 33, "2019-03-31": "-27.00000", "2018-12-31": -26, "2018-09-30": 133, "2018-06-30": 19, "2018-03-31": "16.00000", "2017-12-31": 417, "2017-09-30": 93, "2017-06-30": 92, "2017-03-31": "-82.00000", "2016-12-31": 19, "2016-09-30": 36, "2016-06-30": 14, "2016-03-31": "-49.00000", "2015-12-31": 1097, "2015-09-30": -89, "2015-06-30": -1, "2015-03-31": "67.00000", "2014-12-31": 70, "2014-09-30": 183, "2014-06-30": 27, "2014-03-31": "324.00000", "2013-12-31": 159, "2013-09-30": 112, "2013-06-30": -36, "2013-03-31": "217.00000", "2012-12-31": 84, "2012-09-30": 98, "2012-06-30": -99, "2012-03-31": "34.00000", "2011-12-31": -53, "2011-09-30": 10, "2011-06-30": -62, "2011-03-31": "33.00000", "2010-12-31": -6, "2010-09-30": 42, "2010-06-30": 40, "2010-03-31": "346.00000", "2009-12-31": -101, "2009-09-30": 18, "2009-06-30": -5, "2009-03-31": "86.00000", "2008-12-31": -40, "2008-09-30": 21.4, "2008-06-30": 21.1, "2008-03-31": "41.50000", "2007-12-31": -45.7, "2007-09-30": 64.3, "2007-06-30": 16.7, "2007-03-31": "-100.30000", "2006-12-31": -62.2, "2006-09-30": 87.9, "2006-06-30": 110.4, "2006-03-31": "56.50000", "2005-12-31": 20.3, "2005-09-30": -65.5, "2005-06-30": 25.7, "2005-03-31": "55.10000"}, "Total Non-Cash Items": {"2020-12-31": 183, "2020-09-30": 179, "2020-06-30": 96, "2020-03-31": "20.00000", "2019-12-31": 95, "2019-09-30": 184, "2019-06-30": 161, "2019-03-31": "101.00000", "2018-12-31": 100, "2018-09-30": 260, "2018-06-30": 148, "2018-03-31": "145.00000", "2017-12-31": 538, "2017-09-30": 221, "2017-06-30": 209, "2017-03-31": "27.00000", "2016-12-31": 133, "2016-09-30": 150, "2016-06-30": 123, "2016-03-31": "57.00000", "2015-12-31": 1209, "2015-09-30": 23, "2015-06-30": 110, "2015-03-31": "181.00000", "2014-12-31": 183, "2014-09-30": 297, "2014-06-30": 134, "2014-03-31": "432.00000", "2013-12-31": 269, "2013-09-30": 220, "2013-06-30": 75, "2013-03-31": "327.00000", "2012-12-31": 192, "2012-09-30": 204, "2012-06-30": 6, "2012-03-31": "140.00000", "2011-12-31": 53, "2011-09-30": 123, "2011-06-30": 41, "2011-03-31": "132.00000", "2010-12-31": 92, "2010-09-30": 135, "2010-06-30": 133, "2010-03-31": "438.00000", "2009-12-31": -12, "2009-09-30": 108, "2009-06-30": 85, "2009-03-31": "168.00000", "2008-12-31": 47, "2008-09-30": 110, "2008-06-30": 104.9, "2008-03-31": "130.10000", "2007-12-31": 41.9, "2007-09-30": 149.6, "2007-06-30": 96.8, "2007-03-31": "-19.30000", "2006-12-31": 23, "2006-09-30": 169, "2006-06-30": 192.6, "2006-03-31": "136.70000", "2005-12-31": 102.2, "2005-09-30": 16.7, "2005-06-30": 107.7, "2005-03-31": "138.30000"}, "Change In Accounts Receivable": {"2020-12-31": 76, "2020-09-30": -59, "2020-06-30": 332, "2020-03-31": "-211.00000", "2019-12-31": 84, "2019-09-30": 113, "2019-06-30": -33, "2019-03-31": "-145.00000", "2018-12-31": 117, "2018-09-30": 4, "2018-06-30": 11, "2018-03-31": "-211.00000", "2017-12-31": 35, "2017-09-30": 14, "2017-06-30": -12, "2017-03-31": "-52.00000", "2016-12-31": 109, "2016-09-30": 6, "2016-06-30": -37, "2016-03-31": "-95.00000", "2015-12-31": 97, "2015-09-30": 50, "2015-06-30": -72, "2015-03-31": "-150.00000", "2014-12-31": 113, "2014-09-30": -24, "2014-06-30": -121, "2014-03-31": "-77.00000", "2013-12-31": 100, "2013-09-30": 57, "2013-06-30": -19, "2013-03-31": "-175.00000", "2012-12-31": 185, "2012-09-30": -47, "2012-06-30": -29, "2012-03-31": "-90.00000", "2011-12-31": -3, "2011-09-30": 26, "2011-06-30": 4, "2011-03-31": "-157.00000", "2010-12-31": 96, "2010-09-30": -21, "2010-06-30": 64, "2010-03-31": "-99.00000", "2009-12-31": 161, "2009-09-30": -18, "2009-06-30": -71, "2009-03-31": "-15.00000", "2008-12-31": 62, "2008-09-30": 0.5, "2008-06-30": -80.4, "2008-03-31": "-52.10000", "2007-12-31": 101, "2007-09-30": -61.5, "2007-06-30": -50.7, "2007-03-31": "-54.80000", "2006-12-31": 6.9, "2006-09-30": -64.6, "2006-06-30": -51.1, "2006-03-31": "-7.20000", "2005-12-31": 16.7, "2005-09-30": -14, "2005-06-30": -7, "2005-03-31": "-19.80000"}, "Change In Inventories": {"2020-12-31": -37, "2020-09-30": -38, "2020-06-30": -205, "2020-03-31": "29.00000", "2019-12-31": -8, "2019-09-30": -6, "2019-06-30": -31, "2019-03-31": "-32.00000", "2018-12-31": -22, "2018-09-30": -6, "2018-06-30": 3, "2018-03-31": "-33.00000", "2017-12-31": -24, "2017-09-30": 7, "2017-06-30": 0, "2017-03-31": "9.00000", "2016-12-31": -8, "2016-09-30": 39, "2016-06-30": -3, "2016-03-31": "-32.00000", "2015-12-31": -14, "2015-09-30": -7, "2015-06-30": 31, "2015-03-31": "-23.00000", "2014-12-31": -9, "2014-09-30": 39, "2014-06-30": -23, "2014-03-31": "-67.00000", "2013-12-31": 10, "2013-09-30": 11, "2013-06-30": -103, "2013-03-31": "-15.00000", "2012-12-31": 27, "2012-09-30": -2, "2012-06-30": -8, "2012-03-31": "-38.00000", "2011-12-31": 17, "2011-09-30": 1, "2011-06-30": -63, "2011-03-31": "-85.00000", "2010-12-31": 53, "2010-09-30": 22, "2010-06-30": -29, "2010-03-31": "-56.00000", "2009-12-31": 34, "2009-09-30": 8, "2009-06-30": 36, "2009-03-31": "-34.00000", "2008-12-31": 41, "2008-09-30": -40.8, "2008-06-30": -46.5, "2008-03-31": "-88.70000", "2007-12-31": 7.4, "2007-09-30": -16.9, "2007-06-30": -20.7, "2007-03-31": "-80.80000", "2006-12-31": 10.4, "2006-09-30": -12.2, "2006-06-30": -31.4, "2006-03-31": "-85.30000", "2005-12-31": 27.4, "2005-09-30": 21.5, "2005-06-30": -22.8, "2005-03-31": "-72.90000"}, "Change In Accounts Payable": {"2020-12-31": 0, "2020-09-30": 0, "2020-06-30": 0, "2020-03-31": "", "2019-12-31": 0, "2019-09-30": 0, "2019-06-30": 0, "2019-03-31": "", "2018-12-31": 0, "2018-09-30": 0, "2018-06-30": 0, "2018-03-31": "", "2017-12-31": 0, "2017-09-30": 0, "2017-06-30": 0, "2017-03-31": "", "2016-12-31": 0, "2016-09-30": 0, "2016-06-30": 0, "2016-03-31": "", "2015-12-31": 0, "2015-09-30": 0, "2015-06-30": 0, "2015-03-31": "", "2014-12-31": 0, "2014-09-30": 0, "2014-06-30": 0, "2014-03-31": "", "2013-12-31": 0, "2013-09-30": 0, "2013-06-30": 0, "2013-03-31": "", "2012-12-31": 0, "2012-09-30": 0, "2012-06-30": 0, "2012-03-31": "", "2011-12-31": 0, "2011-09-30": 0, "2011-06-30": 0, "2011-03-31": "", "2010-12-31": 0, "2010-09-30": 0, "2010-06-30": 0, "2010-03-31": "", "2009-12-31": 0, "2009-09-30": 0, "2009-06-30": 0, "2009-03-31": "", "2008-12-31": 0, "2008-09-30": 0, "2008-06-30": 0, "2008-03-31": "", "2007-12-31": 0, "2007-09-30": 0, "2007-06-30": 0, "2007-03-31": "", "2006-12-31": 0, "2006-09-30": 0, "2006-06-30": 0, "2006-03-31": "", "2005-12-31": 0, "2005-09-30": 0, "2005-06-30": 0, "2005-03-31": ""}, "Change In Assets/Liabilities": {"2020-12-31": -3, "2020-09-30": 14, "2020-06-30": 1, "2020-03-31": "-38.00000", "2019-12-31": 29, "2019-09-30": 34, "2019-06-30": -13, "2019-03-31": "37.00000", "2018-12-31": 19, "2018-09-30": -32, "2018-06-30": -27, "2018-03-31": "4.00000", "2017-12-31": -8, "2017-09-30": -2, "2017-06-30": 16, "2017-03-31": "-2.00000", "2016-12-31": -37, "2016-09-30": 24, "2016-06-30": -4, "2016-03-31": "30.00000", "2015-12-31": 19, "2015-09-30": -10, "2015-06-30": -1, "2015-03-31": "25.00000", "2014-12-31": -4, "2014-09-30": 3, "2014-06-30": 26, "2014-03-31": "0.00000", "2013-12-31": -44, "2013-09-30": 21, "2013-06-30": 14, "2013-03-31": "22.00000", "2012-12-31": 1, "2012-09-30": -33, "2012-06-30": 10, "2012-03-31": "52.00000", "2011-12-31": 10, "2011-09-30": -4, "2011-06-30": 18, "2011-03-31": "30.00000", "2010-12-31": 46, "2010-09-30": 49, "2010-06-30": 4, "2010-03-31": "36.00000", "2009-12-31": 124, "2009-09-30": 32, "2009-06-30": -52, "2009-03-31": "32.00000", "2008-12-31": -165, "2008-09-30": 69, "2008-06-30": 41.3, "2008-03-31": "7.70000", "2007-12-31": 47.3, "2007-09-30": 35.1, "2007-06-30": -49.4, "2007-03-31": "24.00000", "2006-12-31": -17, "2006-09-30": 22, "2006-06-30": -8.7, "2006-03-31": "35.10000", "2005-12-31": -23.4, "2005-09-30": 8.5, "2005-06-30": -42.5, "2005-03-31": "43.70000"}, "Total Change In Assets/Liabilities": {"2020-12-31": 88, "2020-09-30": 38, "2020-06-30": 255, "2020-03-31": "", "2019-12-31": 193, "2019-09-30": 103, "2019-06-30": -135, "2019-03-31": "-96.00000", "2018-12-31": 119, "2018-09-30": 75, "2018-06-30": -142, "2018-03-31": "-207.00000", "2017-12-31": -132, "2017-09-30": 119, "2017-06-30": -155, "2017-03-31": "53.00000", "2016-12-31": 63, "2016-09-30": 101, "2016-06-30": -55, "2016-03-31": "-17.00000", "2015-12-31": 53, "2015-09-30": 92, "2015-06-30": -230, "2015-03-31": "-37.00000", "2014-12-31": 57, "2014-09-30": 126, "2014-06-30": -226, "2014-03-31": "-44.00000", "2013-12-31": -31, "2013-09-30": 121, "2013-06-30": -131, "2013-03-31": "-56.00000", "2012-12-31": 235, "2012-09-30": 39, "2012-06-30": -140, "2012-03-31": "-111.00000", "2011-12-31": 161, "2011-09-30": 104, "2011-06-30": -213, "2011-03-31": "-59.00000", "2010-12-31": 225, "2010-09-30": 161, "2010-06-30": -194, "2010-03-31": "-92.00000", "2009-12-31": 258, "2009-09-30": 439, "2009-06-30": -152, "2009-03-31": "-14.00000", "2008-12-31": -99, "2008-09-30": 130.9, "2008-06-30": -132.2, "2008-03-31": "-26.70000", "2007-12-31": 156.9, "2007-09-30": 170, "2007-06-30": -101.5, "2007-03-31": "20.60000", "2006-12-31": 27.4, "2006-09-30": 160.9, "2006-06-30": -162.8, "2006-03-31": "-78.70000", "2005-12-31": 15.6, "2005-09-30": 213.1, "2005-06-30": -147.2, "2005-03-31": "-13.40000"}, "Cash Flow From Operating Activities": {"2020-12-31": 963, "2020-09-30": 962, "2020-06-30": 1026, "2020-03-31": "768.00000", "2019-12-31": 970, "2019-09-30": 914, "2019-06-30": 644, "2019-03-31": "605.00000", "2018-12-31": 862, "2018-09-30": 897, "2018-06-30": 681, "2018-03-31": "616.00000", "2017-12-31": 759, "2017-09-30": 990, "2017-06-30": 614, "2017-03-31": "691.00000", "2016-12-31": 824, "2016-09-30": 997, "2016-06-30": 706, "2016-03-31": "614.00000", "2015-12-31": 841, "2015-09-30": 885, "2015-06-30": 496, "2015-03-31": "727.00000", "2014-12-31": 906, "2014-09-30": 1003, "2014-06-30": 569, "2014-03-31": "820.00000", "2013-12-31": 839, "2013-09-30": 1040, "2013-06-30": 548, "2013-03-31": "777.00000", "2012-12-31": 1063, "2012-09-30": 940, "2012-06-30": 531, "2012-03-31": "662.00000", "2011-12-31": 839, "2011-09-30": 903, "2011-06-30": 474, "2011-03-31": "680.00000", "2010-12-31": 968, "2010-09-30": 941, "2010-06-30": 569, "2010-03-31": "733.00000", "2009-12-31": 902, "2009-09-30": 1164, "2009-06-30": 521, "2009-03-31": "690.00000", "2008-12-31": 525, "2008-09-30": 740.6, "2008-06-30": 466.5, "2008-03-31": "569.90000", "2007-12-31": 613.3, "2007-09-30": 739.7, "2007-06-30": 411.1, "2007-03-31": "487.90000", "2006-12-31": 451.6, "2006-09-30": 674, "2006-06-30": 313.4, "2006-03-31": "382.50000", "2005-12-31": 479, "2005-09-30": 577, "2005-06-30": 303.4, "2005-03-31": "425.00000"}, "Net Change In Property, Plant, And Equipment": {"2020-12-31": -161, "2020-09-30": -90, "2020-06-30": -77, "2020-03-31": "-82.00000", "2019-12-31": -108, "2019-09-30": -80, "2019-06-30": -75, "2019-03-31": "-71.00000", "2018-12-31": -114, "2018-09-30": -105, "2018-06-30": -98, "2018-03-31": "-118.00000", "2017-12-31": -127, "2017-09-30": -153, "2017-06-30": -108, "2017-03-31": "-121.00000", "2016-12-31": -201, "2016-09-30": -84, "2016-06-30": -134, "2016-03-31": "-114.00000", "2015-12-31": -223, "2015-09-30": -179, "2015-06-30": -158, "2015-03-31": "-122.00000", "2014-12-31": -240, "2014-09-30": -179, "2014-06-30": -146, "2014-03-31": "-168.00000", "2013-12-31": -236, "2013-09-30": -176, "2013-06-30": -149, "2013-03-31": "-94.00000", "2012-12-31": -214, "2012-09-30": -90, "2012-06-30": -129, "2012-03-31": "-60.00000", "2011-12-31": -191, "2011-09-30": 142, "2011-06-30": -147, "2011-03-31": "-78.00000", "2010-12-31": -193, "2010-09-30": -111, "2010-06-30": -123, "2010-03-31": "-81.00000", "2009-12-31": -211, "2009-09-30": -137, "2009-06-30": -137, "2009-03-31": "-73.00000", "2008-12-31": -234, "2008-09-30": -175.3, "2008-06-30": -131.4, "2008-03-31": "-85.30000", "2007-12-31": -145.9, "2007-09-30": -127.5, "2007-06-30": -106.9, "2007-03-31": "-92.70000", "2006-12-31": -165.2, "2006-09-30": -115.1, "2006-06-30": -85, "2006-03-31": "-51.70000", "2005-12-31": 96.4, "2005-09-30": -98.6, "2005-06-30": -98.7, "2005-03-31": "-60.50000"}, "Net Change In Intangible Assets": {"2020-12-31": 0, "2020-09-30": 0, "2020-06-30": 0, "2020-03-31": "", "2019-12-31": 0, "2019-09-30": 0, "2019-06-30": 0, "2019-03-31": "", "2018-12-31": 0, "2018-09-30": 0, "2018-06-30": 0, "2018-03-31": "", "2017-12-31": 0, "2017-09-30": 0, "2017-06-30": 0, "2017-03-31": "", "2016-12-31": 0, "2016-09-30": 0, "2016-06-30": 0, "2016-03-31": "", "2015-12-31": 0, "2015-09-30": 0, "2015-06-30": 0, "2015-03-31": "", "2014-12-31": 0, "2014-09-30": 0, "2014-06-30": 0, "2014-03-31": "", "2013-12-31": 0, "2013-09-30": 0, "2013-06-30": 0, "2013-03-31": "", "2012-12-31": 0, "2012-09-30": 0, "2012-06-30": 0, "2012-03-31": "", "2011-12-31": 0, "2011-09-30": 0, "2011-06-30": 0, "2011-03-31": "", "2010-12-31": 0, "2010-09-30": 0, "2010-06-30": 0, "2010-03-31": "", "2009-12-31": 0, "2009-09-30": 0, "2009-06-30": 0, "2009-03-31": "", "2008-12-31": 0, "2008-09-30": 0, "2008-06-30": 0, "2008-03-31": "", "2007-12-31": 0, "2007-09-30": 0, "2007-06-30": 0, "2007-03-31": "", "2006-12-31": 0, "2006-09-30": 0, "2006-06-30": 0, "2006-03-31": "", "2005-12-31": 0, "2005-09-30": 0, "2005-06-30": 0, "2005-03-31": ""}, "Net Acquisitions/Divestitures": {"2020-12-31": -1, "2020-09-30": 0, "2020-06-30": -1, "2020-03-31": "-351.00000", "2019-12-31": 0, "2019-09-30": -1711, "2019-06-30": 0, "2019-03-31": "", "2018-12-31": 0, "2018-09-30": -1, "2018-06-30": 0, "2018-03-31": "-727.00000", "2017-12-31": 0, "2017-09-30": 0, "2017-06-30": 0, "2017-03-31": "", "2016-12-31": -5, "2016-09-30": 0, "2016-06-30": 0, "2016-03-31": "", "2015-12-31": 0, "2015-09-30": 208, "2015-06-30": 0, "2015-03-31": "", "2014-12-31": -62, "2014-09-30": 0, "2014-06-30": 0, "2014-03-31": "-25.00000", "2013-12-31": -3, "2013-09-30": 0, "2013-06-30": 0, "2013-03-31": "", "2012-12-31": 0, "2012-09-30": 0, "2012-06-30": -29, "2012-03-31": "", "2011-12-31": 6, "2011-09-30": -12, "2011-06-30": -960, "2011-03-31": "", "2010-12-31": 0, "2010-09-30": 0, "2010-06-30": 0, "2010-03-31": "", "2009-12-31": 0, "2009-09-30": -12, "2009-06-30": 8, "2009-03-31": "4.00000", "2008-12-31": 0, "2008-09-30": -44.9, "2008-06-30": 32.1, "2008-03-31": "12.80000", "2007-12-31": -106.5, "2007-09-30": -2.1, "2007-06-30": 2.4, "2007-03-31": "79.20000", "2006-12-31": -2.9, "2006-09-30": -92.9, "2006-06-30": -104.2, "2006-03-31": "", "2005-12-31": -117, "2005-09-30": 78.5, "2005-06-30": 0, "2005-03-31": ""}, "Net Change In Short-term Investments": {"2020-12-31": 48, "2020-09-30": -61, "2020-06-30": 20, "2020-03-31": "-26.00000", "2019-12-31": 85, "2019-09-30": -72, "2019-06-30": -39, "2019-03-31": "-27.00000", "2018-12-31": 118, "2018-09-30": -54, "2018-06-30": -39, "2018-03-31": "-38.00000", "2017-12-31": 196, "2017-09-30": -65, "2017-06-30": -50, "2017-03-31": "-37.00000", "2016-12-31": 155, "2016-09-30": -17, "2016-06-30": -66, "2016-03-31": "-30.00000", "2015-12-31": -42, "2015-09-30": 69, "2015-06-30": -28, "2015-03-31": "-142.00000", "2014-12-31": -102, "2014-09-30": 33, "2014-06-30": 89, "2014-03-31": "-77.00000", "2013-12-31": -25, "2013-09-30": -59, "2013-06-30": -9, "2013-03-31": "-145.00000", "2012-12-31": -17, "2012-09-30": -233, "2012-06-30": -129, "2012-03-31": "-19.00000", "2011-12-31": 2, "2011-09-30": -26, "2011-06-30": 104, "2011-03-31": "-13.00000", "2010-12-31": -24, "2010-09-30": -104, "2010-06-30": -6, "2010-03-31": "-7.00000", "2009-12-31": -142, "2009-09-30": -127, "2009-06-30": -7, "2009-03-31": "-13.00000", "2008-12-31": 9, "2008-09-30": 1, "2008-06-30": -9, "2008-03-31": "9.00000", "2007-12-31": -11, "2007-09-30": 0, "2007-06-30": 0, "2007-03-31": "", "2006-12-31": -1.2, "2006-09-30": 0, "2006-06-30": 0, "2006-03-31": "", "2005-12-31": -20, "2005-09-30": 0, "2005-06-30": 0, "2005-03-31": ""}, "Net Change In Long-Term Investments": {"2020-12-31": 0, "2020-09-30": 0, "2020-06-30": 0, "2020-03-31": "", "2019-12-31": 0, "2019-09-30": 0, "2019-06-30": 0, "2019-03-31": "", "2018-12-31": 0, "2018-09-30": 0, "2018-06-30": 0, "2018-03-31": "", "2017-12-31": 0, "2017-09-30": 0, "2017-06-30": 0, "2017-03-31": "", "2016-12-31": 0, "2016-09-30": 0, "2016-06-30": 0, "2016-03-31": "", "2015-12-31": 0, "2015-09-30": 0, "2015-06-30": 0, "2015-03-31": "", "2014-12-31": 0, "2014-09-30": 0, "2014-06-30": 0, "2014-03-31": "", "2013-12-31": 0, "2013-09-30": 0, "2013-06-30": 0, "2013-03-31": "", "2012-12-31": 0, "2012-09-30": 0, "2012-06-30": 0, "2012-03-31": "", "2011-12-31": 0, "2011-09-30": 0, "2011-06-30": 0, "2011-03-31": "", "2010-12-31": 0, "2010-09-30": 0, "2010-06-30": 0, "2010-03-31": "", "2009-12-31": 0, "2009-09-30": 0, "2009-06-30": 0, "2009-03-31": "", "2008-12-31": 0, "2008-09-30": 0, "2008-06-30": 0, "2008-03-31": "", "2007-12-31": 0, "2007-09-30": 0, "2007-06-30": 0, "2007-03-31": "", "2006-12-31": 0, "2006-09-30": 0, "2006-06-30": 0, "2006-03-31": "", "2005-12-31": 0, "2005-09-30": 0, "2005-06-30": 0, "2005-03-31": ""}, "Net Change In Investments - Total": {"2020-12-31": 48, "2020-09-30": -61, "2020-06-30": 20, "2020-03-31": "-26.00000", "2019-12-31": 85, "2019-09-30": -72, "2019-06-30": -39, "2019-03-31": "-27.00000", "2018-12-31": 118, "2018-09-30": -54, "2018-06-30": -39, "2018-03-31": "-38.00000", "2017-12-31": 196, "2017-09-30": -65, "2017-06-30": -50, "2017-03-31": "-37.00000", "2016-12-31": 155, "2016-09-30": -17, "2016-06-30": -66, "2016-03-31": "-30.00000", "2015-12-31": -42, "2015-09-30": 69, "2015-06-30": -28, "2015-03-31": "-142.00000", "2014-12-31": -102, "2014-09-30": 33, "2014-06-30": 89, "2014-03-31": "-77.00000", "2013-12-31": -25, "2013-09-30": -59, "2013-06-30": -9, "2013-03-31": "-145.00000", "2012-12-31": -17, "2012-09-30": -233, "2012-06-30": -129, "2012-03-31": "-19.00000", "2011-12-31": 2, "2011-09-30": -26, "2011-06-30": 104, "2011-03-31": "-13.00000", "2010-12-31": -24, "2010-09-30": -104, "2010-06-30": -6, "2010-03-31": "-7.00000", "2009-12-31": -142, "2009-09-30": -127, "2009-06-30": -7, "2009-03-31": "-13.00000", "2008-12-31": 9, "2008-09-30": 1, "2008-06-30": -9, "2008-03-31": "9.00000", "2007-12-31": -11, "2007-09-30": 0, "2007-06-30": 0, "2007-03-31": "", "2006-12-31": -1.2, "2006-09-30": 0, "2006-06-30": 0, "2006-03-31": "", "2005-12-31": -20, "2005-09-30": 0, "2005-06-30": 0, "2005-03-31": ""}, "Investing Activities - Other": {"2020-12-31": 3, "2020-09-30": 0, "2020-06-30": 0, "2020-03-31": "", "2019-12-31": -1, "2019-09-30": 0, "2019-06-30": 0, "2019-03-31": "", "2018-12-31": 0, "2018-09-30": -1, "2018-06-30": 5, "2018-03-31": "2.00000", "2017-12-31": -8, "2017-09-30": -2, "2017-06-30": 4, "2017-03-31": "", "2016-12-31": -3, "2016-09-30": -4, "2016-06-30": 4, "2016-03-31": "", "2015-12-31": -76, "2015-09-30": -4, "2015-06-30": 5, "2015-03-31": "7.00000", "2014-12-31": 0, "2014-09-30": 5, "2014-06-30": -8, "2014-03-31": "21.00000", "2013-12-31": 2, "2013-09-30": 5, "2013-06-30": -8, "2013-03-31": "7.00000", "2012-12-31": -10, "2012-09-30": 20, "2012-06-30": 7, "2012-03-31": "38.00000", "2011-12-31": -32, "2011-09-30": 9, "2011-06-30": -37, "2011-03-31": "20.00000", "2010-12-31": -3, "2010-09-30": -8, "2010-06-30": 1, "2010-03-31": "1.00000", "2009-12-31": -4, "2009-09-30": 9, "2009-06-30": 1, "2009-03-31": "", "2008-12-31": -47, "2008-09-30": 49.2, "2008-06-30": 1.2, "2008-03-31": "-0.40000", "2007-12-31": 39, "2007-09-30": -42.8, "2007-06-30": -7.2, "2007-03-31": "-6.00000", "2006-12-31": 19.2, "2006-09-30": -10.3, "2006-06-30": -7.3, "2006-03-31": "-3.80000", "2005-12-31": -3.1, "2005-09-30": 7.2, "2005-06-30": -2.5, "2005-03-31": "-2.40000"}, "Cash Flow From Investing Activities": {"2020-12-31": -111, "2020-09-30": -151, "2020-06-30": -58, "2020-03-31": "-459.00000", "2019-12-31": -24, "2019-09-30": -1863, "2019-06-30": -114, "2019-03-31": "-98.00000", "2018-12-31": 4, "2018-09-30": -161, "2018-06-30": -132, "2018-03-31": "-881.00000", "2017-12-31": 61, "2017-09-30": -220, "2017-06-30": -154, "2017-03-31": "-158.00000", "2016-12-31": -54, "2016-09-30": -105, "2016-06-30": -196, "2016-03-31": "-144.00000", "2015-12-31": -341, "2015-09-30": 94, "2015-06-30": -181, "2015-03-31": "-257.00000", "2014-12-31": -404, "2014-09-30": -141, "2014-06-30": -65, "2014-03-31": "-249.00000", "2013-12-31": -262, "2013-09-30": -230, "2013-06-30": -166, "2013-03-31": "-232.00000", "2012-12-31": -241, "2012-09-30": -303, "2012-06-30": -280, "2012-03-31": "-41.00000", "2011-12-31": -215, "2011-09-30": 113, "2011-06-30": -1040, "2011-03-31": "-71.00000", "2010-12-31": -220, "2010-09-30": -223, "2010-06-30": -128, "2010-03-31": "-87.00000", "2009-12-31": -357, "2009-09-30": -267, "2009-06-30": -135, "2009-03-31": "-82.00000", "2008-12-31": -272, "2008-09-30": -170, "2008-06-30": -107.1, "2008-03-31": "-63.90000", "2007-12-31": -224.4, "2007-09-30": -172.4, "2007-06-30": -111.7, "2007-03-31": "-19.50000", "2006-12-31": -150.1, "2006-09-30": -218.3, "2006-06-30": -196.5, "2006-03-31": "-55.50000", "2005-12-31": -43.7, "2005-09-30": -12.9, "2005-06-30": -101.2, "2005-03-31": "-62.90000"}, "Net Long-Term Debt": {"2020-12-31": 205, "2020-09-30": -287, "2020-06-30": -470, "2020-03-31": "-12.00000", "2019-12-31": -376, "2019-09-30": 1561, "2019-06-30": -39, "2019-03-31": "302.00000", "2018-12-31": -237, "2018-09-30": -255, "2018-06-30": 166, "2018-03-31": "147.00000", "2017-12-31": 44, "2017-09-30": 7, "2017-06-30": -13, "2017-03-31": "-67.00000", "2016-12-31": 163, "2016-09-30": -44, "2016-06-30": 63, "2016-03-31": "-18.00000", "2015-12-31": -181, "2015-09-30": 94, "2015-06-30": 574, "2015-03-31": "-66.00000", "2014-12-31": 58, "2014-09-30": -48, "2014-06-30": -597, "2014-03-31": "1022.00000", "2013-12-31": 363, "2013-09-30": -319, "2013-06-30": 261, "2013-03-31": "117.00000", "2012-12-31": -6, "2012-09-30": -119, "2012-06-30": 396, "2012-03-31": "170.00000", "2011-12-31": 60, "2011-09-30": -210, "2011-06-30": 1172, "2011-03-31": "392.00000", "2010-12-31": 56, "2010-09-30": -3, "2010-06-30": 281, "2010-03-31": "-38.00000", "2009-12-31": -76, "2009-09-30": -543, "2009-06-30": 153, "2009-03-31": "-60.00000", "2008-12-31": 172, "2008-09-30": -139.1, "2008-06-30": 47.9, "2008-03-31": "114.20000", "2007-12-31": -119.5, "2007-09-30": -169.9, "2007-06-30": 125.8, "2007-03-31": "-61.40000", "2006-12-31": 33.7, "2006-09-30": -6.6001, "2006-06-30": 65.2001, "2006-03-31": "46.80000", "2005-12-31": -82, "2005-09-30": -309, "2005-06-30": 168.6, "2005-03-31": "144.00000"}, "Net Current Debt": {"2020-12-31": 0, "2020-09-30": 0, "2020-06-30": 0, "2020-03-31": "", "2019-12-31": 0, "2019-09-30": 0, "2019-06-30": 0, "2019-03-31": "", "2018-12-31": 0, "2018-09-30": 0, "2018-06-30": 0, "2018-03-31": "", "2017-12-31": 0, "2017-09-30": 0, "2017-06-30": 0, "2017-03-31": "", "2016-12-31": 0, "2016-09-30": 0, "2016-06-30": 0, "2016-03-31": "", "2015-12-31": 0, "2015-09-30": 0, "2015-06-30": 0, "2015-03-31": "", "2014-12-31": 0, "2014-09-30": 0, "2014-06-30": 0, "2014-03-31": "", "2013-12-31": 0, "2013-09-30": 0, "2013-06-30": 0, "2013-03-31": "", "2012-12-31": 0, "2012-09-30": 0, "2012-06-30": 0, "2012-03-31": "", "2011-12-31": 0, "2011-09-30": 0, "2011-06-30": 0, "2011-03-31": "", "2010-12-31": 0, "2010-09-30": 0, "2010-06-30": 0, "2010-03-31": "", "2009-12-31": 0, "2009-09-30": 0, "2009-06-30": 0, "2009-03-31": "", "2008-12-31": 0, "2008-09-30": 0, "2008-06-30": 0, "2008-03-31": "", "2007-12-31": 0, "2007-09-30": 0, "2007-06-30": 0, "2007-03-31": "", "2006-12-31": 0, "2006-09-30": 0, "2006-06-30": 0, "2006-03-31": "", "2005-12-31": 0, "2005-09-30": 0, "2005-06-30": 0, "2005-03-31": ""}, "Debt Issuance/Retirement Net - Total": {"2020-12-31": 205, "2020-09-30": -287, "2020-06-30": -470, "2020-03-31": "-12.00000", "2019-12-31": -376, "2019-09-30": 1561, "2019-06-30": -39, "2019-03-31": "302.00000", "2018-12-31": -237, "2018-09-30": -255, "2018-06-30": 166, "2018-03-31": "147.00000", "2017-12-31": 44, "2017-09-30": 7, "2017-06-30": -13, "2017-03-31": "-67.00000", "2016-12-31": 163, "2016-09-30": -44, "2016-06-30": 63, "2016-03-31": "-18.00000", "2015-12-31": -181, "2015-09-30": 94, "2015-06-30": 574, "2015-03-31": "-66.00000", "2014-12-31": 58, "2014-09-30": -48, "2014-06-30": -597, "2014-03-31": "1022.00000", "2013-12-31": 363, "2013-09-30": -319, "2013-06-30": 261, "2013-03-31": "117.00000", "2012-12-31": -6, "2012-09-30": -119, "2012-06-30": 396, "2012-03-31": "170.00000", "2011-12-31": 60, "2011-09-30": -210, "2011-06-30": 1172, "2011-03-31": "392.00000", "2010-12-31": 56, "2010-09-30": -3, "2010-06-30": 281, "2010-03-31": "-38.00000", "2009-12-31": -76, "2009-09-30": -543, "2009-06-30": 153, "2009-03-31": "-60.00000", "2008-12-31": 172, "2008-09-30": -139.1, "2008-06-30": 47.9, "2008-03-31": "114.20000", "2007-12-31": -119.5, "2007-09-30": -169.9, "2007-06-30": 125.8, "2007-03-31": "-61.40000", "2006-12-31": 33.7, "2006-09-30": -6.6001, "2006-06-30": 65.2001, "2006-03-31": "46.80000", "2005-12-31": -82, "2005-09-30": -309, "2005-06-30": 168.6, "2005-03-31": "144.00000"}, "Net Common Equity Issued/Repurchased": {"2020-12-31": -664, "2020-09-30": -63, "2020-06-30": 48, "2020-03-31": "77.00000", "2019-12-31": -170, "2019-09-30": -137, "2019-06-30": -69, "2019-03-31": "-328.00000", "2018-12-31": -272, "2018-09-30": -101, "2018-06-30": -304, "2018-03-31": "-232.00000", "2017-12-31": -268, "2017-09-30": -301, "2017-06-30": -215, "2017-03-31": "-108.00000", "2016-12-31": -394, "2016-09-30": -287, "2016-06-30": -125, "2016-03-31": "-83.00000", "2015-12-31": -309, "2015-09-30": -320, "2015-06-30": -329, "2015-03-31": "-246.00000", "2014-12-31": -335, "2014-09-30": -231, "2014-06-30": -190, "2014-03-31": "-403.00000", "2013-12-31": -343, "2013-09-30": -240, "2013-06-30": -310, "2013-03-31": "-289.00000", "2012-12-31": -511, "2012-09-30": -251, "2012-06-30": -346, "2012-03-31": "-357.00000", "2011-12-31": -383, "2011-09-30": -273, "2011-06-30": -249, "2011-03-31": "-548.00000", "2010-12-31": -597, "2010-09-30": -344, "2010-06-30": -420, "2010-03-31": "-417.00000", "2009-12-31": -295, "2009-09-30": -164, "2009-06-30": -112, "2009-03-31": "-192.00000", "2008-12-31": -227, "2008-09-30": -184.1, "2008-06-30": -196.8, "2008-03-31": "-228.10000", "2007-12-31": -227.1, "2007-09-30": -135.9, "2007-06-30": -161.4, "2007-03-31": "-255.60000", "2006-12-31": -177.5, "2006-09-30": -207.1, "2006-06-30": 47, "2006-03-31": "-182.70000", "2005-12-31": -132.7, "2005-09-30": -122.2, "2005-06-30": -222.3, "2005-03-31": "-271.90000"}, "Net Total Equity Issued/Repurchased": {"2020-12-31": -664, "2020-09-30": -63, "2020-06-30": 48, "2020-03-31": "77.00000", "2019-12-31": -170, "2019-09-30": -137, "2019-06-30": -69, "2019-03-31": "-328.00000", "2018-12-31": -272, "2018-09-30": -101, "2018-06-30": -304, "2018-03-31": "-232.00000", "2017-12-31": -268, "2017-09-30": -301, "2017-06-30": -215, "2017-03-31": "-108.00000", "2016-12-31": -394, "2016-09-30": -287, "2016-06-30": -125, "2016-03-31": "-83.00000", "2015-12-31": -309, "2015-09-30": -320, "2015-06-30": -329, "2015-03-31": "-246.00000", "2014-12-31": -335, "2014-09-30": -231, "2014-06-30": -190, "2014-03-31": "-403.00000", "2013-12-31": -343, "2013-09-30": -240, "2013-06-30": -310, "2013-03-31": "-289.00000", "2012-12-31": -511, "2012-09-30": -251, "2012-06-30": -346, "2012-03-31": "-357.00000", "2011-12-31": -383, "2011-09-30": -273, "2011-06-30": -249, "2011-03-31": "-548.00000", "2010-12-31": -597, "2010-09-30": -344, "2010-06-30": -420, "2010-03-31": "-417.00000", "2009-12-31": -295, "2009-09-30": -164, "2009-06-30": -112, "2009-03-31": "-192.00000", "2008-12-31": -227, "2008-09-30": -184.1, "2008-06-30": -196.8, "2008-03-31": "-228.10000", "2007-12-31": -227.1, "2007-09-30": -135.9, "2007-06-30": -161.4, "2007-03-31": "-255.60000", "2006-12-31": -177.5, "2006-09-30": -207.1, "2006-06-30": 47, "2006-03-31": "-182.70000", "2005-12-31": -132.7, "2005-09-30": -122.2, "2005-06-30": -222.3, "2005-03-31": "-271.90000"}, "Total Common And Preferred Stock Dividends Paid": {"2020-12-31": -492, "2020-09-30": -378, "2020-06-30": -411, "2020-03-31": "-373.00000", "2019-12-31": -474, "2019-09-30": -370, "2019-06-30": -404, "2019-03-31": "-366.00000", "2018-12-31": -469, "2018-09-30": -366, "2018-06-30": -404, "2018-03-31": "-352.00000", "2017-12-31": -459, "2017-09-30": -354, "2017-06-30": -371, "2017-03-31": "-345.00000", "2016-12-31": -455, "2016-09-30": -349, "2016-06-30": -364, "2016-03-31": "-340.00000", "2015-12-31": -460, "2015-09-30": -344, "2015-06-30": -360, "2015-03-31": "-329.00000", "2014-12-31": -456, "2014-09-30": -328, "2014-06-30": -346, "2014-03-31": "-316.00000", "2013-12-31": -352, "2013-09-30": -405, "2013-06-30": -335, "2013-03-31": "-290.00000", "2012-12-31": -326, "2012-09-30": -358, "2012-06-30": -315, "2012-03-31": "-278.00000", "2011-12-31": -353, "2011-09-30": -282, "2011-06-30": -307, "2011-03-31": "-261.00000", "2010-12-31": -338, "2010-09-30": -284, "2010-06-30": -298, "2010-03-31": "-222.00000", "2009-12-31": -279, "2009-09-30": -248, "2009-06-30": -251, "2009-03-31": "-203.00000", "2008-12-31": -262, "2008-09-30": -217.3, "2008-06-30": -224.1, "2008-03-31": "-185.60000", "2007-12-31": -247.6, "2007-09-30": -186.2, "2007-06-30": -197.4, "2007-03-31": "-166.80000", "2006-12-31": -180.4, "2006-09-30": -167.5, "2006-06-30": -178.3, "2006-03-31": "-151.60000", "2005-12-31": -164.1, "2005-09-30": -151.9, "2005-06-30": -163.7, "2005-03-31": "-127.50000"}, "Financial Activities - Other": {"2020-12-31": 0, "2020-09-30": -99, "2020-06-30": 0, "2020-03-31": "", "2019-12-31": 0, "2019-09-30": 0, "2019-06-30": 0, "2019-03-31": "", "2018-12-31": 0, "2018-09-30": 0, "2018-06-30": 0, "2018-03-31": "", "2017-12-31": 0, "2017-09-30": 0, "2017-06-30": 0, "2017-03-31": "", "2016-12-31": 0, "2016-09-30": 0, "2016-06-30": 0, "2016-03-31": "", "2015-12-31": 0, "2015-09-30": 0, "2015-06-30": 0, "2015-03-31": "", "2014-12-31": 0, "2014-09-30": 0, "2014-06-30": 0, "2014-03-31": "", "2013-12-31": 0, "2013-09-30": 0, "2013-06-30": 0, "2013-03-31": "", "2012-12-31": 0, "2012-09-30": 0, "2012-06-30": 0, "2012-03-31": "", "2011-12-31": 0, "2011-09-30": 0, "2011-06-30": 0, "2011-03-31": "", "2010-12-31": 0, "2010-09-30": 0, "2010-06-30": 0, "2010-03-31": "", "2009-12-31": 0, "2009-09-30": 0, "2009-06-30": 0, "2009-03-31": "", "2008-12-31": 0, "2008-09-30": 0, "2008-06-30": 0, "2008-03-31": "", "2007-12-31": 0, "2007-09-30": 0, "2007-06-30": 0, "2007-03-31": "", "2006-12-31": 0, "2006-09-30": 0, "2006-06-30": 0, "2006-03-31": "", "2005-12-31": -89.7, "2005-09-30": 0, "2005-06-30": 0, "2005-03-31": ""}, "Cash Flow From Financial Activities": {"2020-12-31": -951, "2020-09-30": -827, "2020-06-30": -833, "2020-03-31": "-308.00000", "2019-12-31": -1020, "2019-09-30": 1054, "2019-06-30": -512, "2019-03-31": "-392.00000", "2018-12-31": -978, "2018-09-30": -722, "2018-06-30": -542, "2018-03-31": "-437.00000", "2017-12-31": -683, "2017-09-30": -648, "2017-06-30": -599, "2017-03-31": "-520.00000", "2016-12-31": -686, "2016-09-30": -680, "2016-06-30": -426, "2016-03-31": "-441.00000", "2015-12-31": -950, "2015-09-30": -570, "2015-06-30": -115, "2015-03-31": "-641.00000", "2014-12-31": -733, "2014-09-30": -607, "2014-06-30": -1133, "2014-03-31": "303.00000", "2013-12-31": -332, "2013-09-30": -964, "2013-06-30": -384, "2013-03-31": "-462.00000", "2012-12-31": -843, "2012-09-30": -728, "2012-06-30": -265, "2012-03-31": "-465.00000", "2011-12-31": -676, "2011-09-30": -765, "2011-06-30": 616, "2011-03-31": "-417.00000", "2010-12-31": -879, "2010-09-30": -631, "2010-06-30": -437, "2010-03-31": "-677.00000", "2009-12-31": -650, "2009-09-30": -955, "2009-06-30": -210, "2009-03-31": "-455.00000", "2008-12-31": -317, "2008-09-30": -540.5, "2008-06-30": -373, "2008-03-31": "-299.50000", "2007-12-31": -594.2, "2007-09-30": -492, "2007-06-30": -233, "2007-03-31": "-483.80000", "2006-12-31": -324.2, "2006-09-30": -381.2, "2006-06-30": -66.1, "2006-03-31": "-287.50000", "2005-12-31": -468.5, "2005-09-30": -583.1, "2005-06-30": -217.4, "2005-03-31": "-255.40000"}, "Net Cash Flow": {"2020-12-31": -101, "2020-09-30": -8, "2020-06-30": 143, "2020-03-31": "-29.00000", "2019-12-31": -65, "2019-09-30": 85, "2019-06-30": 20, "2019-03-31": "117.00000", "2018-12-31": -115, "2018-09-30": 8, "2018-06-30": -18, "2018-03-31": "-684.00000", "2017-12-31": 155, "2017-09-30": 139, "2017-06-30": -106, "2017-03-31": "32.00000", "2016-12-31": 17, "2016-09-30": 213, "2016-06-30": 71, "2016-03-31": "44.00000", "2015-12-31": -475, "2015-09-30": 386, "2015-06-30": 200, "2015-03-31": "-230.00000", "2014-12-31": -266, "2014-09-30": 194, "2014-06-30": -634, "2014-03-31": "833.00000", "2013-12-31": 241, "2013-09-30": -163, "2013-06-30": -48, "2013-03-31": "48.00000", "2012-12-31": -25, "2012-09-30": -86, "2012-06-30": -49, "2012-03-31": "166.00000", "2011-12-31": -67, "2011-09-30": 206, "2011-06-30": 53, "2011-03-31": "196.00000", "2010-12-31": -164, "2010-09-30": 99, "2010-06-30": -6, "2010-03-31": "-39.00000", "2009-12-31": -247, "2009-09-30": -49, "2009-06-30": 194, "2009-03-31": "147.00000", "2008-12-31": -80, "2008-09-30": 11.9, "2008-06-30": -19.3, "2008-03-31": "213.40000", "2007-12-31": -199.9, "2007-09-30": 81.5, "2007-06-30": 72.5, "2007-03-31": "-15.10000", "2006-12-31": -13.4, "2006-09-30": 72.5, "2006-06-30": 47.6, "2006-03-31": "42.10000", "2005-12-31": -35.6, "2005-09-30": -15.8, "2005-06-30": -21.8, "2005-03-31": "94.30000"}, "Stock-Based Compensation": {"2020-12-31": 22, "2020-09-30": 53, "2020-06-30": 16, "2020-03-31": "16.00000", "2019-12-31": 17, "2019-09-30": 49, "2019-06-30": 17, "2019-03-31": "17.00000", "2018-12-31": 12, "2018-09-30": 50, "2018-06-30": 19, "2018-03-31": "28.00000", "2017-12-31": 21, "2017-09-30": 53, "2017-06-30": 18, "2017-03-31": "35.00000", "2016-12-31": 21, "2016-09-30": 54, "2016-06-30": 17, "2016-03-31": "31.00000", "2015-12-31": 21, "2015-09-30": 53, "2015-06-30": 19, "2015-03-31": "32.00000", "2014-12-31": 22, "2014-09-30": 55, "2014-06-30": 20, "2014-03-31": "34.00000", "2013-12-31": 23, "2013-09-30": 53, "2013-06-30": 20, "2013-03-31": "32.00000", "2012-12-31": 22, "2012-09-30": 50, "2012-06-30": 19, "2012-03-31": "29.00000", "2011-12-31": 20, "2011-09-30": 46, "2011-06-30": 18, "2011-03-31": "38.00000", "2010-12-31": 20, "2010-09-30": 41, "2010-06-30": 19, "2010-03-31": "41.00000", "2009-12-31": 20, "2009-09-30": 41, "2009-06-30": 17, "2009-03-31": "39.00000", "2008-12-31": 18, "2008-09-30": 39.3, "2008-06-30": 15.6, "2008-03-31": "27.10000", "2007-12-31": 16.9, "2007-09-30": 40.8, "2007-06-30": 19.6, "2007-03-31": "32.70000", "2006-12-31": 25.2, "2006-09-30": 40.7, "2006-06-30": 22.2, "2006-03-31": "28.80000", "2005-12-31": 11.3, "2005-09-30": 10.8, "2005-06-30": 8.8, "2005-03-31": "10.20000"}, "Common Stock Dividends Paid": {"2020-12-31": -492, "2020-09-30": -378, "2020-06-30": -411, "2020-03-31": "-373.00000", "2019-12-31": -474, "2019-09-30": -370, "2019-06-30": -404, "2019-03-31": "-366.00000", "2018-12-31": -469, "2018-09-30": -366, "2018-06-30": -404, "2018-03-31": "-352.00000", "2017-12-31": -459, "2017-09-30": -354, "2017-06-30": -371, "2017-03-31": "-345.00000", "2016-12-31": -455, "2016-09-30": -349, "2016-06-30": -364, "2016-03-31": "-340.00000", "2015-12-31": -460, "2015-09-30": -344, "2015-06-30": -360, "2015-03-31": "-329.00000", "2014-12-31": -456, "2014-09-30": -328, "2014-06-30": -346, "2014-03-31": "-316.00000", "2013-12-31": -352, "2013-09-30": -405, "2013-06-30": -335, "2013-03-31": "-290.00000", "2012-12-31": -326, "2012-09-30": -358, "2012-06-30": -315, "2012-03-31": "-278.00000", "2011-12-31": -353, "2011-09-30": -282, "2011-06-30": -307, "2011-03-31": "-261.00000", "2010-12-31": -338, "2010-09-30": -284, "2010-06-30": -298, "2010-03-31": "-222.00000", "2009-12-31": -279, "2009-09-30": -248, "2009-06-30": -251, "2009-03-31": "-203.00000", "2008-12-31": -262, "2008-09-30": -217.3, "2008-06-30": -224.1, "2008-03-31": "-185.60000", "2007-12-31": -247.6, "2007-09-30": -186.2, "2007-06-30": -197.4, "2007-03-31": "-166.80000", "2006-12-31": -180.4, "2006-09-30": -167.5, "2006-06-30": -178.3, "2006-03-31": "-151.60000", "2005-12-31": -164.1, "2005-09-30": -151.9, "2005-06-30": -163.7, "2005-03-31": "-127.50000"}}, "financial ratios": {"Current Ratio": {"2019-12-31": "1.03490", "2018-12-31": "1.13530", "2017-12-31": "1.36120", "2016-12-31": "1.31260", "2015-12-31": "1.24050", "2014-12-31": "1.23240", "2013-12-31": "1.07690", "2012-12-31": "1.21950", "2011-12-31": "1.18460", "2010-12-31": "1.00050", "2009-12-31": "1.05860", "2008-12-31": "1.25680", "2007-12-31": "1.14410", "2006-12-31": "0.95150", "2005-12-31": "1.00510"}, "Long-term Debt / Capital": {"2019-12-31": "0.92930", "2018-12-31": "0.96990", "2017-12-31": "0.96430", "2016-12-31": "0.99740", "2015-12-31": "1.00710", "2014-12-31": "0.80300", "2013-12-31": "0.65190", "2012-12-31": "0.67330", "2011-12-31": "0.63550", "2010-12-31": "0.49980", "2009-12-31": "0.46410", "2008-12-31": "0.63690", "2007-12-31": "0.58490", "2006-12-31": "0.65850", "2005-12-31": "0.68370"}, "Debt/Equity Ratio": {"2019-12-31": "14.06270", "2018-12-31": "32.31470", "2017-12-31": "27.06580", "2016-12-31": "384.29410", "2015-12-31": "-148.81820", "2014-12-31": "4.43900", "2013-12-31": "2.23070", "2012-12-31": "2.18830", "2011-12-31": "1.89300", "2010-12-31": "1.21550", "2009-12-31": "0.97700", "2008-12-31": "1.85080", "2007-12-31": "1.53790", "2006-12-31": "2.60200", "2005-12-31": "2.55260"}, "Gross Margin": {"2019-12-31": "59.42140", "2018-12-31": "59.38630", "2017-12-31": "60.04920", "2016-12-31": "60.03950", "2015-12-31": "58.61920", "2014-12-31": "58.51130", "2013-12-31": "58.55910", "2012-12-31": "58.13290", "2011-12-31": "57.30850", "2010-12-31": "59.13650", "2009-12-31": "58.77210", "2008-12-31": "56.26880", "2007-12-31": "56.17840", "2006-12-31": "54.76190", "2005-12-31": "54.44460"}, "Operating Margin": {"2019-12-31": "22.64700", "2018-12-31": "23.76480", "2017-12-31": "23.98730", "2016-12-31": "26.02830", "2015-12-31": "17.39430", "2014-12-31": "20.58810", "2013-12-31": "20.41330", "2012-12-31": "22.76270", "2011-12-31": "22.95330", "2010-12-31": "22.41710", "2009-12-31": "23.58580", "2008-12-31": "20.22830", "2007-12-31": "19.72440", "2006-12-31": "17.65450", "2005-12-31": "19.43510"}, "EBIT Margin": {"2019-12-31": "22.64700", "2018-12-31": "23.76480", "2017-12-31": "23.98730", "2016-12-31": "26.02830", "2015-12-31": "17.39430", "2014-12-31": "20.58810", "2013-12-31": "20.41330", "2012-12-31": "22.76270", "2011-12-31": "22.95330", "2010-12-31": "22.41710", "2009-12-31": "23.58580", "2008-12-31": "20.22830", "2007-12-31": "19.72440", "2006-12-31": "17.65450", "2005-12-31": "19.43510"}, "EBITDA Margin": {"2019-12-31": "25.95430", "2018-12-31": "27.05220", "2017-12-31": "27.06100", "2016-12-31": "28.94370", "2015-12-31": "20.19460", "2014-12-31": "23.14640", "2013-12-31": "22.93340", "2012-12-31": "25.25020", "2011-12-31": "25.46910", "2010-12-31": "24.83300", "2009-12-31": "25.87590", "2008-12-31": "22.49840", "2007-12-31": "22.14650", "2006-12-31": "20.34040", "2005-12-31": "22.32450"}, "Pre-Tax Profit Margin": {"2019-12-31": "21.03490", "2018-12-31": "22.28510", "2017-12-31": "22.56370", "2016-12-31": "24.60020", "2015-12-31": "17.23210", "2014-12-31": "20.44920", "2013-12-31": "20.46500", "2012-12-31": "22.67490", "2011-12-31": "22.64250", "2010-12-31": "22.03800", "2009-12-31": "23.08350", "2008-12-31": "19.60210", "2007-12-31": "18.58590", "2006-12-31": "16.35770", "2005-12-31": "18.24180"}, "Net Profit Margin": {"2019-12-31": "15.08320", "2018-12-31": "15.44000", "2017-12-31": "13.09690", "2016-12-31": "16.06450", "2015-12-31": "8.63170", "2014-12-31": "12.61790", "2013-12-31": "12.86450", "2012-12-31": "14.46880", "2011-12-31": "14.52730", "2010-12-31": "13.93600", "2009-12-31": "14.94750", "2008-12-31": "12.76580", "2007-12-31": "12.59610", "2006-12-31": "11.05930", "2005-12-31": "11.85760"}, "Asset Turnover": {"2019-12-31": "1.04380", "2018-12-31": "1.27820", "2017-12-31": "1.21920", "2016-12-31": "1.25340", "2015-12-31": "1.34340", "2014-12-31": "1.28370", "2013-12-31": "1.24560", "2012-12-31": "1.27560", "2011-12-31": "1.31520", "2010-12-31": "1.39310", "2009-12-31": "1.37660", "2008-12-31": "1.53620", "2007-12-31": "1.36370", "2006-12-31": "1.33920", "2005-12-31": "1.33970"}, "Inventory Turnover Ratio": {"2019-12-31": "4.54860", "2018-12-31": "5.05040", "2017-12-31": "5.05650", "2016-12-31": "5.18530", "2015-12-31": "5.62290", "2014-12-31": "5.18670", "2013-12-31": "5.06600", "2012-12-31": "5.24030", "2011-12-31": "5.38360", "2010-12-31": "5.20460", "2009-12-31": "5.22660", "2008-12-31": "5.60070", "2007-12-31": "5.16050", "2006-12-31": "5.49000", "2005-12-31": "6.06670"}, "Receiveable Turnover": {"2019-12-31": "10.89790", "2018-12-31": "11.10290", "2017-12-31": "10.44190", "2016-12-31": "10.76900", "2015-12-31": "11.23620", "2014-12-31": "11.13210", "2013-12-31": "10.64790", "2012-12-31": "10.24280", "2011-12-31": "9.99040", "2010-12-31": "9.66710", "2009-12-31": "9.42620", "2008-12-31": "9.62940", "2007-12-31": "8.20490", "2006-12-31": "8.03420", "2005-12-31": "8.70390"}, "Days Sales In Receivables": {"2019-12-31": "33.49260", "2018-12-31": "32.87440", "2017-12-31": "34.95540", "2016-12-31": "33.89370", "2015-12-31": "32.48440", "2014-12-31": "32.78810", "2013-12-31": "34.27900", "2012-12-31": "35.63480", "2011-12-31": "36.53490", "2010-12-31": "37.75700", "2009-12-31": "38.72190", "2008-12-31": "37.90480", "2007-12-31": "44.48550", "2006-12-31": "45.43080", "2005-12-31": "41.93520"}, "ROE - Return On Equity": {"2019-12-31": "452.86740", "2018-12-31": "1298.47700", "2017-12-31": "894.65010", "2016-12-31": "15211.76000", "2015-12-31": "-3518.18200", "2014-12-31": "168.88090", "2013-12-31": "95.03160", "2012-12-31": "110.08370", "2011-12-31": "100.51160", "2010-12-31": "82.10860", "2009-12-31": "77.62310", "2008-12-31": "109.33980", "2007-12-31": "86.36950", "2006-12-31": "113.90340", "2005-12-31": "123.25800"}, "Return On Tangible Equity": {"2019-12-31": "-44.98840", "2018-12-31": "-64.43330", "2017-12-31": "-65.56090", "2016-12-31": "-75.99180", "2015-12-31": "-44.31720", "2014-12-31": "-100.17130", "2013-12-31": "-168.06140", "2012-12-31": "-163.51770", "2011-12-31": "-175.29170", "2010-12-31": "-615.15950", "2009-12-31": "1788.80600", "2008-12-31": "-216.24200", "2007-12-31": "-217.19240", "2006-12-31": "-90.10650", "2005-12-31": "-105.67720"}, "ROA - Return On Assets": {"2019-12-31": "16.80860", "2018-12-31": "21.03450", "2017-12-31": "17.15050", "2016-12-31": "21.33140", "2015-12-31": "12.97030", "2014-12-31": "17.37870", "2013-12-31": "17.23280", "2012-12-31": "19.64310", "2011-12-31": "20.07230", "2010-12-31": "20.70350", "2009-12-31": "21.52870", "2008-12-31": "20.41290", "2007-12-31": "17.84020", "2006-12-31": "14.81070", "2005-12-31": "15.88560"}, "ROI - Return On Investment": {"2019-12-31": "32.02380", "2018-12-31": "39.04750", "2017-12-31": "31.92830", "2016-12-31": "39.55940", "2015-12-31": "24.95970", "2014-12-31": "33.27640", "2013-12-31": "33.08170", "2012-12-31": "35.96230", "2011-12-31": "36.63750", "2010-12-31": "41.06890", "2009-12-31": "39.43730", "2008-12-31": "36.18760", "2007-12-31": "32.75180", "2006-12-31": "32.75970", "2005-12-31": "31.66280"}, "Book Value Per Share": {"2019-12-31": "0.65290", "2018-12-31": "0.22830", "2017-12-31": "0.27780", "2016-12-31": "0.01930", "2015-12-31": "-0.04930", "2014-12-31": "1.52750", "2013-12-31": "2.75670", "2012-12-31": "2.55420", "2011-12-31": "2.64680", "2010-12-31": "2.84630", "2009-12-31": "3.29550", "2008-12-31": "2.03820", "2007-12-31": "2.24560", "2006-12-31": "1.37610", "2005-12-31": "1.30780"}, "Operating Cash Flow Per Share": {"2019-12-31": 0.1378, "2018-12-31": 0.0606, "2017-12-31": -0.0562, "2016-12-31": 0.2545, "2015-12-31": -0.3264, "2014-12-31": 0.1592, "2013-12-31": 0.0804, "2012-12-31": 0.3857, "2011-12-31": -0.1997, "2010-12-31": 0.0192, "2009-12-31": 0.9719, "2008-12-31": 0.0804, "2007-12-31": 0.4166, "2006-12-31": 0.0512, "2005-12-31": 1.6032}, "Free Cash Flow Per Share": {"2019-12-31": 0.2482, "2018-12-31": 0.1357, "2017-12-31": -0.0363, "2016-12-31": 0.4109, "2015-12-31": -0.2831, "2014-12-31": 0.0631, "2013-12-31": -0.103, "2012-12-31": 0.1506, "2011-12-31": 0.0191, "2010-12-31": 0.0538, "2009-12-31": 1.0251, "2008-12-31": -0.0696, "2007-12-31": 0.3603, "2006-12-31": -0.1825, "2005-12-31": 1.4582}}, "financial ratios, quarterly": {"Current Ratio": {"2020-09-30": "0.97460", "2020-06-30": "0.91970", "2020-03-31": "0.95610", "2019-12-31": "1.03490", "2019-09-30": "1.02790", "2019-06-30": "1.12510", "2019-03-31": "1.06930", "2018-12-31": "1.13530", "2018-09-30": "1.10520", "2018-06-30": "1.05830", "2018-03-31": "1.07840", "2017-12-31": "1.36120", "2017-09-30": "1.22890", "2017-06-30": "1.20500", "2017-03-31": "1.20660", "2016-12-31": "1.31260", "2016-09-30": "1.02340", "2016-06-30": "0.98780", "2016-03-31": "1.00610", "2015-12-31": "1.24050", "2015-09-30": "1.29260", "2015-06-30": "1.18590", "2015-03-31": "1.08720", "2014-12-31": "1.23240", "2014-09-30": "1.17430", "2014-06-30": "1.27410", "2014-03-31": "1.20740", "2013-12-31": "1.07690", "2013-09-30": "1.02430", "2013-06-30": "1.09520", "2013-03-31": "1.18020", "2012-12-31": "1.21950", "2012-09-30": "1.28680", "2012-06-30": "1.35590", "2012-03-31": "1.18070", "2011-12-31": "1.18460", "2011-09-30": "1.02920", "2011-06-30": "1.05200", "2011-03-31": "0.99810", "2010-12-31": "1.00050", "2010-09-30": "1.28810", "2010-06-30": "1.28970", "2010-03-31": "1.02960", "2009-12-31": "1.05860", "2009-09-30": "1.17070", "2009-06-30": "1.30170", "2009-03-31": "1.24890", "2008-12-31": "1.25680", "2008-09-30": "1.25540", "2008-06-30": "1.28220", "2008-03-31": "1.13210", "2007-12-31": "1.14410", "2007-09-30": "1.03980", "2007-06-30": "1.07180", "2007-03-31": "0.91460", "2006-12-31": "0.95150", "2006-09-30": "1.13790", "2006-06-30": "1.17270", "2006-03-31": "1.10750", "2005-12-31": "1.00510", "2005-09-30": "1.05040", "2005-06-30": "1.18830", "2005-03-31": "0.95260"}, "Long-term Debt / Capital": {"2020-09-30": "0.86660", "2020-06-30": "0.90390", "2020-03-31": "0.95560", "2019-12-31": "0.92930", "2019-09-30": "0.97770", "2019-06-30": "1.00150", "2019-03-31": "1.03260", "2018-12-31": "0.96990", "2018-09-30": "1.01050", "2018-06-30": "1.02990", "2018-03-31": "0.98480", "2017-12-31": "0.96430", "2017-09-30": "0.96070", "2017-06-30": "0.98670", "2017-03-31": "1.00080", "2016-12-31": "0.99740", "2016-09-30": "0.96100", "2016-06-30": "0.99400", "2016-03-31": "1.01260", "2015-12-31": "1.00710", "2015-09-30": "0.91740", "2015-06-30": "0.89100", "2015-03-31": "0.88380", "2014-12-31": "0.80300", "2014-09-30": "0.75710", "2014-06-30": "0.73490", "2014-03-31": "0.75130", "2013-12-31": "0.65190", "2013-09-30": "0.69970", "2013-06-30": "0.73610", "2013-03-31": "0.71620", "2012-12-31": "0.67330", "2012-09-30": "0.64700", "2012-06-30": "0.66880", "2012-03-31": "0.64800", "2011-12-31": "0.63550", "2011-09-30": "0.56760", "2011-06-30": "0.56110", "2011-03-31": "0.54990", "2010-12-31": "0.49980", "2010-09-30": "0.53910", "2010-06-30": "0.54300", "2010-03-31": "0.49920", "2009-12-31": "0.46410", "2009-09-30": "0.48100", "2009-06-30": "0.55510", "2009-03-31": "0.64290", "2008-12-31": "0.63690", "2008-09-30": "0.57100", "2008-06-30": "0.56590", "2008-03-31": "0.60210", "2007-12-31": "0.58490", "2007-09-30": "0.57630", "2007-06-30": "0.62670", "2007-03-31": "0.65240", "2006-12-31": "0.65850", "2006-09-30": "0.65670", "2006-06-30": "0.66420", "2006-03-31": "0.71310", "2005-12-31": "0.68370", "2005-09-30": "0.69840", "2005-06-30": "0.74300", "2005-03-31": "0.74530"}, "Debt/Equity Ratio": {"2020-09-30": "6.74370", "2020-06-30": "10.09840", "2020-03-31": "23.00880", "2019-12-31": "14.06270", "2019-09-30": "46.84480", "2019-06-30": "-664.50000", "2019-03-31": "-31.71910", "2018-12-31": "32.31470", "2018-09-30": "-97.11770", "2018-06-30": "-36.32280", "2018-03-31": "66.42570", "2017-12-31": "27.06580", "2017-09-30": "24.44570", "2017-06-30": "74.07950", "2017-03-31": "-1294.60000", "2016-12-31": "384.29410", "2016-09-30": "28.60970", "2016-06-30": "193.29410", "2016-03-31": "-90.13700", "2015-12-31": "-148.81820", "2015-09-30": "11.50850", "2015-06-30": "8.82830", "2015-03-31": "8.29230", "2014-12-31": "4.43900", "2014-09-30": "3.46790", "2014-06-30": "2.92660", "2014-03-31": "3.50470", "2013-12-31": "2.23070", "2013-09-30": "2.63280", "2013-06-30": "3.11970", "2013-03-31": "2.65330", "2012-12-31": "2.18830", "2012-09-30": "1.94510", "2012-06-30": "2.13670", "2012-03-31": "1.99000", "2011-12-31": "1.89300", "2011-09-30": "1.65710", "2011-06-30": "1.59380", "2011-03-31": "1.46820", "2010-12-31": "1.21550", "2010-09-30": "1.19040", "2010-06-30": "1.20290", "2010-03-31": "1.12770", "2009-12-31": "0.97700", "2009-09-30": "1.04890", "2009-06-30": "1.40860", "2009-03-31": "1.88610", "2008-12-31": "1.85080", "2008-09-30": "1.42550", "2008-06-30": "1.39900", "2008-03-31": "1.64590", "2007-12-31": "1.53790", "2007-09-30": "1.78440", "2007-06-30": "2.11200", "2007-03-31": "2.54530", "2006-12-31": "2.60200", "2006-09-30": "2.18890", "2006-06-30": "2.26470", "2006-03-31": "2.71130", "2005-12-31": "2.55260", "2005-09-30": "2.73690", "2005-06-30": "3.25470", "2005-03-31": "3.70130"}, "Gross Margin": {"2020-09-30": "61.16060", "2020-06-30": "60.79040", "2020-03-31": "60.16600", "2019-12-31": "60.12450", "2019-09-30": "58.96130", "2019-06-30": "59.70000", "2019-03-31": "58.88260", "2018-12-31": "59.11830", "2018-09-30": "59.01170", "2018-06-30": "59.21260", "2018-03-31": "60.16990", "2017-12-31": "59.81500", "2017-09-30": "59.96480", "2017-06-30": "60.11500", "2017-03-31": "60.31370", "2016-12-31": "60.38700", "2016-09-30": "60.09830", "2016-06-30": "59.92200", "2016-03-31": "59.75550", "2015-12-31": "58.81000", "2015-09-30": "58.68970", "2015-06-30": "58.21450", "2015-03-31": "58.77150", "2014-12-31": "58.63540", "2014-09-30": "58.41520", "2014-06-30": "58.63970", "2014-03-31": "58.35840", "2013-12-31": "58.86260", "2013-09-30": "58.77670", "2013-06-30": "58.30650", "2013-03-31": "58.28510", "2012-12-31": "58.44610", "2012-09-30": "58.37950", "2012-06-30": "57.67520", "2012-03-31": "58.02380", "2011-12-31": "57.35860", "2011-09-30": "56.17160", "2011-06-30": "57.44330", "2011-03-31": "58.36260", "2010-12-31": "59.07490", "2010-09-30": "59.44710", "2010-06-30": "58.78340", "2010-03-31": "59.23220", "2009-12-31": "59.47070", "2009-09-30": "59.20460", "2009-06-30": "58.77170", "2009-03-31": "57.46500", "2008-12-31": "55.95770", "2008-09-30": "56.06820", "2008-06-30": "56.49210", "2008-03-31": "56.55270", "2007-12-31": "56.08240", "2007-09-30": "56.22130", "2007-06-30": "56.04040", "2007-03-31": "56.38630", "2006-12-31": "55.36130", "2006-09-30": "54.97980", "2006-06-30": "54.17840", "2006-03-31": "54.46600", "2005-12-31": "54.55830", "2005-09-30": "54.17960", "2005-06-30": "54.24140", "2005-03-31": "54.81590"}, "Operating Margin": {"2020-09-30": "24.51240", "2020-06-30": "24.27510", "2020-03-31": "23.23650", "2019-12-31": "23.18800", "2019-09-30": "21.79230", "2019-06-30": "22.96950", "2019-03-31": "22.63130", "2018-12-31": "23.37970", "2018-09-30": "22.73080", "2018-06-30": "24.34380", "2018-03-31": "24.56270", "2017-12-31": "24.66600", "2017-09-30": "24.08150", "2017-06-30": "22.94830", "2017-03-31": "24.24240", "2016-12-31": "28.83630", "2016-09-30": "27.69590", "2016-06-30": "24.55140", "2016-03-31": "23.04630", "2015-12-31": "-3.56500", "2015-09-30": "28.40710", "2015-06-30": "22.92180", "2015-03-31": "21.13020", "2014-12-31": "23.57260", "2014-09-30": "21.64880", "2014-06-30": "22.51840", "2014-03-31": "14.65900", "2013-12-31": "20.45400", "2013-09-30": "23.10140", "2013-06-30": "20.84680", "2013-03-31": "17.19580", "2012-12-31": "21.97850", "2012-09-30": "23.70730", "2012-06-30": "23.01380", "2012-03-31": "22.33330", "2011-12-31": "22.12370", "2011-09-30": "23.61400", "2011-06-30": "23.13020", "2011-03-31": "22.90940", "2010-12-31": "22.75010", "2010-09-30": "24.29620", "2010-06-30": "24.85580", "2010-03-31": "17.70700", "2009-12-31": "24.28330", "2009-09-30": "23.16160", "2009-06-30": "23.68490", "2009-03-31": "23.15160", "2008-12-31": "21.17520", "2008-09-30": "19.83450", "2008-06-30": "19.88500", "2008-03-31": "20.08350", "2007-12-31": "20.38440", "2007-09-30": "18.95580", "2007-06-30": "19.31050", "2007-03-31": "20.25890", "2006-12-31": "19.71580", "2006-09-30": "17.47620", "2006-06-30": "15.29050", "2006-03-31": "18.02760", "2005-12-31": "19.86510", "2005-09-30": "20.75350", "2005-06-30": "19.06960", "2005-03-31": "17.95840"}, "EBIT Margin": {"2020-09-30": "24.51240", "2020-06-30": "24.27510", "2020-03-31": "23.23650", "2019-12-31": "23.18800", "2019-09-30": "21.79230", "2019-06-30": "22.96950", "2019-03-31": "22.63130", "2018-12-31": "23.37970", "2018-09-30": "22.73080", "2018-06-30": "24.34380", "2018-03-31": "24.56270", "2017-12-31": "24.66600", "2017-09-30": "24.08150", "2017-06-30": "22.94830", "2017-03-31": "24.24240", "2016-12-31": "28.83630", "2016-09-30": "27.69590", "2016-06-30": "24.55140", "2016-03-31": "23.04630", "2015-12-31": "-3.56500", "2015-09-30": "28.40710", "2015-06-30": "22.92180", "2015-03-31": "21.13020", "2014-12-31": "23.57260", "2014-09-30": "21.64880", "2014-06-30": "22.51840", "2014-03-31": "14.65900", "2013-12-31": "20.45400", "2013-09-30": "23.10140", "2013-06-30": "20.84680", "2013-03-31": "17.19580", "2012-12-31": "21.97850", "2012-09-30": "23.70730", "2012-06-30": "23.01380", "2012-03-31": "22.33330", "2011-12-31": "22.12370", "2011-09-30": "23.61400", "2011-06-30": "23.13020", "2011-03-31": "22.90940", "2010-12-31": "22.75010", "2010-09-30": "24.29620", "2010-06-30": "24.85580", "2010-03-31": "17.70700", "2009-12-31": "24.28330", "2009-09-30": "23.16160", "2009-06-30": "23.68490", "2009-03-31": "23.15160", "2008-12-31": "21.17520", "2008-09-30": "19.83450", "2008-06-30": "19.88500", "2008-03-31": "20.08350", "2007-12-31": "20.38440", "2007-09-30": "18.95580", "2007-06-30": "19.31050", "2007-03-31": "20.25890", "2006-12-31": "19.71580", "2006-09-30": "17.47620", "2006-06-30": "15.29050", "2006-03-31": "18.02760", "2005-12-31": "19.86500", "2005-09-30": "20.75350", "2005-06-30": "19.06960", "2005-03-31": "17.95840"}, "EBITDA Margin": {"2020-09-30": "", "2020-06-30": "", "2020-03-31": "", "2019-12-31": "", "2019-09-30": "", "2019-06-30": "", "2019-03-31": "", "2018-12-31": "", "2018-09-30": "", "2018-06-30": "", "2018-03-31": "", "2017-12-31": "", "2017-09-30": "", "2017-06-30": "", "2017-03-31": "", "2016-12-31": "", "2016-09-30": "", "2016-06-30": "", "2016-03-31": "", "2015-12-31": "", "2015-09-30": "", "2015-06-30": "", "2015-03-31": "", "2014-12-31": "", "2014-09-30": "", "2014-06-30": "", "2014-03-31": "", "2013-12-31": "", "2013-09-30": "", "2013-06-30": "", "2013-03-31": "", "2012-12-31": "", "2012-09-30": "", "2012-06-30": "", "2012-03-31": "", "2011-12-31": "", "2011-09-30": "", "2011-06-30": "", "2011-03-31": "", "2010-12-31": "", "2010-09-30": "", "2010-06-30": "", "2010-03-31": "", "2009-12-31": "", "2009-09-30": "", "2009-06-30": "", "2009-03-31": "", "2008-12-31": "", "2008-09-30": "", "2008-06-30": "", "2008-03-31": "", "2007-12-31": "", "2007-09-30": "", "2007-06-30": "", "2007-03-31": "", "2006-12-31": "", "2006-09-30": "", "2006-06-30": "", "2006-03-31": "", "2005-12-31": "", "2005-09-30": "", "2005-06-30": "", "2005-03-31": ""}, "Pre-Tax Profit Margin": {"2020-09-30": "23.28440", "2020-06-30": "22.86370", "2020-03-31": "21.84530", "2019-12-31": "21.66870", "2019-09-30": "20.21390", "2019-06-30": "21.28820", "2019-03-31": "20.95780", "2018-12-31": "21.83150", "2018-09-30": "21.32640", "2018-06-30": "22.85130", "2018-03-31": "23.08850", "2017-12-31": "23.02160", "2017-09-30": "22.64720", "2017-06-30": "21.66750", "2017-03-31": "22.91330", "2016-12-31": "25.10080", "2016-09-30": "27.04940", "2016-06-30": "23.90120", "2016-03-31": "22.30200", "2015-12-31": "-3.74460", "2015-09-30": "28.28210", "2015-06-30": "22.77420", "2015-03-31": "20.93370", "2014-12-31": "23.47790", "2014-09-30": "21.55740", "2014-06-30": "22.31160", "2014-03-31": "14.49710", "2013-12-31": "20.47700", "2013-09-30": "23.10140", "2013-06-30": "20.96180", "2013-03-31": "17.26540", "2012-12-31": "22.09520", "2012-09-30": "23.61500", "2012-06-30": "22.87320", "2012-03-31": "22.09520", "2011-12-31": "21.76410", "2011-09-30": "23.38580", "2011-06-30": "22.86740", "2011-03-31": "22.50880", "2010-12-31": "22.34790", "2010-09-30": "23.96650", "2010-06-30": "24.48870", "2010-03-31": "17.28910", "2009-12-31": "23.84220", "2009-09-30": "22.73640", "2009-06-30": "23.12420", "2009-03-31": "22.55210", "2008-12-31": "20.79580", "2008-09-30": "19.25780", "2008-06-30": "19.24440", "2008-03-31": "19.17590", "2007-12-31": "19.41250", "2007-09-30": "17.86460", "2007-06-30": "18.12420", "2007-03-31": "18.93030", "2006-12-31": "18.50360", "2006-09-30": "16.16570", "2006-06-30": "13.92030", "2006-03-31": "16.72820", "2005-12-31": "18.60150", "2005-09-30": "19.48970", "2005-06-30": "17.98060", "2005-03-31": "16.80640"}, "Net Profit Margin": {"2020-09-30": "16.80710", "2020-06-30": "16.29460", "2020-03-31": "17.45180", "2019-12-31": "16.01490", "2019-09-30": "14.71490", "2019-06-30": "15.15780", "2019-03-31": "14.41810", "2018-12-31": "15.90130", "2018-09-30": "13.60210", "2018-06-30": "16.39220", "2018-03-31": "15.84210", "2017-12-31": "8.29910", "2017-09-30": "15.27430", "2017-06-30": "13.69580", "2017-03-31": "15.15150", "2016-12-31": "16.28590", "2016-09-30": "18.15360", "2016-06-30": "15.60470", "2016-03-31": "14.16800", "2015-12-31": "-11.74660", "2015-09-30": "18.15450", "2015-06-30": "14.11710", "2015-03-31": "13.31700", "2014-12-31": "14.87800", "2014-09-30": "12.37730", "2014-06-30": "14.29230", "2014-03-31": "8.97110", "2013-12-31": "12.93280", "2013-09-30": "14.91590", "2013-06-30": "12.90840", "2013-03-31": "10.66050", "2012-12-31": "13.95240", "2012-09-30": "15.09700", "2012-06-30": "14.69420", "2012-03-31": "14.11910", "2011-12-31": "14.14190", "2011-09-30": "14.67030", "2011-06-30": "14.86260", "2011-03-31": "14.42160", "2010-12-31": "14.83160", "2010-09-30": "15.69870", "2010-06-30": "15.81020", "2010-03-31": "9.32360", "2009-12-31": "15.46190", "2009-09-30": "14.75740", "2009-06-30": "15.00670", "2009-03-31": "14.50190", "2008-12-31": "13.55550", "2008-09-30": "12.53760", "2008-06-30": "12.45460", "2008-03-31": "12.56400", "2007-12-31": "11.37960", "2007-09-30": "11.90690", "2007-06-30": "12.21000", "2007-03-31": "15.14050", "2006-12-31": "12.50200", "2006-09-30": "10.94570", "2006-06-30": "9.40850", "2006-03-31": "11.30430", "2005-12-31": "12.43550", "2005-09-30": "11.92390", "2005-06-30": "12.08460", "2005-03-31": "10.94060"}, "Asset Turnover": {"2020-09-30": "0.26850", "2020-06-30": "0.25740", "2020-03-31": "0.27190", "2019-12-31": "0.26710", "2019-09-30": "0.26140", "2019-06-30": "0.29400", "2019-03-31": "0.30150", "2018-12-31": "0.31340", "2018-09-30": "0.30590", "2018-06-30": "0.30720", "2018-03-31": "0.30450", "2017-12-31": "0.30700", "2017-09-30": "0.31110", "2017-06-30": "0.30410", "2017-03-31": "0.30220", "2016-12-31": "0.30690", "2016-09-30": "0.30630", "2016-06-30": "0.30720", "2016-03-31": "0.30220", "2015-12-31": "0.32670", "2015-09-30": "0.29480", "2015-06-30": "0.29770", "2015-03-31": "0.30940", "2014-12-31": "0.31360", "2014-09-30": "0.32000", "2014-06-30": "0.31110", "2014-03-31": "0.29970", "2013-12-31": "0.31180", "2013-09-30": "0.32730", "2013-06-30": "0.32220", "2013-03-31": "0.31890", "2012-12-31": "0.32000", "2012-09-30": "0.32270", "2012-06-30": "0.32440", "2012-03-31": "0.31690", "2011-12-31": "0.32790", "2011-09-30": "0.34330", "2011-06-30": "0.31600", "2011-03-31": "0.33480", "2010-12-31": "0.35610", "2010-09-30": "0.34620", "2010-06-30": "0.36030", "2010-03-31": "0.35380", "2009-12-31": "0.36650", "2009-09-30": "0.36130", "2009-06-30": "0.34900", "2009-03-31": "0.35270", "2008-12-31": "0.36720", "2008-09-30": "0.37780", "2008-06-30": "0.35810", "2008-03-31": "0.34350", "2007-12-31": "0.36020", "2007-09-30": "0.34990", "2007-06-30": "0.35180", "2007-03-31": "0.34350", "2006-12-31": "0.35120", "2006-09-30": "0.34290", "2006-06-30": "0.33640", "2006-03-31": "0.33010", "2005-12-31": "0.34140", "2005-09-30": "0.33640", "2005-06-30": "0.32740", "2005-03-31": "0.31560"}, "Inventory Turnover Ratio": {"2020-09-30": "1.02220", "2020-06-30": "1.00260", "2020-03-31": "1.25440", "2019-12-31": "1.14360", "2019-09-30": "1.17580", "2019-06-30": "1.17850", "2019-03-31": "1.24960", "2018-12-31": "1.24640", "2018-09-30": "1.26590", "2018-06-30": "1.26400", "2018-03-31": "1.21490", "2017-12-31": "1.28090", "2017-09-30": "1.32030", "2017-06-30": "1.27270", "2017-03-31": "1.25570", "2016-12-31": "1.25880", "2016-09-30": "1.29340", "2016-06-30": "1.25080", "2016-03-31": "1.22690", "2015-12-31": "1.36100", "2015-09-30": "1.29370", "2015-06-30": "1.28320", "2015-03-31": "1.24300", "2014-12-31": "1.26340", "2014-09-30": "1.28060", "2014-06-30": "1.19360", "2014-03-31": "1.21850", "2013-12-31": "1.25890", "2013-09-30": "1.25820", "2013-06-30": "1.25830", "2013-03-31": "1.31290", "2012-12-31": "1.30480", "2012-09-30": "1.30270", "2012-06-30": "1.32020", "2012-03-31": "1.25930", "2011-12-31": "1.34060", "2011-09-30": "1.43790", "2011-06-30": "1.25690", "2011-03-31": "1.24940", "2010-12-31": "1.33220", "2010-09-30": "1.25120", "2010-06-30": "1.26160", "2010-03-31": "1.23990", "2009-12-31": "1.36810", "2009-09-30": "1.31430", "2009-06-30": "1.26160", "2009-03-31": "1.24230", "2008-12-31": "1.34820", "2008-09-30": "1.34150", "2008-06-30": "1.28680", "2008-03-31": "1.25350", "2007-12-31": "1.36610", "2007-09-30": "1.32360", "2007-06-30": "1.31850", "2007-03-31": "1.27960", "2006-12-31": "1.42060", "2006-09-30": "1.41300", "2006-06-30": "1.39980", "2006-03-31": "1.37660", "2005-12-31": "1.54230", "2005-09-30": "1.49840", "2005-06-30": "1.41790", "2005-03-31": "1.36690"}, "Receiveable Turnover": {"2020-09-30": "3.21440", "2020-06-30": "3.16570", "2020-03-31": "2.64150", "2019-12-31": "2.78820", "2019-09-30": "2.62740", "2019-06-30": "2.43140", "2019-03-31": "2.51070", "2018-12-31": "2.72210", "2018-09-30": "2.50980", "2018-06-30": "2.51520", "2018-03-31": "2.43430", "2017-12-31": "2.62970", "2017-09-30": "2.59740", "2017-06-30": "2.50720", "2017-03-31": "2.51470", "2016-12-31": "2.63710", "2016-09-30": "2.47880", "2016-06-30": "2.44130", "2016-03-31": "2.43340", "2015-12-31": "2.73230", "2015-09-30": "2.56180", "2015-06-30": "2.40450", "2015-03-31": "2.52640", "2014-12-31": "2.71970", "2014-09-30": "2.50660", "2014-06-30": "2.41380", "2014-03-31": "2.58980", "2013-12-31": "2.66560", "2013-09-30": "2.53200", "2013-06-30": "2.44430", "2013-03-31": "2.38660", "2012-12-31": "2.56950", "2012-09-30": "2.33280", "2012-06-30": "2.39050", "2012-03-31": "2.29890", "2011-12-31": "2.49070", "2011-09-30": "2.61360", "2011-06-30": "2.30070", "2011-03-31": "2.23500", "2010-12-31": "2.47080", "2010-09-30": "2.33310", "2010-06-30": "2.39270", "2010-03-31": "2.24050", "2009-12-31": "2.50980", "2009-09-30": "2.24610", "2009-06-30": "2.16750", "2009-03-31": "2.23780", "2008-12-31": "2.30160", "2008-09-30": "2.26450", "2008-06-30": "2.11740", "2008-03-31": "2.08030", "2007-12-31": "2.16730", "2007-09-30": "2.00690", "2007-06-30": "2.04340", "2007-03-31": "2.02170", "2006-12-31": "2.10680", "2006-09-30": "2.17360", "2006-06-30": "2.18320", "2006-03-31": "2.17340", "2005-12-31": "2.21830", "2005-09-30": "2.17750", "2005-06-30": "2.15710", "2005-03-31": "2.08400"}, "Days Sales In Receivables": {"2020-09-30": "27.99900", "2020-06-30": "28.42960", "2020-03-31": "34.07130", "2019-12-31": "32.27900", "2019-09-30": "34.25410", "2019-06-30": "37.01500", "2019-03-31": "35.84710", "2018-12-31": "33.06220", "2018-09-30": "35.85960", "2018-06-30": "35.78230", "2018-03-31": "36.97150", "2017-12-31": "34.22410", "2017-09-30": "34.65020", "2017-06-30": "35.89650", "2017-03-31": "35.78950", "2016-12-31": "34.12790", "2016-09-30": "36.30720", "2016-06-30": "36.86610", "2016-03-31": "36.98570", "2015-12-31": "32.93920", "2015-09-30": "35.13130", "2015-06-30": "37.42990", "2015-03-31": "35.62410", "2014-12-31": "33.09170", "2014-09-30": "35.90550", "2014-06-30": "37.28630", "2014-03-31": "34.75150", "2013-12-31": "33.76290", "2013-09-30": "35.54570", "2013-06-30": "36.82010", "2013-03-31": "37.71030", "2012-12-31": "35.02570", "2012-09-30": "38.58030", "2012-06-30": "37.64940", "2012-03-31": "39.15000", "2011-12-31": "36.13380", "2011-09-30": "34.43530", "2011-06-30": "39.11830", "2011-03-31": "40.26790", "2010-12-31": "36.42530", "2010-09-30": "38.57470", "2010-06-30": "37.61410", "2010-03-31": "40.16980", "2009-12-31": "35.85890", "2009-09-30": "40.07000", "2009-06-30": "41.52260", "2009-03-31": "40.21870", "2008-12-31": "39.10270", "2008-09-30": "39.74400", "2008-06-30": "42.50530", "2008-03-31": "43.26210", "2007-12-31": "41.52720", "2007-09-30": "44.84440", "2007-06-30": "44.04330", "2007-03-31": "44.51690", "2006-12-31": "42.71850", "2006-09-30": "41.40570", "2006-06-30": "41.22450", "2006-03-31": "41.41020", "2005-12-31": "40.57220", "2005-09-30": "41.33110", "2005-06-30": "41.72190", "2005-03-31": "43.18560"}, "ROE - Return On Equity": {"2020-09-30": "69.43150", "2020-06-30": "92.21310", "2020-03-31": "219.35480", "2019-12-31": "122.22220", "2019-09-30": "360.34480", "2019-06-30": "-6180.00000", "2019-03-31": "-285.71430", "2018-12-31": "326.39590", "2018-09-30": "-826.47060", "2018-06-30": "-357.14290", "2018-03-31": "671.28710", "2017-12-31": "145.26750", "2017-09-30": "243.44570", "2017-06-30": "636.36360", "2017-03-31": "-12220.00000", "2016-12-31": "3694.11800", "2016-09-30": "327.19300", "2016-06-30": "1876.47100", "2016-03-31": "-786.30140", "2015-12-31": "956.81820", "2015-09-30": "130.50850", "2015-06-30": "81.37390", "2015-03-31": "78.89040", "2014-12-31": "48.08660", "2014-09-30": "33.21880", "2014-06-30": "31.91700", "2014-03-31": "22.73680", "2013-12-31": "23.69870", "2013-09-30": "34.82810", "2013-06-30": "33.48120", "2013-03-31": "25.06190", "2012-12-31": "26.61090", "2012-09-30": "25.84350", "2012-06-30": "26.49400", "2012-03-31": "25.36060", "2011-12-31": "24.59660", "2011-09-30": "23.55400", "2011-06-30": "20.54710", "2011-03-31": "23.42730", "2010-12-31": "23.10970", "2010-09-30": "24.00450", "2010-06-30": "23.84560", "2010-03-31": "14.89030", "2009-12-31": "21.24350", "2009-09-30": "20.98640", "2009-06-30": "23.28620", "2009-03-31": "30.40270", "2008-12-31": "27.44500", "2008-09-30": "22.84260", "2008-06-30": "20.77590", "2008-03-31": "23.68480", "2007-12-31": "23.05260", "2007-09-30": "23.07100", "2007-06-30": "26.57380", "2007-03-31": "40.29820", "2006-12-31": "33.76540", "2006-09-30": "24.51730", "2006-06-30": "20.91750", "2006-03-31": "31.11520", "2005-12-31": "32.94420", "2005-09-30": "33.22170", "2005-06-30": "36.79180", "2005-03-31": "40.10430"}, "Return On Tangible Equity": {"2020-09-30": "-13.60480", "2020-06-30": "-11.87750", "2020-03-31": "-12.38410", "2019-12-31": "-12.14170", "2019-09-30": "-10.63970", "2019-06-30": "-14.87370", "2019-03-31": "-13.82810", "2018-12-31": "-16.19650", "2018-09-30": "-13.17090", "2018-06-30": "-15.31650", "2018-03-31": "-15.94170", "2017-12-31": "-10.64540", "2017-09-30": "-19.74480", "2017-06-30": "-16.26490", "2017-03-31": "-17.70500", "2016-12-31": "-18.45430", "2016-09-30": "-22.61290", "2016-06-30": "-18.31750", "2016-03-31": "-15.92680", "2015-12-31": "12.05270", "2015-09-30": "-26.40600", "2015-06-30": "-21.57620", "2015-03-31": "-20.79910", "2014-12-31": "-28.52250", "2014-09-30": "-28.52930", "2014-06-30": "-34.71640", "2014-03-31": "-20.71940", "2013-12-31": "-41.91070", "2013-09-30": "-35.82780", "2013-06-30": "-29.05240", "2013-03-31": "-26.67370", "2012-12-31": "-39.52770", "2012-09-30": "-55.36140", "2012-06-30": "-46.93010", "2012-03-31": "-39.93690", "2011-12-31": "-42.89640", "2011-09-30": "-54.16670", "2011-06-30": "-52.39250", "2011-03-31": "-93.09820", "2010-12-31": "-173.13830", "2010-09-30": "-209.41560", "2010-06-30": "-316.58290", "2010-03-31": "-128.57140", "2009-12-31": "489.55220", "2009-09-30": "-5609.09100", "2009-06-30": "-179.10420", "2009-03-31": "-55.59590", "2008-12-31": "-54.27810", "2008-09-30": "-89.96900", "2008-06-30": "-86.15380", "2008-03-31": "-48.81580", "2007-12-31": "-57.97010", "2007-09-30": "-40.01330", "2007-06-30": "-35.13600", "2007-03-31": "-32.38820", "2006-12-31": "-26.71110", "2006-09-30": "-27.53020", "2006-06-30": "-22.97290", "2006-03-31": "-23.63270", "2005-12-31": "-28.24520", "2005-09-30": "-25.48630", "2005-06-30": "-23.74160", "2005-03-31": "-18.08270"}, "ROA - Return On Assets": {"2020-09-30": "4.81700", "2020-06-30": "4.45810", "2020-03-31": "4.96350", "2019-12-31": "4.53640", "2019-09-30": "4.17280", "2019-06-30": "4.69930", "2019-03-31": "4.65730", "2018-12-31": "5.28740", "2018-09-30": "4.47060", "2018-06-30": "5.33600", "2018-03-31": "5.15820", "2017-12-31": "2.78480", "2017-09-30": "5.08810", "2017-06-30": "4.45150", "2017-03-31": "4.90840", "2016-12-31": "5.18020", "2016-09-30": "5.90980", "2016-06-30": "5.09790", "2016-03-31": "4.61120", "2015-12-31": "-3.52740", "2015-09-30": "5.67720", "2015-06-30": "4.50950", "2015-03-31": "4.43140", "2014-12-31": "4.94840", "2014-09-30": "4.23820", "2014-06-30": "4.72550", "2014-03-31": "2.99330", "2013-12-31": "4.29750", "2013-09-30": "5.20130", "2013-06-30": "4.47840", "2013-03-31": "3.73900", "2012-12-31": "4.74840", "2012-09-30": "5.19220", "2012-06-30": "5.05590", "2012-03-31": "4.77590", "2011-12-31": "4.91200", "2011-09-30": "5.29450", "2011-06-30": "4.87770", "2011-03-31": "5.08760", "2010-12-31": "5.82710", "2010-09-30": "5.66290", "2010-06-30": "5.95130", "2010-03-31": "3.57570", "2009-12-31": "5.89190", "2009-09-30": "5.57510", "2009-06-30": "5.47990", "2009-03-31": "5.39600", "2008-12-31": "5.12380", "2008-09-30": "4.94540", "2008-06-30": "4.65390", "2008-03-31": "4.51920", "2007-12-31": "4.76170", "2007-09-30": "4.16610", "2007-06-30": "4.29520", "2007-03-31": "5.20010", "2006-12-31": "4.39050", "2006-09-30": "3.75310", "2006-06-30": "3.16480", "2006-03-31": "3.73170", "2005-12-31": "4.24590", "2005-09-30": "4.01160", "2005-06-30": "3.95630", "2005-03-31": "3.45280"}, "ROI - Return On Investment": {"2020-09-30": "9.26160", "2020-06-30": "8.86290", "2020-03-31": "9.74340", "2019-12-31": "8.64280", "2019-09-30": "8.01790", "2019-06-30": "9.32130", "2019-03-31": "9.30950", "2018-12-31": "9.81530", "2018-09-30": "8.71180", "2018-06-30": "10.66350", "2018-03-31": "10.19400", "2017-12-31": "5.18430", "2017-09-30": "9.57710", "2017-06-30": "8.49260", "2017-03-31": "9.45670", "2016-12-31": "9.60690", "2016-09-30": "12.76520", "2016-06-30": "11.28600", "2016-03-31": "9.88970", "2015-12-31": "-6.78810", "2015-09-30": "10.77830", "2015-06-30": "8.87220", "2015-03-31": "9.16520", "2014-12-31": "9.47500", "2014-09-30": "8.07010", "2014-06-30": "8.46130", "2014-03-31": "5.65520", "2013-12-31": "8.24980", "2013-09-30": "10.45780", "2013-06-30": "8.83560", "2013-03-31": "7.11270", "2012-12-31": "8.69330", "2012-09-30": "9.12300", "2012-06-30": "8.77540", "2012-03-31": "8.92680", "2011-12-31": "8.96570", "2011-09-30": "10.18380", "2011-06-30": "9.01730", "2011-03-31": "10.54370", "2010-12-31": "11.55900", "2010-09-30": "10.44530", "2010-06-30": "10.26900", "2010-03-31": "7.01210", "2009-12-31": "10.79300", "2009-09-30": "10.29360", "2009-06-30": "9.69190", "2009-03-31": "9.87220", "2008-12-31": "9.08330", "2008-09-30": "9.07460", "2008-06-30": "8.38750", "2008-03-31": "8.63070", "2007-12-31": "8.74170", "2007-09-30": "8.80310", "2007-06-30": "8.76400", "2007-03-31": "11.93120", "2006-12-31": "9.71120", "2006-09-30": "7.22780", "2006-06-30": "5.96860", "2006-03-31": "7.22880", "2005-12-31": "8.46280", "2005-09-30": "8.03720", "2005-06-30": "7.37420", "2005-03-31": "7.53090"}, "Book Value Per Share": {"2020-09-30": "1.25180", "2020-06-30": "0.85370", "2020-03-31": "0.39810", "2019-12-31": "0.65290", "2019-09-30": "0.20300", "2019-06-30": "-0.01170", "2019-03-31": "-0.24460", "2018-12-31": "0.22830", "2018-09-30": "-0.07840", "2018-06-30": "-0.21780", "2018-03-31": "0.11580", "2017-12-31": "0.27780", "2017-09-30": "0.30410", "2017-06-30": "0.09990", "2017-03-31": "-0.00570", "2016-12-31": "0.01930", "2016-09-30": "0.25650", "2016-06-30": "0.03810", "2016-03-31": "-0.08170", "2015-12-31": "-0.04930", "2015-09-30": "0.65780", "2015-06-30": "0.84100", "2015-03-31": "0.81700", "2014-12-31": "1.52750", "2014-09-30": "1.91570", "2014-06-30": "2.26760", "2014-03-31": "2.07560", "2013-12-31": "2.75670", "2013-09-30": "2.16920", "2013-06-30": "1.94460", "2013-03-31": "2.16460", "2012-12-31": "2.55420", "2012-09-30": "2.85410", "2012-06-30": "2.64670", "2012-03-31": "2.61500", "2011-12-31": "2.64680", "2011-09-30": "2.96490", "2011-06-30": "3.23130", "2011-03-31": "2.64990", "2010-12-31": "2.84630", "2010-09-30": "2.94810", "2010-06-30": "2.88480", "2010-03-31": "2.81780", "2009-12-31": "3.29550", "2009-09-30": "3.12860", "2009-06-30": "2.70750", "2009-03-31": "1.94060", "2008-12-31": "2.03820", "2008-09-30": "2.44480", "2008-06-30": "2.63640", "2008-03-31": "2.21760", "2007-12-31": "2.24560", "2007-09-30": "1.98340", "2007-06-30": "1.73680", "2007-03-31": "1.38590", "2006-12-31": "1.37610", "2006-09-30": "1.58910", "2006-06-30": "1.54480", "2006-03-31": "1.25110", "2005-12-31": "1.30780", "2005-09-30": "1.25730", "2005-06-30": "1.15020", "2005-03-31": "0.97000"}, "Operating Cash Flow Per Share": {"2020-09-30": 1.1093, "2020-06-30": 1.194, "2020-03-31": "0.89470", "2019-12-31": 1.1268, "2019-09-30": 1.0625, "2019-06-30": 0.7482, "2019-03-31": "0.70090", "2018-12-31": 0.9819, "2018-09-30": 1.0347, "2018-06-30": 0.7839, "2018-03-31": "0.70010", "2017-12-31": 0.8506, "2017-09-30": 1.1244, "2017-06-30": 0.6895, "2017-03-31": "0.77550", "2016-12-31": 0.9195, "2016-09-30": 1.1118, "2016-06-30": 0.7828, "2016-03-31": "0.68210", "2015-12-31": 0.9173, "2015-09-30": 0.984, "2015-06-30": 0.547, "2015-03-31": "0.79340", "2014-12-31": 0.976, "2014-09-30": 1.0919, "2014-06-30": 0.6172, "2014-03-31": "0.88300", "2013-12-31": 0.8846, "2013-09-30": 1.1182, "2013-06-30": 0.5839, "2013-03-31": "0.82220", "2012-12-31": 1.1029, "2012-09-30": 0.9864, "2012-06-30": 0.5552, "2012-03-31": "0.68400", "2011-12-31": 0.846, "2011-09-30": 0.9271, "2011-06-30": 0.485, "2011-03-31": "0.68470", "2010-12-31": 0.9413, "2010-09-30": 0.9364, "2010-06-30": 0.5586, "2010-03-31": "0.70620", "2009-12-31": 0.8597, "2009-09-30": 1.11, "2009-06-30": 0.498, "2009-03-31": "0.65560", "2008-12-31": 0.4885, "2008-09-30": 0.6972, "2008-06-30": 0.4375, "2008-03-31": "0.52820", "2007-12-31": 0.5604, "2007-09-30": 0.6846, "2007-06-30": 0.38, "2007-03-31": "0.44600", "2006-12-31": 0.4099, "2006-09-30": 0.6135, "2006-06-30": 0.2831, "2006-03-31": "0.34790", "2005-12-31": 0.4257, "2005-09-30": 0.5241, "2005-06-30": 0.2751, "2005-03-31": "0.37830"}, "Free Cash Flow Per Share": {"2020-09-30": 1.0054, "2020-06-30": 1.1044, "2020-03-31": "0.79920", "2019-12-31": 1.0013, "2019-09-30": 0.9695, "2019-06-30": 0.6611, "2019-03-31": "0.61860", "2018-12-31": 0.8521, "2018-09-30": 0.9134, "2018-06-30": 0.6708, "2018-03-31": "0.56600", "2017-12-31": 0.7082, "2017-09-30": 0.9505, "2017-06-30": 0.5682, "2017-03-31": "0.63970", "2016-12-31": 0.6954, "2016-09-30": 1.0178, "2016-06-30": 0.6343, "2016-03-31": "0.55540", "2015-12-31": 0.6737, "2015-09-30": 0.7848, "2015-06-30": 0.3732, "2015-03-31": "0.66030", "2014-12-31": 0.7172, "2014-09-30": 0.8969, "2014-06-30": 0.4589, "2014-03-31": "0.70210", "2013-12-31": 0.6349, "2013-09-30": 0.9288, "2013-06-30": 0.4255, "2013-03-31": "0.72280", "2012-12-31": 0.8805, "2012-09-30": 0.8916, "2012-06-30": 0.4209, "2012-03-31": "0.62200", "2011-12-31": 0.6522, "2011-09-30": 1.0706, "2011-06-30": 0.3355, "2011-03-31": "0.60610", "2010-12-31": 0.7532, "2010-09-30": 0.8255, "2010-06-30": 0.4385, "2010-03-31": "0.62810", "2009-12-31": 0.6586, "2009-09-30": 0.9794, "2009-06-30": 0.3672, "2009-03-31": "0.58630", "2008-12-31": 0.2703, "2008-09-30": 0.5323, "2008-06-30": 0.3147, "2008-03-31": "0.44910", "2007-12-31": 0.4269, "2007-09-30": 0.5665, "2007-06-30": 0.2814, "2007-03-31": "0.36120", "2006-12-31": 0.26, "2006-09-30": 0.5086, "2006-06-30": 0.2063, "2006-03-31": "0.30080", "2005-12-31": 0.5132, "2005-09-30": 0.4344, "2005-06-30": 0.1861, "2005-03-31": "0.32450"}}, "revenue": {"Colgate-Palmolive Annual Revenue (Millions of US $)": {"2020": "$16,471", "2019": "$15,693", "2018": "$15,544", "2017": "$15,454", "2016": "$15,195", "2015": "$16,034", "2014": "$17,277", "2013": "$17,420", "2012": "$17,085", "2011": "$16,734", "2010": "$15,564", "2009": "$15,327", "2008": "$15,330", "2007": "$13,790", "2006": "$12,238", "2005": "$11,397"}, "Colgate-Palmolive Quarterly Revenue (Millions of US $)": {"2020-12-31": "$4,324", "2020-09-30": "$4,153", "2020-06-30": "$3,897", "2020-03-31": "$4,097", "2019-12-31": "$4,015", "2019-09-30": "$3,928", "2019-06-30": "$3,866", "2019-03-31": "$3,884", "2018-12-31": "$3,811", "2018-09-30": "$3,845", "2018-06-30": "$3,886", "2018-03-31": "$4,002", "2017-12-31": "$3,892", "2017-09-30": "$3,974", "2017-06-30": "$3,826", "2017-03-31": "$3,762", "2016-12-31": "$3,721", "2016-09-30": "$3,867", "2016-06-30": "$3,845", "2016-03-31": "$3,762", "2015-12-31": "$3,899", "2015-09-30": "$3,999", "2015-06-30": "$4,066", "2015-03-31": "$4,070", "2014-12-31": "$4,221", "2014-09-30": "$4,379", "2014-06-30": "$4,352", "2014-03-31": "$4,325", "2013-12-31": "$4,361", "2013-09-30": "$4,398", "2013-06-30": "$4,346", "2013-03-31": "$4,315", "2012-12-31": "$4,286", "2012-09-30": "$4,332", "2012-06-30": "$4,267", "2012-03-31": "$4,200", "2011-12-31": "$4,172", "2011-09-30": "$4,383", "2011-06-30": "$4,185", "2011-03-31": "$3,994", "2010-12-31": "$3,978", "2010-09-30": "$3,943", "2010-06-30": "$3,814", "2010-03-31": "$3,829", "2009-12-31": "$4,081", "2009-09-30": "$3,998", "2009-06-30": "$3,745", "2009-03-31": "$3,503", "2008-12-31": "$3,664", "2008-09-30": "$3,988", "2008-06-30": "$3,965", "2008-03-31": "$3,713", "2007-12-31": "$3,643", "2007-09-30": "$3,528", "2007-06-30": "$3,405", "2007-03-31": "$3,214", "2006-12-31": "$3,209", "2006-09-30": "$3,144", "2006-06-30": "$3,014", "2006-03-31": "$2,871", "2005-12-31": "$2,905", "2005-09-30": "$2,912", "2005-06-30": "$2,838", "2005-03-31": "$2,743"}}, "gross-profit": {"Colgate-Palmolive Annual Gross Profit (Millions of US $)": {"2020": "$10,017", "2019": "$9,325", "2018": "$9,231", "2017": "$9,280", "2016": "$9,123", "2015": "$9,399", "2014": "$10,109", "2013": "$10,201", "2012": "$9,932", "2011": "$9,590", "2010": "$9,204", "2009": "$9,008", "2008": "$8,626", "2007": "$7,747", "2006": "$6,702", "2005": "$6,205"}, "Colgate-Palmolive Quarterly Gross Profit (Millions of US $)": {"2020-12-31": "$2,643", "2020-09-30": "$2,540", "2020-06-30": "$2,369", "2020-03-31": "$2,465", "2019-12-31": "$2,414", "2019-09-30": "$2,316", "2019-06-30": "$2,308", "2019-03-31": "$2,287", "2018-12-31": "$2,253", "2018-09-30": "$2,269", "2018-06-30": "$2,301", "2018-03-31": "$2,408", "2017-12-31": "$2,328", "2017-09-30": "$2,383", "2017-06-30": "$2,300", "2017-03-31": "$2,269", "2016-12-31": "$2,247", "2016-09-30": "$2,324", "2016-06-30": "$2,304", "2016-03-31": "$2,248", "2015-12-31": "$2,293", "2015-09-30": "$2,347", "2015-06-30": "$2,367", "2015-03-31": "$2,392", "2014-12-31": "$2,475", "2014-09-30": "$2,558", "2014-06-30": "$2,552", "2014-03-31": "$2,524", "2013-12-31": "$2,567", "2013-09-30": "$2,585", "2013-06-30": "$2,534", "2013-03-31": "$2,515", "2012-12-31": "$2,505", "2012-09-30": "$2,529", "2012-06-30": "$2,461", "2012-03-31": "$2,437", "2011-12-31": "$2,393", "2011-09-30": "$2,462", "2011-06-30": "$2,404", "2011-03-31": "$2,331", "2010-12-31": "$2,350", "2010-09-30": "$2,344", "2010-06-30": "$2,242", "2010-03-31": "$2,268", "2009-12-31": "$2,427", "2009-09-30": "$2,367", "2009-06-30": "$2,201", "2009-03-31": "$2,013", "2008-12-31": "$2,050", "2008-09-30": "$2,236", "2008-06-30": "$2,240", "2008-03-31": "$2,100", "2007-12-31": "$2,043", "2007-09-30": "$1,984", "2007-06-30": "$1,908", "2007-03-31": "$1,812", "2006-12-31": "$1,777", "2006-09-30": "$1,728", "2006-06-30": "$1,633", "2006-03-31": "$1,564", "2005-12-31": "$1,585", "2005-09-30": "$1,578", "2005-06-30": "$1,539", "2005-03-31": "$1,504"}}, "operating-income": {"Colgate-Palmolive Annual Operating Income (Millions of US $)": {"2020": "$3,885", "2019": "$3,554", "2018": "$3,694", "2017": "$3,707", "2016": "$3,955", "2015": "$2,789", "2014": "$3,557", "2013": "$3,556", "2012": "$3,889", "2011": "$3,841", "2010": "$3,489", "2009": "$3,615", "2008": "$3,101", "2007": "$2,720", "2006": "$2,160", "2005": "$2,215"}, "Colgate-Palmolive Quarterly Operating Income (Millions of US $)": {"2020-12-31": "$969", "2020-09-30": "$1,018", "2020-06-30": "$946", "2020-03-31": "$952", "2019-12-31": "$931", "2019-09-30": "$856", "2019-06-30": "$888", "2019-03-31": "$879", "2018-12-31": "$891", "2018-09-30": "$874", "2018-06-30": "$946", "2018-03-31": "$983", "2017-12-31": "$960", "2017-09-30": "$957", "2017-06-30": "$878", "2017-03-31": "$912", "2016-12-31": "$1,073", "2016-09-30": "$1,071", "2016-06-30": "$944", "2016-03-31": "$867", "2015-12-31": "$-139", "2015-09-30": "$1,136", "2015-06-30": "$932", "2015-03-31": "$860", "2014-12-31": "$995", "2014-09-30": "$948", "2014-06-30": "$980", "2014-03-31": "$634", "2013-12-31": "$892", "2013-09-30": "$1,016", "2013-06-30": "$906", "2013-03-31": "$742", "2012-12-31": "$942", "2012-09-30": "$1,027", "2012-06-30": "$982", "2012-03-31": "$938", "2011-12-31": "$923", "2011-09-30": "$1,035", "2011-06-30": "$968", "2011-03-31": "$915", "2010-12-31": "$905", "2010-09-30": "$958", "2010-06-30": "$948", "2010-03-31": "$678", "2009-12-31": "$991", "2009-09-30": "$926", "2009-06-30": "$887", "2009-03-31": "$811", "2008-12-31": "$776", "2008-09-30": "$791", "2008-06-30": "$788", "2008-03-31": "$746", "2007-12-31": "$743", "2007-09-30": "$669", "2007-06-30": "$658", "2007-03-31": "$651", "2006-12-31": "$633", "2006-09-30": "$549", "2006-06-30": "$461", "2006-03-31": "$518", "2005-12-31": "$577", "2005-09-30": "$604", "2005-06-30": "$541", "2005-03-31": "$493"}}, "ebitda": {"Colgate-Palmolive Annual EBITDA (Millions of US $)": {"2019": "$4,073", "2018": "$4,205", "2017": "$4,182", "2016": "$4,398", "2015": "$3,238", "2014": "$3,999", "2013": "$3,995", "2012": "$4,314", "2011": "$4,262", "2010": "$3,865", "2009": "$3,966", "2008": "$3,449", "2007": "$3,054", "2006": "$2,489", "2005": "$2,544"}, "Colgate-Palmolive Quarterly EBITDA (Millions of US $)": {"2020-09-30": "$1,152", "2020-06-30": "$1,079", "2020-03-31": "$1,085", "2019-12-31": "$1,064", "2019-09-30": "$986", "2019-06-30": "$1,016", "2019-03-31": "$1,007", "2018-12-31": "$1,017", "2018-09-30": "$1,001", "2018-06-30": "$1,075", "2018-03-31": "$1,112", "2017-12-31": "$1,081", "2017-09-30": "$1,085", "2017-06-30": "$995", "2017-03-31": "$1,021", "2016-12-31": "$1,187", "2016-09-30": "$1,185", "2016-06-30": "$1,053", "2016-03-31": "$973", "2015-12-31": "$-27", "2015-09-30": "$1,248", "2015-06-30": "$1,043", "2015-03-31": "$974", "2014-12-31": "$1,108", "2014-09-30": "$1,062", "2014-06-30": "$1,087", "2014-03-31": "$742", "2013-12-31": "$1,002", "2013-09-30": "$1,124", "2013-06-30": "$1,017", "2013-03-31": "$852", "2012-12-31": "$1,050", "2012-09-30": "$1,133", "2012-06-30": "$1,087", "2012-03-31": "$1,044", "2011-12-31": "$1,029", "2011-09-30": "$1,148", "2011-06-30": "$1,071", "2011-03-31": "$1,014", "2010-12-31": "$1,003", "2010-09-30": "$1,051", "2010-06-30": "$1,041", "2010-03-31": "$770", "2009-12-31": "$1,080", "2009-09-30": "$1,016", "2009-06-30": "$977", "2009-03-31": "$893", "2008-12-31": "$863", "2008-09-30": "$880", "2008-06-30": "$872", "2008-03-31": "$834", "2007-12-31": "$830", "2007-09-30": "$754", "2007-06-30": "$738", "2007-03-31": "$732", "2006-12-31": "$718", "2006-09-30": "$631", "2006-06-30": "$543", "2006-03-31": "$598", "2005-12-31": "$659", "2005-09-30": "$687", "2005-06-30": "$623", "2005-03-31": "$576"}}, "net-income": {"Colgate-Palmolive Annual Net Income (Millions of US $)": {"2020": "$2,695", "2019": "$2,367", "2018": "$2,400", "2017": "$2,024", "2016": "$2,441", "2015": "$1,384", "2014": "$2,180", "2013": "$2,241", "2012": "$2,472", "2011": "$2,431", "2010": "$2,169", "2009": "$2,291", "2008": "$1,957", "2007": "$1,737", "2006": "$1,353", "2005": "$1,351"}, "Colgate-Palmolive Quarterly Net Income (Millions of US $)": {"2020-12-31": "$647", "2020-09-30": "$698", "2020-06-30": "$635", "2020-03-31": "$715", "2019-12-31": "$643", "2019-09-30": "$578", "2019-06-30": "$586", "2019-03-31": "$560", "2018-12-31": "$606", "2018-09-30": "$523", "2018-06-30": "$637", "2018-03-31": "$634", "2017-12-31": "$323", "2017-09-30": "$607", "2017-06-30": "$524", "2017-03-31": "$570", "2016-12-31": "$606", "2016-09-30": "$702", "2016-06-30": "$600", "2016-03-31": "$533", "2015-12-31": "$-458", "2015-09-30": "$726", "2015-06-30": "$574", "2015-03-31": "$542", "2014-12-31": "$628", "2014-09-30": "$542", "2014-06-30": "$622", "2014-03-31": "$388", "2013-12-31": "$564", "2013-09-30": "$656", "2013-06-30": "$561", "2013-03-31": "$460", "2012-12-31": "$598", "2012-09-30": "$654", "2012-06-30": "$627", "2012-03-31": "$593", "2011-12-31": "$590", "2011-09-30": "$643", "2011-06-30": "$622", "2011-03-31": "$576", "2010-12-31": "$590", "2010-09-30": "$619", "2010-06-30": "$603", "2010-03-31": "$357", "2009-12-31": "$631", "2009-09-30": "$590", "2009-06-30": "$562", "2009-03-31": "$508", "2008-12-31": "$497", "2008-09-30": "$500", "2008-06-30": "$494", "2008-03-31": "$467", "2007-12-31": "$415", "2007-09-30": "$420", "2007-06-30": "$416", "2007-03-31": "$487", "2006-12-31": "$401", "2006-09-30": "$344", "2006-06-30": "$284", "2006-03-31": "$325", "2005-12-31": "$361", "2005-09-30": "$347", "2005-06-30": "$343", "2005-03-31": "$300"}}, "eps-earnings-per-share-diluted": {"Colgate-Palmolive Annual EPS": {"2020": "$3.14", "2019": "$2.75", "2018": "$2.75", "2017": "$2.28", "2016": "$2.72", "2015": "$1.52", "2014": "$2.36", "2013": "$2.38", "2012": "$2.57", "2011": "$2.47", "2010": "$2.16", "2009": "$2.19", "2008": "$1.83", "2007": "$1.60", "2006": "$1.23", "2005": "$1.22"}, "Colgate-Palmolive Quarterly EPS": {"2020-12-31": "$0.75", "2020-09-30": "$0.81", "2020-06-30": "$0.74", "2020-03-31": "$0.83", "2019-12-31": "$0.75", "2019-09-30": "$0.67", "2019-06-30": "$0.68", "2019-03-31": "$0.65", "2018-12-31": "$0.70", "2018-09-30": "$0.60", "2018-06-30": "$0.73", "2018-03-31": "$0.72", "2017-12-31": "$0.37", "2017-09-30": "$0.68", "2017-06-30": "$0.59", "2017-03-31": "$0.64", "2016-12-31": "$0.68", "2016-09-30": "$0.78", "2016-06-30": "$0.67", "2016-03-31": "$0.59", "2015-12-31": "$-0.50", "2015-09-30": "$0.80", "2015-06-30": "$0.63", "2015-03-31": "$0.59", "2014-12-31": "$0.68", "2014-09-30": "$0.59", "2014-06-30": "$0.67", "2014-03-31": "$0.42", "2013-12-31": "$0.60", "2013-09-30": "$0.70", "2013-06-30": "$0.60", "2013-03-31": "$0.48", "2012-12-31": "$0.63", "2012-09-30": "$0.68", "2012-06-30": "$0.65", "2012-03-31": "$0.62", "2011-12-31": "$0.61", "2011-09-30": "$0.66", "2011-06-30": "$0.63", "2011-03-31": "$0.58", "2010-12-31": "$0.62", "2010-09-30": "$0.61", "2010-06-30": "$0.59", "2010-03-31": "$0.35", "2009-12-31": "$0.61", "2009-09-30": "$0.56", "2009-06-30": "$0.54", "2009-03-31": "$0.49", "2008-12-31": "$0.47", "2008-09-30": "$0.47", "2008-06-30": "$0.46", "2008-03-31": "$0.43", "2007-12-31": "$0.39", "2007-09-30": "$0.39", "2007-06-30": "$0.38", "2007-03-31": "$0.45", "2006-12-31": "$0.37", "2006-09-30": "$0.32", "2006-06-30": "$0.26", "2006-03-31": "$0.30", "2005-12-31": "$0.33", "2005-09-30": "$0.32", "2005-06-30": "$0.31", "2005-03-31": "$0.27"}}, "shares-outstanding": {"Colgate-Palmolive Annual Shares Outstanding (Millions of Shares)": {"2020": "859", "2019": "861", "2018": "873", "2017": "888", "2016": "898", "2015": "910", "2014": "924", "2013": "940", "2012": "960", "2011": "984", "2010": "1,022", "2009": "1,049", "2008": "1,070", "2007": "1,087", "2006": "1,101", "2005": "1,113"}, "Colgate-Palmolive Quarterly Shares Outstanding (Millions of Shares)": {"2020-12-31": "858", "2020-09-30": "862", "2020-06-30": "859", "2020-03-31": "858", "2019-12-31": "861", "2019-09-30": "861", "2019-06-30": "862", "2019-03-31": "863", "2018-12-31": "873", "2018-09-30": "871", "2018-06-30": "874", "2018-03-31": "880", "2017-12-31": "888", "2017-09-30": "886", "2017-06-30": "891", "2017-03-31": "891", "2016-12-31": "898", "2016-09-30": "899", "2016-06-30": "901", "2016-03-31": "900", "2015-12-31": "910", "2015-09-30": "907", "2015-06-30": "912", "2015-03-31": "916", "2014-12-31": "924", "2014-09-30": "923", "2014-06-30": "926", "2014-03-31": "929", "2013-12-31": "940", "2013-09-30": "937", "2013-06-30": "942", "2013-03-31": "945", "2012-12-31": "960", "2012-09-30": "958", "2012-06-30": "963", "2012-03-31": "968", "2011-12-31": "984", "2011-09-30": "981", "2011-06-30": "987", "2011-03-31": "993", "2010-12-31": "1,022", "2010-09-30": "1,019", "2010-06-30": "1,029", "2010-03-31": "1,038", "2009-12-31": "1,049", "2009-09-30": "1,049", "2009-06-30": "1,050", "2009-03-31": "1,052", "2008-12-31": "1,070", "2008-09-30": "1,069", "2008-06-30": "1,073", "2008-03-31": "1,079", "2007-12-31": "1,087", "2007-09-30": "1,085", "2007-06-30": "1,088", "2007-03-31": "1,094", "2006-12-31": "1,101", "2006-09-30": "1,101", "2006-06-30": "1,103", "2006-03-31": "1,100", "2005-12-31": "1,113", "2005-09-30": "1,109", "2005-06-30": "1,115", "2005-03-31": "1,123"}}, "total-assets": {"Colgate-Palmolive Annual Total Assets (Millions of US $)": {"2019": "$15,034", "2018": "$12,161", "2017": "$12,676", "2016": "$12,123", "2015": "$11,935", "2014": "$13,459", "2013": "$13,985", "2012": "$13,394", "2011": "$12,724", "2010": "$11,172", "2009": "$11,134", "2008": "$9,979", "2007": "$10,112", "2006": "$9,138", "2005": "$8,507"}, "Colgate-Palmolive Quarterly Total Assets (Millions of US $)": {"2020-09-30": "$15,466", "2020-06-30": "$15,141", "2020-03-31": "$15,070", "2019-12-31": "$15,034", "2019-09-30": "$15,026", "2019-06-30": "$13,151", "2019-03-31": "$12,883", "2018-12-31": "$12,161", "2018-09-30": "$12,571", "2018-06-30": "$12,650", "2018-03-31": "$13,144", "2017-12-31": "$12,676", "2017-09-30": "$12,775", "2017-06-30": "$12,580", "2017-03-31": "$12,448", "2016-12-31": "$12,123", "2016-09-30": "$12,623", "2016-06-30": "$12,515", "2016-03-31": "$12,448", "2015-12-31": "$11,935", "2015-09-30": "$13,563", "2015-06-30": "$13,660", "2015-03-31": "$13,156", "2014-12-31": "$13,459", "2014-09-30": "$13,685", "2014-06-30": "$13,988", "2014-03-31": "$14,432", "2013-12-31": "$13,985", "2013-09-30": "$13,439", "2013-06-30": "$13,487", "2013-03-31": "$13,533", "2012-12-31": "$13,394", "2012-09-30": "$13,424", "2012-06-30": "$13,153", "2012-03-31": "$13,254", "2011-12-31": "$12,724", "2011-09-30": "$12,768", "2011-06-30": "$13,244", "2011-03-31": "$11,931", "2010-12-31": "$11,172", "2010-09-30": "$11,390", "2010-06-30": "$10,586", "2010-03-31": "$10,823", "2009-12-31": "$11,134", "2009-09-30": "$11,067", "2009-06-30": "$10,730", "2009-03-31": "$9,933", "2008-12-31": "$9,979", "2008-09-30": "$10,555", "2008-06-30": "$11,070", "2008-03-31": "$10,809", "2007-12-31": "$10,112", "2007-09-30": "$10,084", "2007-06-30": "$9,681", "2007-03-31": "$9,358", "2006-12-31": "$9,138", "2006-09-30": "$9,169", "2006-06-30": "$8,961", "2006-03-31": "$8,696", "2005-12-31": "$8,507", "2005-09-30": "$8,655", "2005-06-30": "$8,667", "2005-03-31": "$8,692"}}, "cash-on-hand": {"Colgate-Palmolive Annual Cash on Hand (Millions of US $)": {"2019": "$883", "2018": "$726", "2017": "$1,535", "2016": "$1,315", "2015": "$970", "2014": "$1,089", "2013": "$962", "2012": "$884", "2011": "$878", "2010": "$490", "2009": "$600", "2008": "$555", "2007": "$429", "2006": "$490", "2005": "$341"}, "Colgate-Palmolive Quarterly Cash on Hand (Millions of US $)": {"2020-09-30": "$989", "2020-06-30": "$997", "2020-03-31": "$854", "2019-12-31": "$883", "2019-09-30": "$948", "2019-06-30": "$863", "2019-03-31": "$843", "2018-12-31": "$726", "2018-09-30": "$841", "2018-06-30": "$833", "2018-03-31": "$851", "2017-12-31": "$1,535", "2017-09-30": "$1,380", "2017-06-30": "$1,241", "2017-03-31": "$1,347", "2016-12-31": "$1,315", "2016-09-30": "$1,298", "2016-06-30": "$1,085", "2016-03-31": "$1,014", "2015-12-31": "$970", "2015-09-30": "$1,445", "2015-06-30": "$1,059", "2015-03-31": "$859", "2014-12-31": "$1,089", "2014-09-30": "$1,355", "2014-06-30": "$1,161", "2014-03-31": "$1,795", "2013-12-31": "$962", "2013-09-30": "$721", "2013-06-30": "$884", "2013-03-31": "$932", "2012-12-31": "$884", "2012-09-30": "$909", "2012-06-30": "$995", "2012-03-31": "$1,044", "2011-12-31": "$878", "2011-09-30": "$945", "2011-06-30": "$739", "2011-03-31": "$686", "2010-12-31": "$490", "2010-09-30": "$654", "2010-06-30": "$555", "2010-03-31": "$561", "2009-12-31": "$600", "2009-09-30": "$847", "2009-06-30": "$896", "2009-03-31": "$702", "2008-12-31": "$555", "2008-09-30": "$635", "2008-06-30": "$623", "2008-03-31": "$642", "2007-12-31": "$429", "2007-09-30": "$628", "2007-06-30": "$547", "2007-03-31": "$474", "2006-12-31": "$490", "2006-09-30": "$503", "2006-06-30": "$430", "2006-03-31": "$383", "2005-12-31": "$341", "2005-09-30": "$376", "2005-06-30": "$392", "2005-03-31": "$414"}}, "long-term-debt": {"Colgate-Palmolive Annual Long Term Debt (Millions of US $)": {"2019": "$7,333", "2018": "$6,354", "2017": "$6,566", "2016": "$6,520", "2015": "$6,246", "2014": "$5,644", "2013": "$4,749", "2012": "$4,926", "2011": "$4,430", "2010": "$2,815", "2009": "$2,821", "2008": "$3,585", "2007": "$3,222", "2006": "$2,720", "2005": "$2,918"}, "Colgate-Palmolive Quarterly Long Term Debt (Millions of US $)": {"2020-09-30": "$6,971", "2020-06-30": "$6,884", "2020-03-31": "$7,336", "2019-12-31": "$7,333", "2019-09-30": "$7,646", "2019-06-30": "$6,640", "2019-03-31": "$6,655", "2018-12-31": "$6,354", "2018-09-30": "$6,519", "2018-06-30": "$6,519", "2018-03-31": "$6,550", "2017-12-31": "$6,566", "2017-09-30": "$6,520", "2017-06-30": "$6,506", "2017-03-31": "$6,466", "2016-12-31": "$6,520", "2016-09-30": "$5,616", "2016-06-30": "$5,619", "2016-03-31": "$5,877", "2015-12-31": "$6,246", "2015-09-30": "$6,554", "2015-06-30": "$6,186", "2015-03-31": "$5,622", "2014-12-31": "$5,644", "2014-09-30": "$5,441", "2014-06-30": "$5,741", "2014-03-31": "$5,739", "2013-12-31": "$4,749", "2013-09-30": "$4,677", "2013-06-30": "$5,032", "2013-03-31": "$5,095", "2012-12-31": "$4,926", "2012-09-30": "$4,943", "2012-06-30": "$5,068", "2012-03-31": "$4,595", "2011-12-31": "$4,430", "2011-09-30": "$3,768", "2011-06-30": "$4,020", "2011-03-31": "$3,166", "2010-12-31": "$2,815", "2010-09-30": "$3,329", "2010-06-30": "$3,331", "2010-03-31": "$2,755", "2009-12-31": "$2,821", "2009-09-30": "$2,883", "2009-06-30": "$3,368", "2009-03-31": "$3,491", "2008-12-31": "$3,585", "2008-09-30": "$3,284", "2008-06-30": "$3,476", "2008-03-31": "$3,408", "2007-12-31": "$3,222", "2007-09-30": "$2,750", "2007-06-30": "$2,973", "2007-03-31": "$2,661", "2006-12-31": "$2,720", "2006-09-30": "$3,126", "2006-06-30": "$3,156", "2006-03-31": "$3,201", "2005-12-31": "$2,918", "2005-09-30": "$3,017", "2005-06-30": "$3,455", "2005-03-31": "$2,970"}}, "total-liabilities": {"Colgate-Palmolive Annual Total Liabilities (Millions of US $)": {"2019": "$14,476", "2018": "$11,964", "2017": "$12,433", "2016": "$12,106", "2015": "$11,979", "2014": "$12,074", "2013": "$11,449", "2012": "$11,004", "2011": "$10,183", "2010": "$8,355", "2009": "$7,877", "2008": "$7,935", "2007": "$7,826", "2006": "$7,727", "2005": "$7,157"}, "Colgate-Palmolive Quarterly Total Liabilities (Millions of US $)": {"2020-09-30": "$14,393", "2020-06-30": "$14,409", "2020-03-31": "$14,729", "2019-12-31": "$14,476", "2019-09-30": "$14,852", "2019-06-30": "$13,161", "2019-03-31": "$13,093", "2018-12-31": "$11,964", "2018-09-30": "$12,639", "2018-06-30": "$12,839", "2018-03-31": "$13,043", "2017-12-31": "$12,433", "2017-09-30": "$12,508", "2017-06-30": "$12,492", "2017-03-31": "$12,453", "2016-12-31": "$12,106", "2016-09-30": "$12,395", "2016-06-30": "$12,481", "2016-03-31": "$12,521", "2015-12-31": "$11,979", "2015-09-30": "$12,973", "2015-06-30": "$12,903", "2015-03-31": "$12,417", "2014-12-31": "$12,074", "2014-09-30": "$11,939", "2014-06-30": "$11,917", "2014-03-31": "$12,532", "2013-12-31": "$11,449", "2013-09-30": "$11,432", "2013-06-30": "$11,683", "2013-03-31": "$11,514", "2012-12-31": "$11,004", "2012-09-30": "$10,727", "2012-06-30": "$10,643", "2012-03-31": "$10,758", "2011-12-31": "$10,183", "2011-09-30": "$9,898", "2011-06-30": "$10,100", "2011-03-31": "$9,340", "2010-12-31": "$8,355", "2010-09-30": "$8,544", "2010-06-30": "$7,782", "2010-03-31": "$8,059", "2009-12-31": "$7,877", "2009-09-30": "$7,956", "2009-06-30": "$8,031", "2009-03-31": "$7,994", "2008-12-31": "$7,935", "2008-09-30": "$8,087", "2008-06-30": "$8,404", "2008-03-31": "$8,557", "2007-12-31": "$7,826", "2007-09-30": "$8,062", "2007-06-30": "$7,909", "2007-03-31": "$7,940", "2006-12-31": "$7,727", "2006-09-30": "$7,534", "2006-06-30": "$7,366", "2006-03-31": "$7,408", "2005-12-31": "$7,157", "2005-09-30": "$7,352", "2005-06-30": "$7,472", "2005-03-31": "$7,677"}}, "total-share-holder-equity": {"Colgate-Palmolive Annual Share Holder Equity (Millions of US $)": {"2019": "$558", "2018": "$197", "2017": "$243", "2016": "$17", "2015": "$-44", "2014": "$1,385", "2013": "$2,536", "2012": "$2,390", "2011": "$2,541", "2010": "$2,817", "2009": "$3,257", "2008": "$2,044", "2007": "$2,286", "2006": "$1,411", "2005": "$1,350"}, "Colgate-Palmolive Quarterly Share Holder Equity (Millions of US $)": {"2020-09-30": "$1,073", "2020-06-30": "$732", "2020-03-31": "$341", "2019-12-31": "$558", "2019-09-30": "$174", "2019-06-30": "$-10", "2019-03-31": "$-210", "2018-12-31": "$197", "2018-09-30": "$-68", "2018-06-30": "$-189", "2018-03-31": "$101", "2017-12-31": "$243", "2017-09-30": "$267", "2017-06-30": "$88", "2017-03-31": "$-5", "2016-12-31": "$17", "2016-09-30": "$228", "2016-06-30": "$34", "2016-03-31": "$-73", "2015-12-31": "$-44", "2015-09-30": "$590", "2015-06-30": "$757", "2015-03-31": "$739", "2014-12-31": "$1,385", "2014-09-30": "$1,746", "2014-06-30": "$2,071", "2014-03-31": "$1,900", "2013-12-31": "$2,536", "2013-09-30": "$2,007", "2013-06-30": "$1,804", "2013-03-31": "$2,019", "2012-12-31": "$2,390", "2012-09-30": "$2,697", "2012-06-30": "$2,510", "2012-03-31": "$2,496", "2011-12-31": "$2,541", "2011-09-30": "$2,870", "2011-06-30": "$3,144", "2011-03-31": "$2,591", "2010-12-31": "$2,817", "2010-09-30": "$2,846", "2010-06-30": "$2,804", "2010-03-31": "$2,764", "2009-12-31": "$3,257", "2009-09-30": "$3,111", "2009-06-30": "$2,699", "2009-03-31": "$1,939", "2008-12-31": "$2,044", "2008-09-30": "$2,468", "2008-06-30": "$2,667", "2008-03-31": "$2,252", "2007-12-31": "$2,286", "2007-09-30": "$2,022", "2007-06-30": "$1,771", "2007-03-31": "$1,418", "2006-12-31": "$1,411", "2006-09-30": "$1,635", "2006-06-30": "$1,596", "2006-03-31": "$1,288", "2005-12-31": "$1,350", "2005-09-30": "$1,303", "2005-06-30": "$1,195", "2005-03-31": "$1,015"}}, "profit-margins": {"current": "16.36%"}, "gross margin": {"2020-12-31": "60.82%", "2020-09-30": "60.56%", "2020-06-30": "60.01%", "2020-03-31": "59.74%", "2019-12-31": "59.42%", "2019-09-30": "59.16%", "2019-06-30": "59.18%", "2019-03-31": "59.06%", "2018-12-31": "59.39%", "2018-09-30": "59.56%", "2018-06-30": "59.79%", "2018-03-31": "60.02%", "2017-12-31": "60.05%", "2017-09-30": "60.19%", "2017-06-30": "60.23%", "2017-03-31": "60.18%", "2016-12-31": "60.04%", "2016-09-30": "59.64%", "2016-06-30": "59.28%", "2016-03-31": "58.85%", "2015-12-31": "58.62%", "2015-09-30": "58.58%", "2015-06-30": "58.51%", "2015-03-31": "58.61%", "2014-12-31": "58.51%", "2014-09-30": "58.57%", "2014-06-30": "58.66%", "2014-03-31": "58.58%", "2013-12-31": "58.56%", "2013-09-30": "58.45%", "2013-06-30": "58.35%", "2013-03-31": "58.20%", "2012-12-31": "58.13%", "2012-09-30": "57.86%", "2012-06-30": "57.30%", "2012-03-31": "57.24%", "2011-12-31": "57.31%", "2011-09-30": "57.72%", "2011-06-30": "58.57%", "2011-03-31": "58.92%", "2010-12-31": "59.14%", "2010-09-30": "59.24%", "2010-06-30": "59.18%", "2010-03-31": "59.18%", "2009-12-31": "58.77%", "2009-09-30": "57.89%", "2009-06-30": "57.05%", "2009-03-31": "56.47%", "2008-12-31": "56.27%", "2008-09-30": "56.30%", "2008-06-30": "56.35%", "2008-03-31": "56.23%", "2007-12-31": "56.18%", "2007-09-30": "56.01%", "2007-06-30": "55.70%", "2007-03-31": "55.24%", "2006-12-31": "54.76%", "2006-09-30": "54.55%", "2006-06-30": "54.35%", "2006-03-31": "54.36%", "2005-12-31": "54.45%"}, "operating margin": {"2020-12-31": "23.59%", "2020-09-30": "23.80%", "2020-06-30": "23.12%", "2020-03-31": "22.80%", "2019-12-31": "22.65%", "2019-09-30": "22.69%", "2019-06-30": "22.93%", "2019-03-31": "23.27%", "2018-12-31": "23.76%", "2018-09-30": "24.08%", "2018-06-30": "24.41%", "2018-03-31": "24.07%", "2017-12-31": "23.99%", "2017-09-30": "25.00%", "2017-06-30": "25.92%", "2017-03-31": "26.32%", "2016-12-31": "26.03%", "2016-09-30": "17.84%", "2016-06-30": "18.11%", "2016-03-31": "17.78%", "2015-12-31": "17.39%", "2015-09-30": "23.99%", "2015-06-30": "22.32%", "2015-03-31": "22.22%", "2014-12-31": "20.59%", "2014-09-30": "19.83%", "2014-06-30": "20.20%", "2014-03-31": "19.78%", "2013-12-31": "20.41%", "2013-09-30": "20.79%", "2013-06-30": "20.93%", "2013-03-31": "21.47%", "2012-12-31": "22.76%", "2012-09-30": "22.80%", "2012-06-30": "22.78%", "2012-03-31": "22.81%", "2011-12-31": "22.95%", "2011-09-30": "23.11%", "2011-06-30": "23.27%", "2011-03-31": "23.69%", "2010-12-31": "22.42%", "2010-09-30": "22.82%", "2010-06-30": "22.54%", "2010-03-31": "22.24%", "2009-12-31": "23.59%", "2009-09-30": "22.80%", "2009-06-30": "21.91%", "2009-03-31": "20.94%", "2008-12-31": "20.23%", "2008-09-30": "20.04%", "2008-06-30": "19.84%", "2008-03-31": "19.71%", "2007-12-31": "19.73%", "2007-09-30": "19.55%", "2007-06-30": "19.20%", "2007-03-31": "18.23%", "2006-12-31": "17.66%", "2006-09-30": "17.64%", "2006-06-30": "18.46%", "2006-03-31": "19.43%", "2005-12-31": "19.43%"}, "ebitda margin": {"2020-09-30": "27.10%", "2020-06-30": "26.44%", "2020-03-31": "26.10%", "2019-12-31": "25.95%", "2019-09-30": "25.99%", "2019-06-30": "26.23%", "2019-03-31": "26.58%", "2018-12-31": "27.05%", "2018-09-30": "27.32%", "2018-06-30": "27.63%", "2018-03-31": "27.23%", "2017-12-31": "27.06%", "2017-09-30": "28.06%", "2017-06-30": "28.91%", "2017-03-31": "29.26%", "2016-12-31": "28.94%", "2016-09-30": "20.71%", "2016-06-30": "20.94%", "2016-03-31": "20.58%", "2015-12-31": "20.19%", "2015-09-30": "26.74%", "2015-06-30": "25.02%", "2015-03-31": "24.86%", "2014-12-31": "23.15%", "2014-09-30": "22.35%", "2014-06-30": "22.68%", "2014-03-31": "22.29%", "2013-12-31": "22.93%", "2013-09-30": "23.31%", "2013-06-30": "23.45%", "2013-03-31": "23.97%", "2012-12-31": "25.25%", "2012-09-30": "25.30%", "2012-06-30": "25.31%", "2012-03-31": "25.34%", "2011-12-31": "25.47%", "2011-09-30": "25.61%", "2011-06-30": "25.71%", "2011-03-31": "26.12%", "2010-12-31": "24.83%", "2010-09-30": "25.16%", "2010-06-30": "24.85%", "2010-03-31": "24.55%", "2009-12-31": "25.88%", "2009-09-30": "25.14%", "2009-06-30": "24.25%", "2009-03-31": "23.20%", "2008-12-31": "22.50%", "2008-09-30": "22.31%", "2008-06-30": "22.16%", "2008-03-31": "22.09%", "2007-12-31": "22.15%", "2007-09-30": "22.03%", "2007-06-30": "21.72%", "2007-03-31": "20.85%", "2006-12-31": "20.34%", "2006-09-30": "20.36%", "2006-06-30": "21.25%", "2006-03-31": "22.27%", "2005-12-31": "22.33%"}, "pre tax profit margin": {"2020-12-31": "22.14%", "2020-09-30": "22.42%", "2020-06-30": "21.65%", "2020-03-31": "21.26%", "2019-12-31": "21.03%", "2019-09-30": "21.07%", "2019-06-30": "21.35%", "2019-03-31": "21.74%", "2018-12-31": "22.29%", "2018-09-30": "22.58%", "2018-06-30": "22.90%", "2018-03-31": "22.61%", "2017-12-31": "22.56%", "2017-09-30": "23.06%", "2017-06-30": "24.19%", "2017-03-31": "24.75%", "2016-12-31": "24.60%", "2016-09-30": "17.29%", "2016-06-30": "17.69%", "2016-03-31": "17.49%", "2015-12-31": "17.23%", "2015-09-30": "23.84%", "2015-06-30": "22.19%", "2015-03-31": "22.08%", "2014-12-31": "20.45%", "2014-09-30": "19.72%", "2014-06-30": "20.11%", "2014-03-31": "19.78%", "2013-12-31": "20.46%", "2013-09-30": "20.86%", "2013-06-30": "20.99%", "2013-03-31": "21.46%", "2012-12-31": "22.67%", "2012-09-30": "22.60%", "2012-06-30": "22.54%", "2012-03-31": "22.54%", "2011-12-31": "22.64%", "2011-09-30": "22.79%", "2011-06-30": "22.92%", "2011-03-31": "23.31%", "2010-12-31": "22.04%", "2010-09-30": "22.43%", "2010-06-30": "22.12%", "2010-03-31": "21.78%", "2009-12-31": "23.08%", "2009-09-30": "22.31%", "2009-06-30": "21.38%", "2009-03-31": "20.39%", "2008-12-31": "19.60%", "2008-09-30": "19.27%", "2008-06-30": "18.94%", "2008-03-31": "18.66%", "2007-12-31": "18.58%", "2007-09-30": "18.34%", "2007-06-30": "17.94%", "2007-03-31": "16.93%", "2006-12-31": "16.36%", "2006-09-30": "16.32%", "2006-06-30": "17.16%", "2006-03-31": "18.20%", "2005-12-31": "18.24%"}, "net profit margin": {"2020-12-31": "16.36%", "2020-09-30": "16.65%", "2020-06-30": "16.13%", "2020-03-31": "15.86%", "2019-12-31": "15.08%", "2019-09-30": "15.04%", "2019-06-30": "14.77%", "2019-03-31": "15.08%", "2018-12-31": "15.44%", "2018-09-30": "13.55%", "2018-06-30": "13.97%", "2018-03-31": "13.30%", "2017-12-31": "13.10%", "2017-09-30": "15.10%", "2017-06-30": "15.83%", "2017-03-31": "16.31%", "2016-12-31": "16.06%", "2016-09-30": "8.96%", "2016-06-30": "9.04%", "2016-03-31": "8.74%", "2015-12-31": "8.63%", "2015-09-30": "15.10%", "2015-06-30": "13.66%", "2015-03-31": "13.71%", "2014-12-31": "12.62%", "2014-09-30": "12.15%", "2014-06-30": "12.79%", "2014-03-31": "12.44%", "2013-12-31": "12.86%", "2013-09-30": "13.12%", "2013-06-30": "13.15%", "2013-03-31": "13.60%", "2012-12-31": "14.47%", "2012-09-30": "14.52%", "2012-06-30": "14.41%", "2012-03-31": "14.45%", "2011-12-31": "14.53%", "2011-09-30": "14.70%", "2011-06-30": "14.95%", "2011-03-31": "15.18%", "2010-12-31": "13.94%", "2010-09-30": "14.11%", "2010-06-30": "13.87%", "2010-03-31": "13.67%", "2009-12-31": "14.95%", "2009-09-30": "14.47%", "2009-06-30": "13.87%", "2009-03-31": "13.22%", "2008-12-31": "12.77%", "2008-09-30": "12.25%", "2008-06-30": "12.10%", "2008-03-31": "12.02%", "2007-12-31": "12.60%", "2007-09-30": "12.91%", "2007-06-30": "12.70%", "2007-03-31": "12.05%", "2006-12-31": "11.06%", "2006-09-30": "11.01%", "2006-06-30": "11.25%", "2006-03-31": "11.94%", "2005-12-31": "11.85%"}, "pe ratio": {"current": "25.80", "2021-02-11": "32.95", "2020-12-31": "35.73", "2020-09-30": "24.38", "2020-06-30": "24.09", "2020-03-31": "22.13", "2019-12-31": "24.32", "2019-09-30": "26.28", "2019-06-30": "26.15", "2019-03-31": "24.39", "2018-12-31": "20.50", "2018-09-30": "26.03", "2018-06-30": "24.24", "2018-03-31": "28.23", "2017-12-31": "30.59", "2017-09-30": "25.86", "2017-06-30": "25.20", "2017-03-31": "24.03", "2016-12-31": "21.75", "2016-09-30": "43.57", "2016-06-30": "42.24", "2016-03-31": "41.62", "2015-12-31": "39.01", "2015-09-30": "20.67", "2015-06-30": "22.97", "2015-03-31": "23.83", "2014-12-31": "25.36", "2014-09-30": "24.60", "2014-06-30": "24.41", "2014-03-31": "23.80", "2013-12-31": "23.15", "2013-09-30": "20.68", "2013-06-30": "20.03", "2013-03-31": "20.09", "2012-12-31": "16.80", "2012-09-30": "17.30", "2012-06-30": "16.87", "2012-03-31": "15.87", "2011-12-31": "15.11", "2011-09-30": "14.32", "2011-06-30": "14.31", "2011-03-31": "13.38", "2010-12-31": "14.67", "2010-09-30": "14.03", "2010-06-30": "14.59", "2010-03-31": "16.08", "2009-12-31": "14.45", "2009-09-30": "14.23", "2009-06-30": "13.72", "2009-03-31": "11.81", "2008-12-31": "14.01", "2008-09-30": "16.04", "2008-06-30": "15.37", "2008-03-31": "18.12", "2007-12-31": "17.87", "2007-09-30": "16.48", "2007-06-30": "15.60", "2007-03-31": "17.43", "2006-12-31": "19.01"}, "price sales": {"2021-02-11": "4.09", "2020-12-31": "4.44", "2020-09-30": "4.06", "2020-06-30": "3.89", "2020-03-31": "3.51", "2019-12-31": "3.67", "2019-09-30": "3.96", "2019-06-30": "3.87", "2019-03-31": "3.69", "2018-12-31": "3.17", "2018-09-30": "3.54", "2018-06-30": "3.39", "2018-03-31": "3.76", "2017-12-31": "4.01", "2017-09-30": "3.91", "2017-06-30": "4.00", "2017-03-31": "3.93", "2016-12-31": "3.50", "2016-09-30": "3.91", "2016-06-30": "3.82", "2016-03-31": "3.63", "2015-12-31": "3.35", "2015-09-30": "3.12", "2015-06-30": "3.14", "2015-03-31": "3.27", "2014-12-31": "3.21", "2014-09-30": "2.99", "2014-06-30": "3.12", "2014-03-31": "2.97", "2013-12-31": "2.98", "2013-09-30": "2.72", "2013-06-30": "2.64", "2013-03-31": "2.73", "2012-12-31": "2.44", "2012-09-30": "2.52", "2012-06-30": "2.44", "2012-03-31": "2.30", "2011-12-31": "2.20", "2011-09-30": "2.14", "2011-06-30": "2.18", "2011-03-31": "2.06", "2010-12-31": "2.09", "2010-09-30": "1.98", "2010-06-30": "2.03", "2010-03-31": "2.20", "2009-12-31": "2.16", "2009-09-30": "2.06", "2009-06-30": "1.91", "2009-03-31": "1.57", "2008-12-31": "1.79", "2008-09-30": "1.97", "2008-06-30": "1.86", "2008-03-31": "2.17", "2007-12-31": "2.25", "2007-09-30": "2.12", "2007-06-30": "1.98", "2007-03-31": "2.10", "2006-12-31": "2.10"}, "price book": {"current": "61.27", "2021-02-11": "62.64", "2020-09-30": "60.95", "2020-06-30": "84.37", "2020-03-31": "162.91", "2019-12-31": "102.42", "2019-09-30": "349.51", "2019-06-30": "-5878.17", "2019-03-31": "-267.22", "2018-12-31": "246.94", "2018-09-30": "-803.47", "2018-06-30": "-278.19", "2018-03-31": "575.23", "2017-12-31": "251.10", "2017-09-30": "220.26", "2017-06-30": "678.51", "2017-03-31": "-11677.37", "2016-12-31": "3065.74", "2016-09-30": "259.92", "2016-06-30": "1718.60", "2016-03-31": "-769.27", "2015-12-31": "-1194.97", "2015-09-30": "84.83", "2015-06-30": "68.00", "2015-03-31": "73.80", "2014-12-31": "39.18", "2014-09-30": "29.28", "2014-06-30": "25.73", "2014-03-31": "26.60", "2013-12-31": "20.03", "2013-09-30": "23.02", "2013-06-30": "24.67", "2013-03-31": "22.70", "2012-12-31": "16.94", "2012-09-30": "15.46", "2012-06-30": "16.09", "2012-03-31": "15.20", "2011-12-31": "14.10", "2011-09-30": "12.01", "2011-06-30": "10.79", "2011-03-31": "12.07", "2010-12-31": "11.11", "2010-09-30": "10.18", "2010-06-30": "10.60", "2010-03-31": "11.67", "2009-12-31": "9.56", "2009-09-30": "9.30", "2009-06-30": "9.91", "2009-03-31": "11.44", "2008-12-31": "12.58", "2008-09-30": "11.45", "2008-06-30": "9.68", "2008-03-31": "12.91", "2007-12-31": "12.69", "2007-09-30": "13.08", "2007-06-30": "13.52", "2007-03-31": "17.35", "2006-12-31": "16.99", "2006-09-30": "13.93", "2006-06-30": "13.75", "2006-03-31": "16.09"}, "price fcf": {"2021-02-11": "", "2020-09-30": "$3.91", "2020-06-30": "$3.87", "2020-03-31": "$3.43", "2019-12-31": "$3.25", "2019-09-30": "$3.10", "2019-06-30": "$3.05", "2019-03-31": "$3.05", "2018-12-31": "$3.00", "2018-09-30": "$2.86", "2018-06-30": "$2.90", "2018-03-31": "$2.79", "2017-12-31": "$2.87", "2017-09-30": "$2.85", "2017-06-30": "$2.92", "2017-03-31": "$2.99", "2016-12-31": "$2.90", "2016-09-30": "$2.88", "2016-06-30": "$2.65", "2016-03-31": "$2.39", "2015-12-31": "$2.49", "2015-09-30": "$2.54", "2015-06-30": "$2.65", "2015-03-31": "$2.73", "2014-12-31": "$2.78", "2014-09-30": "$2.69", "2014-06-30": "$2.72", "2014-03-31": "$2.69", "2013-12-31": "$2.71", "2013-09-30": "$2.96", "2013-06-30": "$2.92", "2013-03-31": "$2.92", "2012-12-31": "$2.82", "2012-09-30": "$2.59", "2012-06-30": "$2.77", "2012-03-31": "$2.68", "2011-12-31": "$2.66", "2011-09-30": "$2.77", "2011-06-30": "$2.52", "2011-03-31": "$2.62", "2010-12-31": "$2.65", "2010-09-30": "$2.55", "2010-06-30": "$2.70", "2010-03-31": "$2.63", "2009-12-31": "$2.59", "2009-09-30": "$2.20", "2009-06-30": "$1.76", "2009-03-31": "$1.70", "2008-12-31": "$1.57", "2008-09-30": "$1.72", "2008-06-30": "$1.76", "2008-03-31": "$1.72", "2007-12-31": "$1.64", "2007-09-30": "$1.47", "2007-06-30": "$1.41", "2007-03-31": "$1.34", "2006-12-31": "$1.28"}, "net worth": {"value": "$67.46B"}, "current ratio": {"2020-12-31": "0.37", "2020-09-30": "0.98", "2020-06-30": "0.92", "2020-03-31": "0.96", "2019-12-31": "1.04", "2019-09-30": "1.03", "2019-06-30": "1.13", "2019-03-31": "1.07", "2018-12-31": "1.14", "2018-09-30": "1.11", "2018-06-30": "1.06", "2018-03-31": "1.08", "2017-12-31": "1.36", "2017-09-30": "1.23", "2017-06-30": "1.21", "2017-03-31": "1.21", "2016-12-31": "1.31", "2016-09-30": "1.02", "2016-06-30": "0.99", "2016-03-31": "1.01", "2015-12-31": "1.24", "2015-09-30": "1.29", "2015-06-30": "1.19", "2015-03-31": "1.09", "2014-12-31": "1.23", "2014-09-30": "1.17", "2014-06-30": "1.27", "2014-03-31": "1.21", "2013-12-31": "1.08", "2013-09-30": "1.02", "2013-06-30": "1.10", "2013-03-31": "1.18", "2012-12-31": "1.22", "2012-09-30": "1.29", "2012-06-30": "1.36", "2012-03-31": "1.18", "2011-12-31": "1.19", "2011-09-30": "1.03", "2011-06-30": "1.05", "2011-03-31": "1.00", "2010-12-31": "1.00", "2010-09-30": "1.29", "2010-06-30": "1.29", "2010-03-31": "1.03", "2009-12-31": "1.06", "2009-09-30": "1.17", "2009-06-30": "1.30", "2009-03-31": "1.25", "2008-12-31": "1.26", "2008-09-30": "1.26", "2008-06-30": "1.28", "2008-03-31": "1.13", "2007-12-31": "1.14", "2007-09-30": "1.04", "2007-06-30": "1.07", "2007-03-31": "0.92", "2006-12-31": "0.95", "2006-09-30": "1.14", "2006-06-30": "1.17", "2006-03-31": "1.11", "2005-12-31": "1.01", "2005-09-30": "1.05", "2005-06-30": "1.19", "2005-03-31": "0.95"}, "quick ratio": {"2020-12-31": "0.23", "2020-09-30": "0.62", "2020-06-30": "0.59", "2020-03-31": "0.66", "2019-12-31": "0.69", "2019-09-30": "0.70", "2019-06-30": "0.78", "2019-03-31": "0.74", "2018-12-31": "0.76", "2018-09-30": "0.77", "2018-06-30": "0.74", "2018-03-31": "0.75", "2017-12-31": "1.00", "2017-09-30": "0.92", "2017-06-30": "0.89", "2017-03-31": "0.89", "2016-12-31": "0.96", "2016-09-30": "0.77", "2016-06-30": "0.72", "2016-03-31": "0.73", "2015-12-31": "0.91", "2015-09-30": "0.97", "2015-06-30": "0.87", "2015-03-31": "0.78", "2014-12-31": "0.88", "2014-09-30": "0.85", "2014-06-30": "0.90", "2014-03-31": "0.89", "2013-12-31": "0.77", "2013-09-30": "0.70", "2013-06-30": "0.77", "2013-03-31": "0.85", "2012-12-31": "0.85", "2012-09-30": "0.91", "2012-06-30": "0.97", "2012-03-31": "0.84", "2011-12-31": "0.83", "2011-09-30": "0.72", "2011-06-30": "0.72", "2011-03-31": "0.69", "2010-12-31": "0.67", "2010-09-30": "0.89", "2010-06-30": "0.87", "2010-03-31": "0.70", "2009-12-31": "0.72", "2009-09-30": "0.83", "2009-06-30": "0.92", "2009-03-31": "0.86", "2008-12-31": "0.85", "2008-09-30": "0.85", "2008-06-30": "0.88", "2008-03-31": "0.78", "2007-12-31": "0.77", "2007-09-30": "0.73", "2007-06-30": "0.74", "2007-03-31": "0.63", "2006-12-31": "0.66", "2006-09-30": "0.79", "2006-06-30": "0.80", "2006-03-31": "0.75", "2005-12-31": "0.69", "2005-09-30": "0.73", "2005-06-30": "0.82", "2005-03-31": "0.66"}, "debt equity ratio": {"current": "6.50", "2020-12-31": "13.46", "2020-09-30": "13.41", "2020-06-30": "19.68", "2020-03-31": "43.19", "2019-12-31": "25.94", "2019-09-30": "85.36", "2019-06-30": "-1316.10", "2019-03-31": "-62.35", "2018-12-31": "60.73", "2018-09-30": "-185.87", "2018-06-30": "-67.93", "2018-03-31": "129.14", "2017-12-31": "51.17", "2017-09-30": "46.85", "2017-06-30": "141.96", "2017-03-31": "-2490.60", "2016-12-31": "712.12", "2016-09-30": "54.36", "2016-06-30": "367.09", "2016-03-31": "-171.52", "2015-12-31": "-272.25", "2015-09-30": "21.99", "2015-06-30": "17.05", "2015-03-31": "16.80", "2014-12-31": "8.72", "2014-09-30": "6.84", "2014-06-30": "5.75", "2014-03-31": "6.60", "2013-12-31": "4.52", "2013-09-30": "5.70", "2013-06-30": "6.48", "2013-03-31": "5.70", "2012-12-31": "4.60", "2012-09-30": "3.98", "2012-06-30": "4.24", "2012-03-31": "4.31", "2011-12-31": "4.01", "2011-09-30": "3.45", "2011-06-30": "3.21", "2011-03-31": "3.61", "2010-12-31": "2.97", "2010-09-30": "3.00", "2010-06-30": "2.78", "2010-03-31": "2.92", "2009-12-31": "2.42", "2009-09-30": "2.56", "2009-06-30": "2.98", "2009-03-31": "4.12", "2008-12-31": "3.88", "2008-09-30": "3.28", "2008-06-30": "3.15", "2008-03-31": "3.80", "2007-12-31": "3.42", "2007-09-30": "3.99", "2007-06-30": "4.47", "2007-03-31": "5.60", "2006-12-31": "5.48", "2006-09-30": "4.61", "2006-06-30": "4.62", "2006-03-31": "5.75", "2005-12-31": "5.30", "2005-09-30": "5.64", "2005-06-30": "6.25", "2005-03-31": "7.56"}, "return on equity": {"2020-12-31": "332.00%", "2020-09-30": "398.08%", "2020-06-30": "569.75%", "2020-03-31": "949.01%", "2019-12-31": "1849.22%", "2019-09-30": "6172.19%", "2019-06-30": "-10000.00%", "2019-03-31": "-3445.93%", "2018-12-31": "23414.63%", "2018-09-30": "9733.33%", "2018-06-30": "2086.26%", "2018-03-31": "1194.85%", "2017-12-31": "1365.26%", "2017-09-30": "2514.44%", "2017-06-30": "2929.27%", "2017-03-31": "3617.52%", "2016-12-31": "4739.81%", "2016-09-30": "3798.62%", "2016-06-30": "1105.33%", "2016-03-31": "447.15%", "2015-12-31": "271.11%", "2015-09-30": "284.64%", "2015-06-30": "197.62%", "2015-03-31": "157.15%", "2014-12-31": "122.78%", "2014-09-30": "102.56%", "2014-06-30": "104.77%", "2014-03-31": "105.20%", "2013-12-31": "107.15%", "2013-09-30": "110.71%", "2013-06-30": "102.04%", "2013-03-31": "97.30%", "2012-12-31": "97.97%", "2012-09-30": "96.21%", "2012-06-30": "94.19%", "2012-03-31": "88.61%", "2011-12-31": "87.24%", "2011-09-30": "85.13%", "2011-06-30": "84.47%", "2011-03-31": "86.38%", "2010-12-31": "77.25%", "2010-09-30": "75.74%", "2010-06-30": "73.09%", "2010-03-31": "72.35%", "2009-12-31": "83.26%", "2009-09-30": "88.10%", "2009-06-30": "90.36%", "2009-03-31": "87.69%", "2008-12-31": "83.05%", "2008-09-30": "77.58%", "2008-06-30": "77.86%", "2008-03-31": "82.49%", "2007-12-31": "92.73%", "2007-09-30": "104.14%", "2007-06-30": "105.73%", "2007-03-31": "100.07%", "2006-12-31": "91.33%", "2006-09-30": "89.56%", "2006-06-30": "95.14%", "2006-03-31": "107.17%", "2005-12-31": "111.12%"}, "return on assets": {"2020-12-31": "17.50%", "2020-09-30": "17.73%", "2020-06-30": "17.06%", "2020-03-31": "17.31%", "2019-12-31": "16.88%", "2019-09-30": "17.51%", "2019-06-30": "17.93%", "2019-03-31": "18.51%", "2018-12-31": "19.00%", "2018-09-30": "16.59%", "2018-06-30": "17.18%", "2018-03-31": "16.32%", "2017-12-31": "16.04%", "2017-09-30": "18.48%", "2017-06-30": "19.30%", "2017-03-31": "19.94%", "2016-12-31": "19.64%", "2016-09-30": "11.12%", "2016-06-30": "11.11%", "2016-03-31": "10.66%", "2015-12-31": "10.58%", "2015-09-30": "18.35%", "2015-06-30": "16.95%", "2015-03-31": "17.20%", "2014-12-31": "15.69%", "2014-09-30": "15.09%", "2014-06-30": "15.97%", "2014-03-31": "15.68%", "2013-12-31": "16.46%", "2013-09-30": "16.90%", "2013-06-30": "16.89%", "2013-03-31": "17.49%", "2012-12-31": "18.58%", "2012-09-30": "18.75%", "2012-06-30": "18.91%", "2012-03-31": "18.83%", "2011-12-31": "19.19%", "2011-09-30": "19.80%", "2011-06-30": "20.17%", "2011-03-31": "21.19%", "2010-12-31": "19.73%", "2010-09-30": "20.12%", "2010-06-30": "20.00%", "2010-03-31": "19.56%", "2009-12-31": "21.38%", "2009-09-30": "20.69%", "2009-06-30": "20.07%", "2009-03-31": "19.25%", "2008-12-31": "18.47%", "2008-09-30": "17.64%", "2008-06-30": "17.07%", "2008-03-31": "16.89%", "2007-12-31": "17.72%", "2007-09-30": "18.02%", "2007-06-30": "17.65%", "2007-03-31": "16.56%", "2006-12-31": "15.06%", "2006-09-30": "14.88%", "2006-06-30": "15.13%", "2006-03-31": "15.94%", "2005-12-31": "15.65%"}, "return on investments": {"2020-12-31": "66.59%", "2020-09-30": "49.28%", "2020-06-30": "47.54%", "2020-03-31": "48.33%", "2019-12-31": "49.39%", "2019-09-30": "51.21%", "2019-06-30": "54.18%", "2019-03-31": "55.71%", "2018-12-31": "56.87%", "2018-09-30": "57.36%", "2018-06-30": "57.88%", "2018-03-31": "56.30%", "2017-12-31": "55.64%", "2017-09-30": "57.92%", "2017-06-30": "61.87%", "2017-03-31": "65.32%", "2016-12-31": "66.36%", "2016-09-30": "46.68%", "2016-06-30": "45.28%", "2016-03-31": "42.86%", "2015-12-31": "41.86%", "2015-09-30": "57.11%", "2015-06-30": "54.29%", "2015-03-31": "53.30%", "2014-12-31": "47.96%", "2014-09-30": "46.17%", "2014-06-30": "47.89%", "2014-03-31": "48.49%", "2013-12-31": "50.95%", "2013-09-30": "51.61%", "2013-06-30": "50.05%", "2013-03-31": "49.82%", "2012-12-31": "52.51%", "2012-09-30": "52.87%", "2012-06-30": "54.86%", "2012-03-31": "55.47%", "2011-12-31": "57.91%", "2011-09-30": "60.70%", "2011-06-30": "60.60%", "2011-03-31": "62.89%", "2010-12-31": "59.49%", "2010-09-30": "59.82%", "2010-06-30": "59.73%", "2010-03-31": "58.87%", "2009-12-31": "61.35%", "2009-09-30": "58.83%", "2009-06-30": "57.09%", "2009-03-31": "55.17%", "2008-12-31": "53.50%", "2008-09-30": "53.21%", "2008-06-30": "53.36%", "2008-03-31": "54.46%", "2007-12-31": "56.98%", "2007-09-30": "58.92%", "2007-06-30": "56.25%", "2007-03-31": "51.78%", "2006-12-31": "47.67%", "2006-09-30": "46.09%", "2006-06-30": "48.46%", "2006-03-31": "50.54%", "2005-12-31": "51.44%"}, "return on tangible equity": {"2020-09-30": "-47.18%", "2020-06-30": "-44.26%", "2020-03-31": "-46.48%", "2019-12-31": "-47.33%", "2019-09-30": "-50.77%", "2019-06-30": "-54.39%", "2019-03-31": "-54.78%", "2018-12-31": "-56.81%", "2018-09-30": "-52.13%", "2018-06-30": "-57.66%", "2018-03-31": "-58.39%", "2017-12-31": "-59.96%", "2017-09-30": "-67.91%", "2017-06-30": "-70.67%", "2017-03-31": "-72.69%", "2016-12-31": "-70.81%", "2016-09-30": "-39.69%", "2016-06-30": "-41.52%", "2016-03-31": "-42.74%", "2015-12-31": "-45.88%", "2015-09-30": "-90.57%", "2015-06-30": "-91.20%", "2015-03-31": "-102.88%", "2014-12-31": "-104.34%", "2014-09-30": "-113.52%", "2014-06-30": "-120.97%", "2014-03-31": "-114.93%", "2013-12-31": "-121.78%", "2013-09-30": "-120.75%", "2013-06-30": "-132.85%", "2013-03-31": "-151.34%", "2012-12-31": "-168.45%", "2012-09-30": "-172.37%", "2012-06-30": "-171.93%", "2012-03-31": "-177.29%", "2011-12-31": "-211.85%", "2011-09-30": "-277.12%", "2011-06-30": "-374.78%", "2011-03-31": "-622.28%", "2010-12-31": "-732.77%", "2010-09-30": "-1311.57%", "2010-06-30": "-2314.06%", "2010-03-31": "-1691.70%", "2009-12-31": "-783.92%", "2009-09-30": "-384.32%", "2009-06-30": "-293.82%", "2009-03-31": "-259.27%", "2008-12-31": "-250.95%", "2008-09-30": "-249.30%", "2008-06-30": "-206.44%", "2008-03-31": "-169.05%", "2007-12-31": "-152.26%", "2007-09-30": "-131.68%", "2007-06-30": "-121.24%", "2007-03-31": "-110.48%", "2006-12-31": "-101.04%", "2006-09-30": "-102.32%", "2006-06-30": "-100.36%", "2006-03-31": "-100.84%", "2005-12-31": "-94.06%"}, "dividend yield history": {"last payout": "$1.76", "last yield": "2.24%"}}