{"ticker": "CLH", "price": {"title": "Clean Harbors Historical Annual Stock Price Data", "value": 81.89, "historical": {"2021": {"Average Stock Price": "80.8542", "Year Open": "74.7100", "Year High": "83.8300", "Year Low": "74.7100", "Year Close": "81.8900", "Annual % Change": "7.61%"}, "2020": {"Average Stock Price": "63.7088", "Year Open": "85.0200", "Year High": "88.3700", "Year Low": "31.3600", "Year Close": "76.1000", "Annual % Change": "-11.25%"}, "2019": {"Average Stock Price": "71.7877", "Year Open": "49.7000", "Year High": "86.8600", "Year Low": "49.7000", "Year Close": "85.7500", "Annual % Change": "73.76%"}, "2018": {"Average Stock Price": "57.4293", "Year Open": "53.3600", "Year High": "72.0300", "Year Low": "45.4500", "Year Close": "49.3500", "Annual % Change": "-8.95%"}, "2017": {"Average Stock Price": "55.3550", "Year Open": "55.7500", "Year High": "61.3300", "Year Low": "49.9800", "Year Close": "54.2000", "Annual % Change": "-2.61%"}, "2016": {"Average Stock Price": "48.4897", "Year Open": "42.1400", "Year High": "57.7800", "Year Low": "39.3500", "Year Close": "55.6500", "Annual % Change": "33.61%"}, "2015": {"Average Stock Price": "50.1276", "Year Open": "48.4700", "Year High": "58.8700", "Year Low": "40.2200", "Year Close": "41.6500", "Annual % Change": "-13.32%"}, "2014": {"Average Stock Price": "55.3685", "Year Open": "59.0100", "Year High": "64.5100", "Year Low": "44.9800", "Year Close": "48.0500", "Annual % Change": "-19.86%"}, "2013": {"Average Stock Price": "56.0108", "Year Open": "54.4400", "Year High": "62.5300", "Year Low": "50.3000", "Year Close": "59.9600", "Annual % Change": "9.00%"}, "2012": {"Average Stock Price": "59.2856", "Year Open": "62.6600", "Year High": "70.3000", "Year Low": "47.1600", "Year Close": "55.0100", "Annual % Change": "-13.68%"}, "2011": {"Average Stock Price": "51.2029", "Year Open": "42.2000", "Year High": "64.1700", "Year Low": "40.5750", "Year Close": "63.7300", "Annual % Change": "51.59%"}, "2010": {"Average Stock Price": "32.3681", "Year Open": "30.3350", "Year High": "42.0850", "Year Low": "26.7450", "Year Close": "42.0400", "Annual % Change": "41.05%"}, "2009": {"Average Stock Price": "26.9935", "Year Open": "31.8350", "Year High": "31.8350", "Year Low": "20.5400", "Year Close": "29.8050", "Annual % Change": "-6.04%"}, "2008": {"Average Stock Price": "32.7994", "Year Open": "25.1650", "Year High": "41.4000", "Year Low": "24.7600", "Year Close": "31.7200", "Annual % Change": "22.71%"}, "2007": {"Average Stock Price": "24.4928", "Year Open": "23.9400", "Year High": "27.5650", "Year Low": "21.5150", "Year Close": "25.8500", "Annual % Change": "6.80%"}, "2006": {"Average Stock Price": "18.5241", "Year Open": "14.8300", "Year High": "24.2050", "Year Low": "12.4050", "Year Close": "24.2050", "Annual % Change": "68.03%"}, "2005": {"Average Stock Price": "11.9631", "Year Open": "7.2850", "Year High": "17.7700", "Year Low": "6.9600", "Year Close": "14.4050", "Annual % Change": "90.92%"}, "2004": {"Average Stock Price": "4.7961", "Year Open": "4.4500", "Year High": "7.5450", "Year Low": "3.2255", "Year Close": "7.5450", "Annual % Change": "69.36%"}, "2003": {"Average Stock Price": "4.7032", "Year Open": "7.8100", "Year High": "8.2600", "Year Low": "1.6250", "Year Close": "4.4550", "Annual % Change": "-42.74%"}, "2002": {"Average Stock Price": "4.7283", "Year Open": "1.7450", "Year High": "8.4950", "Year Low": "1.6655", "Year Close": "7.7800", "Annual % Change": "361.72%"}, "2001": {"Average Stock Price": "1.2456", "Year Open": "0.8750", "Year High": "2.0250", "Year Low": "0.8280", "Year Close": "1.6850", "Annual % Change": "89.22%"}, "2000": {"Average Stock Price": "1.1739", "Year Open": "0.6095", "Year High": "1.8750", "Year Low": "0.6095", "Year Close": "0.8905", "Annual % Change": "42.48%"}, "1999": {"Average Stock Price": "0.7952", "Year Open": "0.9375", "Year High": "1.1875", "Year Low": "0.5625", "Year Close": "0.6250", "Annual % Change": "-16.67%"}, "1998": {"Average Stock Price": "1.0113", "Year Open": "0.8440", "Year High": "1.6565", "Year Low": "0.6405", "Year Close": "0.7500", "Annual % Change": "-4.03%"}, "1997": {"Average Stock Price": "0.9453", "Year Open": "1.0625", "Year High": "1.6250", "Year Low": "0.6250", "Year Close": "0.7815", "Annual % Change": "-30.53%"}, "1996": {"Average Stock Price": "1.4257", "Year Open": "1.3750", "Year High": "1.9375", "Year Low": "0.7800", "Year Close": "1.1250", "Annual % Change": "-10.00%"}, "1995": {"Average Stock Price": "1.8269", "Year Open": "2.2500", "Year High": "2.7500", "Year Low": "1.2500", "Year Close": "1.2500", "Annual % Change": "-36.52%"}, "1994": {"Average Stock Price": "3.5054", "Year Open": "3.3125", "Year High": "4.5625", "Year Low": "1.8125", "Year Close": "1.9690", "Annual % Change": "-44.73%"}, "1993": {"Average Stock Price": "5.7354", "Year Open": "6.5000", "Year High": "8.6250", "Year Low": "3.0625", "Year Close": "3.5625", "Annual % Change": "-40.63%"}, "1992": {"Average Stock Price": "5.4267", "Year Open": "5.8150", "Year High": "7.0000", "Year Low": "4.0000", "Year Close": "6.0000", "Annual % Change": "6.67%"}, "1991": {"Average Stock Price": "6.2435", "Year Open": "3.1250", "Year High": "8.5650", "Year Low": "2.6875", "Year Close": "5.6250", "Annual % Change": "80.00%"}}}, "market cap": {"value": "$4.52B"}, "income statement": {"Revenue": {"2019-12-31": "3412.19000", "2018-12-31": "3300.30300", "2017-12-31": "2944.97800", "2016-12-31": "2755.22600", "2015-12-31": "3275.13700", "2014-12-31": "3401.63600", "2013-12-31": "3509.65600", "2012-12-31": "2187.90800", "2011-12-31": "1984.13600", "2010-12-31": "1731.24400", "2009-12-31": "1074.22000", "2008-12-31": "1030.71300", "2007-12-31": "946.91700", "2006-12-31": "829.80900", "2005-12-31": "711.17000"}, "Cost Of Goods Sold": {"2019-12-31": "2387.81900", "2018-12-31": "2305.55100", "2017-12-31": "2062.67300", "2016-12-31": "1932.85700", "2015-12-31": "2356.80600", "2014-12-31": "2441.79600", "2013-12-31": "2542.63300", "2012-12-31": "1540.62100", "2011-12-31": "1379.99100", "2010-12-31": "1210.74000", "2009-12-31": "753.48300", "2008-12-31": "707.82000", "2007-12-31": "664.44000", "2006-12-31": "584.83500", "2005-12-31": "512.58200"}, "Gross Profit": {"2019-12-31": "1024.37100", "2018-12-31": "994.75200", "2017-12-31": "882.30490", "2016-12-31": "822.36900", "2015-12-31": "918.33110", "2014-12-31": "959.84010", "2013-12-31": "967.02290", "2012-12-31": "647.28700", "2011-12-31": "604.14500", "2010-12-31": "520.50400", "2009-12-31": "320.73700", "2008-12-31": "322.89300", "2007-12-31": "282.47700", "2006-12-31": "244.97400", "2005-12-31": "198.58800"}, "Research And Development Expenses": {"2019-12-31": "", "2018-12-31": "", "2017-12-31": "", "2016-12-31": "", "2015-12-31": "", "2014-12-31": "", "2013-12-31": "", "2012-12-31": "", "2011-12-31": "", "2010-12-31": "", "2009-12-31": "", "2008-12-31": "", "2007-12-31": "", "2006-12-31": "", "2005-12-31": ""}, "SG&A Expenses": {"2019-12-31": "484.05400", "2018-12-31": "503.74700", "2017-12-31": "456.64800", "2016-12-31": "422.01500", "2015-12-31": "414.16400", "2014-12-31": "437.92100", "2013-12-31": "470.47700", "2012-12-31": "273.52000", "2011-12-31": "254.13700", "2010-12-31": "205.81200", "2009-12-31": "163.15700", "2008-12-31": "159.67400", "2007-12-31": "149.18000", "2006-12-31": "125.03900", "2005-12-31": "108.31200"}, "Other Operating Income Or Expenses": {"2019-12-31": "-10.13600", "2018-12-31": "-9.80600", "2017-12-31": "-9.46000", "2016-12-31": "-10.17700", "2015-12-31": "-10.40200", "2014-12-31": "-10.61200", "2013-12-31": "-11.54100", "2012-12-31": "-9.91700", "2011-12-31": "-9.68000", "2010-12-31": "-10.30700", "2009-12-31": "-10.61700", "2008-12-31": "-10.77600", "2007-12-31": "-10.44700", "2006-12-31": "-10.22000", "2005-12-31": "-10.38400"}, "Operating Expenses": {"2019-12-31": "3182.73400", "2018-12-31": "3117.72900", "2017-12-31": "2817.20300", "2016-12-31": "2686.06400", "2015-12-31": "3087.55800", "2014-12-31": "3289.82600", "2013-12-31": "3289.10000", "2012-12-31": "1985.70400", "2011-12-31": "1766.47100", "2010-12-31": "1519.33200", "2009-12-31": "992.15500", "2008-12-31": "922.74100", "2007-12-31": "861.65700", "2006-12-31": "755.43300", "2005-12-31": "659.91090"}, "Operating Income": {"2019-12-31": "229.45580", "2018-12-31": "182.57400", "2017-12-31": "127.77490", "2016-12-31": "69.16190", "2015-12-31": "187.57890", "2014-12-31": "111.81010", "2013-12-31": "220.55590", "2012-12-31": "202.20400", "2011-12-31": "217.66500", "2010-12-31": "211.91200", "2009-12-31": "82.06500", "2008-12-31": "107.97200", "2007-12-31": "85.26000", "2006-12-31": "74.37600", "2005-12-31": "51.25900"}, "Total Non-Operating Income/Expense": {"2019-12-31": "-81.21700", "2018-12-31": "-88.09200", "2017-12-31": "-69.08600", "2016-12-31": "-60.44600", "2015-12-31": "-77.93300", "2014-12-31": "-73.28800", "2013-12-31": "-76.67100", "2012-12-31": "-74.47400", "2011-12-31": "-32.98700", "2010-12-31": "-27.43500", "2009-12-31": "-20.59300", "2008-12-31": "-13.99500", "2007-12-31": "-13.02200", "2006-12-31": "-21.42300", "2005-12-31": "-22.14300"}, "Pre-Tax Income": {"2019-12-31": "148.23900", "2018-12-31": "94.48200", "2017-12-31": "58.68900", "2016-12-31": "8.71600", "2015-12-31": "109.64600", "2014-12-31": "38.52200", "2013-12-31": "143.88500", "2012-12-31": "127.73000", "2011-12-31": "184.67800", "2010-12-31": "184.47700", "2009-12-31": "61.47200", "2008-12-31": "93.97700", "2007-12-31": "72.23800", "2006-12-31": "52.95300", "2005-12-31": "29.11600"}, "Income Taxes": {"2019-12-31": "50.49900", "2018-12-31": "28.84600", "2017-12-31": "-42.05000", "2016-12-31": "48.58900", "2015-12-31": "65.54400", "2014-12-31": "66.85000", "2013-12-31": "48.31900", "2012-12-31": "-1.94400", "2011-12-31": "57.42600", "2010-12-31": "56.75600", "2009-12-31": "26.22500", "2008-12-31": "36.49100", "2007-12-31": "28.04000", "2006-12-31": "6.33900", "2005-12-31": "3.49500"}, "Income After Taxes": {"2019-12-31": "97.74000", "2018-12-31": "65.63600", "2017-12-31": "100.73900", "2016-12-31": "-39.87300", "2015-12-31": "44.10200", "2014-12-31": "-28.32800", "2013-12-31": "95.56600", "2012-12-31": "129.67400", "2011-12-31": "127.25200", "2010-12-31": "127.72100", "2009-12-31": "35.24700", "2008-12-31": "57.48600", "2007-12-31": "44.19800", "2006-12-31": "46.61400", "2005-12-31": "25.62100"}, "Other Income": {"2019-12-31": "", "2018-12-31": "", "2017-12-31": "", "2016-12-31": "", "2015-12-31": "", "2014-12-31": "", "2013-12-31": "", "2012-12-31": "", "2011-12-31": "", "2010-12-31": "", "2009-12-31": "", "2008-12-31": "", "2007-12-31": "", "2006-12-31": "", "2005-12-31": ""}, "Income From Continuous Operations": {"2019-12-31": "97.74000", "2018-12-31": "65.63600", "2017-12-31": "100.73900", "2016-12-31": "-39.87300", "2015-12-31": "44.10200", "2014-12-31": "-28.32800", "2013-12-31": "95.56600", "2012-12-31": "129.67400", "2011-12-31": "127.25200", "2010-12-31": "127.72100", "2009-12-31": "35.24700", "2008-12-31": "57.48600", "2007-12-31": "44.19800", "2006-12-31": "46.67500", "2005-12-31": "25.62100"}, "Income From Discontinued Operations": {"2019-12-31": "", "2018-12-31": "", "2017-12-31": "", "2016-12-31": "", "2015-12-31": "", "2014-12-31": "", "2013-12-31": "", "2012-12-31": "", "2011-12-31": "", "2010-12-31": "2.79400", "2009-12-31": "1.43900", "2008-12-31": "0.00000", "2007-12-31": "", "2006-12-31": "", "2005-12-31": ""}, "Net Income": {"2019-12-31": "97.74000", "2018-12-31": "65.63600", "2017-12-31": "100.73900", "2016-12-31": "-39.87300", "2015-12-31": "44.10200", "2014-12-31": "-28.32800", "2013-12-31": "95.56600", "2012-12-31": "129.67400", "2011-12-31": "127.25200", "2010-12-31": "130.51500", "2009-12-31": "36.68600", "2008-12-31": "57.48600", "2007-12-31": "43.99200", "2006-12-31": "46.39900", "2005-12-31": "25.34200"}, "EBITDA": {"2019-12-31": "544.12590", "2018-12-31": "494.85100", "2017-12-31": "429.13890", "2016-12-31": "403.89090", "2015-12-31": "507.44690", "2014-12-31": "525.20810", "2013-12-31": "499.84690", "2012-12-31": "375.56000", "2011-12-31": "351.58000", "2010-12-31": "317.61300", "2009-12-31": "159.57700", "2008-12-31": "165.13400", "2007-12-31": "135.23690", "2006-12-31": "121.55100", "2005-12-31": "91.94500"}, "EBIT": {"2019-12-31": "229.45580", "2018-12-31": "182.57400", "2017-12-31": "127.77490", "2016-12-31": "69.16190", "2015-12-31": "187.57890", "2014-12-31": "111.81010", "2013-12-31": "220.55590", "2012-12-31": "202.20400", "2011-12-31": "217.66500", "2010-12-31": "211.91200", "2009-12-31": "82.06500", "2008-12-31": "107.97200", "2007-12-31": "85.26000", "2006-12-31": "74.37600", "2005-12-31": "51.25900"}, "Basic Shares Outstanding": {"2019-12-31": "55.84500", "2018-12-31": "56.14800", "2017-12-31": "57.07200", "2016-12-31": "57.53200", "2015-12-31": "58.32400", "2014-12-31": "60.31100", "2013-12-31": "60.57400", "2012-12-31": "53.88400", "2011-12-31": "52.96100", "2010-12-31": "52.62200", "2009-12-31": "49.63300", "2008-12-31": "44.93000", "2007-12-31": "39.65400", "2006-12-31": "39.05200", "2005-12-31": "31.25800"}, "Shares Outstanding": {"2019-12-31": "56.12900", "2018-12-31": "56.34000", "2017-12-31": "57.20000", "2016-12-31": "57.53200", "2015-12-31": "58.43400", "2014-12-31": "60.31100", "2013-12-31": "60.72800", "2012-12-31": "54.07900", "2011-12-31": "53.32400", "2010-12-31": "52.93200", "2009-12-31": "49.86600", "2008-12-31": "45.73200", "2007-12-31": "41.26000", "2006-12-31": "41.31400", "2005-12-31": "35.43400"}, "Basic EPS": {"2019-12-31": "1.75000", "2018-12-31": "1.17000", "2017-12-31": "1.77000", "2016-12-31": "-0.69000", "2015-12-31": "0.76000", "2014-12-31": "-0.47000", "2013-12-31": "1.58000", "2012-12-31": "2.41000", "2011-12-31": "2.40000", "2010-12-31": "2.48000", "2009-12-31": "0.74000", "2008-12-31": "1.28000", "2007-12-31": "1.11000", "2006-12-31": "1.19000", "2005-12-31": "0.81000"}, "EPS - Earnings Per Share": {"2019-12-31": "1.74000", "2018-12-31": "1.16000", "2017-12-31": "1.76000", "2016-12-31": "-0.69000", "2015-12-31": "0.76000", "2014-12-31": "-0.47000", "2013-12-31": "1.57000", "2012-12-31": "2.40000", "2011-12-31": "2.39000", "2010-12-31": "2.47000", "2009-12-31": "0.74000", "2008-12-31": "1.25500", "2007-12-31": "1.07000", "2006-12-31": "1.13000", "2005-12-31": "0.72500"}}, "income statement, quarterly": {"Revenue": {"2020-09-30": "779.34400", "2020-06-30": "710.00000", "2020-03-31": "858.56300", "2019-12-31": "871.00500", "2019-09-30": "891.66800", "2019-06-30": "868.67800", "2019-03-31": "780.83900", "2018-12-31": "858.20400", "2018-09-30": "843.18100", "2018-06-30": "849.14000", "2018-03-31": "749.77800", "2017-12-31": "747.40300", "2017-09-30": "755.84600", "2017-06-30": "752.78800", "2017-03-31": "688.94100", "2016-12-31": "692.11300", "2016-09-30": "729.52000", "2016-06-30": "697.51000", "2016-03-31": "636.08300", "2015-12-31": "713.04390", "2015-09-30": "893.36600", "2015-06-30": "936.22800", "2015-03-31": "732.49900", "2014-12-31": "845.02390", "2014-09-30": "851.46500", "2014-06-30": "858.48000", "2014-03-31": "846.66700", "2013-12-31": "879.43000", "2013-09-30": "907.53500", "2013-06-30": "860.52800", "2013-03-31": "862.16300", "2012-12-31": "558.96190", "2012-09-30": "533.80600", "2012-06-30": "523.11800", "2012-03-31": "572.02200", "2011-12-31": "545.88600", "2011-09-30": "556.05300", "2011-06-30": "447.23500", "2011-03-31": "434.96200", "2010-12-31": "417.05800", "2010-09-30": "487.65100", "2010-06-30": "471.63900", "2010-03-31": "354.89600", "2009-12-31": "346.96890", "2009-09-30": "305.60800", "2009-06-30": "215.33700", "2009-03-31": "206.30600", "2008-12-31": "249.78800", "2008-09-30": "273.15700", "2008-06-30": "265.25900", "2008-03-31": "242.50900", "2007-12-31": "257.67800", "2007-09-30": "245.50700", "2007-06-30": "238.70800", "2007-03-31": "205.02400", "2006-12-31": "231.84900", "2006-09-30": "213.90300", "2006-06-30": "199.56200", "2006-03-31": "184.49500", "2005-12-31": "193.71400", "2005-09-30": "178.58000", "2005-06-30": "173.91000", "2005-03-31": "164.96600"}, "Cost Of Goods Sold": {"2020-09-30": "511.62900", "2020-06-30": "470.68100", "2020-03-31": "606.66600", "2019-12-31": "615.76810", "2019-09-30": "612.75400", "2019-06-30": "594.93300", "2019-03-31": "564.36400", "2018-12-31": "594.85700", "2018-09-30": "580.68500", "2018-06-30": "583.58400", "2018-03-31": "546.42500", "2017-12-31": "526.69020", "2017-09-30": "519.59500", "2017-06-30": "519.80300", "2017-03-31": "496.58500", "2016-12-31": "496.66100", "2016-09-30": "491.91500", "2016-06-30": "480.00200", "2016-03-31": "464.27900", "2015-12-31": "522.96490", "2015-09-30": "634.64600", "2015-06-30": "652.68800", "2015-03-31": "546.50700", "2014-12-31": "610.72000", "2014-09-30": "598.40700", "2014-06-30": "606.95000", "2014-03-31": "625.71900", "2013-12-31": "645.16400", "2013-09-30": "647.11900", "2013-06-30": "614.32600", "2013-03-31": "636.02400", "2012-12-31": "399.74290", "2012-09-30": "372.94000", "2012-06-30": "367.62300", "2012-03-31": "400.31500", "2011-12-31": "373.14200", "2011-09-30": "386.51800", "2011-06-30": "307.75400", "2011-03-31": "312.57700", "2010-12-31": "290.77000", "2010-09-30": "335.27300", "2010-06-30": "324.28000", "2010-03-31": "260.41700", "2009-12-31": "252.81600", "2009-09-30": "210.90000", "2009-06-30": "146.25400", "2009-03-31": "143.51300", "2008-12-31": "172.17900", "2008-09-30": "187.06300", "2008-06-30": "178.38400", "2008-03-31": "170.19400", "2007-12-31": "178.54700", "2007-09-30": "169.00700", "2007-06-30": "165.28200", "2007-03-31": "151.60400", "2006-12-31": "165.90700", "2006-09-30": "151.60600", "2006-06-30": "135.96400", "2006-03-31": "131.35800", "2005-12-31": "138.59200", "2005-09-30": "129.00900", "2005-06-30": "124.43400", "2005-03-31": "120.54700"}, "Gross Profit": {"2020-09-30": "267.71500", "2020-06-30": "239.31900", "2020-03-31": "251.89700", "2019-12-31": "255.23690", "2019-09-30": "278.91400", "2019-06-30": "273.74500", "2019-03-31": "216.47500", "2018-12-31": "263.34700", "2018-09-30": "262.49600", "2018-06-30": "265.55600", "2018-03-31": "203.35300", "2017-12-31": "220.71280", "2017-09-30": "236.25100", "2017-06-30": "232.98500", "2017-03-31": "192.35600", "2016-12-31": "195.45200", "2016-09-30": "237.60500", "2016-06-30": "217.50800", "2016-03-31": "171.80400", "2015-12-31": "190.07900", "2015-09-30": "258.72000", "2015-06-30": "283.54000", "2015-03-31": "185.99200", "2014-12-31": "234.30400", "2014-09-30": "253.05800", "2014-06-30": "251.53000", "2014-03-31": "220.94800", "2013-12-31": "234.26600", "2013-09-30": "260.41600", "2013-06-30": "246.20200", "2013-03-31": "226.13900", "2012-12-31": "159.21900", "2012-09-30": "160.86600", "2012-06-30": "155.49500", "2012-03-31": "171.70700", "2011-12-31": "172.74400", "2011-09-30": "169.53500", "2011-06-30": "139.48100", "2011-03-31": "122.38500", "2010-12-31": "126.28800", "2010-09-30": "152.37800", "2010-06-30": "147.35900", "2010-03-31": "94.47900", "2009-12-31": "94.15290", "2009-09-30": "94.70800", "2009-06-30": "69.08300", "2009-03-31": "62.79300", "2008-12-31": "77.60900", "2008-09-30": "86.09400", "2008-06-30": "86.87500", "2008-03-31": "72.31500", "2007-12-31": "79.13100", "2007-09-30": "76.50000", "2007-06-30": "73.42600", "2007-03-31": "53.42000", "2006-12-31": "65.94200", "2006-09-30": "62.29700", "2006-06-30": "63.59800", "2006-03-31": "53.13700", "2005-12-31": "55.12200", "2005-09-30": "49.57100", "2005-06-30": "49.47600", "2005-03-31": "44.41900"}, "Research And Development Expenses": {"2020-09-30": "", "2020-06-30": "", "2020-03-31": "", "2019-12-31": "", "2019-09-30": "", "2019-06-30": "", "2019-03-31": "", "2018-12-31": "", "2018-09-30": "", "2018-06-30": "", "2018-03-31": "", "2017-12-31": "", "2017-09-30": "", "2017-06-30": "", "2017-03-31": "", "2016-12-31": "", "2016-09-30": "", "2016-06-30": "", "2016-03-31": "", "2015-12-31": "", "2015-09-30": "", "2015-06-30": "", "2015-03-31": "", "2014-12-31": "", "2014-09-30": "", "2014-06-30": "", "2014-03-31": "", "2013-12-31": "", "2013-09-30": "", "2013-06-30": "", "2013-03-31": "", "2012-12-31": "", "2012-09-30": "", "2012-06-30": "", "2012-03-31": "", "2011-12-31": "", "2011-09-30": "", "2011-06-30": "", "2011-03-31": "", "2010-12-31": "", "2010-09-30": "", "2010-06-30": "", "2010-03-31": "", "2009-12-31": "", "2009-09-30": "", "2009-06-30": "", "2009-03-31": "", "2008-12-31": "", "2008-09-30": "", "2008-06-30": "", "2008-03-31": "", "2007-12-31": "", "2007-09-30": "", "2007-06-30": "", "2007-03-31": "", "2006-12-31": "", "2006-09-30": "", "2006-06-30": "", "2006-03-31": "", "2005-12-31": "", "2005-09-30": "", "2005-06-30": "", "2005-03-31": ""}, "SG&A Expenses": {"2020-09-30": "106.54400", "2020-06-30": "103.83900", "2020-03-31": "129.30700", "2019-12-31": "123.02100", "2019-09-30": "122.30100", "2019-06-30": "123.92000", "2019-03-31": "114.81200", "2018-12-31": "141.44500", "2018-09-30": "121.21900", "2018-06-30": "125.99500", "2018-03-31": "115.08800", "2017-12-31": "118.88100", "2017-09-30": "113.25200", "2017-06-30": "112.29400", "2017-03-31": "112.22100", "2016-12-31": "99.51400", "2016-09-30": "110.95400", "2016-06-30": "107.06300", "2016-03-31": "104.48400", "2015-12-31": "92.91800", "2015-09-30": "93.11300", "2015-06-30": "120.41800", "2015-03-31": "107.71500", "2014-12-31": "103.52700", "2014-09-30": "99.70100", "2014-06-30": "115.73100", "2014-03-31": "118.96200", "2013-12-31": "104.93100", "2013-09-30": "114.46400", "2013-06-30": "122.61200", "2013-03-31": "128.47000", "2012-12-31": "75.62800", "2012-09-30": "60.33900", "2012-06-30": "66.79400", "2012-03-31": "70.75900", "2011-12-31": "75.38500", "2011-09-30": "65.70400", "2011-06-30": "58.25400", "2011-03-31": "54.79400", "2010-12-31": "55.98000", "2010-09-30": "53.61900", "2010-06-30": "50.72900", "2010-03-31": "45.48400", "2009-12-31": "41.59400", "2009-09-30": "46.41600", "2009-06-30": "37.77800", "2009-03-31": "37.36900", "2008-12-31": "36.27000", "2008-09-30": "40.73800", "2008-06-30": "43.49600", "2008-03-31": "39.17000", "2007-12-31": "41.53700", "2007-09-30": "38.09200", "2007-06-30": "38.19600", "2007-03-31": "31.35500", "2006-12-31": "34.55200", "2006-09-30": "26.88000", "2006-06-30": "35.25200", "2006-03-31": "28.35500", "2005-12-31": "31.17900", "2005-09-30": "27.46400", "2005-06-30": "25.30800", "2005-03-31": "24.36100"}, "Other Operating Income Or Expenses": {"2020-09-30": "-2.82200", "2020-06-30": "-2.76600", "2020-03-31": "-2.56100", "2019-12-31": "-2.51200", "2019-09-30": "-2.49000", "2019-06-30": "-2.56000", "2019-03-31": "-2.57400", "2018-12-31": "-2.47800", "2018-09-30": "-2.45000", "2018-06-30": "-2.44800", "2018-03-31": "-2.43000", "2017-12-31": "-2.40700", "2017-09-30": "-2.34700", "2017-06-30": "-2.41600", "2017-03-31": "-2.29000", "2016-12-31": "-2.64800", "2016-09-30": "-2.47600", "2016-06-30": "-2.54800", "2016-03-31": "-2.50500", "2015-12-31": "-2.60700", "2015-09-30": "-2.57700", "2015-06-30": "-2.59900", "2015-03-31": "-2.61900", "2014-12-31": "-2.63700", "2014-09-30": "-2.64200", "2014-06-30": "-2.60900", "2014-03-31": "-2.72400", "2013-12-31": "-2.91300", "2013-09-30": "-2.91400", "2013-06-30": "-2.87900", "2013-03-31": "-2.83500", "2012-12-31": "-2.50800", "2012-09-30": "-2.48800", "2012-06-30": "-2.50500", "2012-03-31": "-2.41600", "2011-12-31": "-2.44900", "2011-09-30": "-2.43500", "2011-06-30": "-2.40700", "2011-03-31": "-2.38900", "2010-12-31": "-2.50800", "2010-09-30": "-2.49500", "2010-06-30": "-2.60200", "2010-03-31": "-2.70200", "2009-12-31": "-2.68900", "2009-09-30": "-2.64400", "2009-06-30": "-2.63400", "2009-03-31": "-2.65000", "2008-12-31": "-2.69800", "2008-09-30": "-2.68200", "2008-06-30": "-2.72600", "2008-03-31": "-2.67000", "2007-12-31": "-2.70400", "2007-09-30": "-2.71500", "2007-06-30": "-2.55400", "2007-03-31": "-2.47400", "2006-12-31": "-2.58700", "2006-09-30": "-2.58000", "2006-06-30": "-2.54300", "2006-03-31": "-2.51000", "2005-12-31": "-2.50100", "2005-09-30": "-2.63300", "2005-06-30": "-2.61600", "2005-03-31": "-2.63400"}, "Operating Expenses": {"2020-09-30": "695.46500", "2020-06-30": "649.78000", "2020-03-31": "813.06700", "2019-12-31": "818.69820", "2019-09-30": "811.30100", "2019-06-30": "795.62990", "2019-03-31": "757.10500", "2018-12-31": "816.71900", "2018-09-30": "777.43600", "2018-06-30": "784.78700", "2018-03-31": "738.78700", "2017-12-31": "719.46810", "2017-09-30": "708.18300", "2017-06-30": "706.04400", "2017-03-31": "683.50800", "2016-12-31": "670.17020", "2016-09-30": "712.71800", "2016-06-30": "663.00600", "2016-03-31": "640.17000", "2015-12-31": "687.49510", "2015-09-30": "799.39600", "2015-06-30": "875.47000", "2015-03-31": "725.19700", "2014-12-31": "787.48680", "2014-09-30": "894.21300", "2014-06-30": "791.36510", "2014-03-31": "816.76100", "2013-12-31": "820.55300", "2013-09-30": "833.92700", "2013-06-30": "807.28500", "2013-03-31": "827.33500", "2012-12-31": "522.73100", "2012-09-30": "477.06700", "2012-06-30": "475.58500", "2012-03-31": "510.32100", "2011-12-31": "486.63890", "2011-09-30": "489.26100", "2011-06-30": "395.35100", "2011-03-31": "395.22000", "2010-12-31": "374.06000", "2010-09-30": "414.27900", "2010-06-30": "399.71600", "2010-03-31": "331.27700", "2009-12-31": "319.04600", "2009-09-30": "278.60900", "2009-06-30": "198.90700", "2009-03-31": "195.59300", "2008-12-31": "222.92300", "2008-09-30": "241.89700", "2008-06-30": "235.41200", "2008-03-31": "222.50900", "2007-12-31": "232.57710", "2007-09-30": "219.62800", "2007-06-30": "215.08100", "2007-03-31": "194.37100", "2006-12-31": "212.08890", "2006-09-30": "192.12900", "2006-06-30": "181.71300", "2006-03-31": "169.50200", "2005-12-31": "179.38800", "2005-09-30": "166.26900", "2005-06-30": "159.50300", "2005-03-31": "154.75100"}, "Operating Income": {"2020-09-30": "83.87900", "2020-06-30": "60.22000", "2020-03-31": "45.49600", "2019-12-31": "52.30680", "2019-09-30": "80.36700", "2019-06-30": "73.04800", "2019-03-31": "23.73400", "2018-12-31": "41.48510", "2018-09-30": "65.74510", "2018-06-30": "64.35300", "2018-03-31": "10.99100", "2017-12-31": "27.93490", "2017-09-30": "47.66300", "2017-06-30": "46.74400", "2017-03-31": "5.43300", "2016-12-31": "21.94280", "2016-09-30": "16.80200", "2016-06-30": "34.50400", "2016-03-31": "-4.08700", "2015-12-31": "25.54880", "2015-09-30": "93.97000", "2015-06-30": "60.75810", "2015-03-31": "7.30200", "2014-12-31": "57.53710", "2014-09-30": "-42.74800", "2014-06-30": "67.11490", "2014-03-31": "29.90600", "2013-12-31": "58.87700", "2013-09-30": "73.60800", "2013-06-30": "53.24300", "2013-03-31": "34.82800", "2012-12-31": "36.23090", "2012-09-30": "56.73900", "2012-06-30": "47.53300", "2012-03-31": "61.70100", "2011-12-31": "59.24700", "2011-09-30": "66.79200", "2011-06-30": "51.88400", "2011-03-31": "39.74200", "2010-12-31": "42.99800", "2010-09-30": "73.37200", "2010-06-30": "71.92300", "2010-03-31": "23.61900", "2009-12-31": "27.92290", "2009-09-30": "26.99900", "2009-06-30": "16.43000", "2009-03-31": "10.71300", "2008-12-31": "26.86500", "2008-09-30": "31.26000", "2008-06-30": "29.84700", "2008-03-31": "20.00000", "2007-12-31": "25.10090", "2007-09-30": "25.87900", "2007-06-30": "23.62700", "2007-03-31": "10.65300", "2006-12-31": "19.76010", "2006-09-30": "21.77400", "2006-06-30": "17.84900", "2006-03-31": "14.99300", "2005-12-31": "14.32600", "2005-09-30": "12.31100", "2005-06-30": "14.40700", "2005-03-31": "10.21500"}, "Total Non-Operating Income/Expense": {"2020-09-30": "-15.25700", "2020-06-30": "-19.33800", "2020-03-31": "-24.22600", "2019-12-31": "-17.40900", "2019-09-30": "-26.24800", "2019-06-30": "-20.77900", "2019-03-31": "-16.78100", "2018-12-31": "-24.21900", "2018-09-30": "-23.38100", "2018-06-30": "-19.92300", "2018-03-31": "-20.56900", "2017-12-31": "-24.28300", "2017-09-30": "-23.03000", "2017-06-30": "2.35200", "2017-03-31": "-24.12500", "2016-12-31": "-13.94800", "2016-09-30": "-5.33200", "2016-06-30": "-21.83600", "2016-03-31": "-19.33000", "2015-12-31": "-19.83900", "2015-09-30": "-19.15600", "2015-06-30": "-19.90900", "2015-03-31": "-19.02900", "2014-12-31": "-18.99400", "2014-09-30": "-18.88100", "2014-06-30": "-20.03700", "2014-03-31": "-15.37600", "2013-12-31": "-19.91700", "2013-09-30": "-19.47600", "2013-06-30": "-17.93000", "2013-03-31": "-19.34800", "2012-12-31": "-13.78800", "2012-09-30": "-38.07200", "2012-06-30": "-11.04300", "2012-03-31": "-11.57100", "2011-12-31": "-10.87100", "2011-09-30": "-10.76300", "2011-06-30": "-7.77400", "2011-03-31": "-3.57900", "2010-12-31": "-5.85400", "2010-09-30": "-10.16100", "2010-06-30": "-4.93800", "2010-03-31": "-6.48200", "2009-12-31": "-6.35000", "2009-09-30": "-11.29800", "2009-06-30": "-1.59800", "2009-03-31": "-1.34700", "2008-12-31": "-1.80600", "2008-09-30": "-6.24400", "2008-06-30": "-2.45600", "2008-03-31": "-3.48900", "2007-12-31": "-3.18300", "2007-09-30": "-2.96100", "2007-06-30": "-3.70000", "2007-03-31": "-3.17800", "2006-12-31": "-3.55700", "2006-09-30": "-3.36500", "2006-06-30": "-3.00800", "2006-03-31": "-11.49300", "2005-12-31": "-4.77900", "2005-09-30": "-5.96700", "2005-06-30": "-6.05500", "2005-03-31": "-5.34200"}, "Pre-Tax Income": {"2020-09-30": "68.62200", "2020-06-30": "40.88200", "2020-03-31": "21.27000", "2019-12-31": "34.89800", "2019-09-30": "54.11900", "2019-06-30": "52.26900", "2019-03-31": "6.95300", "2018-12-31": "17.26600", "2018-09-30": "42.36400", "2018-06-30": "44.43000", "2018-03-31": "-9.57800", "2017-12-31": "3.65200", "2017-09-30": "24.63300", "2017-06-30": "49.09600", "2017-03-31": "-18.69200", "2016-12-31": "7.99500", "2016-09-30": "11.47000", "2016-06-30": "12.66800", "2016-03-31": "-23.41700", "2015-12-31": "5.71000", "2015-09-30": "74.81400", "2015-06-30": "40.84900", "2015-03-31": "-11.72700", "2014-12-31": "38.54300", "2014-09-30": "-61.62900", "2014-06-30": "47.07800", "2014-03-31": "14.53000", "2013-12-31": "38.96000", "2013-09-30": "54.13200", "2013-06-30": "35.31300", "2013-03-31": "15.48000", "2012-12-31": "22.44300", "2012-09-30": "18.66700", "2012-06-30": "36.49000", "2012-03-31": "50.13000", "2011-12-31": "48.37600", "2011-09-30": "56.02900", "2011-06-30": "44.11000", "2011-03-31": "36.16300", "2010-12-31": "37.14400", "2010-09-30": "63.21100", "2010-06-30": "66.98500", "2010-03-31": "17.13700", "2009-12-31": "21.57300", "2009-09-30": "15.70100", "2009-06-30": "14.83200", "2009-03-31": "9.36600", "2008-12-31": "25.05900", "2008-09-30": "25.01600", "2008-06-30": "27.39100", "2008-03-31": "16.51100", "2007-12-31": "21.91800", "2007-09-30": "22.91800", "2007-06-30": "19.92700", "2007-03-31": "7.47500", "2006-12-31": "16.20300", "2006-09-30": "18.40900", "2006-06-30": "14.84100", "2006-03-31": "3.50000", "2005-12-31": "9.54700", "2005-09-30": "6.34400", "2005-06-30": "8.35200", "2005-03-31": "4.87300"}, "Income Taxes": {"2020-09-30": "13.71200", "2020-06-30": "11.85900", "2020-03-31": "9.69800", "2019-12-31": "10.74700", "2019-09-30": "17.75000", "2019-06-30": "16.02500", "2019-03-31": "5.97700", "2018-12-31": "0.83500", "2018-09-30": "11.27500", "2018-06-30": "13.68300", "2018-03-31": "3.05300", "2017-12-31": "-80.54200", "2017-09-30": "12.57500", "2017-06-30": "23.21600", "2017-03-31": "2.70100", "2016-12-31": "20.70800", "2016-09-30": "21.72500", "2016-06-30": "8.70200", "2016-03-31": "-2.54600", "2015-12-31": "5.14200", "2015-09-30": "34.58600", "2015-06-30": "30.45400", "2015-03-31": "-4.63800", "2014-12-31": "11.16600", "2014-09-30": "31.70800", "2014-06-30": "18.40600", "2014-03-31": "5.57000", "2013-12-31": "12.15900", "2013-09-30": "18.77100", "2013-06-30": "12.41100", "2013-03-31": "4.97800", "2012-12-31": "-39.43100", "2012-09-30": "6.30800", "2012-06-30": "13.06400", "2012-03-31": "18.11500", "2011-12-31": "10.14300", "2011-09-30": "18.89600", "2011-06-30": "14.95400", "2011-03-31": "13.43300", "2010-12-31": "13.81500", "2010-09-30": "24.38400", "2010-06-30": "11.46800", "2010-03-31": "7.08900", "2009-12-31": "8.67800", "2009-09-30": "6.92800", "2009-06-30": "6.20800", "2009-03-31": "4.41100", "2008-12-31": "7.11000", "2008-09-30": "10.38800", "2008-06-30": "11.40400", "2008-03-31": "7.58900", "2007-12-31": "5.34900", "2007-09-30": "9.97800", "2007-06-30": "8.73900", "2007-03-31": "3.97400", "2006-12-31": "4.76000", "2006-09-30": "-2.58500", "2006-06-30": "3.46900", "2006-03-31": "0.69500", "2005-12-31": "1.59500", "2005-09-30": "0.88700", "2005-06-30": "0.98100", "2005-03-31": "0.03200"}, "Income After Taxes": {"2020-09-30": "54.91000", "2020-06-30": "29.02300", "2020-03-31": "11.57200", "2019-12-31": "24.15100", "2019-09-30": "36.36900", "2019-06-30": "36.24400", "2019-03-31": "0.97600", "2018-12-31": "16.43100", "2018-09-30": "31.08900", "2018-06-30": "30.74700", "2018-03-31": "-12.63100", "2017-12-31": "84.19400", "2017-09-30": "12.05800", "2017-06-30": "25.88000", "2017-03-31": "-21.39300", "2016-12-31": "-12.71300", "2016-09-30": "-10.25500", "2016-06-30": "3.96600", "2016-03-31": "-20.87100", "2015-12-31": "0.56800", "2015-09-30": "40.22800", "2015-06-30": "10.39500", "2015-03-31": "-7.08900", "2014-12-31": "27.37700", "2014-09-30": "-93.33700", "2014-06-30": "28.67200", "2014-03-31": "8.96000", "2013-12-31": "26.80100", "2013-09-30": "35.36100", "2013-06-30": "22.90200", "2013-03-31": "10.50200", "2012-12-31": "61.87400", "2012-09-30": "12.35900", "2012-06-30": "23.42600", "2012-03-31": "32.01500", "2011-12-31": "38.23300", "2011-09-30": "37.13300", "2011-06-30": "29.15600", "2011-03-31": "22.73000", "2010-12-31": "23.32900", "2010-09-30": "38.82700", "2010-06-30": "55.51700", "2010-03-31": "10.04800", "2009-12-31": "12.89500", "2009-09-30": "8.77300", "2009-06-30": "8.62400", "2009-03-31": "4.95500", "2008-12-31": "17.94900", "2008-09-30": "14.62800", "2008-06-30": "15.98700", "2008-03-31": "8.92200", "2007-12-31": "16.56900", "2007-09-30": "12.94000", "2007-06-30": "11.18800", "2007-03-31": "3.50100", "2006-12-31": "11.44300", "2006-09-30": "20.99400", "2006-06-30": "11.37200", "2006-03-31": "2.80500", "2005-12-31": "7.95200", "2005-09-30": "5.45700", "2005-06-30": "7.37100", "2005-03-31": "4.84100"}, "Other Income": {"2020-09-30": "", "2020-06-30": "", "2020-03-31": "", "2019-12-31": "", "2019-09-30": "", "2019-06-30": "", "2019-03-31": "", "2018-12-31": "", "2018-09-30": "", "2018-06-30": "", "2018-03-31": "", "2017-12-31": "", "2017-09-30": "", "2017-06-30": "", "2017-03-31": "", "2016-12-31": "", "2016-09-30": "", "2016-06-30": "", "2016-03-31": "", "2015-12-31": "", "2015-09-30": "", "2015-06-30": "", "2015-03-31": "", "2014-12-31": "", "2014-09-30": "", "2014-06-30": "", "2014-03-31": "", "2013-12-31": "", "2013-09-30": "", "2013-06-30": "", "2013-03-31": "", "2012-12-31": "", "2012-09-30": "", "2012-06-30": "", "2012-03-31": "", "2011-12-31": "", "2011-09-30": "", "2011-06-30": "", "2011-03-31": "", "2010-12-31": "", "2010-09-30": "", "2010-06-30": "", "2010-03-31": "", "2009-12-31": "", "2009-09-30": "", "2009-06-30": "", "2009-03-31": "", "2008-12-31": "", "2008-09-30": "", "2008-06-30": "", "2008-03-31": "", "2007-12-31": "", "2007-09-30": "", "2007-06-30": "", "2007-03-31": "", "2006-12-31": "", "2006-09-30": "", "2006-06-30": "", "2006-03-31": "", "2005-12-31": "", "2005-09-30": "", "2005-06-30": "", "2005-03-31": ""}, "Income From Continuous Operations": {"2020-09-30": "54.91000", "2020-06-30": "29.02300", "2020-03-31": "11.57200", "2019-12-31": "24.15100", "2019-09-30": "36.36900", "2019-06-30": "36.24400", "2019-03-31": "0.97600", "2018-12-31": "16.43100", "2018-09-30": "31.08900", "2018-06-30": "30.74700", "2018-03-31": "-12.63100", "2017-12-31": "84.19400", "2017-09-30": "12.05800", "2017-06-30": "25.88000", "2017-03-31": "-21.39300", "2016-12-31": "-12.71300", "2016-09-30": "-10.25500", "2016-06-30": "3.96600", "2016-03-31": "-20.87100", "2015-12-31": "0.56800", "2015-09-30": "40.22800", "2015-06-30": "10.39500", "2015-03-31": "-7.08900", "2014-12-31": "27.37700", "2014-09-30": "-93.33700", "2014-06-30": "28.67200", "2014-03-31": "8.96000", "2013-12-31": "26.80100", "2013-09-30": "35.36100", "2013-06-30": "22.90200", "2013-03-31": "10.50200", "2012-12-31": "61.87400", "2012-09-30": "12.35900", "2012-06-30": "23.42600", "2012-03-31": "32.01500", "2011-12-31": "38.23300", "2011-09-30": "37.13300", "2011-06-30": "29.15600", "2011-03-31": "22.73000", "2010-12-31": "23.32900", "2010-09-30": "38.82700", "2010-06-30": "55.51700", "2010-03-31": "10.04800", "2009-12-31": "12.89500", "2009-09-30": "8.77300", "2009-06-30": "8.62400", "2009-03-31": "4.95500", "2008-12-31": "17.94900", "2008-09-30": "14.62800", "2008-06-30": "15.98700", "2008-03-31": "8.92200", "2007-12-31": "16.56900", "2007-09-30": "12.94000", "2007-06-30": "11.18800", "2007-03-31": "3.50100", "2006-12-31": "11.49300", "2006-09-30": "21.00500", "2006-06-30": "11.37200", "2006-03-31": "2.80500", "2005-12-31": "7.95200", "2005-09-30": "5.45700", "2005-06-30": "7.37100", "2005-03-31": "4.84100"}, "Income From Discontinued Operations": {"2020-09-30": "", "2020-06-30": "", "2020-03-31": "", "2019-12-31": "", "2019-09-30": "", "2019-06-30": "", "2019-03-31": "", "2018-12-31": "", "2018-09-30": "", "2018-06-30": "", "2018-03-31": "", "2017-12-31": "", "2017-09-30": "", "2017-06-30": "", "2017-03-31": "", "2016-12-31": "", "2016-09-30": "", "2016-06-30": "", "2016-03-31": "", "2015-12-31": "", "2015-09-30": "", "2015-06-30": "", "2015-03-31": "", "2014-12-31": "", "2014-09-30": "", "2014-06-30": "", "2014-03-31": "", "2013-12-31": "", "2013-09-30": "", "2013-06-30": "", "2013-03-31": "", "2012-12-31": "", "2012-09-30": "", "2012-06-30": "", "2012-03-31": "", "2011-12-31": "", "2011-09-30": "", "2011-06-30": "", "2011-03-31": "", "2010-12-31": "0.00000", "2010-09-30": "0.00000", "2010-06-30": "2.41200", "2010-03-31": "0.38200", "2009-12-31": "1.02700", "2009-09-30": "0.41200", "2009-06-30": "", "2009-03-31": "", "2008-12-31": "", "2008-09-30": "", "2008-06-30": "", "2008-03-31": "", "2007-12-31": "", "2007-09-30": "", "2007-06-30": "", "2007-03-31": "", "2006-12-31": "", "2006-09-30": "", "2006-06-30": "", "2006-03-31": "", "2005-12-31": "", "2005-09-30": "", "2005-06-30": "", "2005-03-31": ""}, "Net Income": {"2020-09-30": "54.91000", "2020-06-30": "29.02300", "2020-03-31": "11.57200", "2019-12-31": "24.15100", "2019-09-30": "36.36900", "2019-06-30": "36.24400", "2019-03-31": "0.97600", "2018-12-31": "16.43100", "2018-09-30": "31.08900", "2018-06-30": "30.74700", "2018-03-31": "-12.63100", "2017-12-31": "84.19400", "2017-09-30": "12.05800", "2017-06-30": "25.88000", "2017-03-31": "-21.39300", "2016-12-31": "-12.71300", "2016-09-30": "-10.25500", "2016-06-30": "3.96600", "2016-03-31": "-20.87100", "2015-12-31": "0.56800", "2015-09-30": "40.22800", "2015-06-30": "10.39500", "2015-03-31": "-7.08900", "2014-12-31": "27.37700", "2014-09-30": "-93.33700", "2014-06-30": "28.67200", "2014-03-31": "8.96000", "2013-12-31": "26.80100", "2013-09-30": "35.36100", "2013-06-30": "22.90200", "2013-03-31": "10.50200", "2012-12-31": "61.87400", "2012-09-30": "12.35900", "2012-06-30": "23.42600", "2012-03-31": "32.01500", "2011-12-31": "38.23300", "2011-09-30": "37.13300", "2011-06-30": "29.15600", "2011-03-31": "22.73000", "2010-12-31": "23.32900", "2010-09-30": "38.82700", "2010-06-30": "57.92900", "2010-03-31": "10.43000", "2009-12-31": "13.92200", "2009-09-30": "9.18500", "2009-06-30": "8.62400", "2009-03-31": "4.95500", "2008-12-31": "17.94900", "2008-09-30": "14.62800", "2008-06-30": "15.98700", "2008-03-31": "8.92200", "2007-12-31": "16.57000", "2007-09-30": "12.87100", "2007-06-30": "11.11900", "2007-03-31": "3.43200", "2006-12-31": "11.42400", "2006-09-30": "20.93600", "2006-06-30": "11.30300", "2006-03-31": "2.73600", "2005-12-31": "7.88300", "2005-09-30": "5.38700", "2005-06-30": "7.30100", "2005-03-31": "4.77100"}, "EBITDA": {"2020-09-30": "162.07200", "2020-06-30": "136.37600", "2020-03-31": "123.48100", "2019-12-31": "133.11680", "2019-09-30": "157.52100", "2019-06-30": "150.82500", "2019-03-31": "102.66300", "2018-12-31": "122.90700", "2018-09-30": "142.23710", "2018-06-30": "140.52600", "2018-03-31": "89.18100", "2017-12-31": "102.75190", "2017-09-30": "123.90100", "2017-06-30": "121.52200", "2017-03-31": "80.96400", "2016-12-31": "96.78980", "2016-09-30": "127.56400", "2016-06-30": "111.34500", "2016-03-31": "68.19200", "2015-12-31": "97.98180", "2015-09-30": "161.89100", "2015-06-30": "168.47810", "2015-03-31": "79.09600", "2014-12-31": "131.60910", "2014-09-30": "154.23800", "2014-06-30": "136.55090", "2014-03-31": "102.81000", "2013-12-31": "130.09700", "2013-09-30": "146.79900", "2013-06-30": "124.43600", "2013-03-31": "98.51500", "2012-12-31": "84.21090", "2012-09-30": "100.94700", "2012-06-30": "89.08700", "2012-03-31": "101.31500", "2011-12-31": "97.70110", "2011-09-30": "104.16300", "2011-06-30": "81.51100", "2011-03-31": "68.20500", "2010-12-31": "71.00800", "2010-09-30": "99.50500", "2010-06-30": "97.37300", "2010-03-31": "49.72700", "2009-12-31": "53.27090", "2009-09-30": "48.78700", "2009-06-30": "31.72900", "2009-03-31": "25.79000", "2008-12-31": "41.73700", "2008-09-30": "45.79700", "2008-06-30": "43.84600", "2008-03-31": "33.75400", "2007-12-31": "38.07190", "2007-09-30": "38.86900", "2007-06-30": "35.75700", "2007-03-31": "22.53900", "2006-12-31": "31.83210", "2006-09-30": "35.83600", "2006-06-30": "28.71700", "2006-03-31": "25.16600", "2005-12-31": "24.37500", "2005-09-30": "22.52200", "2005-06-30": "24.58100", "2005-03-31": "20.46700"}, "EBIT": {"2020-09-30": "83.87900", "2020-06-30": "60.22000", "2020-03-31": "45.49600", "2019-12-31": "52.30680", "2019-09-30": "80.36700", "2019-06-30": "73.04800", "2019-03-31": "23.73400", "2018-12-31": "41.48490", "2018-09-30": "65.74510", "2018-06-30": "64.35300", "2018-03-31": "10.99100", "2017-12-31": "27.93490", "2017-09-30": "47.66300", "2017-06-30": "46.74400", "2017-03-31": "5.43300", "2016-12-31": "21.94280", "2016-09-30": "16.80200", "2016-06-30": "34.50400", "2016-03-31": "-4.08700", "2015-12-31": "25.54880", "2015-09-30": "93.97000", "2015-06-30": "60.75810", "2015-03-31": "7.30200", "2014-12-31": "57.53710", "2014-09-30": "-42.74800", "2014-06-30": "67.11490", "2014-03-31": "29.90600", "2013-12-31": "58.87700", "2013-09-30": "73.60800", "2013-06-30": "53.24300", "2013-03-31": "34.82800", "2012-12-31": "36.23100", "2012-09-30": "56.73900", "2012-06-30": "47.53300", "2012-03-31": "61.70100", "2011-12-31": "59.24710", "2011-09-30": "66.79200", "2011-06-30": "51.88400", "2011-03-31": "39.74200", "2010-12-31": "42.99800", "2010-09-30": "73.37200", "2010-06-30": "71.92300", "2010-03-31": "23.61900", "2009-12-31": "27.92300", "2009-09-30": "26.99900", "2009-06-30": "16.43000", "2009-03-31": "10.71300", "2008-12-31": "26.86500", "2008-09-30": "31.26000", "2008-06-30": "29.84700", "2008-03-31": "20.00000", "2007-12-31": "25.10090", "2007-09-30": "25.87900", "2007-06-30": "23.62700", "2007-03-31": "10.65300", "2006-12-31": "19.76010", "2006-09-30": "21.77400", "2006-06-30": "17.84900", "2006-03-31": "14.99300", "2005-12-31": "14.32600", "2005-09-30": "12.31100", "2005-06-30": "14.40700", "2005-03-31": "10.21500"}, "Basic Shares Outstanding": {"2020-09-30": "55.59200", "2020-06-30": "55.59000", "2020-03-31": "55.75700", "2019-12-31": "55.84500", "2019-09-30": "55.85000", "2019-06-30": "55.87500", "2019-03-31": "55.84800", "2018-12-31": "56.14800", "2018-09-30": "56.05900", "2018-06-30": "56.41000", "2018-03-31": "56.45700", "2017-12-31": "57.07200", "2017-09-30": "57.03300", "2017-06-30": "57.19000", "2017-03-31": "57.26200", "2016-12-31": "57.53200", "2016-09-30": "57.48700", "2016-06-30": "57.54900", "2016-03-31": "57.61700", "2015-12-31": "58.32400", "2015-09-30": "58.16100", "2015-06-30": "58.59000", "2015-03-31": "58.87500", "2014-12-31": "60.31100", "2014-09-30": "60.36900", "2014-06-30": "60.66500", "2014-03-31": "60.72000", "2013-12-31": "60.57400", "2013-09-30": "60.61000", "2013-06-30": "60.55000", "2013-03-31": "60.46400", "2012-12-31": "53.88400", "2012-09-30": "53.37400", "2012-06-30": "53.30800", "2012-03-31": "53.22700", "2011-12-31": "52.96100", "2011-09-30": "53.02300", "2011-06-30": "52.93900", "2011-03-31": "52.79800", "2010-12-31": "52.62200", "2010-09-30": "52.65800", "2010-06-30": "52.58100", "2010-03-31": "52.50200", "2009-12-31": "49.63300", "2009-09-30": "50.84000", "2009-06-30": "47.55400", "2009-03-31": "47.49600", "2008-12-31": "44.93000", "2008-09-30": "46.84600", "2008-06-30": "44.87400", "2008-03-31": "40.71400", "2007-12-31": "39.65400", "2007-09-30": "39.68000", "2007-06-30": "39.63400", "2007-03-31": "39.50000", "2006-12-31": "39.05200", "2006-09-30": "39.17400", "2006-06-30": "38.99000", "2006-03-31": "38.78000", "2005-12-31": "31.25800", "2005-09-30": "30.83200", "2005-06-30": "30.42600", "2005-03-31": "29.20400"}, "Shares Outstanding": {"2020-09-30": "55.73800", "2020-06-30": "55.74800", "2020-03-31": "56.05500", "2019-12-31": "56.12900", "2019-09-30": "56.16500", "2019-06-30": "56.06600", "2019-03-31": "56.08200", "2018-12-31": "56.34000", "2018-09-30": "56.29100", "2018-06-30": "56.50500", "2018-03-31": "56.45700", "2017-12-31": "57.20000", "2017-09-30": "57.19500", "2017-06-30": "57.33600", "2017-03-31": "57.26200", "2016-12-31": "57.53200", "2016-09-30": "57.48700", "2016-06-30": "57.67800", "2016-03-31": "57.61700", "2015-12-31": "58.43400", "2015-09-30": "58.26800", "2015-06-30": "58.71000", "2015-03-31": "58.87500", "2014-12-31": "60.31100", "2014-09-30": "60.36900", "2014-06-30": "60.77800", "2014-03-31": "60.86100", "2013-12-31": "60.72800", "2013-09-30": "60.76000", "2013-06-30": "60.68700", "2013-03-31": "60.63000", "2012-12-31": "54.07900", "2012-09-30": "53.56500", "2012-06-30": "53.50500", "2012-03-31": "53.48800", "2011-12-31": "53.32400", "2011-09-30": "53.37000", "2011-06-30": "53.36200", "2011-03-31": "53.15800", "2010-12-31": "52.93200", "2010-09-30": "52.96300", "2010-06-30": "52.84900", "2010-03-31": "52.74200", "2009-12-31": "49.86600", "2009-09-30": "51.10400", "2009-06-30": "47.77800", "2009-03-31": "47.72400", "2008-12-31": "45.73200", "2008-09-30": "47.64400", "2008-06-30": "45.87200", "2008-03-31": "41.82000", "2007-12-31": "41.26000", "2007-09-30": "41.37200", "2007-06-30": "41.32200", "2007-03-31": "41.27400", "2006-12-31": "41.31400", "2006-09-30": "41.21400", "2006-06-30": "41.09800", "2006-03-31": "41.01800", "2005-12-31": "35.43400", "2005-09-30": "35.28800", "2005-06-30": "34.50600", "2005-03-31": "36.14400"}, "Basic EPS": {"2020-09-30": "0.99000", "2020-06-30": "0.52000", "2020-03-31": "0.21000", "2019-12-31": "0.43000", "2019-09-30": "0.65000", "2019-06-30": "0.65000", "2019-03-31": "0.02000", "2018-12-31": "0.29000", "2018-09-30": "0.55000", "2018-06-30": "0.55000", "2018-03-31": "-0.22000", "2017-12-31": "1.48000", "2017-09-30": "0.21000", "2017-06-30": "0.45000", "2017-03-31": "-0.37000", "2016-12-31": "-0.22000", "2016-09-30": "-0.18000", "2016-06-30": "0.07000", "2016-03-31": "-0.36000", "2015-12-31": "0.01000", "2015-09-30": "0.69000", "2015-06-30": "0.18000", "2015-03-31": "-0.12000", "2014-12-31": "0.46000", "2014-09-30": "-1.55000", "2014-06-30": "0.47000", "2014-03-31": "0.15000", "2013-12-31": "0.45000", "2013-09-30": "0.58000", "2013-06-30": "0.38000", "2013-03-31": "0.17000", "2012-12-31": "1.14000", "2012-09-30": "0.23000", "2012-06-30": "0.44000", "2012-03-31": "0.60000", "2011-12-31": "0.72000", "2011-09-30": "0.70000", "2011-06-30": "0.55000", "2011-03-31": "0.43000", "2010-12-31": "0.44000", "2010-09-30": "0.74000", "2010-06-30": "1.10000", "2010-03-31": "0.20000", "2009-12-31": "0.27500", "2009-09-30": "0.18000", "2009-06-30": "0.18000", "2009-03-31": "0.10500", "2008-12-31": "0.39500", "2008-09-30": "0.31000", "2008-06-30": "0.35500", "2008-03-31": "0.22000", "2007-12-31": "0.42000", "2007-09-30": "0.32500", "2007-06-30": "0.28000", "2007-03-31": "0.08500", "2006-12-31": "0.29500", "2006-09-30": "0.53500", "2006-06-30": "0.29000", "2006-03-31": "0.07000", "2005-12-31": "0.23000", "2005-09-30": "0.17500", "2005-06-30": "0.24000", "2005-03-31": "0.16500"}, "EPS - Earnings Per Share": {"2020-09-30": "0.99000", "2020-06-30": "0.52000", "2020-03-31": "0.21000", "2019-12-31": "0.42000", "2019-09-30": "0.65000", "2019-06-30": "0.65000", "2019-03-31": "0.02000", "2018-12-31": "0.29000", "2018-09-30": "0.55000", "2018-06-30": "0.54000", "2018-03-31": "-0.22000", "2017-12-31": "1.47000", "2017-09-30": "0.21000", "2017-06-30": "0.45000", "2017-03-31": "-0.37000", "2016-12-31": "-0.22000", "2016-09-30": "-0.18000", "2016-06-30": "0.07000", "2016-03-31": "-0.36000", "2015-12-31": "0.01000", "2015-09-30": "0.69000", "2015-06-30": "0.18000", "2015-03-31": "-0.12000", "2014-12-31": "0.46000", "2014-09-30": "-1.55000", "2014-06-30": "0.47000", "2014-03-31": "0.15000", "2013-12-31": "0.44000", "2013-09-30": "0.58000", "2013-06-30": "0.38000", "2013-03-31": "0.17000", "2012-12-31": "1.13000", "2012-09-30": "0.23000", "2012-06-30": "0.44000", "2012-03-31": "0.60000", "2011-12-31": "0.71000", "2011-09-30": "0.70000", "2011-06-30": "0.55000", "2011-03-31": "0.43000", "2010-12-31": "0.44000", "2010-09-30": "0.73000", "2010-06-30": "1.10000", "2010-03-31": "0.20000", "2009-12-31": "0.27500", "2009-09-30": "0.18000", "2009-06-30": "0.18000", "2009-03-31": "0.10500", "2008-12-31": "0.38500", "2008-09-30": "0.30500", "2008-06-30": "0.35000", "2008-03-31": "0.21500", "2007-12-31": "0.40000", "2007-09-30": "0.31500", "2007-06-30": "0.27000", "2007-03-31": "0.08500", "2006-12-31": "0.27500", "2006-09-30": "0.51000", "2006-06-30": "0.27500", "2006-03-31": "0.07000", "2005-12-31": "0.22000", "2005-09-30": "0.15500", "2005-06-30": "0.21500", "2005-03-31": "0.13500"}}, "balance sheet": {"Cash On Hand": {"2019-12-31": "414.41200", "2018-12-31": "279.36300", "2017-12-31": "357.57800", "2016-12-31": "306.99700", "2015-12-31": "184.70800", "2014-12-31": "246.87900", "2013-12-31": "322.50800", "2012-12-31": "241.61400", "2011-12-31": "260.83400", "2010-12-31": "305.38400", "2009-12-31": "235.61800", "2008-12-31": "249.69900", "2007-12-31": "120.38800", "2006-12-31": "83.79000", "2005-12-31": "135.91800"}, "Receivables": {"2019-12-31": "701.06400", "2018-12-31": "661.74600", "2017-12-31": "564.84600", "2016-12-31": "532.41600", "2015-12-31": "521.94400", "2014-12-31": "597.90600", "2013-12-31": "605.96200", "2012-12-31": "573.20800", "2011-12-31": "478.93800", "2010-12-31": "351.79500", "2009-12-31": "287.24900", "2008-12-31": "180.53500", "2007-12-31": "207.82900", "2006-12-31": "185.65900", "2005-12-31": "156.17000"}, "Inventory": {"2019-12-31": "214.74400", "2018-12-31": "199.47900", "2017-12-31": "176.01200", "2016-12-31": "178.42800", "2015-12-31": "149.52100", "2014-12-31": "168.66300", "2013-12-31": "152.09600", "2012-12-31": "176.47800", "2011-12-31": "56.24200", "2010-12-31": "44.54600", "2009-12-31": "41.41700", "2008-12-31": "26.90500", "2007-12-31": "22.36300", "2006-12-31": "20.10100", "2005-12-31": "12.72300"}, "Pre-Paid Expenses": {"2019-12-31": "48.94200", "2018-12-31": "42.80000", "2017-12-31": "35.17500", "2016-12-31": "56.11600", "2015-12-31": "46.26500", "2014-12-31": "57.43500", "2013-12-31": "41.96200", "2012-12-31": "75.76500", "2011-12-31": "73.34900", "2010-12-31": "28.93900", "2009-12-31": "18.34800", "2008-12-31": "13.47200", "2007-12-31": "10.09800", "2006-12-31": "9.45100", "2005-12-31": "6.41100"}, "Other Current Assets": {"2019-12-31": "", "2018-12-31": "", "2017-12-31": "", "2016-12-31": "", "2015-12-31": "", "2014-12-31": "", "2013-12-31": "", "2012-12-31": "", "2011-12-31": "", "2010-12-31": "", "2009-12-31": "13.56100", "2008-12-31": "", "2007-12-31": "0.91000", "2006-12-31": "7.44000", "2005-12-31": "7.67000"}, "Total Current Assets": {"2019-12-31": "1400.90800", "2018-12-31": "1202.15800", "2017-12-31": "1154.05600", "2016-12-31": "1092.87100", "2015-12-31": "921.19600", "2014-12-31": "1126.43300", "2013-12-31": "1171.17900", "2012-12-31": "1095.25900", "2011-12-31": "891.86800", "2010-12-31": "752.53700", "2009-12-31": "620.25000", "2008-12-31": "489.05200", "2007-12-31": "380.43800", "2006-12-31": "322.81900", "2005-12-31": "324.04800"}, "Property, Plant, And Equipment": {"2019-12-31": "1588.15100", "2018-12-31": "1561.97800", "2017-12-31": "1587.36500", "2016-12-31": "1611.82700", "2015-12-31": "1532.46700", "2014-12-31": "1558.83400", "2013-12-31": "1602.17000", "2012-12-31": "1533.05300", "2011-12-31": "903.94700", "2010-12-31": "655.39400", "2009-12-31": "589.94400", "2008-12-31": "295.46100", "2007-12-31": "262.60100", "2006-12-31": "244.12600", "2005-12-31": "178.52400"}, "Long-Term Investments": {"2019-12-31": "", "2018-12-31": "", "2017-12-31": "", "2016-12-31": "", "2015-12-31": "", "2014-12-31": "", "2013-12-31": "", "2012-12-31": "", "2011-12-31": "4.24500", "2010-12-31": "5.43700", "2009-12-31": "6.50300", "2008-12-31": "6.23700", "2007-12-31": "8.50000", "2006-12-31": "2.20800", "2005-12-31": ""}, "Goodwill And Intangible Assets": {"2019-12-31": "944.07900", "2018-12-31": "956.06400", "2017-12-31": "947.65100", "2016-12-31": "963.87500", "2015-12-31": "959.92300", "2014-12-31": "982.74900", "2013-12-31": "1140.93300", "2012-12-31": "1169.75900", "2011-12-31": "262.03600", "2010-12-31": "174.65200", "2009-12-31": "170.27300", "2008-12-31": "96.33200", "2007-12-31": "96.38100", "2006-12-31": "84.77500", "2005-12-31": "96.83500"}, "Other Long-Term Assets": {"2019-12-31": "13.56000", "2018-12-31": "18.12100", "2017-12-31": "17.49800", "2016-12-31": "13.34700", "2015-12-31": "17.84200", "2014-12-31": "18.68200", "2013-12-31": "18.53600", "2012-12-31": "18.35800", "2011-12-31": "10.10000", "2010-12-31": "6.68700", "2009-12-31": "3.94200", "2008-12-31": "2.75600", "2007-12-31": "3.91100", "2006-12-31": "3.28600", "2005-12-31": "3.73400"}, "Total Long-Term Assets": {"2019-12-31": "2707.99600", "2018-12-31": "2536.16300", "2017-12-31": "2552.51400", "2016-12-31": "2589.04900", "2015-12-31": "2510.23200", "2014-12-31": "2562.99000", "2013-12-31": "2782.49900", "2012-12-31": "2742.82700", "2011-12-31": "1193.93500", "2010-12-31": "849.93800", "2009-12-31": "780.81800", "2008-12-31": "409.28400", "2007-12-31": "389.45000", "2006-12-31": "347.98900", "2005-12-31": "290.31600"}, "Total Assets": {"2019-12-31": "4108.90400", "2018-12-31": "3738.32100", "2017-12-31": "3706.57000", "2016-12-31": "3681.92000", "2015-12-31": "3431.42800", "2014-12-31": "3689.42300", "2013-12-31": "3953.67800", "2012-12-31": "3838.08600", "2011-12-31": "2085.80300", "2010-12-31": "1602.47500", "2009-12-31": "1401.06800", "2008-12-31": "898.33600", "2007-12-31": "769.88800", "2006-12-31": "670.80800", "2005-12-31": "614.36400"}, "Total Current Liabilities": {"2019-12-31": "720.10000", "2018-12-31": "602.27800", "2017-12-31": "503.81700", "2016-12-31": "504.66800", "2015-12-31": "517.12000", "2014-12-31": "572.47100", "2013-12-31": "639.54500", "2012-12-31": "588.66600", "2011-12-31": "381.74200", "2010-12-31": "306.28400", "2009-12-31": "233.32000", "2008-12-31": "181.37300", "2007-12-31": "210.85300", "2006-12-31": "198.35400", "2005-12-31": "223.69400"}, "Long Term Debt": {"2019-12-31": "1675.13600", "2018-12-31": "1565.02100", "2017-12-31": "1625.53700", "2016-12-31": "1633.27200", "2015-12-31": "1382.54300", "2014-12-31": "1380.14500", "2013-12-31": "1401.43500", "2012-12-31": "1402.87900", "2011-12-31": "530.57800", "2010-12-31": "270.84600", "2009-12-31": "299.34800", "2008-12-31": "53.23000", "2007-12-31": "122.23200", "2006-12-31": "123.17000", "2005-12-31": "99.89800"}, "Other Non-Current Liabilities": {"2019-12-31": "166.52300", "2018-12-31": "167.91400", "2017-12-31": "165.72300", "2016-12-31": "166.32200", "2015-12-31": "167.84600", "2014-12-31": "183.73100", "2013-12-31": "190.11200", "2012-12-31": "199.05700", "2011-12-31": "272.49600", "2010-12-31": "244.51800", "2009-12-31": "254.57500", "2008-12-31": "234.68800", "2007-12-31": "233.90600", "2006-12-31": "176.09800", "2005-12-31": "174.28900"}, "Total Long Term Liabilities": {"2019-12-31": "2118.99100", "2018-12-31": "1966.28700", "2017-12-31": "2014.55100", "2016-12-31": "2093.01100", "2015-12-31": "1818.02600", "2014-12-31": "1854.08100", "2013-12-31": "1838.49400", "2012-12-31": "1817.34800", "2011-12-31": "803.07400", "2010-12-31": "515.36400", "2009-12-31": "553.92300", "2008-12-31": "287.91800", "2007-12-31": "356.13800", "2006-12-31": "299.26800", "2005-12-31": "275.01200"}, "Total Liabilities": {"2019-12-31": "2839.09100", "2018-12-31": "2568.56500", "2017-12-31": "2518.36800", "2016-12-31": "2597.67900", "2015-12-31": "2335.14600", "2014-12-31": "2426.55200", "2013-12-31": "2478.03900", "2012-12-31": "2406.01400", "2011-12-31": "1184.81600", "2010-12-31": "821.64800", "2009-12-31": "787.24300", "2008-12-31": "469.29100", "2007-12-31": "566.99100", "2006-12-31": "497.62200", "2005-12-31": "498.70600"}, "Common Stock Net": {"2019-12-31": "0.55800", "2018-12-31": "0.55800", "2017-12-31": "0.56500", "2016-12-31": "0.57300", "2015-12-31": "0.57600", "2014-12-31": "0.58900", "2013-12-31": "0.60700", "2012-12-31": "0.60400", "2011-12-31": "0.53200", "2010-12-31": "0.52800", "2009-12-31": "0.26200", "2008-12-31": "0.23700", "2007-12-31": "0.20300", "2006-12-31": "0.19700", "2005-12-31": "0.19400"}, "Retained Earnings (Accumulated Deficit)": {"2019-12-31": "834.89400", "2018-12-31": "737.15400", "2017-12-31": "673.08200", "2016-12-31": "572.79300", "2015-12-31": "612.66600", "2014-12-31": "568.56400", "2013-12-31": "596.89200", "2012-12-31": "501.32600", "2011-12-31": "371.65200", "2010-12-31": "244.40000", "2009-12-31": "113.88500", "2008-12-31": "77.19900", "2007-12-31": "19.71300", "2006-12-31": "12.35800", "2005-12-31": "-34.31700"}, "Comprehensive Income": {"2019-12-31": "-210.05100", "2018-12-31": "-223.37100", "2017-12-31": "-172.40700", "2016-12-31": "-214.32600", "2015-12-31": "-254.89200", "2014-12-31": "-110.84200", "2013-12-31": "-19.55600", "2012-12-31": "49.63200", "2011-12-31": "31.35300", "2010-12-31": "50.75900", "2009-12-31": "26.82900", "2008-12-31": "-0.68800", "2007-12-31": "17.49800", "2006-12-31": "8.93900", "2005-12-31": "9.74500"}, "Other Share Holders Equity": {"2019-12-31": "", "2018-12-31": "", "2017-12-31": "", "2016-12-31": "-0.46900", "2015-12-31": "-0.46900", "2014-12-31": "-0.46900", "2013-12-31": "-0.46900", "2012-12-31": "-0.46900", "2011-12-31": "-0.46900", "2010-12-31": "-0.77700", "2009-12-31": "-1.15000", "2008-12-31": "", "2007-12-31": "", "2006-12-31": "", "2005-12-31": ""}, "Share Holder Equity": {"2019-12-31": "1269.81300", "2018-12-31": "1169.75600", "2017-12-31": "1188.20200", "2016-12-31": "1084.24100", "2015-12-31": "1096.28200", "2014-12-31": "1262.87100", "2013-12-31": "1475.63900", "2012-12-31": "1432.07200", "2011-12-31": "900.98700", "2010-12-31": "780.82700", "2009-12-31": "613.82500", "2008-12-31": "429.04500", "2007-12-31": "202.89700", "2006-12-31": "173.18600", "2005-12-31": "115.65800"}, "Total Liabilities And Share Holders Equity": {"2019-12-31": "4108.90400", "2018-12-31": "3738.32100", "2017-12-31": "3706.57000", "2016-12-31": "3681.92000", "2015-12-31": "3431.42800", "2014-12-31": "3689.42300", "2013-12-31": "3953.67800", "2012-12-31": "3838.08600", "2011-12-31": "2085.80300", "2010-12-31": "1602.47500", "2009-12-31": "1401.06800", "2008-12-31": "898.33600", "2007-12-31": "769.88800", "2006-12-31": "670.80800", "2005-12-31": "614.36400"}}, "balance sheet, quarterly": {"Cash On Hand": {"2020-09-30": "532.34500", "2020-06-30": "506.69200", "2020-03-31": "494.34800", "2019-12-31": "414.41200", "2019-09-30": "329.11000", "2019-06-30": "259.65300", "2019-03-31": "224.84800", "2018-12-31": "279.36300", "2018-09-30": "252.87700", "2018-06-30": "233.93000", "2018-03-31": "224.14400", "2017-12-31": "357.57800", "2017-09-30": "361.65800", "2017-06-30": "446.36600", "2017-03-31": "297.36600", "2016-12-31": "306.99700", "2016-09-30": "257.85700", "2016-06-30": "352.92300", "2016-03-31": "355.34500", "2015-12-31": "184.70800", "2015-09-30": "179.19100", "2015-06-30": "173.62100", "2015-03-31": "233.73900", "2014-12-31": "246.87900", "2014-09-30": "258.02100", "2014-06-30": "278.64400", "2014-03-31": "249.22000", "2013-12-31": "322.50800", "2013-09-30": "260.42200", "2013-06-30": "273.81700", "2013-03-31": "233.00900", "2012-12-31": "241.61400", "2012-09-30": "534.72700", "2012-06-30": "306.45900", "2012-03-31": "246.52400", "2011-12-31": "260.83400", "2011-09-30": "257.25200", "2011-06-30": "377.70400", "2011-03-31": "535.90600", "2010-12-31": "305.38400", "2010-09-30": "283.73700", "2010-06-30": "296.63100", "2010-03-31": "211.01600", "2009-12-31": "235.61800", "2009-09-30": "221.08000", "2009-06-30": "255.89100", "2009-03-31": "227.23100", "2008-12-31": "249.69900", "2008-09-30": "253.38700", "2008-06-30": "282.33100", "2008-03-31": "87.65300", "2007-12-31": "120.38800", "2007-09-30": "103.10600", "2007-06-30": "88.63100", "2007-03-31": "69.06500", "2006-12-31": "83.79000", "2006-09-30": "83.18900", "2006-06-30": "91.66800", "2006-03-31": "77.62900", "2005-12-31": "135.91800", "2005-09-30": "47.14100", "2005-06-30": "50.24800", "2005-03-31": "46.03400"}, "Receivables": {"2020-09-30": "661.50700", "2020-06-30": "617.13400", "2020-03-31": "709.69700", "2019-12-31": "701.06400", "2019-09-30": "700.50900", "2019-06-30": "685.06200", "2019-03-31": "656.02000", "2018-12-31": "661.74600", "2018-09-30": "672.60900", "2018-06-30": "653.34200", "2018-03-31": "615.21600", "2017-12-31": "564.84600", "2017-09-30": "572.62900", "2017-06-30": "558.95100", "2017-03-31": "508.15000", "2016-12-31": "532.41600", "2016-09-30": "553.91800", "2016-06-30": "532.86800", "2016-03-31": "490.10600", "2015-12-31": "521.94400", "2015-09-30": "641.84500", "2015-06-30": "721.97000", "2015-03-31": "554.89600", "2014-12-31": "597.90600", "2014-09-30": "625.62500", "2014-06-30": "610.71600", "2014-03-31": "607.22600", "2013-12-31": "605.96200", "2013-09-30": "645.17600", "2013-06-30": "584.18600", "2013-03-31": "595.91090", "2012-12-31": "573.20800", "2012-09-30": "433.76300", "2012-06-30": "427.62600", "2012-03-31": "493.33500", "2011-12-31": "478.93800", "2011-09-30": "455.80700", "2011-06-30": "383.39700", "2011-03-31": "364.42300", "2010-12-31": "351.79500", "2010-09-30": "370.48200", "2010-06-30": "369.58700", "2010-03-31": "318.80800", "2009-12-31": "287.24900", "2009-09-30": "275.63400", "2009-06-30": "154.99100", "2009-03-31": "156.68200", "2008-12-31": "180.53500", "2008-09-30": "196.71800", "2008-06-30": "195.46300", "2008-03-31": "195.46200", "2007-12-31": "207.82900", "2007-09-30": "207.05500", "2007-06-30": "199.27700", "2007-03-31": "176.29500", "2006-12-31": "185.65900", "2006-09-30": "187.01600", "2006-06-30": "155.51900", "2006-03-31": "142.42700", "2005-12-31": "156.17000", "2005-09-30": "145.78100", "2005-06-30": "130.79800", "2005-03-31": "127.39800"}, "Inventory": {"2020-09-30": "220.88400", "2020-06-30": "219.80800", "2020-03-31": "216.53200", "2019-12-31": "214.74400", "2019-09-30": "210.82700", "2019-06-30": "203.33100", "2019-03-31": "200.81400", "2018-12-31": "199.47900", "2018-09-30": "196.04500", "2018-06-30": "193.54400", "2018-03-31": "181.43800", "2017-12-31": "176.01200", "2017-09-30": "173.09700", "2017-06-30": "172.54000", "2017-03-31": "182.03800", "2016-12-31": "178.42800", "2016-09-30": "177.28800", "2016-06-30": "162.40400", "2016-03-31": "154.76800", "2015-12-31": "149.52100", "2015-09-30": "150.25500", "2015-06-30": "149.86100", "2015-03-31": "143.05200", "2014-12-31": "168.66300", "2014-09-30": "170.93400", "2014-06-30": "161.79200", "2014-03-31": "152.44300", "2013-12-31": "152.09600", "2013-09-30": "155.30100", "2013-06-30": "155.53800", "2013-03-31": "144.47600", "2012-12-31": "176.47800", "2012-09-30": "63.93400", "2012-06-30": "57.78200", "2012-03-31": "57.69500", "2011-12-31": "56.24200", "2011-09-30": "53.61400", "2011-06-30": "47.27000", "2011-03-31": "43.81700", "2010-12-31": "44.54600", "2010-09-30": "42.69000", "2010-06-30": "40.96200", "2010-03-31": "41.44000", "2009-12-31": "41.41700", "2009-09-30": "39.26700", "2009-06-30": "27.93800", "2009-03-31": "27.11900", "2008-12-31": "26.90500", "2008-09-30": "27.19600", "2008-06-30": "24.66000", "2008-03-31": "23.39500", "2007-12-31": "22.36300", "2007-09-30": "22.93300", "2007-06-30": "21.58000", "2007-03-31": "20.74200", "2006-12-31": "20.10100", "2006-09-30": "19.00100", "2006-06-30": "12.58500", "2006-03-31": "12.69000", "2005-12-31": "12.72300", "2005-09-30": "11.75400", "2005-06-30": "11.14300", "2005-03-31": "10.75200"}, "Pre-Paid Expenses": {"2020-09-30": "58.71100", "2020-06-30": "69.45500", "2020-03-31": "44.62900", "2019-12-31": "48.94200", "2019-09-30": "38.19900", "2019-06-30": "42.64000", "2019-03-31": "45.92500", "2018-12-31": "42.80000", "2018-09-30": "35.44100", "2018-06-30": "34.83400", "2018-03-31": "38.17700", "2017-12-31": "35.17500", "2017-09-30": "32.63700", "2017-06-30": "35.82300", "2017-03-31": "55.18000", "2016-12-31": "56.11600", "2016-09-30": "40.89800", "2016-06-30": "49.67800", "2016-03-31": "44.05600", "2015-12-31": "46.26500", "2015-09-30": "44.88000", "2015-06-30": "60.88000", "2015-03-31": "56.26300", "2014-12-31": "57.43500", "2014-09-30": "48.54000", "2014-06-30": "48.99100", "2014-03-31": "56.67700", "2013-12-31": "41.96200", "2013-09-30": "41.88000", "2013-06-30": "53.47100", "2013-03-31": "57.82800", "2012-12-31": "75.76500", "2012-09-30": "53.25200", "2012-06-30": "49.76300", "2012-03-31": "62.11800", "2011-12-31": "73.34900", "2011-09-30": "37.27800", "2011-06-30": "32.82800", "2011-03-31": "30.00700", "2010-12-31": "28.93900", "2010-09-30": "20.52300", "2010-06-30": "18.70800", "2010-03-31": "18.41700", "2009-12-31": "18.34800", "2009-09-30": "18.43100", "2009-06-30": "10.40200", "2009-03-31": "17.55300", "2008-12-31": "13.47200", "2008-09-30": "6.33500", "2008-06-30": "11.36900", "2008-03-31": "12.91800", "2007-12-31": "10.09800", "2007-09-30": "7.03400", "2007-06-30": "9.61400", "2007-03-31": "10.21900", "2006-12-31": "9.45100", "2006-09-30": "9.20800", "2006-06-30": "8.97500", "2006-03-31": "7.24600", "2005-12-31": "6.41100", "2005-09-30": "7.18300", "2005-06-30": "10.47300", "2005-03-31": "14.12600"}, "Other Current Assets": {"2020-09-30": "", "2020-06-30": "", "2020-03-31": "", "2019-12-31": "", "2019-09-30": "", "2019-06-30": "", "2019-03-31": "", "2018-12-31": "", "2018-09-30": "", "2018-06-30": "", "2018-03-31": "", "2017-12-31": "", "2017-09-30": "", "2017-06-30": "", "2017-03-31": "", "2016-12-31": "", "2016-09-30": "", "2016-06-30": "", "2016-03-31": "", "2015-12-31": "", "2015-09-30": "", "2015-06-30": "", "2015-03-31": "", "2014-12-31": "", "2014-09-30": "", "2014-06-30": "", "2014-03-31": "", "2013-12-31": "", "2013-09-30": "", "2013-06-30": "", "2013-03-31": "", "2012-12-31": "", "2012-09-30": "", "2012-06-30": "", "2012-03-31": "", "2011-12-31": "", "2011-09-30": "", "2011-06-30": "", "2011-03-31": "", "2010-12-31": "", "2010-09-30": "", "2010-06-30": "", "2010-03-31": "15.13500", "2009-12-31": "13.56100", "2009-09-30": "20.23200", "2009-06-30": "", "2009-03-31": "", "2008-12-31": "", "2008-09-30": "", "2008-06-30": "0.37400", "2008-03-31": "0.37400", "2007-12-31": "0.91000", "2007-09-30": "0.90800", "2007-06-30": "0.89000", "2007-03-31": "7.32700", "2006-12-31": "7.44000", "2006-09-30": "8.13100", "2006-06-30": "8.23600", "2006-03-31": "7.88800", "2005-12-31": "7.67000", "2005-09-30": "8.93400", "2005-06-30": "8.63300", "2005-03-31": "8.55400"}, "Total Current Assets": {"2020-09-30": "1493.65900", "2020-06-30": "1431.80400", "2020-03-31": "1486.47600", "2019-12-31": "1400.90800", "2019-09-30": "1300.58400", "2019-06-30": "1213.18600", "2019-03-31": "1148.12200", "2018-12-31": "1202.15800", "2018-09-30": "1176.82100", "2018-06-30": "1136.48200", "2018-03-31": "1079.82200", "2017-12-31": "1154.05600", "2017-09-30": "1160.25800", "2017-06-30": "1234.73400", "2017-03-31": "1061.77100", "2016-12-31": "1092.87100", "2016-09-30": "1049.93100", "2016-06-30": "1119.13400", "2016-03-31": "1063.62100", "2015-12-31": "921.19600", "2015-09-30": "1072.55500", "2015-06-30": "1163.31700", "2015-03-31": "1043.18500", "2014-12-31": "1126.43300", "2014-09-30": "1153.93700", "2014-06-30": "1150.29100", "2014-03-31": "1114.55800", "2013-12-31": "1171.17900", "2013-09-30": "1141.77400", "2013-06-30": "1105.19100", "2013-03-31": "1073.58200", "2012-12-31": "1095.25900", "2012-09-30": "1109.28800", "2012-06-30": "865.50800", "2012-03-31": "881.88500", "2011-12-31": "891.86800", "2011-09-30": "826.27000", "2011-06-30": "866.37200", "2011-03-31": "997.87600", "2010-12-31": "752.53700", "2010-09-30": "744.37700", "2010-06-30": "751.48000", "2010-03-31": "629.24200", "2009-12-31": "620.25000", "2009-09-30": "592.32300", "2009-06-30": "467.23700", "2009-03-31": "446.21500", "2008-12-31": "489.05200", "2008-09-30": "501.51500", "2008-06-30": "531.48900", "2008-03-31": "337.43500", "2007-12-31": "380.43800", "2007-09-30": "357.87800", "2007-06-30": "336.91300", "2007-03-31": "299.82800", "2006-12-31": "322.81900", "2006-09-30": "318.57000", "2006-06-30": "282.47900", "2006-03-31": "253.12400", "2005-12-31": "324.04800", "2005-09-30": "225.35400", "2005-06-30": "215.43200", "2005-03-31": "211.41200"}, "Property, Plant, And Equipment": {"2020-09-30": "1539.33300", "2020-06-30": "1553.80800", "2020-03-31": "1547.11900", "2019-12-31": "1588.15100", "2019-09-30": "1593.99300", "2019-06-30": "1596.91700", "2019-03-31": "1588.61300", "2018-12-31": "1561.97800", "2018-09-30": "1614.42900", "2018-06-30": "1609.38200", "2018-03-31": "1631.64800", "2017-12-31": "1587.36500", "2017-09-30": "1611.97100", "2017-06-30": "1602.45300", "2017-03-31": "1609.49000", "2016-12-31": "1611.82700", "2016-09-30": "1648.57100", "2016-06-30": "1594.98700", "2016-03-31": "1596.87200", "2015-12-31": "1532.46700", "2015-09-30": "1531.54800", "2015-06-30": "1562.25400", "2015-03-31": "1502.49700", "2014-12-31": "1558.83400", "2014-09-30": "1579.70100", "2014-06-30": "1611.29800", "2014-03-31": "1588.28600", "2013-12-31": "1602.17000", "2013-09-30": "1615.42700", "2013-06-30": "1554.97200", "2013-03-31": "1549.80600", "2012-12-31": "1533.05300", "2012-09-30": "1003.41400", "2012-06-30": "955.04000", "2012-03-31": "918.68400", "2011-12-31": "903.94700", "2011-09-30": "880.71900", "2011-06-30": "848.27600", "2011-03-31": "683.28400", "2010-12-31": "655.39400", "2010-09-30": "627.32400", "2010-06-30": "599.22000", "2010-03-31": "597.02300", "2009-12-31": "589.94400", "2009-09-30": "587.05800", "2009-06-30": "312.63700", "2009-03-31": "309.71500", "2008-12-31": "295.46100", "2008-09-30": "294.39800", "2008-06-30": "295.51800", "2008-03-31": "288.25400", "2007-12-31": "262.60100", "2007-09-30": "257.68500", "2007-06-30": "251.91600", "2007-03-31": "240.72700", "2006-12-31": "244.12600", "2006-09-30": "244.11100", "2006-06-30": "188.88400", "2006-03-31": "183.09500", "2005-12-31": "178.52400", "2005-09-30": "178.20300", "2005-06-30": "178.94400", "2005-03-31": "179.29100"}, "Long-Term Investments": {"2020-09-30": "", "2020-06-30": "", "2020-03-31": "", "2019-12-31": "", "2019-09-30": "", "2019-06-30": "", "2019-03-31": "", "2018-12-31": "", "2018-09-30": "", "2018-06-30": "", "2018-03-31": "", "2017-12-31": "", "2017-09-30": "", "2017-06-30": "", "2017-03-31": "", "2016-12-31": "", "2016-09-30": "", "2016-06-30": "", "2016-03-31": "", "2015-12-31": "", "2015-09-30": "", "2015-06-30": "", "2015-03-31": "", "2014-12-31": "", "2014-09-30": "", "2014-06-30": "", "2014-03-31": "", "2013-12-31": "", "2013-09-30": "4.35200", "2013-06-30": "4.35200", "2013-03-31": "4.35400", "2012-12-31": "", "2012-09-30": "4.32600", "2012-06-30": "4.32600", "2012-03-31": "4.24500", "2011-12-31": "4.24500", "2011-09-30": "4.23900", "2011-06-30": "5.31100", "2011-03-31": "5.37900", "2010-12-31": "5.43700", "2010-09-30": "5.43000", "2010-06-30": "5.31500", "2010-03-31": "6.50300", "2009-12-31": "6.50300", "2009-09-30": "6.50300", "2009-06-30": "6.48300", "2009-03-31": "6.31200", "2008-12-31": "6.23700", "2008-09-30": "6.62500", "2008-06-30": "6.62500", "2008-03-31": "6.11600", "2007-12-31": "8.50000", "2007-09-30": "", "2007-06-30": "", "2007-03-31": "", "2006-12-31": "2.20800", "2006-09-30": "2.10300", "2006-06-30": "", "2006-03-31": "", "2005-12-31": "", "2005-09-30": "", "2005-06-30": "", "2005-03-31": ""}, "Goodwill And Intangible Assets": {"2020-09-30": "916.66200", "2020-06-30": "923.60200", "2020-03-31": "926.50810", "2019-12-31": "944.07900", "2019-09-30": "950.44400", "2019-06-30": "958.89700", "2019-03-31": "956.86800", "2018-12-31": "956.06400", "2018-09-30": "965.45700", "2018-06-30": "953.17100", "2018-03-31": "957.34000", "2017-12-31": "947.65100", "2017-09-30": "956.36700", "2017-06-30": "955.64700", "2017-03-31": "960.81200", "2016-12-31": "963.87500", "2016-09-30": "977.97000", "2016-06-30": "953.71500", "2016-03-31": "963.17400", "2015-12-31": "959.92300", "2015-09-30": "966.91300", "2015-06-30": "987.47900", "2015-03-31": "965.45700", "2014-12-31": "982.74900", "2014-09-30": "991.45100", "2014-06-30": "1132.63200", "2014-03-31": "1122.27300", "2013-12-31": "1140.93300", "2013-09-30": "1157.92800", "2013-06-30": "1130.69700", "2013-03-31": "1139.31600", "2012-12-31": "1169.75900", "2012-09-30": "309.53400", "2012-06-30": "274.58400", "2012-03-31": "264.69000", "2011-12-31": "262.03600", "2011-09-30": "275.66600", "2011-06-30": "215.57900", "2011-03-31": "175.43600", "2010-12-31": "174.65200", "2010-09-30": "173.05700", "2010-06-30": "170.73400", "2010-03-31": "170.74900", "2009-12-31": "170.27300", "2009-09-30": "164.63900", "2009-06-30": "101.63600", "2009-03-31": "100.02900", "2008-12-31": "96.33200", "2008-09-30": "98.95400", "2008-06-30": "100.32800", "2008-03-31": "107.36200", "2007-12-31": "96.38100", "2007-09-30": "94.43600", "2007-06-30": "89.15600", "2007-03-31": "87.63400", "2006-12-31": "84.77500", "2006-09-30": "85.49700", "2006-06-30": "96.00200", "2006-03-31": "95.55100", "2005-12-31": "96.83500", "2005-09-30": "97.46000", "2005-06-30": "97.11800", "2005-03-31": "98.71000"}, "Other Long-Term Assets": {"2020-09-30": "10.07900", "2020-06-30": "14.89300", "2020-03-31": "11.39200", "2019-12-31": "13.56000", "2019-09-30": "12.53900", "2019-06-30": "12.81700", "2019-03-31": "17.90100", "2018-12-31": "18.12100", "2018-09-30": "17.62200", "2018-06-30": "16.42600", "2018-03-31": "16.00600", "2017-12-31": "17.49800", "2017-09-30": "19.75700", "2017-06-30": "13.44800", "2017-03-31": "13.58000", "2016-12-31": "13.34700", "2016-09-30": "34.94400", "2016-06-30": "23.13300", "2016-03-31": "16.38100", "2015-12-31": "17.84200", "2015-09-30": "13.72400", "2015-06-30": "17.64600", "2015-03-31": "18.14200", "2014-12-31": "18.68200", "2014-09-30": "17.72500", "2014-06-30": "18.93800", "2014-03-31": "18.80200", "2013-12-31": "18.53600", "2013-09-30": "15.80600", "2013-06-30": "14.49100", "2013-03-31": "13.08100", "2012-12-31": "18.35800", "2012-09-30": "10.31100", "2012-06-30": "10.60400", "2012-03-31": "10.51900", "2011-12-31": "10.10000", "2011-09-30": "9.16600", "2011-06-30": "14.48100", "2011-03-31": "5.72800", "2010-12-31": "6.68700", "2010-09-30": "8.22200", "2010-06-30": "8.30400", "2010-03-31": "3.98000", "2009-12-31": "3.94200", "2009-09-30": "4.06000", "2009-06-30": "2.55300", "2009-03-31": "2.62300", "2008-12-31": "2.75600", "2008-09-30": "4.19400", "2008-06-30": "3.84200", "2008-03-31": "4.05200", "2007-12-31": "3.91100", "2007-09-30": "4.65200", "2007-06-30": "4.59100", "2007-03-31": "3.78100", "2006-12-31": "3.28600", "2006-09-30": "3.40300", "2006-06-30": "3.02200", "2006-03-31": "2.99400", "2005-12-31": "3.73400", "2005-09-30": "3.44400", "2005-06-30": "3.49800", "2005-03-31": "3.62900"}, "Total Long-Term Assets": {"2020-09-30": "2612.52800", "2020-06-30": "2645.82500", "2020-03-31": "2645.54500", "2019-12-31": "2707.99600", "2019-09-30": "2721.27800", "2019-06-30": "2742.13500", "2019-03-31": "2733.93200", "2018-12-31": "2536.16300", "2018-09-30": "2597.50800", "2018-06-30": "2578.97900", "2018-03-31": "2604.99400", "2017-12-31": "2552.51400", "2017-09-30": "2588.09500", "2017-06-30": "2571.54800", "2017-03-31": "2583.88200", "2016-12-31": "2589.04900", "2016-09-30": "2662.68200", "2016-06-30": "2573.24700", "2016-03-31": "2578.05400", "2015-12-31": "2510.23200", "2015-09-30": "2527.30600", "2015-06-30": "2583.32000", "2015-03-31": "2502.85700", "2014-12-31": "2562.99000", "2014-09-30": "2607.28000", "2014-06-30": "2782.15200", "2014-03-31": "2749.39700", "2013-12-31": "2782.49900", "2013-09-30": "2815.07800", "2013-06-30": "2726.92200", "2013-03-31": "2729.79600", "2012-12-31": "2742.82700", "2012-09-30": "1340.11500", "2012-06-30": "1256.70600", "2012-03-31": "1211.01000", "2011-12-31": "1193.93500", "2011-09-30": "1184.11500", "2011-06-30": "1098.70800", "2011-03-31": "882.76800", "2010-12-31": "849.93800", "2010-09-30": "821.99100", "2010-06-30": "792.74800", "2010-03-31": "787.94900", "2009-12-31": "780.81800", "2009-09-30": "772.61600", "2009-06-30": "431.34300", "2009-03-31": "426.83100", "2008-12-31": "409.28400", "2008-09-30": "419.42700", "2008-06-30": "423.69900", "2008-03-31": "423.40700", "2007-12-31": "389.45000", "2007-09-30": "374.85000", "2007-06-30": "364.03400", "2007-03-31": "350.78800", "2006-12-31": "347.98900", "2006-09-30": "358.59600", "2006-06-30": "295.80000", "2006-03-31": "289.84700", "2005-12-31": "290.31600", "2005-09-30": "287.55200", "2005-06-30": "288.33800", "2005-03-31": "290.78400"}, "Total Assets": {"2020-09-30": "4106.18700", "2020-06-30": "4077.62900", "2020-03-31": "4132.02100", "2019-12-31": "4108.90400", "2019-09-30": "4021.86200", "2019-06-30": "3955.32100", "2019-03-31": "3882.05400", "2018-12-31": "3738.32100", "2018-09-30": "3774.32900", "2018-06-30": "3715.46100", "2018-03-31": "3684.81600", "2017-12-31": "3706.57000", "2017-09-30": "3748.35300", "2017-06-30": "3806.28200", "2017-03-31": "3645.65300", "2016-12-31": "3681.92000", "2016-09-30": "3712.61300", "2016-06-30": "3692.38100", "2016-03-31": "3641.67500", "2015-12-31": "3431.42800", "2015-09-30": "3599.86100", "2015-06-30": "3746.63700", "2015-03-31": "3546.04200", "2014-12-31": "3689.42300", "2014-09-30": "3761.21700", "2014-06-30": "3932.44300", "2014-03-31": "3863.95500", "2013-12-31": "3953.67800", "2013-09-30": "3956.85200", "2013-06-30": "3832.11300", "2013-03-31": "3803.37800", "2012-12-31": "3838.08600", "2012-09-30": "2449.40300", "2012-06-30": "2122.21400", "2012-03-31": "2092.89500", "2011-12-31": "2085.80300", "2011-09-30": "2010.38500", "2011-06-30": "1965.08000", "2011-03-31": "1880.64400", "2010-12-31": "1602.47500", "2010-09-30": "1566.36800", "2010-06-30": "1544.22800", "2010-03-31": "1417.19100", "2009-12-31": "1401.06800", "2009-09-30": "1364.93900", "2009-06-30": "898.58000", "2009-03-31": "873.04600", "2008-12-31": "898.33600", "2008-09-30": "920.94200", "2008-06-30": "955.18800", "2008-03-31": "760.84200", "2007-12-31": "769.88800", "2007-09-30": "732.72800", "2007-06-30": "700.94700", "2007-03-31": "650.61600", "2006-12-31": "670.80800", "2006-09-30": "677.16600", "2006-06-30": "578.27900", "2006-03-31": "542.97100", "2005-12-31": "614.36400", "2005-09-30": "512.90600", "2005-06-30": "503.77000", "2005-03-31": "502.19600"}, "Total Current Liabilities": {"2020-09-30": "641.06100", "2020-06-30": "604.94000", "2020-03-31": "658.41200", "2019-12-31": "720.10000", "2019-09-30": "680.04200", "2019-06-30": "633.69000", "2019-03-31": "597.51000", "2018-12-31": "602.27800", "2018-09-30": "576.30000", "2018-06-30": "543.66800", "2018-03-31": "524.68400", "2017-12-31": "503.81700", "2017-09-30": "529.54000", "2017-06-30": "619.30000", "2017-03-31": "488.58100", "2016-12-31": "504.66800", "2016-09-30": "539.09600", "2016-06-30": "520.42100", "2016-03-31": "465.51000", "2015-12-31": "517.12000", "2015-09-30": "625.01600", "2015-06-30": "697.19400", "2015-03-31": "519.86100", "2014-12-31": "572.47100", "2014-09-30": "608.87000", "2014-06-30": "606.26600", "2014-03-31": "587.31800", "2013-12-31": "639.54500", "2013-09-30": "669.53200", "2013-06-30": "604.18700", "2013-03-31": "564.04500", "2012-12-31": "588.66600", "2012-09-30": "365.56300", "2012-06-30": "361.32100", "2012-03-31": "342.22700", "2011-12-31": "381.74200", "2011-09-30": "393.56800", "2011-06-30": "325.43000", "2011-03-31": "282.32000", "2010-12-31": "306.28400", "2010-09-30": "314.20200", "2010-06-30": "320.85000", "2010-03-31": "218.06700", "2009-12-31": "233.32000", "2009-09-30": "232.37700", "2009-06-30": "214.90000", "2009-03-31": "150.87300", "2008-12-31": "181.37300", "2008-09-30": "211.23600", "2008-06-30": "261.67500", "2008-03-31": "192.96000", "2007-12-31": "210.85300", "2007-09-30": "202.44600", "2007-06-30": "214.90300", "2007-03-31": "166.58000", "2006-12-31": "198.35400", "2006-09-30": "212.55500", "2006-06-30": "184.15800", "2006-03-31": "150.91800", "2005-12-31": "223.69400", "2005-09-30": "153.74000", "2005-06-30": "150.46000", "2005-03-31": "156.39200"}, "Long Term Debt": {"2020-09-30": "1550.75600", "2020-06-30": "1626.87100", "2020-03-31": "1702.99200", "2019-12-31": "1554.11600", "2019-09-30": "1555.25700", "2019-06-30": "1562.98900", "2019-03-31": "1564.00500", "2018-12-31": "1565.02100", "2018-09-30": "1616.15600", "2018-06-30": "1624.72700", "2018-03-31": "1625.25900", "2017-12-31": "1625.53700", "2017-09-30": "1625.97100", "2017-06-30": "1626.50500", "2017-03-31": "1633.96800", "2016-12-31": "1633.27200", "2016-09-30": "1632.57700", "2016-06-30": "1631.88100", "2016-03-31": "1631.60300", "2015-12-31": "1382.54300", "2015-09-30": "1395.00000", "2015-06-30": "1395.00000", "2015-03-31": "1395.00000", "2014-12-31": "1380.14500", "2014-09-30": "1395.73300", "2014-06-30": "1395.82700", "2014-03-31": "1400.91300", "2013-12-31": "1401.43500", "2013-09-30": "1401.66900", "2013-06-30": "1402.14000", "2013-03-31": "1402.15400", "2012-12-31": "1402.87900", "2012-09-30": "803.47700", "2012-06-30": "527.96300", "2012-03-31": "529.23900", "2011-12-31": "530.57800", "2011-09-30": "532.12100", "2011-06-30": "534.10300", "2011-03-31": "531.63200", "2010-12-31": "270.84600", "2010-09-30": "274.77100", "2010-06-30": "304.14800", "2010-03-31": "299.31000", "2009-12-31": "299.34800", "2009-09-30": "7.26500", "2009-06-30": "0.25900", "2009-03-31": "53.17500", "2008-12-31": "53.23000", "2008-09-30": "53.14300", "2008-06-30": "52.11300", "2008-03-31": "121.36200", "2007-12-31": "122.23200", "2007-09-30": "122.72300", "2007-06-30": "104.08100", "2007-03-31": "123.20600", "2006-12-31": "123.17000", "2006-09-30": "123.41500", "2006-06-30": "83.53800", "2006-03-31": "100.03500", "2005-12-31": "99.89800", "2005-09-30": "152.72600", "2005-06-30": "151.78900", "2005-03-31": "152.13600"}, "Other Non-Current Liabilities": {"2020-09-30": "177.45900", "2020-06-30": "175.99500", "2020-03-31": "175.07200", "2019-12-31": "166.52300", "2019-09-30": "164.44200", "2019-06-30": "163.35800", "2019-03-31": "165.46800", "2018-12-31": "167.91400", "2018-09-30": "57.80500", "2018-06-30": "58.99000", "2018-03-31": "166.70400", "2017-12-31": "165.72300", "2017-09-30": "165.83600", "2017-06-30": "162.25200", "2017-03-31": "165.38900", "2016-12-31": "166.32200", "2016-09-30": "171.43100", "2016-06-30": "165.43400", "2016-03-31": "167.97200", "2015-12-31": "167.84600", "2015-09-30": "457.12400", "2015-06-30": "174.30200", "2015-03-31": "175.74100", "2014-12-31": "183.73100", "2014-09-30": "180.25900", "2014-06-30": "181.66600", "2014-03-31": "185.29400", "2013-12-31": "190.11200", "2013-09-30": "191.84800", "2013-06-30": "195.87900", "2013-03-31": "198.34600", "2012-12-31": "199.05700", "2012-09-30": "273.60800", "2012-06-30": "272.03000", "2012-03-31": "270.15100", "2011-12-31": "272.49600", "2011-09-30": "244.49000", "2011-06-30": "248.17900", "2011-03-31": "244.82200", "2010-12-31": "244.51800", "2010-09-30": "239.64200", "2010-06-30": "239.06600", "2010-03-31": "257.70700", "2009-12-31": "254.57500", "2009-09-30": "533.90590", "2009-06-30": "235.23000", "2009-03-31": "235.49700", "2008-12-31": "234.68800", "2008-09-30": "236.55500", "2008-06-30": "236.49000", "2008-03-31": "235.01300", "2007-12-31": "233.90600", "2007-09-30": "229.37600", "2007-06-30": "222.04100", "2007-03-31": "218.41800", "2006-12-31": "176.09800", "2006-09-30": "173.94100", "2006-06-30": "173.48700", "2006-03-31": "172.00800", "2005-12-31": "174.28900", "2005-09-30": "171.19000", "2005-06-30": "174.56100", "2005-03-31": "176.16100"}, "Total Long Term Liabilities": {"2020-09-30": "2160.41100", "2020-06-30": "2218.71800", "2020-03-31": "2267.80400", "2019-12-31": "2118.99100", "2019-09-30": "2106.02500", "2019-06-30": "2112.16400", "2019-03-31": "2112.57900", "2018-12-31": "1966.28700", "2018-09-30": "2000.70500", "2018-06-30": "2010.74500", "2018-03-31": "2014.60600", "2017-12-31": "2014.55100", "2017-09-30": "2090.46600", "2017-06-30": "2086.04500", "2017-03-31": "2093.44200", "2016-12-31": "2093.01100", "2016-09-30": "2072.57200", "2016-06-30": "2055.61700", "2016-03-31": "2059.59200", "2015-12-31": "1818.02600", "2015-09-30": "1852.12400", "2015-06-30": "1876.00700", "2015-03-31": "1863.33200", "2014-12-31": "1854.08100", "2014-09-30": "1831.79600", "2014-06-30": "1827.46100", "2014-03-31": "1831.00200", "2013-12-31": "1838.49400", "2013-09-30": "1811.20000", "2013-06-30": "1813.20600", "2013-03-31": "1815.86500", "2012-12-31": "1817.34800", "2012-09-30": "1077.08500", "2012-06-30": "799.99300", "2012-03-31": "799.39000", "2011-12-31": "803.07400", "2011-09-30": "776.61100", "2011-06-30": "782.28200", "2011-03-31": "776.45400", "2010-12-31": "515.36400", "2010-09-30": "514.41300", "2010-06-30": "543.21400", "2010-03-31": "557.01700", "2009-12-31": "553.92300", "2009-09-30": "543.51590", "2009-06-30": "235.48900", "2009-03-31": "288.67200", "2008-12-31": "287.91800", "2008-09-30": "289.69800", "2008-06-30": "288.60300", "2008-03-31": "356.37500", "2007-12-31": "356.13800", "2007-09-30": "352.09900", "2007-06-30": "326.86900", "2007-03-31": "342.37900", "2006-12-31": "299.26800", "2006-09-30": "298.10400", "2006-06-30": "257.71000", "2006-03-31": "272.76800", "2005-12-31": "275.01200", "2005-09-30": "324.55000", "2005-06-30": "326.94800", "2005-03-31": "328.89400"}, "Total Liabilities": {"2020-09-30": "2801.47200", "2020-06-30": "2823.65800", "2020-03-31": "2926.21600", "2019-12-31": "2839.09100", "2019-09-30": "2786.06700", "2019-06-30": "2745.85400", "2019-03-31": "2710.08900", "2018-12-31": "2568.56500", "2018-09-30": "2577.00500", "2018-06-30": "2554.41300", "2018-03-31": "2539.29000", "2017-12-31": "2518.36800", "2017-09-30": "2620.00600", "2017-06-30": "2705.34500", "2017-03-31": "2582.02300", "2016-12-31": "2597.67900", "2016-09-30": "2611.66800", "2016-06-30": "2576.03800", "2016-03-31": "2525.10200", "2015-12-31": "2335.14600", "2015-09-30": "2477.14000", "2015-06-30": "2573.20100", "2015-03-31": "2383.19300", "2014-12-31": "2426.55200", "2014-09-30": "2440.66600", "2014-06-30": "2433.72700", "2014-03-31": "2418.32000", "2013-12-31": "2478.03900", "2013-09-30": "2480.73200", "2013-06-30": "2417.39300", "2013-03-31": "2379.91000", "2012-12-31": "2406.01400", "2012-09-30": "1442.64800", "2012-06-30": "1161.31400", "2012-03-31": "1141.61700", "2011-12-31": "1184.81600", "2011-09-30": "1170.17900", "2011-06-30": "1107.71200", "2011-03-31": "1058.77400", "2010-12-31": "821.64800", "2010-09-30": "828.61500", "2010-06-30": "864.06400", "2010-03-31": "775.08400", "2009-12-31": "787.24300", "2009-09-30": "775.89300", "2009-06-30": "450.38900", "2009-03-31": "439.54500", "2008-12-31": "469.29100", "2008-09-30": "500.93400", "2008-06-30": "550.27800", "2008-03-31": "549.33500", "2007-12-31": "566.99100", "2007-09-30": "554.54500", "2007-06-30": "541.77200", "2007-03-31": "508.95900", "2006-12-31": "497.62200", "2006-09-30": "510.65900", "2006-06-30": "441.86800", "2006-03-31": "423.68600", "2005-12-31": "498.70600", "2005-09-30": "478.29000", "2005-06-30": "477.40800", "2005-03-31": "485.28600"}, "Common Stock Net": {"2020-09-30": "0.55200", "2020-06-30": "0.55600", "2020-03-31": "0.55600", "2019-12-31": "0.55800", "2019-09-30": "0.55800", "2019-06-30": "0.55900", "2019-03-31": "0.55800", "2018-12-31": "0.55800", "2018-09-30": "0.56000", "2018-06-30": "0.56100", "2018-03-31": "0.56200", "2017-12-31": "0.56500", "2017-09-30": "0.56900", "2017-06-30": "0.57200", "2017-03-31": "0.57200", "2016-12-31": "0.57300", "2016-09-30": "0.57400", "2016-06-30": "0.57500", "2016-03-31": "0.57600", "2015-12-31": "0.57600", "2015-09-30": "0.57700", "2015-06-30": "0.58400", "2015-03-31": "0.58700", "2014-12-31": "0.58900", "2014-09-30": "0.60000", "2014-06-30": "0.60600", "2014-03-31": "0.60700", "2013-12-31": "0.60700", "2013-09-30": "0.60600", "2013-06-30": "0.60600", "2013-03-31": "0.60500", "2012-12-31": "0.60400", "2012-09-30": "0.53400", "2012-06-30": "0.53300", "2012-03-31": "0.53300", "2011-12-31": "0.53200", "2011-09-30": "0.53000", "2011-06-30": "0.53000", "2011-03-31": "0.26400", "2010-12-31": "0.52800", "2010-09-30": "0.26300", "2010-06-30": "0.26300", "2010-03-31": "0.26200", "2009-12-31": "0.26200", "2009-09-30": "0.26200", "2009-06-30": "0.23800", "2009-03-31": "0.23800", "2008-12-31": "0.23700", "2008-09-30": "0.23500", "2008-06-30": "0.23400", "2008-03-31": "0.20400", "2007-12-31": "0.20300", "2007-09-30": "0.19900", "2007-06-30": "0.19800", "2007-03-31": "0.19800", "2006-12-31": "0.19700", "2006-09-30": "0.19700", "2006-06-30": "0.19600", "2006-03-31": "0.19400", "2005-12-31": "0.19400", "2005-09-30": "0.15500", "2005-06-30": "0.15400", "2005-03-31": "0.15000"}, "Retained Earnings (Accumulated Deficit)": {"2020-09-30": "930.39900", "2020-06-30": "875.48900", "2020-03-31": "846.46600", "2019-12-31": "834.89400", "2019-09-30": "810.74300", "2019-06-30": "774.37400", "2019-03-31": "738.13000", "2018-12-31": "737.15400", "2018-09-30": "720.72300", "2018-06-30": "689.63400", "2018-03-31": "658.88700", "2017-12-31": "673.08200", "2017-09-30": "588.88800", "2017-06-30": "576.83000", "2017-03-31": "550.95000", "2016-12-31": "572.79300", "2016-09-30": "585.50600", "2016-06-30": "595.76100", "2016-03-31": "591.79500", "2015-12-31": "612.66600", "2015-09-30": "612.09800", "2015-06-30": "571.87000", "2015-03-31": "561.47500", "2014-12-31": "568.56400", "2014-09-30": "541.18700", "2014-06-30": "634.52400", "2014-03-31": "605.85200", "2013-12-31": "596.89200", "2013-09-30": "570.09100", "2013-06-30": "534.73000", "2013-03-31": "511.82800", "2012-12-31": "501.32600", "2012-09-30": "439.45200", "2012-06-30": "427.09300", "2012-03-31": "403.66700", "2011-12-31": "371.65200", "2011-09-30": "333.41900", "2011-06-30": "296.28600", "2011-03-31": "267.13000", "2010-12-31": "244.40000", "2010-09-30": "221.07100", "2010-06-30": "182.24400", "2010-03-31": "124.31500", "2009-12-31": "113.88500", "2009-09-30": "99.96300", "2009-06-30": "90.77800", "2009-03-31": "82.15400", "2008-12-31": "77.19900", "2008-09-30": "59.25000", "2008-06-30": "44.62200", "2008-03-31": "28.63500", "2007-12-31": "19.71300", "2007-09-30": "3.14400", "2007-06-30": "-9.79600", "2007-03-31": "-20.98400", "2006-12-31": "12.35800", "2006-09-30": "0.86500", "2006-06-30": "-20.14000", "2006-03-31": "-31.51200", "2005-12-31": "-34.31700", "2005-09-30": "-42.26900", "2005-06-30": "-47.72600", "2005-03-31": "-55.09700"}, "Comprehensive Income": {"2020-09-30": "-239.44400", "2020-06-30": "-251.82900", "2020-03-31": "-269.35700", "2019-12-31": "-210.05100", "2019-09-30": "-223.69000", "2019-06-30": "-214.27100", "2019-03-31": "-219.34700", "2018-12-31": "-223.37100", "2018-09-30": "-185.50500", "2018-06-30": "-194.09500", "2018-03-31": "-189.15300", "2017-12-31": "-172.40700", "2017-09-30": "-169.46800", "2017-06-30": "-193.17700", "2017-03-31": "-208.27500", "2016-12-31": "-214.32600", "2016-09-30": "-211.54400", "2016-06-30": "-210.23300", "2016-03-31": "-209.05500", "2015-12-31": "-254.89200", "2015-09-30": "-229.55500", "2015-06-30": "-176.01400", "2015-03-31": "-188.24500", "2014-12-31": "-110.84200", "2014-09-30": "-74.11700", "2014-06-30": "-25.02500", "2014-03-31": "-61.08100", "2013-12-31": "-19.55600", "2013-09-30": "12.07000", "2013-06-30": "-9.73500", "2013-03-31": "25.77100", "2012-12-31": "49.63200", "2012-09-30": "59.05600", "2012-06-30": "29.07600", "2012-03-31": "46.53300", "2011-12-31": "31.35300", "2011-09-30": "12.22200", "2011-06-30": "70.36600", "2011-03-31": "67.24000", "2010-12-31": "50.75900", "2010-09-30": "34.20600", "2010-06-30": "18.61100", "2010-03-31": "43.45100", "2009-12-31": "26.82900", "2009-09-30": "16.88100", "2009-06-30": "4.04200", "2009-03-31": "-2.41400", "2008-12-31": "-0.68800", "2008-09-30": "11.60900", "2008-06-30": "15.02600", "2008-03-31": "14.01400", "2007-12-31": "17.49800", "2007-09-30": "17.38800", "2007-06-30": "14.13600", "2007-03-31": "9.51500", "2006-12-31": "8.93900", "2006-09-30": "11.54200", "2006-06-30": "11.51400", "2006-03-31": "9.42800", "2005-12-31": "9.74500", "2005-09-30": "9.89000", "2005-06-30": "7.92500", "2005-03-31": "8.25000"}, "Other Share Holders Equity": {"2020-09-30": "", "2020-06-30": "", "2020-03-31": "", "2019-12-31": "", "2019-09-30": "", "2019-06-30": "", "2019-03-31": "", "2018-12-31": "", "2018-09-30": "", "2018-06-30": "", "2018-03-31": "", "2017-12-31": "", "2017-09-30": "0.00000", "2017-06-30": "", "2017-03-31": "", "2016-12-31": "-0.46900", "2016-09-30": "-0.46900", "2016-06-30": "-0.46900", "2016-03-31": "-0.46900", "2015-12-31": "-0.46900", "2015-09-30": "-0.46900", "2015-06-30": "-0.46900", "2015-03-31": "-0.46900", "2014-12-31": "-0.46900", "2014-09-30": "-0.46900", "2014-06-30": "-0.46900", "2014-03-31": "-0.46900", "2013-12-31": "-0.46900", "2013-09-30": "-0.46900", "2013-06-30": "-0.46900", "2013-03-31": "-0.46900", "2012-12-31": "-0.46900", "2012-09-30": "-0.46900", "2012-06-30": "-0.46900", "2012-03-31": "-0.46900", "2011-12-31": "-0.46900", "2011-09-30": "-0.77700", "2011-06-30": "-0.77700", "2011-03-31": "-0.77700", "2010-12-31": "-0.77700", "2010-09-30": "-1.15000", "2010-06-30": "-1.15000", "2010-03-31": "-1.15000", "2009-12-31": "-1.15000", "2009-09-30": "-1.59900", "2009-06-30": "", "2009-03-31": "", "2008-12-31": "", "2008-09-30": "", "2008-06-30": "", "2008-03-31": "", "2007-12-31": "", "2007-09-30": "", "2007-06-30": "", "2007-03-31": "", "2006-12-31": "", "2006-09-30": "", "2006-06-30": "", "2006-03-31": "", "2005-12-31": "", "2005-09-30": "", "2005-06-30": "", "2005-03-31": ""}, "Share Holder Equity": {"2020-09-30": "1304.71500", "2020-06-30": "1253.97100", "2020-03-31": "1205.80500", "2019-12-31": "1269.81300", "2019-09-30": "1235.79500", "2019-06-30": "1209.46700", "2019-03-31": "1171.96500", "2018-12-31": "1169.75600", "2018-09-30": "1197.32400", "2018-06-30": "1161.04800", "2018-03-31": "1145.52600", "2017-12-31": "1188.20200", "2017-09-30": "1128.34700", "2017-06-30": "1100.93700", "2017-03-31": "1063.63000", "2016-12-31": "1084.24100", "2016-09-30": "1100.94500", "2016-06-30": "1116.34300", "2016-03-31": "1116.57300", "2015-12-31": "1096.28200", "2015-09-30": "1122.72100", "2015-06-30": "1173.43600", "2015-03-31": "1162.84900", "2014-12-31": "1262.87100", "2014-09-30": "1320.55100", "2014-06-30": "1498.71600", "2014-03-31": "1445.63500", "2013-12-31": "1475.63900", "2013-09-30": "1476.12000", "2013-06-30": "1414.72000", "2013-03-31": "1423.46800", "2012-12-31": "1432.07200", "2012-09-30": "1006.75500", "2012-06-30": "960.90000", "2012-03-31": "951.27800", "2011-12-31": "900.98700", "2011-09-30": "840.20600", "2011-06-30": "857.36800", "2011-03-31": "821.87000", "2010-12-31": "780.82700", "2010-09-30": "737.75300", "2010-06-30": "680.16400", "2010-03-31": "642.10700", "2009-12-31": "613.82500", "2009-09-30": "589.04600", "2009-06-30": "448.19100", "2009-03-31": "433.50100", "2008-12-31": "429.04500", "2008-09-30": "420.00800", "2008-06-30": "404.91000", "2008-03-31": "211.50700", "2007-12-31": "202.89700", "2007-09-30": "178.18300", "2007-06-30": "159.17500", "2007-03-31": "141.65700", "2006-12-31": "173.18600", "2006-09-30": "166.50700", "2006-06-30": "136.41100", "2006-03-31": "119.28500", "2005-12-31": "115.65800", "2005-09-30": "34.61600", "2005-06-30": "26.36200", "2005-03-31": "16.91000"}, "Total Liabilities And Share Holders Equity": {"2020-09-30": "4106.18700", "2020-06-30": "4077.62900", "2020-03-31": "4132.02100", "2019-12-31": "4108.90400", "2019-09-30": "4021.86200", "2019-06-30": "3955.32100", "2019-03-31": "3882.05400", "2018-12-31": "3738.32100", "2018-09-30": "3774.32900", "2018-06-30": "3715.46100", "2018-03-31": "3684.81600", "2017-12-31": "3706.57000", "2017-09-30": "3748.35300", "2017-06-30": "3806.28200", "2017-03-31": "3645.65300", "2016-12-31": "3681.92000", "2016-09-30": "3712.61300", "2016-06-30": "3692.38100", "2016-03-31": "3641.67500", "2015-12-31": "3431.42800", "2015-09-30": "3599.86100", "2015-06-30": "3746.63700", "2015-03-31": "3546.04200", "2014-12-31": "3689.42300", "2014-09-30": "3761.21700", "2014-06-30": "3932.44300", "2014-03-31": "3863.95500", "2013-12-31": "3953.67800", "2013-09-30": "3956.85200", "2013-06-30": "3832.11300", "2013-03-31": "3803.37800", "2012-12-31": "3838.08600", "2012-09-30": "2449.40300", "2012-06-30": "2122.21400", "2012-03-31": "2092.89500", "2011-12-31": "2085.80300", "2011-09-30": "2010.38500", "2011-06-30": "1965.08000", "2011-03-31": "1880.64400", "2010-12-31": "1602.47500", "2010-09-30": "1566.36800", "2010-06-30": "1544.22800", "2010-03-31": "1417.19100", "2009-12-31": "1401.06800", "2009-09-30": "1364.93900", "2009-06-30": "898.58000", "2009-03-31": "873.04600", "2008-12-31": "898.33600", "2008-09-30": "920.94200", "2008-06-30": "955.18800", "2008-03-31": "760.84200", "2007-12-31": "769.88800", "2007-09-30": "732.72800", "2007-06-30": "700.94700", "2007-03-31": "650.61600", "2006-12-31": "670.80800", "2006-09-30": "677.16600", "2006-06-30": "578.27900", "2006-03-31": "542.97100", "2005-12-31": "614.36400", "2005-09-30": "512.90600", "2005-06-30": "503.77000", "2005-03-31": "502.19600"}}, "cash flow statement": {"Net Income/Loss": {"2019-12-31": "97.74000", "2018-12-31": "65.63600", "2017-12-31": "100.73900", "2016-12-31": "-39.87300", "2015-12-31": "44.10200", "2014-12-31": "-28.32800", "2013-12-31": "95.56600", "2012-12-31": "129.67400", "2011-12-31": "127.25200", "2010-12-31": "130.51500", "2009-12-31": "36.68600", "2008-12-31": "57.48600", "2007-12-31": "44.19800", "2006-12-31": "46.67500", "2005-12-31": "25.62100"}, "Total Depreciation And Amortization - Cash Flow": {"2019-12-31": "314.67000", "2018-12-31": "312.27700", "2017-12-31": "301.36400", "2016-12-31": "334.72900", "2015-12-31": "319.86800", "2014-12-31": "413.39800", "2013-12-31": "279.29100", "2012-12-31": "173.35600", "2011-12-31": "133.91500", "2010-12-31": "105.70100", "2009-12-31": "77.51200", "2008-12-31": "57.16200", "2007-12-31": "49.97700", "2006-12-31": "47.17500", "2005-12-31": "40.68600"}, "Other Non-Cash Items": {"2019-12-31": "30.44400", "2018-12-31": "60.84300", "2017-12-31": "-79.20500", "2016-12-31": "5.71600", "2015-12-31": "5.15500", "2014-12-31": "42.22800", "2013-12-31": "56.16000", "2012-12-31": "39.74300", "2011-12-31": "43.91400", "2010-12-31": "3.55700", "2009-12-31": "3.99100", "2008-12-31": "6.93300", "2007-12-31": "-2.60800", "2006-12-31": "-9.56300", "2005-12-31": "-11.89300"}, "Total Non-Cash Items": {"2019-12-31": "345.11400", "2018-12-31": "373.12000", "2017-12-31": "222.15900", "2016-12-31": "340.44500", "2015-12-31": "325.02300", "2014-12-31": "455.62600", "2013-12-31": "335.45100", "2012-12-31": "213.09900", "2011-12-31": "177.82900", "2010-12-31": "109.25800", "2009-12-31": "81.50300", "2008-12-31": "64.09500", "2007-12-31": "47.36900", "2006-12-31": "37.61200", "2005-12-31": "28.79300"}, "Change In Accounts Receivable": {"2019-12-31": "-33.27100", "2018-12-31": "-79.56300", "2017-12-31": "-33.76400", "2016-12-31": "-15.00900", "2015-12-31": "55.27100", "2014-12-31": "-14.34200", "2013-12-31": "-54.21300", "2012-12-31": "60.55000", "2011-12-31": "-65.21000", "2010-12-31": "-49.41100", "2009-12-31": "-11.42900", "2008-12-31": "17.22100", "2007-12-31": "-19.14200", "2006-12-31": "-5.00000", "2005-12-31": "-25.98300"}, "Change In Inventories": {"2019-12-31": "-15.86900", "2018-12-31": "-26.95800", "2017-12-31": "-5.00200", "2016-12-31": "-16.08000", "2015-12-31": "14.05900", "2014-12-31": "-21.33900", "2013-12-31": "-1.14400", "2012-12-31": "-12.87100", "2011-12-31": "-11.69600", "2010-12-31": "-3.12900", "2009-12-31": "", "2008-12-31": "", "2007-12-31": "", "2006-12-31": "", "2005-12-31": ""}, "Change In Accounts Payable": {"2019-12-31": "7.15300", "2018-12-31": "46.91500", "2017-12-31": "-10.68400", "2016-12-31": "-3.50300", "2015-12-31": "-16.29900", "2014-12-31": "-52.02600", "2013-12-31": "37.11700", "2012-12-31": "5.93000", "2011-12-31": "-8.11600", "2010-12-31": "38.55300", "2009-12-31": "5.05000", "2008-12-31": "-17.76300", "2007-12-31": "-4.60300", "2006-12-31": "-4.67400", "2005-12-31": "-0.80400"}, "Change In Assets/Liabilities": {"2019-12-31": "12.32500", "2018-12-31": "-5.94000", "2017-12-31": "12.25000", "2016-12-31": "-6.35600", "2015-12-31": "-25.77300", "2014-12-31": "-42.22500", "2013-12-31": "3.06200", "2012-12-31": "-72.81900", "2011-12-31": "-37.48000", "2010-12-31": "1.11700", "2009-12-31": "-18.28100", "2008-12-31": "-11.56800", "2007-12-31": "12.17300", "2006-12-31": "-13.23100", "2005-12-31": "2.04000"}, "Total Change In Assets/Liabilities": {"2019-12-31": "-29.66200", "2018-12-31": "-65.54600", "2017-12-31": "-37.20000", "2016-12-31": "-40.94800", "2015-12-31": "27.25800", "2014-12-31": "-129.93200", "2013-12-31": "-15.17800", "2012-12-31": "-19.21000", "2011-12-31": "-122.50200", "2010-12-31": "-12.87000", "2009-12-31": "-24.66000", "2008-12-31": "-12.11000", "2007-12-31": "-11.57200", "2006-12-31": "-22.90500", "2005-12-31": "-24.74700"}, "Cash Flow From Operating Activities": {"2019-12-31": "413.19200", "2018-12-31": "373.21000", "2017-12-31": "285.69800", "2016-12-31": "259.62400", "2015-12-31": "396.38300", "2014-12-31": "297.36600", "2013-12-31": "415.83900", "2012-12-31": "324.36500", "2011-12-31": "179.53100", "2010-12-31": "224.10800", "2009-12-31": "93.27000", "2008-12-31": "109.59000", "2007-12-31": "79.99500", "2006-12-31": "61.38200", "2005-12-31": "29.66700"}, "Net Change In Property, Plant, And Equipment": {"2019-12-31": "-204.66900", "2018-12-31": "-177.89900", "2017-12-31": "-159.88300", "2016-12-31": "-198.56700", "2015-12-31": "-251.00100", "2014-12-31": "-249.44900", "2013-12-31": "-275.50800", "2012-12-31": "-189.27200", "2011-12-31": "-141.71900", "2010-12-31": "-100.39700", "2009-12-31": "-61.79200", "2008-12-31": "-56.92500", "2007-12-31": "-35.91300", "2006-12-31": "-38.65800", "2005-12-31": "-18.46800"}, "Net Change In Intangible Assets": {"2019-12-31": "", "2018-12-31": "", "2017-12-31": "", "2016-12-31": "-2.83100", "2015-12-31": "-5.29600", "2014-12-31": "", "2013-12-31": "", "2012-12-31": "", "2011-12-31": "", "2010-12-31": "", "2009-12-31": "", "2008-12-31": "", "2007-12-31": "", "2006-12-31": "", "2005-12-31": ""}, "Net Acquisitions/Divestitures": {"2019-12-31": "-24.64900", "2018-12-31": "-151.02300", "2017-12-31": "-3.80100", "2016-12-31": "-159.78100", "2015-12-31": "-94.34500", "2014-12-31": "-16.18700", "2013-12-31": "-63.26400", "2012-12-31": "-1373.92100", "2011-12-31": "-336.96000", "2010-12-31": "-14.64600", "2009-12-31": "-54.47600", "2008-12-31": "-27.62800", "2007-12-31": "-7.41000", "2006-12-31": "-51.49200", "2005-12-31": ""}, "Net Change In Short-term Investments": {"2019-12-31": "51.20200", "2018-12-31": "28.72300", "2017-12-31": "0.37600", "2016-12-31": "", "2015-12-31": "", "2014-12-31": "", "2013-12-31": "", "2012-12-31": "-10.51700", "2011-12-31": "0.42500", "2010-12-31": "1.43000", "2009-12-31": "0.10500", "2008-12-31": "1.82100", "2007-12-31": "3.20000", "2006-12-31": "45.38800", "2005-12-31": "16.80000"}, "Net Change In Long-Term Investments": {"2019-12-31": "-35.83600", "2018-12-31": "-44.77200", "2017-12-31": "-38.34200", "2016-12-31": "-0.59800", "2015-12-31": "", "2014-12-31": "13.86100", "2013-12-31": "", "2012-12-31": "", "2011-12-31": "1.00000", "2010-12-31": "-9.20600", "2009-12-31": "", "2008-12-31": "", "2007-12-31": "-2.31000", "2006-12-31": "-52.15900", "2005-12-31": "-3.46900"}, "Net Change In Investments - Total": {"2019-12-31": "15.36600", "2018-12-31": "-16.04900", "2017-12-31": "-37.96600", "2016-12-31": "-0.59800", "2015-12-31": "", "2014-12-31": "13.86100", "2013-12-31": "", "2012-12-31": "-10.51700", "2011-12-31": "1.42500", "2010-12-31": "-7.77600", "2009-12-31": "0.10500", "2008-12-31": "1.82100", "2007-12-31": "0.89000", "2006-12-31": "-6.77100", "2005-12-31": "13.33100"}, "Investing Activities - Other": {"2019-12-31": "-3.90400", "2018-12-31": "-4.68800", "2017-12-31": "-1.61700", "2016-12-31": "", "2015-12-31": "", "2014-12-31": "-6.51900", "2013-12-31": "-6.74000", "2012-12-31": "1.07400", "2011-12-31": "-2.92700", "2010-12-31": "-2.86800", "2009-12-31": "-2.22800", "2008-12-31": "-1.78300", "2007-12-31": "-0.35800", "2006-12-31": "-1.96400", "2005-12-31": "1.62800"}, "Cash Flow From Investing Activities": {"2019-12-31": "-217.85600", "2018-12-31": "-349.65900", "2017-12-31": "-203.26700", "2016-12-31": "-361.77700", "2015-12-31": "-350.64200", "2014-12-31": "-258.29400", "2013-12-31": "-345.51200", "2012-12-31": "-1572.63600", "2011-12-31": "-480.18100", "2010-12-31": "-125.68700", "2009-12-31": "-118.39100", "2008-12-31": "-84.51500", "2007-12-31": "-42.79100", "2006-12-31": "-98.88500", "2005-12-31": "-3.50900"}, "Net Long-Term Debt": {"2019-12-31": "-8.12100", "2018-12-31": "-57.51800", "2017-12-31": "-3.00000", "2016-12-31": "250.62500", "2015-12-31": "-0.51100", "2014-12-31": "-7.12200", "2013-12-31": "-4.89100", "2012-12-31": "873.40100", "2011-12-31": "253.41300", "2010-12-31": "-35.12600", "2009-12-31": "7.21200", "2008-12-31": "-68.97100", "2007-12-31": "-1.45500", "2006-12-31": "-30.59300", "2005-12-31": "-1.81500"}, "Net Current Debt": {"2019-12-31": "-3.70500", "2018-12-31": "0.13200", "2017-12-31": "-5.94000", "2016-12-31": "-3.17700", "2015-12-31": "", "2014-12-31": "15.06900", "2013-12-31": "12.26800", "2012-12-31": "-12.07000", "2011-12-31": "9.82200", "2010-12-31": "-1.26600", "2009-12-31": "4.03400", "2008-12-31": "2.51300", "2007-12-31": "-5.91600", "2006-12-31": "3.12800", "2005-12-31": "1.43500"}, "Debt Issuance/Retirement Net - Total": {"2019-12-31": "-11.82600", "2018-12-31": "-57.38600", "2017-12-31": "-8.94000", "2016-12-31": "247.44800", "2015-12-31": "-0.51100", "2014-12-31": "7.94700", "2013-12-31": "7.37700", "2012-12-31": "861.33100", "2011-12-31": "263.23500", "2010-12-31": "-36.39200", "2009-12-31": "11.24600", "2008-12-31": "-66.45800", "2007-12-31": "-7.37100", "2006-12-31": "-27.46500", "2005-12-31": "-0.38000"}, "Net Common Equity Issued/Repurchased": {"2019-12-31": "-28.81900", "2018-12-31": "-48.34600", "2017-12-31": "-52.07400", "2016-12-31": "-24.38000", "2015-12-31": "-75.10900", "2014-12-31": "-102.77000", "2013-12-31": "6.84400", "2012-12-31": "373.09200", "2011-12-31": "0.80500", "2010-12-31": "2.91200", "2009-12-31": "2.33000", "2008-12-31": "179.74900", "2007-12-31": "4.01600", "2006-12-31": "3.15500", "2005-12-31": "77.73700"}, "Net Total Equity Issued/Repurchased": {"2019-12-31": "-28.81900", "2018-12-31": "-48.34600", "2017-12-31": "-52.07400", "2016-12-31": "-24.38000", "2015-12-31": "-75.10900", "2014-12-31": "-102.77000", "2013-12-31": "6.84400", "2012-12-31": "373.09200", "2011-12-31": "0.80500", "2010-12-31": "2.91200", "2009-12-31": "2.33000", "2008-12-31": "179.74900", "2007-12-31": "4.01600", "2006-12-31": "3.15500", "2005-12-31": "77.73700"}, "Total Common And Preferred Stock Dividends Paid": {"2019-12-31": "", "2018-12-31": "", "2017-12-31": "", "2016-12-31": "", "2015-12-31": "", "2014-12-31": "", "2013-12-31": "", "2012-12-31": "", "2011-12-31": "", "2010-12-31": "", "2009-12-31": "", "2008-12-31": "", "2007-12-31": "-0.20600", "2006-12-31": "-0.27600", "2005-12-31": "-0.27900"}, "Financial Activities - Other": {"2019-12-31": "-12.78000", "2018-12-31": "-5.26500", "2017-12-31": "-11.74600", "2016-12-31": "-2.83300", "2015-12-31": "-14.55900", "2014-12-31": "0.87800", "2013-12-31": "-1.09500", "2012-12-31": "-16.55500", "2011-12-31": "-5.30000", "2010-12-31": "1.25000", "2009-12-31": "-9.99200", "2008-12-31": "3.50400", "2007-12-31": "6.28500", "2006-12-31": "4.25600", "2005-12-31": "-2.05500"}, "Cash Flow From Financial Activities": {"2019-12-31": "-53.42500", "2018-12-31": "-110.99700", "2017-12-31": "-72.76000", "2016-12-31": "220.23500", "2015-12-31": "-90.17900", "2014-12-31": "-93.94500", "2013-12-31": "13.12600", "2012-12-31": "1217.86800", "2011-12-31": "258.74000", "2010-12-31": "-32.23000", "2009-12-31": "3.58400", "2008-12-31": "116.79500", "2007-12-31": "2.72400", "2006-12-31": "-20.33000", "2005-12-31": "75.02300"}, "Net Cash Flow": {"2019-12-31": "145.48400", "2018-12-31": "-92.89200", "2017-12-31": "12.40200", "2016-12-31": "122.28900", "2015-12-31": "-62.17100", "2014-12-31": "-63.19400", "2013-12-31": "80.23700", "2012-12-31": "-30.88700", "2011-12-31": "-41.48700", "2010-12-31": "68.66400", "2009-12-31": "-15.97800", "2008-12-31": "129.98600", "2007-12-31": "45.98800", "2006-12-31": "-58.89900", "2005-12-31": "101.36800"}, "Stock-Based Compensation": {"2019-12-31": "17.81600", "2018-12-31": "16.79200", "2017-12-31": "13.14600", "2016-12-31": "10.48100", "2015-12-31": "8.55000", "2014-12-31": "8.80000", "2013-12-31": "8.94600", "2012-12-31": "7.49400", "2011-12-31": "8.16400", "2010-12-31": "7.21900", "2009-12-31": "0.96800", "2008-12-31": "3.56500", "2007-12-31": "4.79900", "2006-12-31": "3.38700", "2005-12-31": "0.05600"}, "Common Stock Dividends Paid": {"2019-12-31": "", "2018-12-31": "", "2017-12-31": "", "2016-12-31": "", "2015-12-31": "", "2014-12-31": "", "2013-12-31": "", "2012-12-31": "", "2011-12-31": "", "2010-12-31": "", "2009-12-31": "", "2008-12-31": "", "2007-12-31": "", "2006-12-31": "", "2005-12-31": ""}}, "cash flow statement, quarterly": {"Net Income/Loss": {"2020-09-30": 54.91, "2020-06-30": 29.023, "2020-03-31": "11.57200", "2019-12-31": 24.151, "2019-09-30": 36.369, "2019-06-30": 36.244, "2019-03-31": "0.97600", "2018-12-31": 16.431, "2018-09-30": 31.089, "2018-06-30": 30.747, "2018-03-31": "-12.63100", "2017-12-31": 84.194, "2017-09-30": 12.058, "2017-06-30": 25.88, "2017-03-31": "-21.39300", "2016-12-31": -12.713, "2016-09-30": -10.255, "2016-06-30": 3.966, "2016-03-31": "-20.87100", "2015-12-31": 0.568, "2015-09-30": 40.228, "2015-06-30": 10.395, "2015-03-31": "-7.08900", "2014-12-31": 27.377, "2014-09-30": -93.337, "2014-06-30": 28.672, "2014-03-31": "8.96000", "2013-12-31": 26.801, "2013-09-30": 35.361, "2013-06-30": 22.902, "2013-03-31": "10.50200", "2012-12-31": 61.874, "2012-09-30": 12.359, "2012-06-30": 23.426, "2012-03-31": "32.01500", "2011-12-31": 38.233, "2011-09-30": 37.133, "2011-06-30": 29.156, "2011-03-31": "22.73000", "2010-12-31": 23.329, "2010-09-30": 38.827, "2010-06-30": 57.929, "2010-03-31": "10.43000", "2009-12-31": 13.922, "2009-09-30": 9.185, "2009-06-30": 8.624, "2009-03-31": "4.95500", "2008-12-31": 17.949, "2008-09-30": 14.628, "2008-06-30": 15.987, "2008-03-31": "8.92200", "2007-12-31": 16.569, "2007-09-30": 12.94, "2007-06-30": 11.188, "2007-03-31": "3.50100", "2006-12-31": 11.493, "2006-09-30": 21.005, "2006-06-30": 11.372, "2006-03-31": "2.80500", "2005-12-31": 7.952, "2005-09-30": 5.457, "2005-06-30": 7.371, "2005-03-31": "4.84100"}, "Total Depreciation And Amortization - Cash Flow": {"2020-09-30": 78.193, "2020-06-30": 76.156, "2020-03-31": "77.98500", "2019-12-31": 80.81, "2019-09-30": 77.154, "2019-06-30": 77.777, "2019-03-31": "78.92900", "2018-12-31": 81.422, "2018-09-30": 76.492, "2018-06-30": 76.173, "2018-03-31": "78.19000", "2017-12-31": 74.817, "2017-09-30": 76.238, "2017-06-30": 74.778, "2017-03-31": "75.53100", "2016-12-31": 74.847, "2016-09-30": 110.762, "2016-06-30": 76.841, "2016-03-31": "72.27900", "2015-12-31": 72.433, "2015-09-30": 67.921, "2015-06-30": 107.72, "2015-03-31": "71.79400", "2014-12-31": 74.072, "2014-09-30": 196.986, "2014-06-30": 69.436, "2014-03-31": "72.90400", "2013-12-31": 71.22, "2013-09-30": 73.191, "2013-06-30": 71.193, "2013-03-31": "63.68700", "2012-12-31": 47.98, "2012-09-30": 44.208, "2012-06-30": 41.554, "2012-03-31": "39.61400", "2011-12-31": 38.454, "2011-09-30": 37.371, "2011-06-30": 29.627, "2011-03-31": "28.46300", "2010-12-31": 28.01, "2010-09-30": 26.133, "2010-06-30": 25.45, "2010-03-31": "26.10800", "2009-12-31": 25.348, "2009-09-30": 21.788, "2009-06-30": 15.299, "2009-03-31": "15.07700", "2008-12-31": 14.872, "2008-09-30": 14.537, "2008-06-30": 13.999, "2008-03-31": "13.75400", "2007-12-31": 12.971, "2007-09-30": 12.99, "2007-06-30": 12.13, "2007-03-31": "11.88600", "2006-12-31": 12.072, "2006-09-30": 14.062, "2006-06-30": 10.868, "2006-03-31": "10.17300", "2005-12-31": 10.049, "2005-09-30": 10.211, "2005-06-30": 10.174, "2005-03-31": "10.25200"}, "Other Non-Cash Items": {"2020-09-30": 9.39, "2020-06-30": 9.913, "2020-03-31": "16.90000", "2019-12-31": 13.956, "2019-09-30": 13.881, "2019-06-30": 3.98, "2019-03-31": "-1.37300", "2018-12-31": 40.57, "2018-09-30": 7.475, "2018-06-30": 7.686, "2018-03-31": "5.11200", "2017-12-31": -72.984, "2017-09-30": 8.261, "2017-06-30": -20.535, "2017-03-31": "6.05300", "2016-12-31": 36.8, "2016-09-30": -32.659, "2016-06-30": -1.157, "2016-03-31": "2.73200", "2015-12-31": 14.348, "2015-09-30": -15.144, "2015-06-30": 2.531, "2015-03-31": "3.42000", "2014-12-31": 23.524, "2014-09-30": 11.189, "2014-06-30": 3.972, "2014-03-31": "3.54300", "2013-12-31": 33.086, "2013-09-30": 2.384, "2013-06-30": 3.458, "2013-03-31": "17.23200", "2012-12-31": 32.415, "2012-09-30": 6.913, "2012-06-30": -1.014, "2012-03-31": "1.42900", "2011-12-31": 40.626, "2011-09-30": -0.04, "2011-06-30": 1.153, "2011-03-31": "2.17500", "2010-12-31": 4.315, "2010-09-30": -2.403, "2010-06-30": 1.334, "2010-03-31": "0.31100", "2009-12-31": 1.904, "2009-09-30": 2.825, "2009-06-30": -1.418, "2009-03-31": "0.68000", "2008-12-31": 0.707, "2008-09-30": 4.622, "2008-06-30": 1.01, "2008-03-31": "0.59400", "2007-12-31": 1.683, "2007-09-30": 0.875, "2007-06-30": 1.249, "2007-03-31": "-6.41500", "2006-12-31": 1.456, "2006-09-30": -16.715, "2006-06-30": 1.791, "2006-03-31": "3.90500", "2005-12-31": -12.442, "2005-09-30": 0.272, "2005-06-30": 0.238, "2005-03-31": "0.03900"}, "Total Non-Cash Items": {"2020-09-30": 87.583, "2020-06-30": 86.069, "2020-03-31": "94.88500", "2019-12-31": 94.766, "2019-09-30": 91.035, "2019-06-30": 81.757, "2019-03-31": "77.55600", "2018-12-31": 121.992, "2018-09-30": 83.967, "2018-06-30": 83.859, "2018-03-31": "83.30200", "2017-12-31": 1.833, "2017-09-30": 84.499, "2017-06-30": 54.243, "2017-03-31": "81.58400", "2016-12-31": 111.647, "2016-09-30": 78.103, "2016-06-30": 75.684, "2016-03-31": "75.01100", "2015-12-31": 86.781, "2015-09-30": 52.777, "2015-06-30": 110.251, "2015-03-31": "75.21400", "2014-12-31": 97.596, "2014-09-30": 208.175, "2014-06-30": 73.408, "2014-03-31": "76.44700", "2013-12-31": 104.306, "2013-09-30": 75.575, "2013-06-30": 74.651, "2013-03-31": "80.91900", "2012-12-31": 80.395, "2012-09-30": 51.121, "2012-06-30": 40.54, "2012-03-31": "41.04300", "2011-12-31": 79.08, "2011-09-30": 37.331, "2011-06-30": 30.78, "2011-03-31": "30.63800", "2010-12-31": 32.325, "2010-09-30": 23.73, "2010-06-30": 26.784, "2010-03-31": "26.41900", "2009-12-31": 27.252, "2009-09-30": 24.613, "2009-06-30": 13.881, "2009-03-31": "15.75700", "2008-12-31": 15.579, "2008-09-30": 19.159, "2008-06-30": 15.009, "2008-03-31": "14.34800", "2007-12-31": 14.654, "2007-09-30": 13.865, "2007-06-30": 13.379, "2007-03-31": "5.47100", "2006-12-31": 13.528, "2006-09-30": -2.653, "2006-06-30": 12.659, "2006-03-31": "14.07800", "2005-12-31": -2.393, "2005-09-30": 10.483, "2005-06-30": 10.412, "2005-03-31": "10.29100"}, "Change In Accounts Receivable": {"2020-09-30": -43.571, "2020-06-30": 92.5, "2020-03-31": "-24.96000", "2019-12-31": -1.863, "2019-09-30": -18.124, "2019-06-30": -25.37, "2019-03-31": "12.08600", "2018-12-31": -3.314, "2018-09-30": -13.485, "2018-06-30": -47.995, "2018-03-31": "-14.76900", "2017-12-31": 4.358, "2017-09-30": -6.968, "2017-06-30": -55.455, "2017-03-31": "24.30100", "2016-12-31": 17.935, "2016-09-30": -33.937, "2016-06-30": -34.846, "2016-03-31": "35.83900", "2015-12-31": 118.493, "2015-09-30": 69.809, "2015-06-30": -160.096, "2015-03-31": "27.06500", "2014-12-31": 21.366, "2014-09-30": -26.166, "2014-06-30": 1.527, "2014-03-31": "-11.06900", "2013-12-31": 33.787, "2013-09-30": -67.217, "2013-06-30": 7.943, "2013-03-31": "-28.72600", "2012-12-31": 0.669, "2012-09-30": 5.764, "2012-06-30": 65.619, "2012-03-31": "-11.50200", "2011-12-31": -32.54, "2011-09-30": -50.733, "2011-06-30": 28.404, "2011-03-31": "-10.34100", "2010-12-31": 14.303, "2010-09-30": -2.42, "2010-06-30": -41.136, "2010-03-31": "-20.15800", "2009-12-31": -14.272, "2009-09-30": -25.266, "2009-06-30": 2.897, "2009-03-31": "25.21200", "2008-12-31": 8.731, "2008-09-30": -1.88, "2008-06-30": -4.707, "2008-03-31": "15.07700", "2007-12-31": -10.734, "2007-09-30": -2.035, "2007-06-30": -16.959, "2007-03-31": "10.58600", "2006-12-31": -0.939, "2006-09-30": -6.637, "2006-06-30": -11.115, "2006-03-31": "13.69100", "2005-12-31": -8.943, "2005-09-30": -14.008, "2005-06-30": -2.064, "2005-03-31": "-0.96800"}, "Change In Inventories": {"2020-09-30": -0.53, "2020-06-30": -2, "2020-03-31": "-7.02400", "2019-12-31": -3.887, "2019-09-30": -7.853, "2019-06-30": -3.297, "2019-03-31": "-0.83200", "2018-12-31": -6.424, "2018-09-30": -1.909, "2018-06-30": -13, "2018-03-31": "-5.62500", "2017-12-31": -0.027, "2017-09-30": 1.332, "2017-06-30": -3.631, "2017-03-31": "-2.67600", "2016-12-31": -2.358, "2016-09-30": -12.609, "2016-06-30": 1.769, "2016-03-31": "-2.88200", "2015-12-31": -0.649, "2015-09-30": -2.986, "2015-06-30": -4.437, "2015-03-31": "22.13100", "2014-12-31": -0.664, "2014-09-30": -11.119, "2014-06-30": -7.847, "2014-03-31": "-1.70900", "2013-12-31": -2.854, "2013-09-30": 0.582, "2013-06-30": -12.445, "2013-03-31": "13.57300", "2012-12-31": -5.179, "2012-09-30": -6.152, "2012-06-30": -0.087, "2012-03-31": "-1.45300", "2011-12-31": -11.696, "2011-09-30": 0, "2011-06-30": 0, "2011-03-31": "", "2010-12-31": -3.129, "2010-09-30": 0, "2010-06-30": 0, "2010-03-31": "", "2009-12-31": 0, "2009-09-30": 0, "2009-06-30": 0, "2009-03-31": "", "2008-12-31": 0, "2008-09-30": 0, "2008-06-30": 0, "2008-03-31": "", "2007-12-31": 0, "2007-09-30": 0, "2007-06-30": 0, "2007-03-31": "", "2006-12-31": 0, "2006-09-30": 0, "2006-06-30": 0, "2006-03-31": "", "2005-12-31": 1.416, "2005-09-30": -0.579, "2005-06-30": -0.397, "2005-03-31": "-0.44000"}, "Change In Accounts Payable": {"2020-09-30": 18.236, "2020-06-30": -76.965, "2020-03-31": "-5.16900", "2019-12-31": 4.118, "2019-09-30": 23.95, "2019-06-30": 7.041, "2019-03-31": "-27.95600", "2018-12-31": 24.874, "2018-09-30": -1.564, "2018-06-30": 13.891, "2018-03-31": "9.71400", "2017-12-31": -3.599, "2017-09-30": -4.399, "2017-06-30": 10.923, "2017-03-31": "-13.60900", "2016-12-31": 8.448, "2016-09-30": -3.554, "2016-06-30": 27.798, "2016-03-31": "-36.19500", "2015-12-31": -63.35, "2015-09-30": -61.588, "2015-06-30": 106.016, "2015-03-31": "2.62300", "2014-12-31": 1.326, "2014-09-30": -6.931, "2014-06-30": -23.047, "2014-03-31": "-23.37400", "2013-12-31": -0.14, "2013-09-30": 70.683, "2013-06-30": -17.314, "2013-03-31": "-16.11200", "2012-12-31": 24.899, "2012-09-30": -2.065, "2012-06-30": -12.602, "2012-03-31": "-4.30200", "2011-12-31": -38.357, "2011-09-30": 63.265, "2011-06-30": -26.148, "2011-03-31": "-6.87600", "2010-12-31": -9.275, "2010-09-30": -0.583, "2010-06-30": 53.092, "2010-03-31": "-4.68100", "2009-12-31": 4.923, "2009-09-30": 8.762, "2009-06-30": 4.19, "2009-03-31": "-12.82500", "2008-12-31": -9.002, "2008-09-30": 0.383, "2008-06-30": -1.779, "2008-03-31": "-7.36500", "2007-12-31": -4.796, "2007-09-30": 6.023, "2007-06-30": 5.676, "2007-03-31": "-11.50600", "2006-12-31": -11.984, "2006-09-30": 8.248, "2006-06-30": 9.818, "2006-03-31": "-10.75600", "2005-12-31": 7.086, "2005-09-30": -2.491, "2005-06-30": -5.644, "2005-03-31": "0.24500"}, "Change In Assets/Liabilities": {"2020-09-30": 27.318, "2020-06-30": 11.178, "2020-03-31": "-35.62300", "2019-12-31": 11.232, "2019-09-30": 20.828, "2019-06-30": 12.355, "2019-03-31": "-32.09000", "2018-12-31": -27.564, "2018-09-30": 19.447, "2018-06-30": 10.265, "2018-03-31": "-8.08800", "2017-12-31": -22.53, "2017-09-30": 18.016, "2017-06-30": 27.852, "2017-03-31": "-11.08800", "2016-12-31": -42.162, "2016-09-30": 41.028, "2016-06-30": 6.741, "2016-03-31": "-11.96300", "2015-12-31": -54.663, "2015-09-30": 17.399, "2015-06-30": 46.249, "2015-03-31": "-34.75800", "2014-12-31": -49.81, "2014-09-30": 11.086, "2014-06-30": 36.98, "2014-03-31": "-40.48100", "2013-12-31": -28.205, "2013-09-30": 27.368, "2013-06-30": 23.941, "2013-03-31": "-20.04200", "2012-12-31": -71.322, "2012-09-30": -4.2, "2012-06-30": 29.25, "2012-03-31": "-26.54700", "2011-12-31": -6.054, "2011-09-30": -11.125, "2011-06-30": 1.449, "2011-03-31": "-21.75000", "2010-12-31": 12.935, "2010-09-30": -3.61, "2010-06-30": 11.563, "2010-03-31": "-19.77100", "2009-12-31": -4.98, "2009-09-30": 0.289, "2009-06-30": 7.565, "2009-03-31": "-21.15500", "2008-12-31": 2.943, "2008-09-30": -1.3, "2008-06-30": 4.755, "2008-03-31": "-17.96600", "2007-12-31": 14.519, "2007-09-30": 3.662, "2007-06-30": 6.411, "2007-03-31": "-12.41900", "2006-12-31": -1.807, "2006-09-30": 0.684, "2006-06-30": 2.902, "2006-03-31": "-15.01000", "2005-12-31": 13.304, "2005-09-30": 1.581, "2005-06-30": -3.573, "2005-03-31": "-9.27200"}, "Total Change In Assets/Liabilities": {"2020-09-30": 1.453, "2020-06-30": 24.713, "2020-03-31": "-72.77600", "2019-12-31": 9.6, "2019-09-30": 18.801, "2019-06-30": -9.271, "2019-03-31": "-48.79200", "2018-12-31": -12.428, "2018-09-30": 2.489, "2018-06-30": -36.839, "2018-03-31": "-18.76800", "2017-12-31": -21.798, "2017-09-30": 7.981, "2017-06-30": -20.311, "2017-03-31": "-3.07200", "2016-12-31": -18.137, "2016-09-30": -9.072, "2016-06-30": 1.462, "2016-03-31": "-15.20100", "2015-12-31": -0.169, "2015-09-30": 22.634, "2015-06-30": -12.268, "2015-03-31": "17.06100", "2014-12-31": -27.782, "2014-09-30": -33.13, "2014-06-30": 7.613, "2014-03-31": "-76.63300", "2013-12-31": 2.588, "2013-09-30": 31.416, "2013-06-30": 2.125, "2013-03-31": "-51.30700", "2012-12-31": -50.933, "2012-09-30": -6.653, "2012-06-30": 82.18, "2012-03-31": "-43.80400", "2011-12-31": -88.647, "2011-09-30": 1.407, "2011-06-30": 3.705, "2011-03-31": "-38.96700", "2010-12-31": 14.834, "2010-09-30": -6.613, "2010-06-30": 23.519, "2010-03-31": "-44.61000", "2009-12-31": -14.329, "2009-09-30": -16.215, "2009-06-30": 14.652, "2009-03-31": "-8.76800", "2008-12-31": 2.672, "2008-09-30": -2.797, "2008-06-30": -1.731, "2008-03-31": "-10.25400", "2007-12-31": -1.011, "2007-09-30": 7.65, "2007-06-30": -4.872, "2007-03-31": "-13.33900", "2006-12-31": -14.73, "2006-09-30": 2.295, "2006-06-30": 1.605, "2006-03-31": "-12.07500", "2005-12-31": 15.954, "2005-09-30": -16.82, "2005-06-30": -10.692, "2005-03-31": "-13.18900"}, "Cash Flow From Operating Activities": {"2020-09-30": 143.946, "2020-06-30": 139.805, "2020-03-31": "33.68100", "2019-12-31": 128.517, "2019-09-30": 146.205, "2019-06-30": 108.73, "2019-03-31": "29.74000", "2018-12-31": 125.995, "2018-09-30": 117.545, "2018-06-30": 77.767, "2018-03-31": "51.90300", "2017-12-31": 64.229, "2017-09-30": 104.538, "2017-06-30": 59.812, "2017-03-31": "57.11900", "2016-12-31": 80.797, "2016-09-30": 58.776, "2016-06-30": 80.762, "2016-03-31": "39.28900", "2015-12-31": 86.79, "2015-09-30": 115.778, "2015-06-30": 109.038, "2015-03-31": "84.77700", "2014-12-31": 101.327, "2014-09-30": 81.095, "2014-06-30": 110.348, "2014-03-31": "4.59600", "2013-12-31": 135.725, "2013-09-30": 142.502, "2013-06-30": 98.023, "2013-03-31": "39.58900", "2012-12-31": 91.673, "2012-09-30": 56.918, "2012-06-30": 146.221, "2012-03-31": "29.55300", "2011-12-31": 28.195, "2011-09-30": 75.707, "2011-06-30": 60.773, "2011-03-31": "14.85600", "2010-12-31": 70.178, "2010-09-30": 56.613, "2010-06-30": 105.524, "2010-03-31": "-8.20700", "2009-12-31": 26.741, "2009-09-30": 17.472, "2009-06-30": 37.146, "2009-03-31": "11.91100", "2008-12-31": 36.17, "2008-09-30": 31.139, "2008-06-30": 29.265, "2008-03-31": "13.01600", "2007-12-31": 30.212, "2007-09-30": 34.455, "2007-06-30": 19.695, "2007-03-31": "-4.36700", "2006-12-31": 10.291, "2006-09-30": 20.647, "2006-06-30": 25.636, "2006-03-31": "4.80800", "2005-12-31": 21.513, "2005-09-30": -0.88, "2005-06-30": 7.091, "2005-03-31": "1.94300"}, "Net Change In Property, Plant, And Equipment": {"2020-09-30": -20.43, "2020-06-30": -42.003, "2020-03-31": "-80.61700", "2019-12-31": -39.084, "2019-09-30": -54.602, "2019-06-30": -56.357, "2019-03-31": "-54.62600", "2018-12-31": -33.288, "2018-09-30": -53.113, "2018-06-30": -48.054, "2018-03-31": "-43.44400", "2017-12-31": -37.522, "2017-09-30": -35.74, "2017-06-30": -45.189, "2017-03-31": "-41.43200", "2016-12-31": -27.201, "2016-09-30": -50.505, "2016-06-30": -46.353, "2016-03-31": "-74.50800", "2015-12-31": -64.742, "2015-09-30": -64.76, "2015-06-30": -69.31, "2015-03-31": "-52.18900", "2014-12-31": -56.485, "2014-09-30": -57.764, "2014-06-30": -61.071, "2014-03-31": "-74.12900", "2013-12-31": -71.567, "2013-09-30": -64.669, "2013-06-30": -67.944, "2013-03-31": "-71.32800", "2012-12-31": -63.136, "2012-09-30": -47.051, "2012-06-30": -51.849, "2012-03-31": "-27.23600", "2011-12-31": -34, "2011-09-30": -47.15, "2011-06-30": -27.467, "2011-03-31": "-33.10200", "2010-12-31": -41.619, "2010-09-30": -38.882, "2010-06-30": -4.172, "2010-03-31": "-15.72400", "2009-12-31": -15.99, "2009-09-30": -12.03, "2009-06-30": -9.886, "2009-03-31": "-23.88600", "2008-12-31": -18.156, "2008-09-30": -8.749, "2008-06-30": -10.82, "2008-03-31": "-19.20000", "2007-12-31": -12.602, "2007-09-30": -7.901, "2007-06-30": -9.828, "2007-03-31": "-5.58200", "2006-12-31": -9.517, "2006-09-30": -9.254, "2006-06-30": -10.035, "2006-03-31": "-9.85200", "2005-12-31": -5.55, "2005-09-30": -6.313, "2005-06-30": -3.745, "2005-03-31": "-2.86000"}, "Net Change In Intangible Assets": {"2020-09-30": -0.621, "2020-06-30": -0.794, "2020-03-31": "-0.44800", "2019-12-31": 2.896, "2019-09-30": -0.973, "2019-06-30": -0.791, "2019-03-31": "-1.13200", "2018-12-31": 3.5, "2018-09-30": -1.394, "2018-06-30": -0.861, "2018-03-31": "-1.24500", "2017-12-31": 1.348, "2017-09-30": -0.109, "2017-06-30": -0.488, "2017-03-31": "-0.75100", "2016-12-31": -2.831, "2016-09-30": 0.973, "2016-06-30": -0.461, "2016-03-31": "-0.51200", "2015-12-31": -0.663, "2015-09-30": -1.545, "2015-06-30": -1.917, "2015-03-31": "-1.17100", "2014-12-31": 5.443, "2014-09-30": -2.552, "2014-06-30": -1.816, "2014-03-31": "-1.07500", "2013-12-31": 4.357, "2013-09-30": -2.188, "2013-06-30": -1.444, "2013-03-31": "-0.72500", "2012-12-31": 2.409, "2012-09-30": -2.409, "2012-06-30": 0, "2012-03-31": "", "2011-12-31": 2.356, "2011-09-30": -2.356, "2011-06-30": 0, "2011-03-31": "", "2010-12-31": 0, "2010-09-30": 2.192, "2010-06-30": -2.192, "2010-03-31": "", "2009-12-31": 0, "2009-09-30": 0, "2009-06-30": 0, "2009-03-31": "", "2008-12-31": 0, "2008-09-30": 0, "2008-06-30": 0, "2008-03-31": "", "2007-12-31": 0, "2007-09-30": 0, "2007-06-30": 0, "2007-03-31": "", "2006-12-31": 0, "2006-09-30": 0, "2006-06-30": 0, "2006-03-31": "", "2005-12-31": 0, "2005-09-30": 0, "2005-06-30": 0, "2005-03-31": ""}, "Net Acquisitions/Divestitures": {"2020-09-30": -0.003, "2020-06-30": -8.98, "2020-03-31": "7.85600", "2019-12-31": 4.83, "2019-09-30": 0, "2019-06-30": -14.609, "2019-03-31": "-14.87000", "2018-12-31": 0, "2018-09-30": -27.273, "2018-06-30": -3.75, "2018-03-31": "-120.00000", "2017-12-31": -5.708, "2017-09-30": -35.207, "2017-06-30": 47.042, "2017-03-31": "-9.92800", "2016-12-31": 0.174, "2016-09-30": -100.966, "2016-06-30": -23.996, "2016-03-31": "-34.99300", "2015-12-31": -14.735, "2015-09-30": 0, "2015-06-30": -79.61, "2015-03-31": "", "2014-12-31": -10.037, "2014-09-30": 0, "2014-06-30": -6.15, "2014-03-31": "", "2013-12-31": -3.806, "2013-09-30": -59.458, "2013-06-30": 0.197, "2013-03-31": "-0.19700", "2012-12-31": -1281.446, "2012-09-30": -49.436, "2012-06-30": -34.288, "2012-03-31": "-8.75100", "2011-12-31": 0, "2011-09-30": -131.038, "2011-06-30": -203.77, "2011-03-31": "-2.15200", "2010-12-31": -0.8, "2010-09-30": -0.095, "2010-06-30": -13.751, "2010-03-31": "", "2009-12-31": -0.445, "2009-09-30": -47.53, "2009-06-30": -0.292, "2009-03-31": "-6.20900", "2008-12-31": -0.046, "2008-09-30": 0.001, "2008-06-30": -0.156, "2008-03-31": "-27.42700", "2007-12-31": -0.218, "2007-09-30": -5.705, "2007-06-30": -0.356, "2007-03-31": "-1.13100", "2006-12-31": 0.605, "2006-09-30": -51.999, "2006-06-30": -0.098, "2006-03-31": "", "2005-12-31": 0, "2005-09-30": 0, "2005-06-30": 0, "2005-03-31": ""}, "Net Change In Short-term Investments": {"2020-09-30": 10.29, "2020-06-30": 28.851, "2020-03-31": "", "2019-12-31": 9.59, "2019-09-30": 15.094, "2019-06-30": 26.518, "2019-03-31": "", "2018-12-31": 8.6, "2018-09-30": 8.909, "2018-06-30": 11.214, "2018-03-31": "", "2017-12-31": 0, "2017-09-30": 0, "2017-06-30": 0.376, "2017-03-31": "", "2016-12-31": 0, "2016-09-30": 0, "2016-06-30": 0, "2016-03-31": "", "2015-12-31": 0, "2015-09-30": 0, "2015-06-30": 0, "2015-03-31": "", "2014-12-31": -12.947, "2014-09-30": 0, "2014-06-30": 0.077, "2014-03-31": "12.87000", "2013-12-31": 0, "2013-09-30": 0, "2013-06-30": 0, "2013-03-31": "", "2012-12-31": 0, "2012-09-30": 0, "2012-06-30": -6.049, "2012-03-31": "-4.46800", "2011-12-31": 0, "2011-09-30": 0.037, "2011-06-30": 0, "2011-03-31": "0.38800", "2010-12-31": -1.197, "2010-09-30": 0.052, "2010-06-30": 2.575, "2010-03-31": "0.00000", "2009-12-31": 0.105, "2009-09-30": 0, "2009-06-30": 0, "2009-03-31": "", "2008-12-31": -2.529, "2008-09-30": 0, "2008-06-30": 3.5, "2008-03-31": "0.85000", "2007-12-31": 3.2, "2007-09-30": 0, "2007-06-30": 0, "2007-03-31": "", "2006-12-31": 10.334, "2006-09-30": 1.554, "2006-06-30": 33.5, "2006-03-31": "", "2005-12-31": 0, "2005-09-30": 0, "2005-06-30": 0, "2005-03-31": "16.80000"}, "Net Change In Long-Term Investments": {"2020-09-30": -7.847, "2020-06-30": -25.672, "2020-03-31": "-19.87800", "2019-12-31": -5.075, "2019-09-30": -6.76, "2019-06-30": -19.66, "2019-03-31": "-4.34100", "2018-12-31": -24.301, "2018-09-30": -10.47, "2018-06-30": -10.262, "2018-03-31": "0.26100", "2017-12-31": -38.342, "2017-09-30": 0, "2017-06-30": -0.243, "2017-03-31": "0.24300", "2016-12-31": 0, "2016-09-30": 0, "2016-06-30": -0.598, "2016-03-31": "", "2015-12-31": 0, "2015-09-30": 0, "2015-06-30": 0, "2015-03-31": "", "2014-12-31": 13.861, "2014-09-30": 0, "2014-06-30": 0, "2014-03-31": "", "2013-12-31": 0, "2013-09-30": 0, "2013-06-30": 0, "2013-03-31": "", "2012-12-31": 0, "2012-09-30": 0, "2012-06-30": 0, "2012-03-31": "", "2011-12-31": 0, "2011-09-30": 1, "2011-06-30": 0, "2011-03-31": "", "2010-12-31": -9.02, "2010-09-30": -1.486, "2010-06-30": 1.3, "2010-03-31": "", "2009-12-31": 0, "2009-09-30": 0, "2009-06-30": 0, "2009-03-31": "", "2008-12-31": 2.553, "2008-09-30": -0.179, "2008-06-30": -2.374, "2008-03-31": "", "2007-12-31": -1.3, "2007-09-30": 0.025, "2007-06-30": -0.158, "2007-03-31": "-0.87700", "2006-12-31": -10.275, "2006-09-30": -0.104, "2006-06-30": -1.75, "2006-03-31": "-40.03000", "2005-12-31": -3.469, "2005-09-30": 0, "2005-06-30": 0, "2005-03-31": ""}, "Net Change In Investments - Total": {"2020-09-30": 2.443, "2020-06-30": 3.179, "2020-03-31": "-19.87800", "2019-12-31": 4.515, "2019-09-30": 8.334, "2019-06-30": 6.858, "2019-03-31": "-4.34100", "2018-12-31": -15.701, "2018-09-30": -1.561, "2018-06-30": 0.952, "2018-03-31": "0.26100", "2017-12-31": -38.342, "2017-09-30": 0, "2017-06-30": 0.133, "2017-03-31": "0.24300", "2016-12-31": 0, "2016-09-30": 0, "2016-06-30": -0.598, "2016-03-31": "", "2015-12-31": 0, "2015-09-30": 0, "2015-06-30": 0, "2015-03-31": "", "2014-12-31": 0.914, "2014-09-30": 0, "2014-06-30": 0.077, "2014-03-31": "12.87000", "2013-12-31": 0, "2013-09-30": 0, "2013-06-30": 0, "2013-03-31": "", "2012-12-31": 0, "2012-09-30": 0, "2012-06-30": -6.049, "2012-03-31": "-4.46800", "2011-12-31": 0, "2011-09-30": 1.037, "2011-06-30": 0, "2011-03-31": "0.38800", "2010-12-31": -10.217, "2010-09-30": -1.434, "2010-06-30": 3.875, "2010-03-31": "", "2009-12-31": 0.105, "2009-09-30": 0, "2009-06-30": 0, "2009-03-31": "", "2008-12-31": 0.024, "2008-09-30": -0.179, "2008-06-30": 1.126, "2008-03-31": "0.85000", "2007-12-31": 1.9, "2007-09-30": 0.025, "2007-06-30": -0.158, "2007-03-31": "-0.87700", "2006-12-31": 0.059, "2006-09-30": 1.45, "2006-06-30": 31.75, "2006-03-31": "-40.03000", "2005-12-31": -3.469, "2005-09-30": 0, "2005-06-30": 0, "2005-03-31": "16.80000"}, "Investing Activities - Other": {"2020-09-30": 0, "2020-06-30": 0, "2020-03-31": "", "2019-12-31": -3.904, "2019-09-30": 0, "2019-06-30": 0, "2019-03-31": "", "2018-12-31": -4.688, "2018-09-30": 0, "2018-06-30": 0, "2018-03-31": "", "2017-12-31": -1.617, "2017-09-30": 0, "2017-06-30": 0, "2017-03-31": "", "2016-12-31": 1.92, "2016-09-30": -1.92, "2016-06-30": 0, "2016-03-31": "", "2015-12-31": 0, "2015-09-30": 0, "2015-06-30": 0, "2015-03-31": "", "2014-12-31": -7.433, "2014-09-30": 0.914, "2014-06-30": 0, "2014-03-31": "", "2013-12-31": -6.729, "2013-09-30": -0.011, "2013-06-30": 0, "2013-03-31": "", "2012-12-31": -4.046, "2012-09-30": 0.953, "2012-06-30": -0.528, "2012-03-31": "4.69500", "2011-12-31": -2.927, "2011-09-30": 1.066, "2011-06-30": -0.744, "2011-03-31": "-0.32200", "2010-12-31": -0.942, "2010-09-30": -3.262, "2010-06-30": 1.922, "2010-03-31": "-0.58600", "2009-12-31": -0.826, "2009-09-30": -0.661, "2009-06-30": -0.477, "2009-03-31": "-0.26400", "2008-12-31": 0.401, "2008-09-30": -0.83, "2008-06-30": 0.039, "2008-03-31": "-1.39300", "2007-12-31": 0.628, "2007-09-30": -0.874, "2007-06-30": -0.048, "2007-03-31": "-0.06400", "2006-12-31": -1.526, "2006-09-30": -0.25, "2006-06-30": -0.188, "2006-03-31": "", "2005-12-31": 2.926, "2005-09-30": -0.406, "2005-06-30": -0.124, "2005-03-31": "-0.76800"}, "Cash Flow From Investing Activities": {"2020-09-30": -18.611, "2020-06-30": -48.598, "2020-03-31": "-93.08700", "2019-12-31": -30.747, "2019-09-30": -47.241, "2019-06-30": -64.899, "2019-03-31": "-74.96900", "2018-12-31": -50.177, "2018-09-30": -83.341, "2018-06-30": -51.713, "2018-03-31": "-164.42800", "2017-12-31": -81.841, "2017-09-30": -71.056, "2017-06-30": 1.498, "2017-03-31": "-51.86800", "2016-12-31": -27.938, "2016-09-30": -152.418, "2016-06-30": -71.408, "2016-03-31": "-110.01300", "2015-12-31": -80.14, "2015-09-30": -66.305, "2015-06-30": -150.837, "2015-03-31": "-53.36000", "2014-12-31": -67.598, "2014-09-30": -59.402, "2014-06-30": -68.96, "2014-03-31": "-62.33400", "2013-12-31": -77.745, "2013-09-30": -126.326, "2013-06-30": -69.191, "2013-03-31": "-72.25000", "2012-12-31": -1346.219, "2012-09-30": -97.943, "2012-06-30": -92.714, "2012-03-31": "-35.76000", "2011-12-31": -34.571, "2011-09-30": -178.441, "2011-06-30": -231.981, "2011-03-31": "-35.18800", "2010-12-31": -53.578, "2010-09-30": -41.481, "2010-06-30": -14.318, "2010-03-31": "-16.31000", "2009-12-31": -17.156, "2009-09-30": -60.221, "2009-06-30": -10.655, "2009-03-31": "-30.35900", "2008-12-31": -17.777, "2008-09-30": -9.757, "2008-06-30": -9.811, "2008-03-31": "-47.17000", "2007-12-31": -10.292, "2007-09-30": -14.455, "2007-06-30": -10.39, "2007-03-31": "-7.65400", "2006-12-31": -10.379, "2006-09-30": -60.053, "2006-06-30": 21.429, "2006-03-31": "-49.88200", "2005-12-31": -6.093, "2005-09-30": -6.719, "2005-06-30": -3.869, "2005-03-31": "13.17200"}, "Net Long-Term Debt": {"2020-09-30": -2.849, "2020-06-30": -3.345, "2020-03-31": "-2.21300", "2019-12-31": -2.142, "2019-09-30": -1.952, "2019-06-30": -2.028, "2019-03-31": "-1.99900", "2018-12-31": -1.884, "2018-09-30": -53.634, "2018-06-30": -1, "2018-03-31": "-1.00000", "2017-12-31": -1, "2017-09-30": -104.798, "2017-06-30": 102.798, "2017-03-31": "", "2016-12-31": 0, "2016-09-30": 0, "2016-06-30": 0, "2016-03-31": "250.62500", "2015-12-31": -0.011, "2015-09-30": -0.029, "2015-06-30": -0.073, "2015-03-31": "-0.39800", "2014-12-31": -0.44, "2014-09-30": -0.492, "2014-06-30": -5.552, "2014-03-31": "-0.63800", "2013-12-31": -0.795, "2013-09-30": -1.508, "2013-06-30": -1.242, "2013-03-31": "-1.34600", "2012-12-31": 598.704, "2012-09-30": 278.53, "2012-06-30": -1.667, "2012-03-31": "-2.16600", "2011-12-31": -2.062, "2011-09-30": -2.459, "2011-06-30": -1.626, "2011-03-31": "259.56000", "2010-12-31": -1.765, "2010-09-30": -31.609, "2010-06-30": -1.282, "2010-03-31": "-0.47000", "2009-12-31": -0.738, "2009-09-30": 10.778, "2009-06-30": -0.017, "2009-03-31": "-2.81100", "2008-12-31": -17.123, "2008-09-30": -50.141, "2008-06-30": -0.041, "2008-03-31": "-1.66600", "2007-12-31": -0.292, "2007-09-30": -0.293, "2007-06-30": -0.433, "2007-03-31": "-0.43700", "2006-12-31": -6.445, "2006-09-30": 29.312, "2006-06-30": -0.223, "2006-03-31": "-53.23700", "2005-12-31": -0.466, "2005-09-30": -0.461, "2005-06-30": -0.411, "2005-03-31": "-0.47700"}, "Net Current Debt": {"2020-09-30": -72.93, "2020-06-30": -74.914, "2020-03-31": "148.22500", "2019-12-31": -0.189, "2019-09-30": -0.002, "2019-06-30": 1.255, "2019-03-31": "-4.76900", "2018-12-31": -46.392, "2018-09-30": 49.327, "2018-06-30": -2.803, "2018-03-31": "", "2017-12-31": 2.717, "2017-09-30": -0.296, "2017-06-30": -0.804, "2017-03-31": "-7.55700", "2016-12-31": 3.907, "2016-09-30": 3.938, "2016-06-30": -5.804, "2016-03-31": "-5.21800", "2015-12-31": 21.882, "2015-09-30": 0.278, "2015-06-30": -1.892, "2015-03-31": "-20.26800", "2014-12-31": 15.66, "2014-09-30": -3.753, "2014-06-30": 3.141, "2014-03-31": "0.02100", "2013-12-31": 2.514, "2013-09-30": -30.602, "2013-06-30": 13.937, "2013-03-31": "26.41900", "2012-12-31": -12.07, "2012-09-30": 9.496, "2012-06-30": 4.08, "2012-03-31": "-13.57600", "2011-12-31": 9.822, "2011-09-30": -13.746, "2011-06-30": 18.962, "2011-03-31": "-5.21600", "2010-12-31": 3.416, "2010-09-30": -1.082, "2010-06-30": -0.397, "2010-03-31": "-3.20300", "2009-12-31": 4.034, "2009-09-30": 2.761, "2009-06-30": -2.166, "2009-03-31": "-0.59500", "2008-12-31": 2.513, "2008-09-30": -2.077, "2008-06-30": 0.675, "2008-03-31": "1.40200", "2007-12-31": 0.823, "2007-09-30": -9.776, "2007-06-30": 7.195, "2007-03-31": "-4.15800", "2006-12-31": 6.373, "2006-09-30": 1.58, "2006-06-30": -4.628, "2006-03-31": "-0.19700", "2005-12-31": -0.619, "2005-09-30": 3.941, "2005-06-30": -0.949, "2005-03-31": "-0.93800"}, "Debt Issuance/Retirement Net - Total": {"2020-09-30": -75.779, "2020-06-30": -78.259, "2020-03-31": "146.01200", "2019-12-31": -2.331, "2019-09-30": -1.954, "2019-06-30": -0.773, "2019-03-31": "-6.76800", "2018-12-31": -48.276, "2018-09-30": -4.307, "2018-06-30": -3.803, "2018-03-31": "-1.00000", "2017-12-31": 1.717, "2017-09-30": -105.094, "2017-06-30": 101.994, "2017-03-31": "-7.55700", "2016-12-31": 3.907, "2016-09-30": 3.938, "2016-06-30": -5.804, "2016-03-31": "245.40700", "2015-12-31": 21.871, "2015-09-30": 0.249, "2015-06-30": -1.965, "2015-03-31": "-20.66600", "2014-12-31": 15.22, "2014-09-30": -4.245, "2014-06-30": -2.411, "2014-03-31": "-0.61700", "2013-12-31": 1.719, "2013-09-30": -32.11, "2013-06-30": 12.695, "2013-03-31": "25.07300", "2012-12-31": 586.634, "2012-09-30": 288.026, "2012-06-30": 2.413, "2012-03-31": "-15.74200", "2011-12-31": 7.76, "2011-09-30": -16.205, "2011-06-30": 17.336, "2011-03-31": "254.34400", "2010-12-31": 1.651, "2010-09-30": -32.691, "2010-06-30": -1.679, "2010-03-31": "-3.67300", "2009-12-31": 3.296, "2009-09-30": 13.539, "2009-06-30": -2.183, "2009-03-31": "-3.40600", "2008-12-31": -14.61, "2008-09-30": -52.218, "2008-06-30": 0.634, "2008-03-31": "-0.26400", "2007-12-31": 0.531, "2007-09-30": -10.069, "2007-06-30": 6.762, "2007-03-31": "-4.59500", "2006-12-31": -0.072, "2006-09-30": 30.892, "2006-06-30": -4.851, "2006-03-31": "-53.43400", "2005-12-31": -1.085, "2005-09-30": 3.48, "2005-06-30": -1.36, "2005-03-31": "-1.41500"}, "Net Common Equity Issued/Repurchased": {"2020-09-30": -23.213, "2020-06-30": -1.171, "2020-03-31": "-19.56500", "2019-12-31": -6.924, "2019-09-30": -5.643, "2019-06-30": -7.652, "2019-03-31": "-8.60000", "2018-12-31": -12.199, "2018-09-30": -7.49, "2018-06-30": -13.845, "2018-03-31": "-14.81200", "2017-12-31": -25.334, "2017-09-30": -12.397, "2017-06-30": -6.572, "2017-03-31": "-7.77100", "2016-12-31": -6.241, "2016-09-30": -6.31, "2016-06-30": -5.406, "2016-03-31": "-6.42300", "2015-12-31": -4.324, "2015-09-30": -37.142, "2015-06-30": -17.11, "2015-03-31": "-16.53300", "2014-12-31": -56.137, "2014-09-30": -34.125, "2014-06-30": -12.674, "2014-03-31": "0.16600", "2013-12-31": 1.967, "2013-09-30": 1.506, "2013-06-30": 1.469, "2013-03-31": "1.90200", "2012-12-31": 369.838, "2012-09-30": 1.242, "2012-06-30": 0.744, "2012-03-31": "1.26800", "2011-12-31": -0.838, "2011-09-30": 1.111, "2011-06-30": 1.578, "2011-03-31": "-1.04600", "2010-12-31": 0.791, "2010-09-30": 0.729, "2010-06-30": 0.752, "2010-03-31": "0.64000", "2009-12-31": 0.52, "2009-09-30": 0.656, "2009-06-30": 0.658, "2009-03-31": "0.49600", "2008-12-31": 2.493, "2008-09-30": 1.696, "2008-06-30": 174.45, "2008-03-31": "1.11000", "2007-12-31": 1.863, "2007-09-30": 0.418, "2007-06-30": 0.735, "2007-03-31": "1.00000", "2006-12-31": 0.458, "2006-09-30": 0.647, "2006-06-30": 1.446, "2006-03-31": "0.60400", "2005-12-31": 72.929, "2005-09-30": 0.861, "2005-06-30": 2.429, "2005-03-31": "1.51800"}, "Net Total Equity Issued/Repurchased": {"2020-09-30": -23.213, "2020-06-30": -1.171, "2020-03-31": "-19.56500", "2019-12-31": -6.924, "2019-09-30": -5.643, "2019-06-30": -7.652, "2019-03-31": "-8.60000", "2018-12-31": -12.199, "2018-09-30": -7.49, "2018-06-30": -13.845, "2018-03-31": "-14.81200", "2017-12-31": -25.334, "2017-09-30": -12.397, "2017-06-30": -6.572, "2017-03-31": "-7.77100", "2016-12-31": -6.241, "2016-09-30": -6.31, "2016-06-30": -5.406, "2016-03-31": "-6.42300", "2015-12-31": -4.324, "2015-09-30": -37.142, "2015-06-30": -17.11, "2015-03-31": "-16.53300", "2014-12-31": -56.137, "2014-09-30": -34.125, "2014-06-30": -12.674, "2014-03-31": "0.16600", "2013-12-31": 1.967, "2013-09-30": 1.506, "2013-06-30": 1.469, "2013-03-31": "1.90200", "2012-12-31": 369.838, "2012-09-30": 1.242, "2012-06-30": 0.744, "2012-03-31": "1.26800", "2011-12-31": -0.838, "2011-09-30": 1.111, "2011-06-30": 1.578, "2011-03-31": "-1.04600", "2010-12-31": 0.791, "2010-09-30": 0.729, "2010-06-30": 0.752, "2010-03-31": "0.64000", "2009-12-31": 0.52, "2009-09-30": 0.656, "2009-06-30": 0.658, "2009-03-31": "0.49600", "2008-12-31": 2.493, "2008-09-30": 1.696, "2008-06-30": 174.45, "2008-03-31": "1.11000", "2007-12-31": 1.863, "2007-09-30": 0.418, "2007-06-30": 0.735, "2007-03-31": "1.00000", "2006-12-31": 0.458, "2006-09-30": 0.647, "2006-06-30": 1.446, "2006-03-31": "0.60400", "2005-12-31": 72.929, "2005-09-30": 0.861, "2005-06-30": 2.429, "2005-03-31": "1.51800"}, "Total Common And Preferred Stock Dividends Paid": {"2020-09-30": 0, "2020-06-30": 0, "2020-03-31": "", "2019-12-31": 0, "2019-09-30": 0, "2019-06-30": 0, "2019-03-31": "", "2018-12-31": 0, "2018-09-30": 0, "2018-06-30": 0, "2018-03-31": "", "2017-12-31": 0, "2017-09-30": 0, "2017-06-30": 0, "2017-03-31": "", "2016-12-31": 0, "2016-09-30": 0, "2016-06-30": 0, "2016-03-31": "", "2015-12-31": 0, "2015-09-30": 0, "2015-06-30": 0, "2015-03-31": "", "2014-12-31": 0, "2014-09-30": 0, "2014-06-30": 0, "2014-03-31": "", "2013-12-31": 0, "2013-09-30": 0, "2013-06-30": 0, "2013-03-31": "", "2012-12-31": 0, "2012-09-30": 0, "2012-06-30": 0, "2012-03-31": "", "2011-12-31": 0, "2011-09-30": 0, "2011-06-30": 0, "2011-03-31": "", "2010-12-31": 0, "2010-09-30": 0, "2010-06-30": 0, "2010-03-31": "", "2009-12-31": 0, "2009-09-30": 0, "2009-06-30": 0, "2009-03-31": "", "2008-12-31": 0, "2008-09-30": 0, "2008-06-30": 0, "2008-03-31": "", "2007-12-31": 0, "2007-09-30": -0.068, "2007-06-30": -0.069, "2007-03-31": "-0.06900", "2006-12-31": -0.069, "2006-09-30": -0.069, "2006-06-30": -0.069, "2006-03-31": "-0.06900", "2005-12-31": -0.069, "2005-09-30": -0.07, "2005-06-30": -0.07, "2005-03-31": "-0.07000"}, "Financial Activities - Other": {"2020-09-30": 0, "2020-06-30": 0, "2020-03-31": "", "2019-12-31": -0.038, "2019-09-30": -12.742, "2019-06-30": 0, "2019-03-31": "", "2018-12-31": -0.108, "2018-09-30": -4.689, "2018-06-30": 3.375, "2018-03-31": "-3.84300", "2017-12-31": 0.028, "2017-09-30": -2.382, "2017-06-30": -9.284, "2017-03-31": "-0.10800", "2016-12-31": -0.24, "2016-09-30": 0.019, "2016-06-30": -0.422, "2016-03-31": "-2.19000", "2015-12-31": -14.661, "2015-09-30": 0, "2015-06-30": 0.097, "2015-03-31": "0.00500", "2014-12-31": 0.049, "2014-09-30": 0.185, "2014-06-30": 0.527, "2014-03-31": "0.11700", "2013-12-31": -0.238, "2013-09-30": 0.263, "2013-06-30": 0.221, "2013-03-31": "-1.34100", "2012-12-31": 5.307, "2012-09-30": -22.925, "2012-06-30": 0.388, "2012-03-31": "0.67500", "2011-12-31": 3.962, "2011-09-30": -2.591, "2011-06-30": -1.959, "2011-03-31": "-4.71200", "2010-12-31": 0.23, "2010-09-30": 0.439, "2010-06-30": 0.631, "2010-03-31": "-0.05000", "2009-12-31": -2.405, "2009-09-30": -7.617, "2009-06-30": 0.012, "2009-03-31": "0.01800", "2008-12-31": -1.427, "2008-09-30": 2.333, "2008-06-30": 0.994, "2008-03-31": "1.60400", "2007-12-31": 4.85, "2007-09-30": 1.536, "2007-06-30": 0, "2007-03-31": "-0.10100", "2006-12-31": 2.203, "2006-09-30": 0.829, "2006-06-30": 1.256, "2006-03-31": "-0.03200", "2005-12-31": -1.958, "2005-09-30": -0.011, "2005-06-30": 0, "2005-03-31": "-0.08600"}, "Cash Flow From Financial Activities": {"2020-09-30": -98.992, "2020-06-30": -79.43, "2020-03-31": "126.44700", "2019-12-31": -9.293, "2019-09-30": -20.339, "2019-06-30": -8.425, "2019-03-31": "-15.36800", "2018-12-31": -60.583, "2018-09-30": -16.486, "2018-06-30": -14.273, "2018-03-31": "-19.65500", "2017-12-31": -23.589, "2017-09-30": -119.873, "2017-06-30": 86.138, "2017-03-31": "-15.43600", "2016-12-31": -2.574, "2016-09-30": -2.353, "2016-06-30": -11.632, "2016-03-31": "236.79400", "2015-12-31": 2.886, "2015-09-30": -36.893, "2015-06-30": -18.978, "2015-03-31": "-37.19400", "2014-12-31": -40.868, "2014-09-30": -38.185, "2014-06-30": -14.558, "2014-03-31": "-0.33400", "2013-12-31": 3.448, "2013-09-30": -30.341, "2013-06-30": 14.385, "2013-03-31": "25.63400", "2012-12-31": 961.779, "2012-09-30": 266.343, "2012-06-30": 3.545, "2012-03-31": "-13.79900", "2011-12-31": 10.884, "2011-09-30": -17.685, "2011-06-30": 16.955, "2011-03-31": "248.58600", "2010-12-31": 2.672, "2010-09-30": -31.523, "2010-06-30": -0.296, "2010-03-31": "-3.08300", "2009-12-31": 1.411, "2009-09-30": 6.578, "2009-06-30": -1.513, "2009-03-31": "-2.89200", "2008-12-31": -13.544, "2008-09-30": -48.189, "2008-06-30": 176.078, "2008-03-31": "2.45000", "2007-12-31": 7.244, "2007-09-30": -8.183, "2007-06-30": 7.428, "2007-03-31": "-3.76500", "2006-12-31": 2.52, "2006-09-30": 32.299, "2006-06-30": -2.218, "2006-03-31": "-52.93100", "2005-12-31": 69.817, "2005-09-30": 4.26, "2005-06-30": 0.999, "2005-03-31": "-0.05300"}, "Net Cash Flow": {"2020-09-30": 28.34, "2020-06-30": 15.161, "2020-03-31": "60.21400", "2019-12-31": 89.758, "2019-09-30": 77.778, "2019-06-30": 37.084, "2019-03-31": "-59.13600", "2018-12-31": 11.01, "2018-09-30": 18.429, "2018-06-30": 10.716, "2018-03-31": "-133.04700", "2017-12-31": -42.259, "2017-09-30": -84.708, "2017-06-30": 149, "2017-03-31": "-9.63100", "2016-12-31": 49.14, "2016-09-30": -95.066, "2016-06-30": -2.422, "2016-03-31": "170.63700", "2015-12-31": 5.517, "2015-09-30": 5.57, "2015-06-30": -60.118, "2015-03-31": "-13.14000", "2014-12-31": -11.142, "2014-09-30": -20.623, "2014-06-30": 29.637, "2014-03-31": "-61.06600", "2013-12-31": 61.438, "2013-09-30": -14.843, "2013-06-30": 41.374, "2013-03-31": "-7.73200", "2012-12-31": -293.778, "2012-09-30": 226.856, "2012-06-30": 55.231, "2012-03-31": "-19.19600", "2011-12-31": 3.564, "2011-09-30": -120.417, "2011-06-30": -154.187, "2011-03-31": "229.55300", "2010-12-31": 21.294, "2010-09-30": -14.384, "2010-06-30": 88.696, "2010-03-31": "-26.94200", "2009-12-31": 13.27, "2009-09-30": -35.131, "2009-06-30": 28.446, "2009-03-31": "-22.56300", "2008-12-31": -3.435, "2008-09-30": -28.934, "2008-06-30": 195.74, "2008-03-31": "-33.38500", "2007-12-31": 27.682, "2007-09-30": 14.5, "2007-06-30": 19.408, "2007-03-31": "-15.60200", "2006-12-31": 0.66, "2006-09-30": -7.028, "2006-06-30": 45.789, "2006-03-31": "-98.32000", "2005-12-31": 85.308, "2005-09-30": -3.107, "2005-06-30": 4.214, "2005-03-31": "14.95300"}, "Stock-Based Compensation": {"2020-09-30": 6.662, "2020-06-30": 2.786, "2020-03-31": "3.29100", "2019-12-31": 3.152, "2019-09-30": 5.021, "2019-06-30": 3.834, "2019-03-31": "5.80900", "2018-12-31": 6.066, "2018-09-30": 4.087, "2018-06-30": 3.562, "2018-03-31": "3.07700", "2017-12-31": 3.934, "2017-09-30": 4.04, "2017-06-30": 2.901, "2017-03-31": "2.27100", "2016-12-31": 2.746, "2016-09-30": 2.996, "2016-06-30": 2.646, "2016-03-31": "2.09300", "2015-12-31": 2, "2015-09-30": 0.404, "2015-06-30": 4.296, "2015-03-31": "1.85000", "2014-12-31": 2.354, "2014-09-30": 2.106, "2014-06-30": 2.062, "2014-03-31": "2.27800", "2013-12-31": 2.557, "2013-09-30": 2.465, "2013-06-30": 2.037, "2013-03-31": "1.88700", "2012-12-31": 2.259, "2012-09-30": 1.619, "2012-06-30": 1.475, "2012-03-31": "2.14100", "2011-12-31": 2.835, "2011-09-30": 2.449, "2011-06-30": 1.136, "2011-03-31": "1.74400", "2010-12-31": 1.999, "2010-09-30": 2.113, "2010-06-30": 2.316, "2010-03-31": "0.79100", "2009-12-31": 0.319, "2009-09-30": 1.025, "2009-06-30": -1.138, "2009-03-31": "0.76200", "2008-12-31": 0.783, "2008-09-30": 0.997, "2008-06-30": 1.052, "2008-03-31": "0.73300", "2007-12-31": 1.896, "2007-09-30": 0.936, "2007-06-30": 1.073, "2007-03-31": "0.89400", "2006-12-31": 0.927, "2006-09-30": 0.868, "2006-06-30": 1.035, "2006-03-31": "0.55700", "2005-12-31": -0.032, "2005-09-30": 0.041, "2005-06-30": 0.047, "2005-03-31": ""}, "Common Stock Dividends Paid": {"2020-09-30": 0, "2020-06-30": 0, "2020-03-31": "", "2019-12-31": 0, "2019-09-30": 0, "2019-06-30": 0, "2019-03-31": "", "2018-12-31": 0, "2018-09-30": 0, "2018-06-30": 0, "2018-03-31": "", "2017-12-31": 0, "2017-09-30": 0, "2017-06-30": 0, "2017-03-31": "", "2016-12-31": 0, "2016-09-30": 0, "2016-06-30": 0, "2016-03-31": "", "2015-12-31": 0, "2015-09-30": 0, "2015-06-30": 0, "2015-03-31": "", "2014-12-31": 0, "2014-09-30": 0, "2014-06-30": 0, "2014-03-31": "", "2013-12-31": 0, "2013-09-30": 0, "2013-06-30": 0, "2013-03-31": "", "2012-12-31": 0, "2012-09-30": 0, "2012-06-30": 0, "2012-03-31": "", "2011-12-31": 0, "2011-09-30": 0, "2011-06-30": 0, "2011-03-31": "", "2010-12-31": 0, "2010-09-30": 0, "2010-06-30": 0, "2010-03-31": "", "2009-12-31": 0, "2009-09-30": 0, "2009-06-30": 0, "2009-03-31": "", "2008-12-31": 0, "2008-09-30": 0, "2008-06-30": 0, "2008-03-31": "", "2007-12-31": 0, "2007-09-30": 0, "2007-06-30": 0, "2007-03-31": "", "2006-12-31": 0, "2006-09-30": 0, "2006-06-30": 0, "2006-03-31": "", "2005-12-31": 0, "2005-09-30": 0, "2005-06-30": 0, "2005-03-31": ""}}, "financial ratios": {"Current Ratio": {"2019-12-31": "1.94540", "2018-12-31": "1.99600", "2017-12-31": "2.29060", "2016-12-31": "2.16550", "2015-12-31": "1.78140", "2014-12-31": "1.96770", "2013-12-31": "1.83130", "2012-12-31": "1.86060", "2011-12-31": "2.33630", "2010-12-31": "2.45700", "2009-12-31": "2.65840", "2008-12-31": "2.69640", "2007-12-31": "1.80430", "2006-12-31": "1.62750", "2005-12-31": "1.44860"}, "Long-term Debt / Capital": {"2019-12-31": "0.56880", "2018-12-31": "0.57230", "2017-12-31": "0.57770", "2016-12-31": "0.60100", "2015-12-31": "0.55770", "2014-12-31": "0.52220", "2013-12-31": "0.48710", "2012-12-31": "0.49490", "2011-12-31": "0.37060", "2010-12-31": "0.25750", "2009-12-31": "0.32780", "2008-12-31": "0.11040", "2007-12-31": "0.37590", "2006-12-31": "0.41560", "2005-12-31": "0.46340"}, "Debt/Equity Ratio": {"2019-12-31": "1.32510", "2018-12-31": "1.34430", "2017-12-31": "1.37140", "2016-12-31": "1.50640", "2015-12-31": "1.26110", "2014-12-31": "1.09330", "2013-12-31": "0.95060", "2012-12-31": "0.98320", "2011-12-31": "0.59810", "2010-12-31": "0.35710", "2009-12-31": "0.49080", "2008-12-31": "0.12500", "2007-12-31": "0.63570", "2006-12-31": "0.78320", "2005-12-31": "1.40300"}, "Gross Margin": {"2019-12-31": "30.02090", "2018-12-31": "30.14120", "2017-12-31": "29.95970", "2016-12-31": "29.84760", "2015-12-31": "28.03950", "2014-12-31": "28.21700", "2013-12-31": "27.55320", "2012-12-31": "29.58480", "2011-12-31": "30.44880", "2010-12-31": "30.06530", "2009-12-31": "29.85770", "2008-12-31": "31.32720", "2007-12-31": "29.83120", "2006-12-31": "29.52170", "2005-12-31": "27.92410"}, "Operating Margin": {"2019-12-31": "6.72460", "2018-12-31": "5.53200", "2017-12-31": "4.33870", "2016-12-31": "2.51020", "2015-12-31": "5.72740", "2014-12-31": "3.28700", "2013-12-31": "6.28430", "2012-12-31": "9.24190", "2011-12-31": "10.97030", "2010-12-31": "12.24050", "2009-12-31": "7.63950", "2008-12-31": "10.47550", "2007-12-31": "9.00400", "2006-12-31": "8.96300", "2005-12-31": "7.20770"}, "EBIT Margin": {"2019-12-31": "6.72460", "2018-12-31": "5.53200", "2017-12-31": "4.33870", "2016-12-31": "2.51020", "2015-12-31": "5.72740", "2014-12-31": "3.28700", "2013-12-31": "6.28430", "2012-12-31": "9.24190", "2011-12-31": "10.97030", "2010-12-31": "12.24050", "2009-12-31": "7.63950", "2008-12-31": "10.47550", "2007-12-31": "9.00400", "2006-12-31": "8.96300", "2005-12-31": "7.20770"}, "EBITDA Margin": {"2019-12-31": "15.94650", "2018-12-31": "14.99410", "2017-12-31": "14.57190", "2016-12-31": "14.65910", "2015-12-31": "15.49390", "2014-12-31": "15.43990", "2013-12-31": "14.24210", "2012-12-31": "17.16530", "2011-12-31": "17.71960", "2010-12-31": "18.34590", "2009-12-31": "14.85520", "2008-12-31": "16.02130", "2007-12-31": "14.28180", "2006-12-31": "14.64810", "2005-12-31": "12.92870"}, "Pre-Tax Profit Margin": {"2019-12-31": "4.34440", "2018-12-31": "2.86280", "2017-12-31": "1.99290", "2016-12-31": "0.31630", "2015-12-31": "3.34780", "2014-12-31": "1.13250", "2013-12-31": "4.09970", "2012-12-31": "5.83800", "2011-12-31": "9.30770", "2010-12-31": "10.65580", "2009-12-31": "5.72250", "2008-12-31": "9.11770", "2007-12-31": "7.62880", "2006-12-31": "6.38130", "2005-12-31": "4.09410"}, "Net Profit Margin": {"2019-12-31": "2.86440", "2018-12-31": "1.98880", "2017-12-31": "3.42070", "2016-12-31": "-1.44720", "2015-12-31": "1.34660", "2014-12-31": "-0.83280", "2013-12-31": "2.72290", "2012-12-31": "5.92680", "2011-12-31": "6.41350", "2010-12-31": "7.53880", "2009-12-31": "3.41510", "2008-12-31": "5.57730", "2007-12-31": "4.64580", "2006-12-31": "5.59150", "2005-12-31": "3.56340"}, "Asset Turnover": {"2019-12-31": "0.83040", "2018-12-31": "0.88280", "2017-12-31": "0.79450", "2016-12-31": "0.74830", "2015-12-31": "0.95450", "2014-12-31": "0.92200", "2013-12-31": "0.88770", "2012-12-31": "0.57010", "2011-12-31": "0.95130", "2010-12-31": "1.08040", "2009-12-31": "0.76670", "2008-12-31": "1.14740", "2007-12-31": "1.22990", "2006-12-31": "1.23700", "2005-12-31": "1.15760"}, "Inventory Turnover Ratio": {"2019-12-31": "11.11940", "2018-12-31": "11.55790", "2017-12-31": "11.71890", "2016-12-31": "10.83270", "2015-12-31": "15.76240", "2014-12-31": "14.47740", "2013-12-31": "16.71730", "2012-12-31": "8.72980", "2011-12-31": "24.53670", "2010-12-31": "27.17950", "2009-12-31": "18.19260", "2008-12-31": "26.30810", "2007-12-31": "29.71160", "2006-12-31": "29.09480", "2005-12-31": "40.28780"}, "Receiveable Turnover": {"2019-12-31": "4.86720", "2018-12-31": "4.98730", "2017-12-31": "5.21380", "2016-12-31": "5.17500", "2015-12-31": "6.27490", "2014-12-31": "5.68920", "2013-12-31": "5.79190", "2012-12-31": "3.81700", "2011-12-31": "4.14280", "2010-12-31": "4.92120", "2009-12-31": "3.73970", "2008-12-31": "5.70920", "2007-12-31": "4.55620", "2006-12-31": "4.46950", "2005-12-31": "4.55380"}, "Days Sales In Receivables": {"2019-12-31": "74.99240", "2018-12-31": "73.18640", "2017-12-31": "70.00690", "2016-12-31": "70.53210", "2015-12-31": "58.16840", "2014-12-31": "64.15610", "2013-12-31": "63.01930", "2012-12-31": "95.62600", "2011-12-31": "88.10500", "2010-12-31": "74.16930", "2009-12-31": "97.60190", "2008-12-31": "63.93170", "2007-12-31": "80.11010", "2006-12-31": "81.66400", "2005-12-31": "80.15250"}, "ROE - Return On Equity": {"2019-12-31": "7.69720", "2018-12-31": "5.61110", "2017-12-31": "8.47830", "2016-12-31": "-3.67750", "2015-12-31": "4.02290", "2014-12-31": "-2.24310", "2013-12-31": "6.47620", "2012-12-31": "9.05500", "2011-12-31": "14.12360", "2010-12-31": "16.35710", "2009-12-31": "5.74220", "2008-12-31": "13.39860", "2007-12-31": "21.78350", "2006-12-31": "26.95100", "2005-12-31": "22.15260"}, "Return On Tangible Equity": {"2019-12-31": "30.00610", "2018-12-31": "30.71520", "2017-12-31": "41.87840", "2016-12-31": "-33.12650", "2015-12-31": "32.34260", "2014-12-31": "-10.11270", "2013-12-31": "28.55220", "2012-12-31": "49.43480", "2011-12-31": "19.91580", "2010-12-31": "21.07000", "2009-12-31": "7.94650", "2008-12-31": "17.27800", "2007-12-31": "41.49430", "2006-12-31": "52.79320", "2005-12-31": "136.11520"}, "ROA - Return On Assets": {"2019-12-31": "2.37870", "2018-12-31": "1.75580", "2017-12-31": "2.71790", "2016-12-31": "-1.08290", "2015-12-31": "1.28520", "2014-12-31": "-0.76780", "2013-12-31": "2.41710", "2012-12-31": "3.37860", "2011-12-31": "6.10090", "2010-12-31": "7.97020", "2009-12-31": "2.51570", "2008-12-31": "6.39920", "2007-12-31": "5.74080", "2006-12-31": "6.95800", "2005-12-31": "4.17030"}, "ROI - Return On Investment": {"2019-12-31": "3.31890", "2018-12-31": "2.40010", "2017-12-31": "3.58030", "2016-12-31": "-1.46730", "2015-12-31": "1.77920", "2014-12-31": "-1.07180", "2013-12-31": "3.32160", "2012-12-31": "4.57410", "2011-12-31": "8.88900", "2010-12-31": "12.14460", "2009-12-31": "3.85980", "2008-12-31": "11.91980", "2007-12-31": "13.59400", "2006-12-31": "15.74960", "2005-12-31": "11.88600"}, "Book Value Per Share": {"2019-12-31": "22.75730", "2018-12-31": "20.94570", "2017-12-31": "21.02980", "2016-12-31": "18.92280", "2015-12-31": "19.03500", "2014-12-31": "21.43980", "2013-12-31": "24.32160", "2012-12-31": "23.71570", "2011-12-31": "16.94130", "2010-12-31": "14.79620", "2009-12-31": "11.70040", "2008-12-31": "9.03900", "2007-12-31": "4.99060", "2006-12-31": "4.39890", "2005-12-31": "2.98810"}, "Operating Cash Flow Per Share": {"2019-12-31": 0.7373, "2018-12-31": 1.6295, "2017-12-31": 0.482, "2016-12-31": -2.2707, "2015-12-31": 1.8529, "2014-12-31": -1.9171, "2013-12-31": 0.8496, "2012-12-31": 2.6312, "2011-12-31": -0.8671, "2010-12-31": 2.3635, "2009-12-31": -0.526, "2008-12-31": 0.4576, "2007-12-31": 0.4531, "2006-12-31": 0.6485, "2005-12-31": 0.8372}, "Free Cash Flow Per Share": {"2019-12-31": 0.2485, "2018-12-31": 1.267, "2017-12-31": 1.1383, "2016-12-31": -1.4267, "2015-12-31": 1.6935, "2014-12-31": -1.5163, "2013-12-31": -0.1873, "2012-12-31": 1.789, "2011-12-31": -1.6281, "2010-12-31": 1.7059, "2009-12-31": -0.5203, "2008-12-31": 0.0832, "2007-12-31": 0.5184, "2006-12-31": 0.2339, "2005-12-31": 0.3161}}, "financial ratios, quarterly": {"Current Ratio": {"2020-09-30": "2.33000", "2020-06-30": "2.36690", "2020-03-31": "2.25770", "2019-12-31": "1.94540", "2019-09-30": "1.91250", "2019-06-30": "1.91450", "2019-03-31": "1.92150", "2018-12-31": "1.99600", "2018-09-30": "2.04200", "2018-06-30": "2.09040", "2018-03-31": "2.05800", "2017-12-31": "2.29060", "2017-09-30": "2.19110", "2017-06-30": "1.99380", "2017-03-31": "2.17320", "2016-12-31": "2.16550", "2016-09-30": "1.94760", "2016-06-30": "2.15040", "2016-03-31": "2.28490", "2015-12-31": "1.78140", "2015-09-30": "1.71600", "2015-06-30": "1.66860", "2015-03-31": "2.00670", "2014-12-31": "1.96770", "2014-09-30": "1.89520", "2014-06-30": "1.89730", "2014-03-31": "1.89770", "2013-12-31": "1.83130", "2013-09-30": "1.70530", "2013-06-30": "1.82920", "2013-03-31": "1.90340", "2012-12-31": "1.86060", "2012-09-30": "3.03450", "2012-06-30": "2.39540", "2012-03-31": "2.57690", "2011-12-31": "2.33630", "2011-09-30": "2.09940", "2011-06-30": "2.66220", "2011-03-31": "3.53460", "2010-12-31": "2.45700", "2010-09-30": "2.36910", "2010-06-30": "2.34220", "2010-03-31": "2.88550", "2009-12-31": "2.65840", "2009-09-30": "2.54900", "2009-06-30": "2.17420", "2009-03-31": "2.95760", "2008-12-31": "2.69640", "2008-09-30": "2.37420", "2008-06-30": "2.03110", "2008-03-31": "1.74870", "2007-12-31": "1.80430", "2007-09-30": "1.76780", "2007-06-30": "1.56770", "2007-03-31": "1.79990", "2006-12-31": "1.62750", "2006-09-30": "1.49880", "2006-06-30": "1.53390", "2006-03-31": "1.67720", "2005-12-31": "1.44860", "2005-09-30": "1.46580", "2005-06-30": "1.43180", "2005-03-31": "1.35180"}, "Long-term Debt / Capital": {"2020-09-30": "0.54310", "2020-06-30": "0.56470", "2020-03-31": "0.58550", "2019-12-31": "0.55030", "2019-09-30": "0.55720", "2019-06-30": "0.56380", "2019-03-31": "0.57160", "2018-12-31": "0.57230", "2018-09-30": "0.57440", "2018-06-30": "0.58320", "2018-03-31": "0.58660", "2017-12-31": "0.57770", "2017-09-30": "0.59030", "2017-06-30": "0.59630", "2017-03-31": "0.60570", "2016-12-31": "0.60100", "2016-09-30": "0.59720", "2016-06-30": "0.59380", "2016-03-31": "0.59370", "2015-12-31": "0.55770", "2015-09-30": "0.55410", "2015-06-30": "0.54310", "2015-03-31": "0.54540", "2014-12-31": "0.52220", "2014-09-30": "0.51380", "2014-06-30": "0.48220", "2014-03-31": "0.49210", "2013-12-31": "0.48710", "2013-09-30": "0.48710", "2013-06-30": "0.49780", "2013-03-31": "0.49620", "2012-12-31": "0.49490", "2012-09-30": "0.44390", "2012-06-30": "0.35460", "2012-03-31": "0.35750", "2011-12-31": "0.37060", "2011-09-30": "0.38780", "2011-06-30": "0.38380", "2011-03-31": "0.39280", "2010-12-31": "0.25750", "2010-09-30": "0.27140", "2010-06-30": "0.30900", "2010-03-31": "0.31790", "2009-12-31": "0.32780", "2009-09-30": "0.01220", "2009-06-30": "0.00060", "2009-03-31": "0.10930", "2008-12-31": "0.11040", "2008-09-30": "0.11230", "2008-06-30": "0.11400", "2008-03-31": "0.36460", "2007-12-31": "0.37590", "2007-09-30": "0.40780", "2007-06-30": "0.39540", "2007-03-31": "0.46520", "2006-12-31": "0.41560", "2006-09-30": "0.42570", "2006-06-30": "0.37980", "2006-03-31": "0.45610", "2005-12-31": "0.46340", "2005-09-30": "0.81520", "2005-06-30": "0.85200", "2005-03-31": "0.90000"}, "Debt/Equity Ratio": {"2020-09-30": "1.19440", "2020-06-30": "1.30340", "2020-03-31": "1.41860", "2019-12-31": "1.22980", "2019-09-30": "1.26460", "2019-06-30": "1.29850", "2019-03-31": "1.34090", "2018-12-31": "1.34430", "2018-09-30": "1.35610", "2018-06-30": "1.40280", "2018-03-31": "1.42230", "2017-12-31": "1.37140", "2017-09-30": "1.44460", "2017-06-30": "1.57530", "2017-03-31": "1.53620", "2016-12-31": "1.50640", "2016-09-30": "1.50130", "2016-06-30": "1.48330", "2016-03-31": "1.46130", "2015-12-31": "1.26110", "2015-09-30": "1.24250", "2015-06-30": "1.18890", "2015-03-31": "1.19970", "2014-12-31": "1.09330", "2014-09-30": "1.05710", "2014-06-30": "0.93180", "2014-03-31": "0.96980", "2013-12-31": "0.95060", "2013-09-30": "0.95090", "2013-06-30": "0.99320", "2013-03-31": "0.98810", "2012-12-31": "0.98320", "2012-09-30": "0.80400", "2012-06-30": "0.55600", "2012-03-31": "0.56410", "2011-12-31": "0.59810", "2011-09-30": "0.64350", "2011-06-30": "0.63060", "2011-03-31": "0.65560", "2010-12-31": "0.35710", "2010-09-30": "0.37940", "2010-06-30": "0.45470", "2010-03-31": "0.46920", "2009-12-31": "0.49080", "2009-09-30": "0.03320", "2009-06-30": "0.13020", "2009-03-31": "0.13950", "2008-12-31": "0.12500", "2008-09-30": "0.18830", "2008-06-30": "0.31950", "2008-03-31": "0.60850", "2007-12-31": "0.63570", "2007-09-30": "0.72090", "2007-06-30": "0.87120", "2007-03-31": "0.92700", "2006-12-31": "0.78320", "2006-09-30": "0.81560", "2006-06-30": "0.76690", "2006-03-31": "0.91860", "2005-12-31": "1.40300", "2005-09-30": "4.71550", "2005-06-30": "5.99430", "2005-03-31": "9.42340"}, "Gross Margin": {"2020-09-30": "34.35130", "2020-06-30": "33.70690", "2020-03-31": "29.33940", "2019-12-31": "29.30370", "2019-09-30": "31.28000", "2019-06-30": "31.51280", "2019-03-31": "27.72340", "2018-12-31": "30.68580", "2018-09-30": "31.13160", "2018-06-30": "31.27350", "2018-03-31": "27.12180", "2017-12-31": "29.53060", "2017-09-30": "31.25650", "2017-06-30": "30.94960", "2017-03-31": "27.92050", "2016-12-31": "28.23990", "2016-09-30": "32.57000", "2016-06-30": "31.18350", "2016-03-31": "27.00970", "2015-12-31": "26.65740", "2015-09-30": "28.96010", "2015-06-30": "30.28540", "2015-03-31": "25.39140", "2014-12-31": "27.72750", "2014-09-30": "29.72030", "2014-06-30": "29.29950", "2014-03-31": "26.09620", "2013-12-31": "26.63840", "2013-09-30": "28.69490", "2013-06-30": "28.61060", "2013-03-31": "26.22930", "2012-12-31": "28.48480", "2012-09-30": "30.13570", "2012-06-30": "29.72470", "2012-03-31": "30.01760", "2011-12-31": "31.64470", "2011-09-30": "30.48900", "2011-06-30": "31.18740", "2011-03-31": "28.13690", "2010-12-31": "30.28070", "2010-09-30": "31.24730", "2010-06-30": "31.24400", "2010-03-31": "26.62160", "2009-12-31": "27.13590", "2009-09-30": "30.99000", "2009-06-30": "32.08130", "2009-03-31": "30.43680", "2008-12-31": "31.06990", "2008-09-30": "31.51810", "2008-06-30": "32.75100", "2008-03-31": "29.81950", "2007-12-31": "30.70930", "2007-09-30": "31.16000", "2007-06-30": "30.75980", "2007-03-31": "26.05550", "2006-12-31": "28.44180", "2006-09-30": "29.12400", "2006-06-30": "31.86880", "2006-03-31": "28.80130", "2005-12-31": "28.45540", "2005-09-30": "27.75840", "2005-06-30": "28.44920", "2005-03-31": "26.92620"}, "Operating Margin": {"2020-09-30": "10.76280", "2020-06-30": "8.48170", "2020-03-31": "5.29910", "2019-12-31": "6.00530", "2019-09-30": "9.01310", "2019-06-30": "8.40910", "2019-03-31": "3.03960", "2018-12-31": "4.83390", "2018-09-30": "7.79730", "2018-06-30": "7.57860", "2018-03-31": "1.46590", "2017-12-31": "3.73760", "2017-09-30": "6.30590", "2017-06-30": "6.20950", "2017-03-31": "0.78860", "2016-12-31": "3.17040", "2016-09-30": "2.30320", "2016-06-30": "4.94670", "2016-03-31": "-0.64250", "2015-12-31": "3.58310", "2015-09-30": "10.51870", "2015-06-30": "6.48970", "2015-03-31": "0.99690", "2014-12-31": "6.80890", "2014-09-30": "-5.02050", "2014-06-30": "7.81790", "2014-03-31": "3.53220", "2013-12-31": "6.69490", "2013-09-30": "8.11080", "2013-06-30": "6.18720", "2013-03-31": "4.03960", "2012-12-31": "6.48180", "2012-09-30": "10.62920", "2012-06-30": "9.08650", "2012-03-31": "10.78650", "2011-12-31": "10.85340", "2011-09-30": "12.01180", "2011-06-30": "11.60110", "2011-03-31": "9.13690", "2010-12-31": "10.30980", "2010-09-30": "15.04600", "2010-06-30": "15.24960", "2010-03-31": "6.65520", "2009-12-31": "8.04770", "2009-09-30": "8.83450", "2009-06-30": "7.62990", "2009-03-31": "5.19280", "2008-12-31": "10.75510", "2008-09-30": "11.44400", "2008-06-30": "11.25200", "2008-03-31": "8.24710", "2007-12-31": "9.74120", "2007-09-30": "10.54110", "2007-06-30": "9.89790", "2007-03-31": "5.19600", "2006-12-31": "8.52280", "2006-09-30": "10.17940", "2006-06-30": "8.94410", "2006-03-31": "8.12650", "2005-12-31": "7.39540", "2005-09-30": "6.89380", "2005-06-30": "8.28420", "2005-03-31": "6.19220"}, "EBIT Margin": {"2020-09-30": "10.76280", "2020-06-30": "8.48170", "2020-03-31": "5.29910", "2019-12-31": "6.00530", "2019-09-30": "9.01310", "2019-06-30": "8.40910", "2019-03-31": "3.03960", "2018-12-31": "4.83390", "2018-09-30": "7.79730", "2018-06-30": "7.57860", "2018-03-31": "1.46590", "2017-12-31": "3.73760", "2017-09-30": "6.30590", "2017-06-30": "6.20950", "2017-03-31": "0.78860", "2016-12-31": "3.17040", "2016-09-30": "2.30320", "2016-06-30": "4.94670", "2016-03-31": "-0.64250", "2015-12-31": "3.58310", "2015-09-30": "10.51870", "2015-06-30": "6.48970", "2015-03-31": "0.99690", "2014-12-31": "6.80890", "2014-09-30": "-5.02050", "2014-06-30": "7.81790", "2014-03-31": "3.53220", "2013-12-31": "6.69490", "2013-09-30": "8.11080", "2013-06-30": "6.18720", "2013-03-31": "4.03960", "2012-12-31": "6.48180", "2012-09-30": "10.62920", "2012-06-30": "9.08650", "2012-03-31": "10.78650", "2011-12-31": "10.85340", "2011-09-30": "12.01180", "2011-06-30": "11.60110", "2011-03-31": "9.13690", "2010-12-31": "10.30980", "2010-09-30": "15.04600", "2010-06-30": "15.24960", "2010-03-31": "6.65520", "2009-12-31": "8.04770", "2009-09-30": "8.83450", "2009-06-30": "7.62990", "2009-03-31": "5.19280", "2008-12-31": "10.75510", "2008-09-30": "11.44400", "2008-06-30": "11.25200", "2008-03-31": "8.24710", "2007-12-31": "9.74120", "2007-09-30": "10.54110", "2007-06-30": "9.89790", "2007-03-31": "5.19600", "2006-12-31": "8.52280", "2006-09-30": "10.17940", "2006-06-30": "8.94410", "2006-03-31": "8.12650", "2005-12-31": "7.39550", "2005-09-30": "6.89380", "2005-06-30": "8.28420", "2005-03-31": "6.19220"}, "EBITDA Margin": {"2020-09-30": "", "2020-06-30": "", "2020-03-31": "", "2019-12-31": "", "2019-09-30": "", "2019-06-30": "", "2019-03-31": "", "2018-12-31": "", "2018-09-30": "", "2018-06-30": "", "2018-03-31": "", "2017-12-31": "", "2017-09-30": "", "2017-06-30": "", "2017-03-31": "", "2016-12-31": "", "2016-09-30": "", "2016-06-30": "", "2016-03-31": "", "2015-12-31": "", "2015-09-30": "", "2015-06-30": "", "2015-03-31": "", "2014-12-31": "", "2014-09-30": "", "2014-06-30": "", "2014-03-31": "", "2013-12-31": "", "2013-09-30": "", "2013-06-30": "", "2013-03-31": "", "2012-12-31": "", "2012-09-30": "", "2012-06-30": "", "2012-03-31": "", "2011-12-31": "", "2011-09-30": "", "2011-06-30": "", "2011-03-31": "", "2010-12-31": "", "2010-09-30": "", "2010-06-30": "", "2010-03-31": "", "2009-12-31": "", "2009-09-30": "", "2009-06-30": "", "2009-03-31": "", "2008-12-31": "", "2008-09-30": "", "2008-06-30": "", "2008-03-31": "", "2007-12-31": "", "2007-09-30": "", "2007-06-30": "", "2007-03-31": "", "2006-12-31": "", "2006-09-30": "", "2006-06-30": "", "2006-03-31": "", "2005-12-31": "", "2005-09-30": "", "2005-06-30": "", "2005-03-31": ""}, "Pre-Tax Profit Margin": {"2020-09-30": "8.80510", "2020-06-30": "5.75800", "2020-03-31": "2.47740", "2019-12-31": "4.00660", "2019-09-30": "6.06940", "2019-06-30": "6.01710", "2019-03-31": "0.89050", "2018-12-31": "2.01190", "2018-09-30": "5.02430", "2018-06-30": "5.23240", "2018-03-31": "-1.27740", "2017-12-31": "0.48860", "2017-09-30": "3.25900", "2017-06-30": "6.52190", "2017-03-31": "-2.71320", "2016-12-31": "1.15520", "2016-09-30": "1.57230", "2016-06-30": "1.81620", "2016-03-31": "-3.68140", "2015-12-31": "0.80080", "2015-09-30": "8.37440", "2015-06-30": "4.36310", "2015-03-31": "-1.60100", "2014-12-31": "4.56120", "2014-09-30": "-7.23800", "2014-06-30": "5.48390", "2014-03-31": "1.71610", "2013-12-31": "4.43010", "2013-09-30": "5.96470", "2013-06-30": "4.10360", "2013-03-31": "1.79550", "2012-12-31": "4.01510", "2012-09-30": "3.49700", "2012-06-30": "6.97550", "2012-03-31": "8.76360", "2011-12-31": "8.86190", "2011-09-30": "10.07620", "2011-06-30": "9.86280", "2011-03-31": "8.31410", "2010-12-31": "8.90620", "2010-09-30": "12.96230", "2010-06-30": "14.20260", "2010-03-31": "4.82870", "2009-12-31": "6.21760", "2009-09-30": "5.13760", "2009-06-30": "6.88780", "2009-03-31": "4.53990", "2008-12-31": "10.03210", "2008-09-30": "9.15810", "2008-06-30": "10.32610", "2008-03-31": "6.80840", "2007-12-31": "8.50600", "2007-09-30": "9.33500", "2007-06-30": "8.34790", "2007-03-31": "3.64590", "2006-12-31": "6.98860", "2006-09-30": "8.60620", "2006-06-30": "7.43680", "2006-03-31": "1.89710", "2005-12-31": "4.92840", "2005-09-30": "3.55250", "2005-06-30": "4.80250", "2005-03-31": "2.95390"}, "Net Profit Margin": {"2020-09-30": "7.04570", "2020-06-30": "4.08770", "2020-03-31": "1.34780", "2019-12-31": "2.77280", "2019-09-30": "4.07880", "2019-06-30": "4.17230", "2019-03-31": "0.12500", "2018-12-31": "1.91460", "2018-09-30": "3.68710", "2018-06-30": "3.62100", "2018-03-31": "-1.68460", "2017-12-31": "11.26490", "2017-09-30": "1.59530", "2017-06-30": "3.43790", "2017-03-31": "-3.10520", "2016-12-31": "-1.83680", "2016-09-30": "-1.40570", "2016-06-30": "0.56860", "2016-03-31": "-3.28120", "2015-12-31": "0.07970", "2015-09-30": "4.50300", "2015-06-30": "1.11030", "2015-03-31": "-0.96780", "2014-12-31": "3.23980", "2014-09-30": "-10.96190", "2014-06-30": "3.33990", "2014-03-31": "1.05830", "2013-12-31": "3.04750", "2013-09-30": "3.89640", "2013-06-30": "2.66140", "2013-03-31": "1.21810", "2012-12-31": "11.06950", "2012-09-30": "2.31530", "2012-06-30": "4.47810", "2012-03-31": "5.59680", "2011-12-31": "7.00380", "2011-09-30": "6.67800", "2011-06-30": "6.51920", "2011-03-31": "5.22570", "2010-12-31": "5.59370", "2010-09-30": "7.96200", "2010-06-30": "12.28250", "2010-03-31": "2.93890", "2009-12-31": "4.01250", "2009-09-30": "3.00550", "2009-06-30": "4.00490", "2009-03-31": "2.40180", "2008-12-31": "7.18570", "2008-09-30": "5.35520", "2008-06-30": "6.02690", "2008-03-31": "3.67900", "2007-12-31": "6.43050", "2007-09-30": "5.24260", "2007-06-30": "4.65800", "2007-03-31": "1.67400", "2006-12-31": "4.92730", "2006-09-30": "9.78760", "2006-06-30": "5.66390", "2006-03-31": "1.48300", "2005-12-31": "4.06940", "2005-09-30": "3.01660", "2005-06-30": "4.19810", "2005-03-31": "2.89210"}, "Asset Turnover": {"2020-09-30": "0.18980", "2020-06-30": "0.17410", "2020-03-31": "0.20780", "2019-12-31": "0.21200", "2019-09-30": "0.22170", "2019-06-30": "0.21960", "2019-03-31": "0.20110", "2018-12-31": "0.22960", "2018-09-30": "0.22340", "2018-06-30": "0.22850", "2018-03-31": "0.20350", "2017-12-31": "0.20160", "2017-09-30": "0.20160", "2017-06-30": "0.19780", "2017-03-31": "0.18900", "2016-12-31": "0.18800", "2016-09-30": "0.19650", "2016-06-30": "0.18890", "2016-03-31": "0.17470", "2015-12-31": "0.20780", "2015-09-30": "0.24820", "2015-06-30": "0.24990", "2015-03-31": "0.20660", "2014-12-31": "0.22900", "2014-09-30": "0.22640", "2014-06-30": "0.21830", "2014-03-31": "0.21910", "2013-12-31": "0.22240", "2013-09-30": "0.22940", "2013-06-30": "0.22460", "2013-03-31": "0.22670", "2012-12-31": "0.14560", "2012-09-30": "0.21790", "2012-06-30": "0.24650", "2012-03-31": "0.27330", "2011-12-31": "0.26170", "2011-09-30": "0.27660", "2011-06-30": "0.22760", "2011-03-31": "0.23130", "2010-12-31": "0.26030", "2010-09-30": "0.31130", "2010-06-30": "0.30540", "2010-03-31": "0.25040", "2009-12-31": "0.24760", "2009-09-30": "0.22390", "2009-06-30": "0.23960", "2009-03-31": "0.23630", "2008-12-31": "0.27810", "2008-09-30": "0.29660", "2008-06-30": "0.27770", "2008-03-31": "0.31870", "2007-12-31": "0.33470", "2007-09-30": "0.33510", "2007-06-30": "0.34060", "2007-03-31": "0.31510", "2006-12-31": "0.34560", "2006-09-30": "0.31590", "2006-06-30": "0.34510", "2006-03-31": "0.33980", "2005-12-31": "0.31530", "2005-09-30": "0.34820", "2005-06-30": "0.34520", "2005-03-31": "0.32850"}, "Inventory Turnover Ratio": {"2020-09-30": "2.31630", "2020-06-30": "2.14130", "2020-03-31": "2.80170", "2019-12-31": "2.86750", "2019-09-30": "2.90640", "2019-06-30": "2.92590", "2019-03-31": "2.81040", "2018-12-31": "2.98210", "2018-09-30": "2.96200", "2018-06-30": "3.01530", "2018-03-31": "3.01160", "2017-12-31": "2.99240", "2017-09-30": "3.00180", "2017-06-30": "3.01270", "2017-03-31": "2.72790", "2016-12-31": "2.78350", "2016-09-30": "2.77470", "2016-06-30": "2.95560", "2016-03-31": "2.99980", "2015-12-31": "3.49760", "2015-09-30": "4.22380", "2015-06-30": "4.35530", "2015-03-31": "3.82030", "2014-12-31": "3.62090", "2014-09-30": "3.50080", "2014-06-30": "3.75140", "2014-03-31": "4.10460", "2013-12-31": "4.24180", "2013-09-30": "4.16690", "2013-06-30": "3.94970", "2013-03-31": "4.40230", "2012-12-31": "2.26510", "2012-09-30": "5.83320", "2012-06-30": "6.36220", "2012-03-31": "6.93850", "2011-12-31": "6.63460", "2011-09-30": "7.20930", "2011-06-30": "6.51060", "2011-03-31": "7.13370", "2010-12-31": "6.52740", "2010-09-30": "7.85370", "2010-06-30": "7.91660", "2010-03-31": "6.28420", "2009-12-31": "6.10420", "2009-09-30": "5.37090", "2009-06-30": "5.23490", "2009-03-31": "5.29200", "2008-12-31": "6.39950", "2008-09-30": "6.87830", "2008-06-30": "7.23370", "2008-03-31": "7.27480", "2007-12-31": "7.98400", "2007-09-30": "7.36960", "2007-06-30": "7.65900", "2007-03-31": "7.30900", "2006-12-31": "8.25370", "2006-09-30": "7.97880", "2006-06-30": "10.80370", "2006-03-31": "10.35130", "2005-12-31": "10.89300", "2005-09-30": "10.97580", "2005-06-30": "11.16700", "2005-03-31": "11.21160"}, "Receiveable Turnover": {"2020-09-30": "1.17810", "2020-06-30": "1.15050", "2020-03-31": "1.20980", "2019-12-31": "1.24240", "2019-09-30": "1.27290", "2019-06-30": "1.26800", "2019-03-31": "1.19030", "2018-12-31": "1.29690", "2018-09-30": "1.25360", "2018-06-30": "1.29970", "2018-03-31": "1.21870", "2017-12-31": "1.32320", "2017-09-30": "1.32000", "2017-06-30": "1.34680", "2017-03-31": "1.35580", "2016-12-31": "1.29990", "2016-09-30": "1.31700", "2016-06-30": "1.30900", "2016-03-31": "1.29780", "2015-12-31": "1.36610", "2015-09-30": "1.39190", "2015-06-30": "1.29680", "2015-03-31": "1.32010", "2014-12-31": "1.41330", "2014-09-30": "1.36100", "2014-06-30": "1.40570", "2014-03-31": "1.39430", "2013-12-31": "1.45130", "2013-09-30": "1.40660", "2013-06-30": "1.47300", "2013-03-31": "1.44680", "2012-12-31": "0.97510", "2012-09-30": "1.23060", "2012-06-30": "1.22330", "2012-03-31": "1.15950", "2011-12-31": "1.13980", "2011-09-30": "1.21990", "2011-06-30": "1.16650", "2011-03-31": "1.19360", "2010-12-31": "1.18550", "2010-09-30": "1.31630", "2010-06-30": "1.27610", "2010-03-31": "1.11320", "2009-12-31": "1.20790", "2009-09-30": "1.10870", "2009-06-30": "1.38940", "2009-03-31": "1.31670", "2008-12-31": "1.38360", "2008-09-30": "1.38860", "2008-06-30": "1.35710", "2008-03-31": "1.24070", "2007-12-31": "1.23990", "2007-09-30": "1.18570", "2007-06-30": "1.19790", "2007-03-31": "1.16300", "2006-12-31": "1.24880", "2006-09-30": "1.14380", "2006-06-30": "1.28320", "2006-03-31": "1.29540", "2005-12-31": "1.24040", "2005-09-30": "1.22500", "2005-06-30": "1.32960", "2005-03-31": "1.29490"}, "Days Sales In Receivables": {"2020-09-30": "76.39200", "2020-06-30": "78.22830", "2020-03-31": "74.39490", "2019-12-31": "72.44020", "2019-09-30": "70.70550", "2019-06-30": "70.97630", "2019-03-31": "75.61330", "2018-12-31": "69.39740", "2018-09-30": "71.79340", "2018-06-30": "69.24750", "2018-03-31": "73.84780", "2017-12-31": "68.01700", "2017-09-30": "68.18400", "2017-06-30": "66.82570", "2017-03-31": "66.38230", "2016-12-31": "69.23350", "2016-09-30": "68.33620", "2016-06-30": "68.75620", "2016-03-31": "69.34560", "2015-12-31": "65.87950", "2015-09-30": "64.66110", "2015-06-30": "69.40330", "2015-03-31": "68.17840", "2014-12-31": "63.68050", "2014-09-30": "66.12870", "2014-06-30": "64.02530", "2014-03-31": "64.54760", "2013-12-31": "62.01360", "2013-09-30": "63.98190", "2013-06-30": "61.09820", "2013-03-31": "62.20630", "2012-12-31": "92.29380", "2012-09-30": "73.13270", "2012-06-30": "73.57110", "2012-03-31": "77.61970", "2011-12-31": "78.96230", "2011-09-30": "73.77470", "2011-06-30": "77.15350", "2011-03-31": "75.40440", "2010-12-31": "75.91640", "2010-09-30": "68.37550", "2010-06-30": "70.52600", "2010-03-31": "80.84830", "2009-12-31": "74.50930", "2009-09-30": "81.17280", "2009-06-30": "64.77840", "2009-03-31": "68.35180", "2008-12-31": "65.04780", "2008-09-30": "64.81480", "2008-06-30": "66.31890", "2008-03-31": "72.53990", "2007-12-31": "72.58910", "2007-09-30": "75.90400", "2007-06-30": "75.13340", "2007-03-31": "77.38880", "2006-12-31": "72.06980", "2006-09-30": "78.68730", "2006-06-30": "70.13720", "2006-03-31": "69.47850", "2005-12-31": "72.55700", "2005-09-30": "73.47010", "2005-06-30": "67.68920", "2005-03-31": "69.50410"}, "ROE - Return On Equity": {"2020-09-30": "4.20860", "2020-06-30": "2.31450", "2020-03-31": "0.95970", "2019-12-31": "1.90190", "2019-09-30": "2.94300", "2019-06-30": "2.99670", "2019-03-31": "0.08330", "2018-12-31": "1.40470", "2018-09-30": "2.59650", "2018-06-30": "2.64820", "2018-03-31": "-1.10260", "2017-12-31": "7.08580", "2017-09-30": "1.06860", "2017-06-30": "2.35070", "2017-03-31": "-2.01130", "2016-12-31": "-1.17250", "2016-09-30": "-0.93150", "2016-06-30": "0.35530", "2016-03-31": "-1.86920", "2015-12-31": "0.05180", "2015-09-30": "3.58310", "2015-06-30": "0.88590", "2015-03-31": "-0.60960", "2014-12-31": "2.16780", "2014-09-30": "-7.06800", "2014-06-30": "1.91310", "2014-03-31": "0.61980", "2013-12-31": "1.81620", "2013-09-30": "2.39550", "2013-06-30": "1.61880", "2013-03-31": "0.73780", "2012-12-31": "4.32060", "2012-09-30": "1.22760", "2012-06-30": "2.43790", "2012-03-31": "3.36550", "2011-12-31": "4.24350", "2011-09-30": "4.41950", "2011-06-30": "3.40060", "2011-03-31": "2.76560", "2010-12-31": "2.98770", "2010-09-30": "5.26290", "2010-06-30": "8.16230", "2010-03-31": "1.56480", "2009-12-31": "2.10080", "2009-09-30": "1.48940", "2009-06-30": "1.92420", "2009-03-31": "1.14300", "2008-12-31": "4.18350", "2008-09-30": "3.48280", "2008-06-30": "3.94830", "2008-03-31": "4.21830", "2007-12-31": "8.16620", "2007-09-30": "7.26220", "2007-06-30": "7.02880", "2007-03-31": "2.47150", "2006-12-31": "6.63630", "2006-09-30": "12.61520", "2006-06-30": "8.33660", "2006-03-31": "2.35150", "2005-12-31": "6.87550", "2005-09-30": "15.76480", "2005-06-30": "27.96180", "2005-03-31": "28.62970"}, "Return On Tangible Equity": {"2020-09-30": "14.15010", "2020-06-30": "8.78500", "2020-03-31": "4.14330", "2019-12-31": "7.41430", "2019-09-30": "12.74540", "2019-06-30": "14.46460", "2019-03-31": "0.45370", "2018-12-31": "7.68910", "2018-09-30": "13.40810", "2018-06-30": "14.79100", "2018-03-31": "-6.71200", "2017-12-31": "35.00050", "2017-09-30": "7.01130", "2017-06-30": "17.81270", "2017-03-31": "-20.80660", "2016-12-31": "-10.56200", "2016-09-30": "-8.33910", "2016-06-30": "2.43870", "2016-03-31": "-13.60570", "2015-12-31": "0.41650", "2015-09-30": "25.81890", "2015-06-30": "5.59000", "2015-03-31": "-3.59130", "2014-12-31": "9.77320", "2014-09-30": "-28.36130", "2014-06-30": "7.83210", "2014-03-31": "2.77090", "2013-12-31": "8.00730", "2013-09-30": "11.11310", "2013-06-30": "8.06340", "2013-03-31": "3.69590", "2012-12-31": "23.58790", "2012-09-30": "1.77260", "2012-06-30": "3.41330", "2012-03-31": "4.66290", "2011-12-31": "5.98370", "2011-09-30": "6.57760", "2011-06-30": "4.54290", "2011-03-31": "3.51620", "2010-12-31": "3.84860", "2010-09-30": "6.87570", "2010-06-30": "10.89790", "2010-03-31": "2.13170", "2009-12-31": "2.90720", "2009-09-30": "2.06710", "2009-06-30": "2.48850", "2009-03-31": "1.48590", "2008-12-31": "5.39470", "2008-09-30": "4.55620", "2008-06-30": "5.24880", "2008-03-31": "8.56690", "2007-12-31": "15.55540", "2007-09-30": "15.45130", "2007-06-30": "15.97850", "2007-03-31": "6.48060", "2006-12-31": "12.99950", "2006-09-30": "25.92890", "2006-06-30": "28.14230", "2006-03-31": "11.81850", "2005-12-31": "42.24610", "2005-09-30": "-8.68340", "2005-06-30": "-10.41750", "2005-03-31": "-5.91810"}, "ROA - Return On Assets": {"2020-09-30": "1.33730", "2020-06-30": "0.71180", "2020-03-31": "0.28010", "2019-12-31": "0.58780", "2019-09-30": "0.90430", "2019-06-30": "0.91630", "2019-03-31": "0.02510", "2018-12-31": "0.43950", "2018-09-30": "0.82370", "2018-06-30": "0.82750", "2018-03-31": "-0.34280", "2017-12-31": "2.27150", "2017-09-30": "0.32170", "2017-06-30": "0.67990", "2017-03-31": "-0.58680", "2016-12-31": "-0.34530", "2016-09-30": "-0.27620", "2016-06-30": "0.10740", "2016-03-31": "-0.57310", "2015-12-31": "0.01660", "2015-09-30": "1.11750", "2015-06-30": "0.27740", "2015-03-31": "-0.19990", "2014-12-31": "0.74200", "2014-09-30": "-2.48160", "2014-06-30": "0.72910", "2014-03-31": "0.23190", "2013-12-31": "0.67790", "2013-09-30": "0.89370", "2013-06-30": "0.59760", "2013-03-31": "0.27610", "2012-12-31": "1.61210", "2012-09-30": "0.50460", "2012-06-30": "1.10380", "2012-03-31": "1.52970", "2011-12-31": "1.83300", "2011-09-30": "1.84710", "2011-06-30": "1.48370", "2011-03-31": "1.20860", "2010-12-31": "1.45580", "2010-09-30": "2.47880", "2010-06-30": "3.59510", "2010-03-31": "0.70900", "2009-12-31": "0.92040", "2009-09-30": "0.64270", "2009-06-30": "0.95970", "2009-03-31": "0.56760", "2008-12-31": "1.99800", "2008-09-30": "1.58840", "2008-06-30": "1.67370", "2008-03-31": "1.17260", "2007-12-31": "2.15210", "2007-09-30": "1.76600", "2007-06-30": "1.59610", "2007-03-31": "0.53810", "2006-12-31": "1.71330", "2006-09-30": "3.10190", "2006-06-30": "1.96650", "2006-03-31": "0.51660", "2005-12-31": "1.29430", "2005-09-30": "1.06390", "2005-06-30": "1.46320", "2005-03-31": "0.96400"}, "ROI - Return On Investment": {"2020-09-30": "1.92300", "2020-06-30": "1.00740", "2020-03-31": "0.39780", "2019-12-31": "0.85520", "2019-09-30": "1.30310", "2019-06-30": "1.30730", "2019-03-31": "0.03570", "2018-12-31": "0.60080", "2018-09-30": "1.10500", "2018-06-30": "1.10370", "2018-03-31": "-0.45590", "2017-12-31": "2.99220", "2017-09-30": "0.43780", "2017-06-30": "0.94890", "2017-03-31": "-0.79300", "2016-12-31": "-0.46780", "2016-09-30": "-0.37520", "2016-06-30": "0.14430", "2016-03-31": "-0.75940", "2015-12-31": "0.02290", "2015-09-30": "1.59780", "2015-06-30": "0.40470", "2015-03-31": "-0.27710", "2014-12-31": "1.03580", "2014-09-30": "-3.43620", "2014-06-30": "0.99060", "2014-03-31": "0.31480", "2013-12-31": "0.93150", "2013-09-30": "1.22880", "2013-06-30": "0.81300", "2013-03-31": "0.37170", "2012-12-31": "2.18250", "2012-09-30": "0.68270", "2012-06-30": "1.57340", "2012-03-31": "2.16240", "2011-12-31": "2.67070", "2011-09-30": "2.70580", "2011-06-30": "2.09530", "2011-03-31": "1.67930", "2010-12-31": "2.21830", "2010-09-30": "3.83470", "2010-06-30": "5.64020", "2010-03-31": "1.06730", "2009-12-31": "1.41210", "2009-09-30": "1.47120", "2009-06-30": "1.92310", "2009-03-31": "1.01810", "2008-12-31": "3.72170", "2008-09-30": "3.09160", "2008-06-30": "3.49810", "2008-03-31": "2.68030", "2007-12-31": "5.09610", "2007-09-30": "4.30030", "2007-06-30": "4.24990", "2007-03-31": "1.32180", "2006-12-31": "3.87810", "2006-09-30": "7.24510", "2006-06-30": "5.17030", "2006-03-31": "1.27900", "2005-12-31": "3.68910", "2005-09-30": "2.91290", "2005-06-30": "4.13750", "2005-03-31": "2.86370"}, "Book Value Per Share": {"2020-09-30": "23.61650", "2020-06-30": "22.54820", "2020-03-31": "21.70470", "2019-12-31": "22.75730", "2019-09-30": "22.14370", "2019-06-30": "21.65210", "2019-03-31": "20.99240", "2018-12-31": "20.94570", "2018-09-30": "21.38160", "2018-06-30": "20.70080", "2018-03-31": "20.36670", "2017-12-31": "21.02980", "2017-09-30": "19.82100", "2017-06-30": "19.26260", "2017-03-31": "18.59850", "2016-12-31": "18.92280", "2016-09-30": "19.18360", "2016-06-30": "19.41640", "2016-03-31": "19.40150", "2015-12-31": "19.03500", "2015-09-30": "19.46970", "2015-06-30": "20.08350", "2015-03-31": "19.82320", "2014-12-31": "21.43980", "2014-09-30": "22.02830", "2014-06-30": "24.73990", "2014-03-31": "23.80900", "2013-12-31": "24.32160", "2013-09-30": "24.35320", "2013-06-30": "23.36450", "2013-03-31": "23.53190", "2012-12-31": "23.71570", "2012-09-30": "18.85800", "2012-06-30": "18.02170", "2012-03-31": "17.86240", "2011-12-31": "16.94130", "2011-09-30": "15.84160", "2011-06-30": "16.18100", "2011-03-31": "15.53630", "2010-12-31": "14.79620", "2010-09-30": "14.00120", "2010-06-30": "12.92790", "2010-03-31": "12.23060", "2009-12-31": "11.70040", "2009-09-30": "11.23880", "2009-06-30": "9.41970", "2009-03-31": "9.12330", "2008-12-31": "9.03900", "2008-09-30": "8.93410", "2008-06-30": "8.66410", "2008-03-31": "5.17560", "2007-12-31": "4.99060", "2007-09-30": "4.48120", "2007-06-30": "4.00960", "2007-03-31": "3.57770", "2006-12-31": "4.39890", "2006-09-30": "4.23680", "2006-06-30": "3.48090", "2006-03-31": "3.06600", "2005-12-31": "2.98810", "2005-09-30": "1.11840", "2005-06-30": "0.85790", "2005-03-31": "0.56390"}, "Operating Cash Flow Per Share": {"2020-09-30": 2.5831, "2020-06-30": 2.5111, "2020-03-31": "0.60090", "2019-12-31": 2.293, "2019-09-30": 2.5987, "2019-06-30": 1.9395, "2019-03-31": "0.53030", "2018-12-31": 2.2325, "2018-09-30": 2.0969, "2018-06-30": 1.3755, "2018-03-31": "0.91930", "2017-12-31": 1.1225, "2017-09-30": 1.8328, "2017-06-30": 1.0419, "2017-03-31": "0.99750", "2016-12-31": 1.402, "2016-09-30": 1.0293, "2016-06-30": 1.3995, "2016-03-31": "0.68190", "2015-12-31": 1.4701, "2015-09-30": 2.0121, "2015-06-30": 1.8613, "2015-03-31": "1.43990", "2014-12-31": 1.6832, "2014-09-30": 1.3561, "2014-06-30": 1.8157, "2014-03-31": "0.07550", "2013-12-31": 2.2374, "2013-09-30": 2.3426, "2013-06-30": 1.6146, "2013-03-31": "0.65300", "2012-12-31": 1.6539, "2012-09-30": 1.0589, "2012-06-30": 2.7327, "2012-03-31": "0.55250", "2011-12-31": 0.5312, "2011-09-30": 1.4183, "2011-06-30": 1.1378, "2011-03-31": "0.27950", "2010-12-31": 1.3275, "2010-09-30": 1.065, "2010-06-30": 1.997, "2010-03-31": "-0.15560", "2009-12-31": 0.5686, "2009-09-30": 0.275, "2009-06-30": 0.7772, "2009-03-31": "0.24960", "2008-12-31": 0.8554, "2008-09-30": 0.6193, "2008-06-30": 0.6105, "2008-03-31": "0.31120", "2007-12-31": 0.7355, "2007-09-30": 0.8324, "2007-06-30": 0.4767, "2007-03-31": "-0.10580", "2006-12-31": 0.246, "2006-09-30": 0.4989, "2006-06-30": 0.6236, "2006-03-31": "0.11720", "2005-12-31": 0.6061, "2005-09-30": -0.0307, "2005-06-30": 0.208, "2005-03-31": "0.05380"}, "Free Cash Flow Per Share": {"2020-09-30": 2.2162, "2020-06-30": 1.7497, "2020-03-31": "-0.83730", "2019-12-31": 1.5947, "2019-09-30": 1.6301, "2019-06-30": 0.934, "2019-03-31": "-0.44370", "2018-12-31": 1.6439, "2018-09-30": 1.1471, "2018-06-30": 0.5258, "2018-03-31": "0.14980", "2017-12-31": 0.4668, "2017-09-30": 1.2042, "2017-06-30": 0.2546, "2017-03-31": "0.27400", "2016-12-31": 0.9315, "2016-09-30": 0.1438, "2016-06-30": 0.5973, "2016-03-31": "-0.61130", "2015-12-31": 0.3713, "2015-09-30": 0.885, "2015-06-30": 0.6782, "2015-03-31": "0.55350", "2014-12-31": 0.7436, "2014-09-30": 0.3842, "2014-06-30": 0.8092, "2014-03-31": "-1.14250", "2013-12-31": 1.0571, "2013-09-30": 1.2811, "2013-06-30": 0.4961, "2013-03-31": "-0.52350", "2012-12-31": 0.5088, "2012-09-30": 0.1822, "2012-06-30": 1.7638, "2012-03-31": "0.04330", "2011-12-31": -0.1082, "2011-09-30": 0.5351, "2011-06-30": 0.6254, "2011-03-31": "-0.34320", "2010-12-31": 0.5406, "2010-09-30": 0.3317, "2010-06-30": 1.9186, "2010-03-31": "-0.45370", "2009-12-31": 0.2257, "2009-09-30": 0.0857, "2009-06-30": 0.5708, "2009-03-31": "-0.25090", "2008-12-31": 0.4243, "2008-09-30": 0.46, "2008-06-30": 0.4152, "2008-03-31": "-0.14790", "2007-12-31": 0.4285, "2007-09-30": 0.6419, "2007-06-30": 0.239, "2007-03-31": "-0.24100", "2006-12-31": 0.0174, "2006-09-30": 0.2757, "2006-06-30": 0.3799, "2006-03-31": "-0.12300", "2005-12-31": 0.4511, "2005-09-30": -0.2054, "2005-06-30": 0.0958, "2005-03-31": "-0.02540"}}, "revenue": {"Clean Harbors Annual Revenue (Millions of US $)": {"2019": "$3,412", "2018": "$3,300", "2017": "$2,945", "2016": "$2,755", "2015": "$3,275", "2014": "$3,402", "2013": "$3,510", "2012": "$2,188", "2011": "$1,984", "2010": "$1,731", "2009": "$1,074", "2008": "$1,031", "2007": "$947", "2006": "$830", "2005": "$711"}, "Clean Harbors Quarterly Revenue (Millions of US $)": {"2020-09-30": "$779", "2020-06-30": "$710", "2020-03-31": "$859", "2019-12-31": "$871", "2019-09-30": "$892", "2019-06-30": "$869", "2019-03-31": "$781", "2018-12-31": "$858", "2018-09-30": "$843", "2018-06-30": "$849", "2018-03-31": "$750", "2017-12-31": "$747", "2017-09-30": "$756", "2017-06-30": "$753", "2017-03-31": "$689", "2016-12-31": "$692", "2016-09-30": "$730", "2016-06-30": "$698", "2016-03-31": "$636", "2015-12-31": "$713", "2015-09-30": "$893", "2015-06-30": "$936", "2015-03-31": "$732", "2014-12-31": "$845", "2014-09-30": "$851", "2014-06-30": "$858", "2014-03-31": "$847", "2013-12-31": "$879", "2013-09-30": "$908", "2013-06-30": "$861", "2013-03-31": "$862", "2012-12-31": "$559", "2012-09-30": "$534", "2012-06-30": "$523", "2012-03-31": "$572", "2011-12-31": "$546", "2011-09-30": "$556", "2011-06-30": "$447", "2011-03-31": "$435", "2010-12-31": "$417", "2010-09-30": "$488", "2010-06-30": "$472", "2010-03-31": "$355", "2009-12-31": "$347", "2009-09-30": "$306", "2009-06-30": "$215", "2009-03-31": "$206", "2008-12-31": "$250", "2008-09-30": "$273", "2008-06-30": "$265", "2008-03-31": "$243", "2007-12-31": "$258", "2007-09-30": "$246", "2007-06-30": "$239", "2007-03-31": "$205", "2006-12-31": "$232", "2006-09-30": "$214", "2006-06-30": "$200", "2006-03-31": "$184", "2005-12-31": "$194", "2005-09-30": "$179", "2005-06-30": "$174", "2005-03-31": "$165"}}, "gross-profit": {"Clean Harbors Annual Gross Profit (Millions of US $)": {"2019": "$1,024", "2018": "$995", "2017": "$882", "2016": "$822", "2015": "$918", "2014": "$960", "2013": "$967", "2012": "$647", "2011": "$604", "2010": "$521", "2009": "$321", "2008": "$323", "2007": "$282", "2006": "$245", "2005": "$199"}, "Clean Harbors Quarterly Gross Profit (Millions of US $)": {"2020-09-30": "$268", "2020-06-30": "$239", "2020-03-31": "$252", "2019-12-31": "$255", "2019-09-30": "$279", "2019-06-30": "$274", "2019-03-31": "$216", "2018-12-31": "$263", "2018-09-30": "$262", "2018-06-30": "$266", "2018-03-31": "$203", "2017-12-31": "$221", "2017-09-30": "$236", "2017-06-30": "$233", "2017-03-31": "$192", "2016-12-31": "$195", "2016-09-30": "$238", "2016-06-30": "$218", "2016-03-31": "$172", "2015-12-31": "$190", "2015-09-30": "$259", "2015-06-30": "$284", "2015-03-31": "$186", "2014-12-31": "$234", "2014-09-30": "$253", "2014-06-30": "$252", "2014-03-31": "$221", "2013-12-31": "$234", "2013-09-30": "$260", "2013-06-30": "$246", "2013-03-31": "$226", "2012-12-31": "$159", "2012-09-30": "$161", "2012-06-30": "$155", "2012-03-31": "$172", "2011-12-31": "$173", "2011-09-30": "$170", "2011-06-30": "$139", "2011-03-31": "$122", "2010-12-31": "$126", "2010-09-30": "$152", "2010-06-30": "$147", "2010-03-31": "$94", "2009-12-31": "$94", "2009-09-30": "$95", "2009-06-30": "$69", "2009-03-31": "$63", "2008-12-31": "$78", "2008-09-30": "$86", "2008-06-30": "$87", "2008-03-31": "$72", "2007-12-31": "$79", "2007-09-30": "$77", "2007-06-30": "$73", "2007-03-31": "$53", "2006-12-31": "$66", "2006-09-30": "$62", "2006-06-30": "$64", "2006-03-31": "$53", "2005-12-31": "$55", "2005-09-30": "$50", "2005-06-30": "$49", "2005-03-31": "$44"}}, "operating-income": {"Clean Harbors Annual Operating Income (Millions of US $)": {"2019": "$229", "2018": "$183", "2017": "$128", "2016": "$69", "2015": "$188", "2014": "$112", "2013": "$221", "2012": "$202", "2011": "$218", "2010": "$212", "2009": "$82", "2008": "$108", "2007": "$85", "2006": "$74", "2005": "$51"}, "Clean Harbors Quarterly Operating Income (Millions of US $)": {"2020-09-30": "$84", "2020-06-30": "$60", "2020-03-31": "$45", "2019-12-31": "$52", "2019-09-30": "$80", "2019-06-30": "$73", "2019-03-31": "$24", "2018-12-31": "$41", "2018-09-30": "$66", "2018-06-30": "$64", "2018-03-31": "$11", "2017-12-31": "$28", "2017-09-30": "$48", "2017-06-30": "$47", "2017-03-31": "$5", "2016-12-31": "$22", "2016-09-30": "$17", "2016-06-30": "$35", "2016-03-31": "$-4", "2015-12-31": "$26", "2015-09-30": "$94", "2015-06-30": "$61", "2015-03-31": "$7", "2014-12-31": "$58", "2014-09-30": "$-43", "2014-06-30": "$67", "2014-03-31": "$30", "2013-12-31": "$59", "2013-09-30": "$74", "2013-06-30": "$53", "2013-03-31": "$35", "2012-12-31": "$36", "2012-09-30": "$57", "2012-06-30": "$48", "2012-03-31": "$62", "2011-12-31": "$59", "2011-09-30": "$67", "2011-06-30": "$52", "2011-03-31": "$40", "2010-12-31": "$43", "2010-09-30": "$73", "2010-06-30": "$72", "2010-03-31": "$24", "2009-12-31": "$28", "2009-09-30": "$27", "2009-06-30": "$16", "2009-03-31": "$11", "2008-12-31": "$27", "2008-09-30": "$31", "2008-06-30": "$30", "2008-03-31": "$20", "2007-12-31": "$25", "2007-09-30": "$26", "2007-06-30": "$24", "2007-03-31": "$11", "2006-12-31": "$20", "2006-09-30": "$22", "2006-06-30": "$18", "2006-03-31": "$15", "2005-12-31": "$14", "2005-09-30": "$12", "2005-06-30": "$14", "2005-03-31": "$10"}}, "ebitda": {"Clean Harbors Annual EBITDA (Millions of US $)": {"2019": "$544", "2018": "$495", "2017": "$429", "2016": "$404", "2015": "$507", "2014": "$525", "2013": "$500", "2012": "$376", "2011": "$352", "2010": "$318", "2009": "$160", "2008": "$165", "2007": "$135", "2006": "$122", "2005": "$92"}, "Clean Harbors Quarterly EBITDA (Millions of US $)": {"2020-09-30": "$162", "2020-06-30": "$136", "2020-03-31": "$123", "2019-12-31": "$133", "2019-09-30": "$158", "2019-06-30": "$151", "2019-03-31": "$103", "2018-12-31": "$123", "2018-09-30": "$142", "2018-06-30": "$141", "2018-03-31": "$89", "2017-12-31": "$103", "2017-09-30": "$124", "2017-06-30": "$122", "2017-03-31": "$81", "2016-12-31": "$97", "2016-09-30": "$128", "2016-06-30": "$111", "2016-03-31": "$68", "2015-12-31": "$98", "2015-09-30": "$162", "2015-06-30": "$168", "2015-03-31": "$79", "2014-12-31": "$132", "2014-09-30": "$154", "2014-06-30": "$137", "2014-03-31": "$103", "2013-12-31": "$130", "2013-09-30": "$147", "2013-06-30": "$124", "2013-03-31": "$99", "2012-12-31": "$84", "2012-09-30": "$101", "2012-06-30": "$89", "2012-03-31": "$101", "2011-12-31": "$98", "2011-09-30": "$104", "2011-06-30": "$82", "2011-03-31": "$68", "2010-12-31": "$71", "2010-09-30": "$100", "2010-06-30": "$97", "2010-03-31": "$50", "2009-12-31": "$53", "2009-09-30": "$49", "2009-06-30": "$32", "2009-03-31": "$26", "2008-12-31": "$42", "2008-09-30": "$46", "2008-06-30": "$44", "2008-03-31": "$34", "2007-12-31": "$38", "2007-09-30": "$39", "2007-06-30": "$36", "2007-03-31": "$23", "2006-12-31": "$32", "2006-09-30": "$36", "2006-06-30": "$29", "2006-03-31": "$25", "2005-12-31": "$24", "2005-09-30": "$23", "2005-06-30": "$25", "2005-03-31": "$20"}}, "net-income": {"Clean Harbors Annual Net Income (Millions of US $)": {"2019": "$98", "2018": "$66", "2017": "$101", "2016": "$-40", "2015": "$44", "2014": "$-28", "2013": "$96", "2012": "$130", "2011": "$127", "2010": "$131", "2009": "$37", "2008": "$57", "2007": "$44", "2006": "$46", "2005": "$25"}, "Clean Harbors Quarterly Net Income (Millions of US $)": {"2020-09-30": "$55", "2020-06-30": "$29", "2020-03-31": "$12", "2019-12-31": "$24", "2019-09-30": "$36", "2019-06-30": "$36", "2019-03-31": "$1", "2018-12-31": "$16", "2018-09-30": "$31", "2018-06-30": "$31", "2018-03-31": "$-13", "2017-12-31": "$84", "2017-09-30": "$12", "2017-06-30": "$26", "2017-03-31": "$-21", "2016-12-31": "$-13", "2016-09-30": "$-10", "2016-06-30": "$4", "2016-03-31": "$-21", "2015-12-31": "$1", "2015-09-30": "$40", "2015-06-30": "$10", "2015-03-31": "$-7", "2014-12-31": "$27", "2014-09-30": "$-93", "2014-06-30": "$29", "2014-03-31": "$9", "2013-12-31": "$27", "2013-09-30": "$35", "2013-06-30": "$23", "2013-03-31": "$11", "2012-12-31": "$62", "2012-09-30": "$12", "2012-06-30": "$23", "2012-03-31": "$32", "2011-12-31": "$38", "2011-09-30": "$37", "2011-06-30": "$29", "2011-03-31": "$23", "2010-12-31": "$23", "2010-09-30": "$39", "2010-06-30": "$58", "2010-03-31": "$10", "2009-12-31": "$14", "2009-09-30": "$9", "2009-06-30": "$9", "2009-03-31": "$5", "2008-12-31": "$18", "2008-09-30": "$15", "2008-06-30": "$16", "2008-03-31": "$9", "2007-12-31": "$17", "2007-09-30": "$13", "2007-06-30": "$11", "2007-03-31": "$3", "2006-12-31": "$11", "2006-09-30": "$21", "2006-06-30": "$11", "2006-03-31": "$3", "2005-12-31": "$8", "2005-09-30": "$5", "2005-06-30": "$7", "2005-03-31": "$5"}}, "eps-earnings-per-share-diluted": {"Clean Harbors Annual EPS": {"2019": "$1.74", "2018": "$1.16", "2017": "$1.76", "2016": "$-0.69", "2015": "$0.76", "2014": "$-0.47", "2013": "$1.57", "2012": "$2.40", "2011": "$2.39", "2010": "$2.47", "2009": "$0.74", "2008": "$1.26", "2007": "$1.07", "2006": "$1.13", "2005": "$0.73"}, "Clean Harbors Quarterly EPS": {"2020-09-30": "$0.99", "2020-06-30": "$0.52", "2020-03-31": "$0.21", "2019-12-31": "$0.42", "2019-09-30": "$0.65", "2019-06-30": "$0.65", "2019-03-31": "$0.02", "2018-12-31": "$0.29", "2018-09-30": "$0.55", "2018-06-30": "$0.54", "2018-03-31": "$-0.22", "2017-12-31": "$1.47", "2017-09-30": "$0.21", "2017-06-30": "$0.45", "2017-03-31": "$-0.37", "2016-12-31": "$-0.22", "2016-09-30": "$-0.18", "2016-06-30": "$0.07", "2016-03-31": "$-0.36", "2015-12-31": "$0.01", "2015-09-30": "$0.69", "2015-06-30": "$0.18", "2015-03-31": "$-0.12", "2014-12-31": "$0.46", "2014-09-30": "$-1.55", "2014-06-30": "$0.47", "2014-03-31": "$0.15", "2013-12-31": "$0.44", "2013-09-30": "$0.58", "2013-06-30": "$0.38", "2013-03-31": "$0.17", "2012-12-31": "$1.13", "2012-09-30": "$0.23", "2012-06-30": "$0.44", "2012-03-31": "$0.60", "2011-12-31": "$0.71", "2011-09-30": "$0.70", "2011-06-30": "$0.55", "2011-03-31": "$0.43", "2010-12-31": "$0.44", "2010-09-30": "$0.73", "2010-06-30": "$1.10", "2010-03-31": "$0.20", "2009-12-31": "$0.28", "2009-09-30": "$0.18", "2009-06-30": "$0.18", "2009-03-31": "$0.11", "2008-12-31": "$0.39", "2008-09-30": "$0.31", "2008-06-30": "$0.35", "2008-03-31": "$0.22", "2007-12-31": "$0.40", "2007-09-30": "$0.32", "2007-06-30": "$0.27", "2007-03-31": "$0.09", "2006-12-31": "$0.28", "2006-09-30": "$0.51", "2006-06-30": "$0.28", "2006-03-31": "$0.07", "2005-12-31": "$0.22", "2005-09-30": "$0.16", "2005-06-30": "$0.22", "2005-03-31": "$0.14"}}, "shares-outstanding": {"Clean Harbors Annual Shares Outstanding (Millions of Shares)": {"2019": "56", "2018": "56", "2017": "57", "2016": "58", "2015": "58", "2014": "60", "2013": "61", "2012": "54", "2011": "53", "2010": "53", "2009": "50", "2008": "46", "2007": "41", "2006": "41", "2005": "35"}, "Clean Harbors Quarterly Shares Outstanding (Millions of Shares)": {"2020-09-30": "56", "2020-06-30": "56", "2020-03-31": "56", "2019-12-31": "56", "2019-09-30": "56", "2019-06-30": "56", "2019-03-31": "56", "2018-12-31": "56", "2018-09-30": "56", "2018-06-30": "57", "2018-03-31": "56", "2017-12-31": "57", "2017-09-30": "57", "2017-06-30": "57", "2017-03-31": "57", "2016-12-31": "58", "2016-09-30": "57", "2016-06-30": "58", "2016-03-31": "58", "2015-12-31": "58", "2015-09-30": "58", "2015-06-30": "59", "2015-03-31": "59", "2014-12-31": "60", "2014-09-30": "60", "2014-06-30": "61", "2014-03-31": "61", "2013-12-31": "61", "2013-09-30": "61", "2013-06-30": "61", "2013-03-31": "61", "2012-12-31": "54", "2012-09-30": "54", "2012-06-30": "54", "2012-03-31": "53", "2011-12-31": "53", "2011-09-30": "53", "2011-06-30": "53", "2011-03-31": "53", "2010-12-31": "53", "2010-09-30": "53", "2010-06-30": "53", "2010-03-31": "53", "2009-12-31": "50", "2009-09-30": "51", "2009-06-30": "48", "2009-03-31": "48", "2008-12-31": "46", "2008-09-30": "48", "2008-06-30": "46", "2008-03-31": "42", "2007-12-31": "41", "2007-09-30": "41", "2007-06-30": "41", "2007-03-31": "41", "2006-12-31": "41", "2006-09-30": "41", "2006-06-30": "41", "2006-03-31": "41", "2005-12-31": "35", "2005-09-30": "35", "2005-06-30": "35", "2005-03-31": "36"}}, "total-assets": {"Clean Harbors Annual Total Assets (Millions of US $)": {"2019": "$4,109", "2018": "$3,738", "2017": "$3,707", "2016": "$3,682", "2015": "$3,431", "2014": "$3,689", "2013": "$3,954", "2012": "$3,838", "2011": "$2,086", "2010": "$1,602", "2009": "$1,401", "2008": "$898", "2007": "$770", "2006": "$671", "2005": "$614"}, "Clean Harbors Quarterly Total Assets (Millions of US $)": {"2020-09-30": "$4,106", "2020-06-30": "$4,078", "2020-03-31": "$4,132", "2019-12-31": "$4,109", "2019-09-30": "$4,022", "2019-06-30": "$3,955", "2019-03-31": "$3,882", "2018-12-31": "$3,738", "2018-09-30": "$3,774", "2018-06-30": "$3,715", "2018-03-31": "$3,685", "2017-12-31": "$3,707", "2017-09-30": "$3,748", "2017-06-30": "$3,806", "2017-03-31": "$3,646", "2016-12-31": "$3,682", "2016-09-30": "$3,713", "2016-06-30": "$3,692", "2016-03-31": "$3,642", "2015-12-31": "$3,431", "2015-09-30": "$3,600", "2015-06-30": "$3,747", "2015-03-31": "$3,546", "2014-12-31": "$3,689", "2014-09-30": "$3,761", "2014-06-30": "$3,932", "2014-03-31": "$3,864", "2013-12-31": "$3,954", "2013-09-30": "$3,957", "2013-06-30": "$3,832", "2013-03-31": "$3,803", "2012-12-31": "$3,838", "2012-09-30": "$2,449", "2012-06-30": "$2,122", "2012-03-31": "$2,093", "2011-12-31": "$2,086", "2011-09-30": "$2,010", "2011-06-30": "$1,965", "2011-03-31": "$1,881", "2010-12-31": "$1,602", "2010-09-30": "$1,566", "2010-06-30": "$1,544", "2010-03-31": "$1,417", "2009-12-31": "$1,401", "2009-09-30": "$1,365", "2009-06-30": "$899", "2009-03-31": "$873", "2008-12-31": "$898", "2008-09-30": "$921", "2008-06-30": "$955", "2008-03-31": "$761", "2007-12-31": "$770", "2007-09-30": "$733", "2007-06-30": "$701", "2007-03-31": "$651", "2006-12-31": "$671", "2006-09-30": "$677", "2006-06-30": "$578", "2006-03-31": "$543", "2005-12-31": "$614", "2005-09-30": "$513", "2005-06-30": "$504", "2005-03-31": "$502"}}, "cash-on-hand": {"Clean Harbors Annual Cash on Hand (Millions of US $)": {"2019": "$414", "2018": "$279", "2017": "$358", "2016": "$307", "2015": "$185", "2014": "$247", "2013": "$323", "2012": "$242", "2011": "$261", "2010": "$305", "2009": "$236", "2008": "$250", "2007": "$120", "2006": "$84", "2005": "$136"}, "Clean Harbors Quarterly Cash on Hand (Millions of US $)": {"2020-09-30": "$532", "2020-06-30": "$507", "2020-03-31": "$494", "2019-12-31": "$414", "2019-09-30": "$329", "2019-06-30": "$260", "2019-03-31": "$225", "2018-12-31": "$279", "2018-09-30": "$253", "2018-06-30": "$234", "2018-03-31": "$224", "2017-12-31": "$358", "2017-09-30": "$362", "2017-06-30": "$446", "2017-03-31": "$297", "2016-12-31": "$307", "2016-09-30": "$258", "2016-06-30": "$353", "2016-03-31": "$355", "2015-12-31": "$185", "2015-09-30": "$179", "2015-06-30": "$174", "2015-03-31": "$234", "2014-12-31": "$247", "2014-09-30": "$258", "2014-06-30": "$279", "2014-03-31": "$249", "2013-12-31": "$323", "2013-09-30": "$260", "2013-06-30": "$274", "2013-03-31": "$233", "2012-12-31": "$242", "2012-09-30": "$535", "2012-06-30": "$306", "2012-03-31": "$247", "2011-12-31": "$261", "2011-09-30": "$257", "2011-06-30": "$378", "2011-03-31": "$536", "2010-12-31": "$305", "2010-09-30": "$284", "2010-06-30": "$297", "2010-03-31": "$211", "2009-12-31": "$236", "2009-09-30": "$221", "2009-06-30": "$256", "2009-03-31": "$227", "2008-12-31": "$250", "2008-09-30": "$253", "2008-06-30": "$282", "2008-03-31": "$88", "2007-12-31": "$120", "2007-09-30": "$103", "2007-06-30": "$89", "2007-03-31": "$69", "2006-12-31": "$84", "2006-09-30": "$83", "2006-06-30": "$92", "2006-03-31": "$78", "2005-12-31": "$136", "2005-09-30": "$47", "2005-06-30": "$50", "2005-03-31": "$46"}}, "long-term-debt": {"Clean Harbors Annual Long Term Debt (Millions of US $)": {"2019": "$1,675", "2018": "$1,565", "2017": "$1,626", "2016": "$1,633", "2015": "$1,383", "2014": "$1,380", "2013": "$1,401", "2012": "$1,403", "2011": "$531", "2010": "$271", "2009": "$299", "2008": "$53", "2007": "$122", "2006": "$123", "2005": "$100"}, "Clean Harbors Quarterly Long Term Debt (Millions of US $)": {"2020-09-30": "$1,551", "2020-06-30": "$1,627", "2020-03-31": "$1,703", "2019-12-31": "$1,554", "2019-09-30": "$1,555", "2019-06-30": "$1,563", "2019-03-31": "$1,564", "2018-12-31": "$1,565", "2018-09-30": "$1,616", "2018-06-30": "$1,625", "2018-03-31": "$1,625", "2017-12-31": "$1,626", "2017-09-30": "$1,626", "2017-06-30": "$1,627", "2017-03-31": "$1,634", "2016-12-31": "$1,633", "2016-09-30": "$1,633", "2016-06-30": "$1,632", "2016-03-31": "$1,632", "2015-12-31": "$1,383", "2015-09-30": "$1,395", "2015-06-30": "$1,395", "2015-03-31": "$1,395", "2014-12-31": "$1,380", "2014-09-30": "$1,396", "2014-06-30": "$1,396", "2014-03-31": "$1,401", "2013-12-31": "$1,401", "2013-09-30": "$1,402", "2013-06-30": "$1,402", "2013-03-31": "$1,402", "2012-12-31": "$1,403", "2012-09-30": "$803", "2012-06-30": "$528", "2012-03-31": "$529", "2011-12-31": "$531", "2011-09-30": "$532", "2011-06-30": "$534", "2011-03-31": "$532", "2010-12-31": "$271", "2010-09-30": "$275", "2010-06-30": "$304", "2010-03-31": "$299", "2009-12-31": "$299", "2009-09-30": "$7", "2009-06-30": "$0", "2009-03-31": "$53", "2008-12-31": "$53", "2008-09-30": "$53", "2008-06-30": "$52", "2008-03-31": "$121", "2007-12-31": "$122", "2007-09-30": "$123", "2007-06-30": "$104", "2007-03-31": "$123", "2006-12-31": "$123", "2006-09-30": "$123", "2006-06-30": "$84", "2006-03-31": "$100", "2005-12-31": "$100", "2005-09-30": "$153", "2005-06-30": "$152", "2005-03-31": "$152"}}, "total-liabilities": {"Clean Harbors Annual Total Liabilities (Millions of US $)": {"2019": "$2,839", "2018": "$2,569", "2017": "$2,518", "2016": "$2,598", "2015": "$2,335", "2014": "$2,427", "2013": "$2,478", "2012": "$2,406", "2011": "$1,185", "2010": "$822", "2009": "$787", "2008": "$469", "2007": "$567", "2006": "$498", "2005": "$499"}, "Clean Harbors Quarterly Total Liabilities (Millions of US $)": {"2020-09-30": "$2,801", "2020-06-30": "$2,824", "2020-03-31": "$2,926", "2019-12-31": "$2,839", "2019-09-30": "$2,786", "2019-06-30": "$2,746", "2019-03-31": "$2,710", "2018-12-31": "$2,569", "2018-09-30": "$2,577", "2018-06-30": "$2,554", "2018-03-31": "$2,539", "2017-12-31": "$2,518", "2017-09-30": "$2,620", "2017-06-30": "$2,705", "2017-03-31": "$2,582", "2016-12-31": "$2,598", "2016-09-30": "$2,612", "2016-06-30": "$2,576", "2016-03-31": "$2,525", "2015-12-31": "$2,335", "2015-09-30": "$2,477", "2015-06-30": "$2,573", "2015-03-31": "$2,383", "2014-12-31": "$2,427", "2014-09-30": "$2,441", "2014-06-30": "$2,434", "2014-03-31": "$2,418", "2013-12-31": "$2,478", "2013-09-30": "$2,481", "2013-06-30": "$2,417", "2013-03-31": "$2,380", "2012-12-31": "$2,406", "2012-09-30": "$1,443", "2012-06-30": "$1,161", "2012-03-31": "$1,142", "2011-12-31": "$1,185", "2011-09-30": "$1,170", "2011-06-30": "$1,108", "2011-03-31": "$1,059", "2010-12-31": "$822", "2010-09-30": "$829", "2010-06-30": "$864", "2010-03-31": "$775", "2009-12-31": "$787", "2009-09-30": "$776", "2009-06-30": "$450", "2009-03-31": "$440", "2008-12-31": "$469", "2008-09-30": "$501", "2008-06-30": "$550", "2008-03-31": "$549", "2007-12-31": "$567", "2007-09-30": "$555", "2007-06-30": "$542", "2007-03-31": "$509", "2006-12-31": "$498", "2006-09-30": "$511", "2006-06-30": "$442", "2006-03-31": "$424", "2005-12-31": "$499", "2005-09-30": "$478", "2005-06-30": "$477", "2005-03-31": "$485"}}, "total-share-holder-equity": {"Clean Harbors Annual Share Holder Equity (Millions of US $)": {"2019": "$1,270", "2018": "$1,170", "2017": "$1,188", "2016": "$1,084", "2015": "$1,096", "2014": "$1,263", "2013": "$1,476", "2012": "$1,432", "2011": "$901", "2010": "$781", "2009": "$614", "2008": "$429", "2007": "$203", "2006": "$173", "2005": "$116"}, "Clean Harbors Quarterly Share Holder Equity (Millions of US $)": {"2020-09-30": "$1,305", "2020-06-30": "$1,254", "2020-03-31": "$1,206", "2019-12-31": "$1,270", "2019-09-30": "$1,236", "2019-06-30": "$1,209", "2019-03-31": "$1,172", "2018-12-31": "$1,170", "2018-09-30": "$1,197", "2018-06-30": "$1,161", "2018-03-31": "$1,146", "2017-12-31": "$1,188", "2017-09-30": "$1,128", "2017-06-30": "$1,101", "2017-03-31": "$1,064", "2016-12-31": "$1,084", "2016-09-30": "$1,101", "2016-06-30": "$1,116", "2016-03-31": "$1,117", "2015-12-31": "$1,096", "2015-09-30": "$1,123", "2015-06-30": "$1,173", "2015-03-31": "$1,163", "2014-12-31": "$1,263", "2014-09-30": "$1,321", "2014-06-30": "$1,499", "2014-03-31": "$1,446", "2013-12-31": "$1,476", "2013-09-30": "$1,476", "2013-06-30": "$1,415", "2013-03-31": "$1,423", "2012-12-31": "$1,432", "2012-09-30": "$1,007", "2012-06-30": "$961", "2012-03-31": "$951", "2011-12-31": "$901", "2011-09-30": "$840", "2011-06-30": "$857", "2011-03-31": "$822", "2010-12-31": "$781", "2010-09-30": "$738", "2010-06-30": "$680", "2010-03-31": "$642", "2009-12-31": "$614", "2009-09-30": "$589", "2009-06-30": "$448", "2009-03-31": "$434", "2008-12-31": "$429", "2008-09-30": "$420", "2008-06-30": "$405", "2008-03-31": "$212", "2007-12-31": "$203", "2007-09-30": "$178", "2007-06-30": "$159", "2007-03-31": "$142", "2006-12-31": "$173", "2006-09-30": "$167", "2006-06-30": "$136", "2006-03-31": "$119", "2005-12-31": "$116", "2005-09-30": "$35", "2005-06-30": "$26", "2005-03-31": "$17"}}, "profit-margins": {"current": "3.72%"}, "gross margin": {"2020-09-30": "31.50%", "2020-06-30": "30.76%", "2020-03-31": "30.36%", "2019-12-31": "30.00%", "2019-09-30": "30.35%", "2019-06-30": "30.29%", "2019-03-31": "30.23%", "2018-12-31": "30.12%", "2018-09-30": "29.85%", "2018-06-30": "29.85%", "2018-03-31": "29.71%", "2017-12-31": "29.95%", "2017-09-30": "29.62%", "2017-06-30": "29.96%", "2017-03-31": "30.01%", "2016-12-31": "29.86%", "2016-09-30": "29.46%", "2016-06-30": "28.54%", "2016-03-31": "28.48%", "2015-12-31": "28.07%", "2015-09-30": "28.27%", "2015-06-30": "28.45%", "2015-03-31": "28.15%", "2014-12-31": "28.23%", "2014-09-30": "27.95%", "2014-06-30": "27.69%", "2014-03-31": "27.50%", "2013-12-31": "27.52%", "2013-09-30": "27.93%", "2013-06-30": "28.13%", "2013-03-31": "28.29%", "2012-12-31": "29.57%", "2012-09-30": "30.39%", "2012-06-30": "30.50%", "2012-03-31": "30.83%", "2011-12-31": "30.44%", "2011-09-30": "30.03%", "2011-06-30": "30.16%", "2011-03-31": "30.19%", "2010-12-31": "29.97%", "2010-09-30": "29.30%", "2010-06-30": "29.05%", "2010-03-31": "28.78%", "2009-12-31": "29.89%", "2009-09-30": "31.22%", "2009-06-30": "31.36%", "2009-03-31": "31.59%", "2008-12-31": "31.33%", "2008-09-30": "31.18%", "2008-06-30": "31.13%", "2008-03-31": "30.53%", "2007-12-31": "29.75%", "2007-09-30": "29.18%", "2007-06-30": "28.54%", "2007-03-31": "28.79%", "2006-12-31": "29.52%", "2006-09-30": "29.55%", "2006-06-30": "29.33%", "2006-03-31": "28.32%", "2005-12-31": "27.81%"}, "operating margin": {"2020-09-30": "7.49%", "2020-06-30": "7.11%", "2020-03-31": "7.16%", "2019-12-31": "6.71%", "2019-09-30": "6.41%", "2019-06-30": "6.09%", "2019-03-31": "5.85%", "2018-12-31": "5.52%", "2018-09-30": "5.30%", "2018-06-30": "4.87%", "2018-03-31": "4.46%", "2017-12-31": "4.35%", "2017-09-30": "4.22%", "2017-06-30": "3.18%", "2017-03-31": "2.81%", "2016-12-31": "2.54%", "2016-09-30": "2.66%", "2016-06-30": "5.14%", "2016-03-31": "5.57%", "2015-12-31": "5.74%", "2015-09-30": "6.46%", "2015-06-30": "2.47%", "2015-03-31": "2.71%", "2014-12-31": "3.29%", "2014-09-30": "3.29%", "2014-06-30": "6.59%", "2014-03-31": "6.18%", "2013-12-31": "6.30%", "2013-09-30": "6.21%", "2013-06-30": "6.43%", "2013-03-31": "7.10%", "2012-12-31": "9.28%", "2012-09-30": "10.39%", "2012-06-30": "10.74%", "2012-03-31": "11.32%", "2011-12-31": "10.99%", "2011-09-30": "10.89%", "2011-06-30": "11.64%", "2011-03-31": "12.58%", "2010-12-31": "12.24%", "2010-09-30": "11.85%", "2010-06-30": "10.20%", "2010-03-31": "7.77%", "2009-12-31": "7.64%", "2009-09-30": "8.29%", "2009-06-30": "9.00%", "2009-03-31": "9.96%", "2008-12-31": "10.48%", "2008-09-30": "10.20%", "2008-06-30": "9.98%", "2008-03-31": "9.63%", "2007-12-31": "9.07%", "2007-09-30": "8.79%", "2007-06-30": "8.65%", "2007-03-31": "8.34%", "2006-12-31": "9.04%", "2006-09-30": "8.71%", "2006-06-30": "7.79%", "2006-03-31": "7.52%", "2005-12-31": "7.02%"}, "ebitda margin": {"2020-09-30": "17.21%", "2020-06-30": "16.51%", "2020-03-31": "16.18%", "2019-12-31": "15.97%", "2019-09-30": "15.74%", "2019-06-30": "15.49%", "2019-03-31": "15.28%", "2018-12-31": "15.00%", "2018-09-30": "14.89%", "2018-06-30": "14.73%", "2018-03-31": "14.57%", "2017-12-31": "14.60%", "2017-09-30": "14.67%", "2017-06-30": "14.94%", "2017-03-31": "14.85%", "2016-12-31": "14.66%", "2016-09-30": "14.58%", "2016-06-30": "14.93%", "2016-03-31": "15.61%", "2015-12-31": "15.49%", "2015-09-30": "15.88%", "2015-06-30": "15.84%", "2015-03-31": "15.28%", "2014-12-31": "15.47%", "2014-09-30": "15.25%", "2014-06-30": "14.81%", "2014-03-31": "14.42%", "2013-12-31": "14.25%", "2013-09-30": "14.23%", "2013-06-30": "14.49%", "2013-03-31": "15.05%", "2012-12-31": "17.14%", "2012-09-30": "17.89%", "2012-06-30": "17.84%", "2012-03-31": "18.15%", "2011-12-31": "17.74%", "2011-09-30": "17.52%", "2011-06-30": "17.96%", "2011-03-31": "18.54%", "2010-12-31": "18.36%", "2010-09-30": "18.05%", "2010-06-30": "16.82%", "2010-03-31": "15.04%", "2009-12-31": "14.90%", "2009-09-30": "15.25%", "2009-06-30": "15.47%", "2009-03-31": "15.90%", "2008-12-31": "16.10%", "2008-09-30": "15.59%", "2008-06-30": "15.32%", "2008-03-31": "14.91%", "2007-12-31": "14.35%", "2007-09-30": "14.10%", "2007-06-30": "14.27%", "2007-03-31": "14.10%", "2006-12-31": "14.70%", "2006-09-30": "14.39%", "2006-06-30": "13.34%", "2006-03-31": "13.27%", "2005-12-31": "12.92%"}, "pre tax profit margin": {"2020-09-30": "5.16%", "2020-06-30": "4.53%", "2020-03-31": "4.64%", "2019-12-31": "4.34%", "2019-09-30": "3.82%", "2019-06-30": "3.52%", "2019-03-31": "3.30%", "2018-12-31": "2.82%", "2018-09-30": "2.51%", "2018-06-30": "2.03%", "2018-03-31": "2.26%", "2017-12-31": "2.00%", "2017-09-30": "2.18%", "2017-06-30": "1.71%", "2017-03-31": "0.46%", "2016-12-31": "0.33%", "2016-09-30": "0.25%", "2016-06-30": "2.41%", "2016-03-31": "3.12%", "2015-12-31": "3.36%", "2015-09-30": "4.20%", "2015-06-30": "0.18%", "2015-03-31": "0.37%", "2014-12-31": "1.15%", "2014-09-30": "1.14%", "2014-06-30": "4.44%", "2014-03-31": "4.09%", "2013-12-31": "4.07%", "2013-09-30": "3.95%", "2013-06-30": "3.23%", "2013-03-31": "3.71%", "2012-12-31": "5.80%", "2012-09-30": "7.03%", "2012-06-30": "8.65%", "2012-03-31": "9.34%", "2011-12-31": "9.27%", "2011-09-30": "9.33%", "2011-06-30": "10.07%", "2011-03-31": "11.20%", "2010-12-31": "10.62%", "2010-09-30": "10.17%", "2010-06-30": "8.24%", "2010-03-31": "5.72%", "2009-12-31": "5.77%", "2009-09-30": "6.65%", "2009-06-30": "7.84%", "2009-03-31": "8.65%", "2008-12-31": "9.12%", "2008-09-30": "8.76%", "2008-06-30": "8.79%", "2008-03-31": "8.32%", "2007-12-31": "7.59%", "2007-09-30": "7.16%", "2007-06-30": "6.85%", "2007-03-31": "6.58%", "2006-12-31": "6.39%", "2006-09-30": "5.93%", "2006-06-30": "4.62%", "2006-03-31": "3.83%", "2005-12-31": "4.07%"}, "net profit margin": {"2020-09-30": "3.73%", "2020-06-30": "3.03%", "2020-03-31": "3.09%", "2019-12-31": "2.84%", "2019-09-30": "2.62%", "2019-06-30": "2.51%", "2019-03-31": "2.37%", "2018-12-31": "1.97%", "2018-09-30": "4.17%", "2018-06-30": "3.68%", "2018-03-31": "3.63%", "2017-12-31": "3.43%", "2017-09-30": "0.14%", "2017-06-30": "-0.63%", "2017-03-31": "-1.42%", "2016-12-31": "-1.45%", "2016-09-30": "-0.94%", "2016-06-30": "0.82%", "2016-03-31": "0.94%", "2015-12-31": "1.34%", "2015-09-30": "2.06%", "2015-06-30": "-1.87%", "2015-03-31": "-1.34%", "2014-12-31": "-0.82%", "2014-09-30": "-0.82%", "2014-06-30": "2.86%", "2014-03-31": "2.69%", "2013-12-31": "2.74%", "2013-09-30": "4.11%", "2013-06-30": "3.84%", "2013-03-31": "4.36%", "2012-12-31": "5.90%", "2012-09-30": "4.83%", "2012-06-30": "5.92%", "2012-03-31": "6.41%", "2011-12-31": "6.40%", "2011-09-30": "6.04%", "2011-06-30": "6.38%", "2011-03-31": "7.89%", "2010-12-31": "7.51%", "2010-09-30": "7.28%", "2010-06-30": "6.15%", "2010-03-31": "3.43%", "2009-12-31": "3.45%", "2009-09-30": "4.20%", "2009-06-30": "4.98%", "2009-03-31": "5.43%", "2008-12-31": "5.63%", "2008-09-30": "5.49%", "2008-06-30": "5.43%", "2008-03-31": "5.07%", "2007-12-31": "4.64%", "2007-09-30": "4.12%", "2007-06-30": "5.17%", "2007-03-31": "5.41%", "2006-12-31": "5.54%", "2006-09-30": "5.43%", "2006-06-30": "3.57%", "2006-03-31": "3.15%", "2005-12-31": "3.51%"}, "pe ratio": {"current": "38.63", "2021-02-05": "38.09", "2020-09-30": "26.06", "2020-06-30": "33.14", "2020-03-31": "26.46", "2019-12-31": "49.00", "2019-09-30": "47.95", "2019-06-30": "47.09", "2019-03-31": "51.09", "2018-12-31": "42.54", "2018-09-30": "30.46", "2018-06-30": "27.64", "2018-03-31": "25.42", "2017-12-31": "30.62", "2017-09-30": "810.00", "2017-06-30": "0.00", "2017-03-31": "0.00", "2016-12-31": "0.00", "2016-09-30": "0.00", "2016-06-30": "127.10", "2016-03-31": "94.88", "2015-12-31": "54.80", "2015-09-30": "36.34", "2015-06-30": "0.00", "2015-03-31": "0.00", "2014-12-31": "0.00", "2014-09-30": "0.00", "2014-06-30": "39.18", "2014-03-31": "35.35", "2013-12-31": "38.19", "2013-09-30": "26.19", "2013-06-30": "26.74", "2013-03-31": "29.79", "2012-12-31": "23.11", "2012-09-30": "24.55", "2012-06-30": "22.93", "2012-03-31": "26.20", "2011-12-31": "26.55", "2011-09-30": "24.20", "2011-06-30": "23.96", "2011-03-31": "18.27", "2010-12-31": "17.02", "2010-09-30": "14.76", "2010-06-30": "19.08", "2010-03-31": "33.67", "2009-12-31": "40.83", "2009-09-30": "33.49", "2009-06-30": "27.97", "2009-03-31": "21.15", "2008-12-31": "25.48", "2008-09-30": "26.49", "2008-06-30": "27.76", "2008-03-31": "27.08", "2007-12-31": "24.16", "2007-09-30": "23.56", "2007-06-30": "21.58", "2007-03-31": "19.66", "2006-12-31": "21.33"}, "price sales": {"2021-02-05": "1.42", "2020-09-30": "0.97", "2020-06-30": "1.01", "2020-03-31": "0.83", "2019-12-31": "1.41", "2019-09-30": "1.28", "2019-06-30": "1.19", "2019-03-31": "1.21", "2018-12-31": "0.84", "2018-09-30": "1.27", "2018-06-30": "1.02", "2018-03-31": "0.93", "2017-12-31": "1.05", "2017-09-30": "1.12", "2017-06-30": "1.12", "2017-03-31": "1.14", "2016-12-31": "1.16", "2016-09-30": "1.00", "2016-06-30": "1.03", "2016-03-31": "0.90", "2015-12-31": "0.74", "2015-09-30": "0.76", "2015-06-30": "0.95", "2015-03-31": "1.04", "2014-12-31": "0.86", "2014-09-30": "0.95", "2014-06-30": "1.12", "2014-03-31": "0.95", "2013-12-31": "1.04", "2013-09-30": "1.09", "2013-06-30": "1.04", "2013-03-31": "1.31", "2012-12-31": "1.35", "2012-09-30": "1.20", "2012-06-30": "1.37", "2012-03-31": "1.69", "2011-12-31": "1.71", "2011-09-30": "1.47", "2011-06-30": "1.53", "2011-03-31": "1.44", "2010-12-31": "1.28", "2010-09-30": "1.06", "2010-06-30": "1.16", "2010-03-31": "1.15", "2009-12-31": "1.37", "2009-09-30": "1.39", "2009-06-30": "1.35", "2009-03-31": "1.13", "2008-12-31": "1.39", "2008-09-30": "1.43", "2008-06-30": "1.50", "2008-03-31": "1.37", "2007-12-31": "1.13", "2007-09-30": "1.00", "2007-06-30": "1.15", "2007-03-31": "1.10", "2006-12-31": "1.20"}, "price book": {"current": "3.47", "2021-02-05": "3.47", "2020-09-30": "2.37", "2020-06-30": "2.66", "2020-03-31": "2.37", "2019-12-31": "3.77", "2019-09-30": "3.49", "2019-06-30": "3.28", "2019-03-31": "3.41", "2018-12-31": "2.36", "2018-09-30": "3.35", "2018-06-30": "2.68", "2018-03-31": "2.40", "2017-12-31": "2.58", "2017-09-30": "2.86", "2017-06-30": "2.90", "2017-03-31": "2.99", "2016-12-31": "2.94", "2016-09-30": "2.50", "2016-06-30": "2.68", "2016-03-31": "2.54", "2015-12-31": "2.19", "2015-09-30": "2.26", "2015-06-30": "2.68", "2015-03-31": "2.86", "2014-12-31": "2.24", "2014-09-30": "2.45", "2014-06-30": "2.60", "2014-03-31": "2.30", "2013-12-31": "2.47", "2013-09-30": "2.41", "2013-06-30": "2.16", "2013-03-31": "2.47", "2012-12-31": "2.32", "2012-09-30": "2.59", "2012-06-30": "3.13", "2012-03-31": "3.77", "2011-12-31": "3.76", "2011-09-30": "3.24", "2011-06-30": "3.19", "2011-03-31": "3.18", "2010-12-31": "2.84", "2010-09-30": "2.42", "2010-06-30": "2.57", "2010-03-31": "2.27", "2009-12-31": "2.55", "2009-09-30": "2.50", "2009-06-30": "2.87", "2009-03-31": "2.63", "2008-12-31": "3.51", "2008-09-30": "3.78", "2008-06-30": "4.10", "2008-03-31": "6.28", "2007-12-31": "5.18", "2007-09-30": "4.97", "2007-06-30": "6.16", "2007-03-31": "6.32", "2006-12-31": "5.50", "2006-09-30": "5.14", "2006-06-30": "5.79", "2006-03-31": "4.84"}, "price fcf": {"2021-02-05": "", "2020-09-30": "$4.72", "2020-06-30": "$4.14", "2020-03-31": "$3.32", "2019-12-31": "$3.72", "2019-09-30": "$3.76", "2019-06-30": "$3.28", "2019-03-31": "$2.87", "2018-12-31": "$3.47", "2018-09-30": "$2.29", "2018-06-30": "$2.35", "2018-03-31": "$2.08", "2017-12-31": "$2.20", "2017-09-30": "$2.66", "2017-06-30": "$1.60", "2017-03-31": "$1.95", "2016-12-31": "$1.06", "2016-09-30": "$0.50", "2016-06-30": "$1.24", "2016-03-31": "$1.32", "2015-12-31": "$2.49", "2015-09-30": "$2.86", "2015-06-30": "$2.36", "2015-03-31": "$2.49", "2014-12-31": "$0.79", "2014-09-30": "$1.11", "2014-06-30": "$2.00", "2014-03-31": "$1.69", "2013-12-31": "$2.31", "2013-09-30": "$1.76", "2013-06-30": "$0.66", "2013-03-31": "$1.93", "2012-12-31": "$2.50", "2012-09-30": "$1.88", "2012-06-30": "$2.23", "2012-03-31": "$1.10", "2011-12-31": "$0.71", "2011-09-30": "$1.36", "2011-06-30": "$1.15", "2011-03-31": "$2.45", "2010-12-31": "$2.34", "2010-09-30": "$2.02", "2010-06-30": "$1.78", "2010-03-31": "$0.43", "2009-12-31": "$0.63", "2009-09-30": "$0.83", "2009-06-30": "$1.20", "2009-03-31": "$1.05", "2008-12-31": "$1.15", "2008-09-30": "$1.16", "2008-06-30": "$1.34", "2008-03-31": "$1.16", "2007-12-31": "$1.07", "2007-09-30": "$0.66", "2007-06-30": "$0.29", "2007-03-31": "$0.43", "2006-12-31": "$0.55"}, "net worth": {"value": "$4.52B"}, "current ratio": {"2020-09-30": "2.33", "2020-06-30": "2.37", "2020-03-31": "2.26", "2019-12-31": "1.95", "2019-09-30": "1.91", "2019-06-30": "1.91", "2019-03-31": "1.92", "2018-12-31": "2.00", "2018-09-30": "2.04", "2018-06-30": "2.09", "2018-03-31": "2.06", "2017-12-31": "2.29", "2017-09-30": "2.19", "2017-06-30": "1.99", "2017-03-31": "2.17", "2016-12-31": "2.17", "2016-09-30": "1.95", "2016-06-30": "2.15", "2016-03-31": "2.29", "2015-12-31": "1.78", "2015-09-30": "1.72", "2015-06-30": "1.67", "2015-03-31": "2.01", "2014-12-31": "1.97", "2014-09-30": "1.90", "2014-06-30": "1.90", "2014-03-31": "1.90", "2013-12-31": "1.83", "2013-09-30": "1.71", "2013-06-30": "1.83", "2013-03-31": "1.90", "2012-12-31": "1.86", "2012-09-30": "3.03", "2012-06-30": "2.40", "2012-03-31": "2.58", "2011-12-31": "2.34", "2011-09-30": "2.10", "2011-06-30": "2.66", "2011-03-31": "3.54", "2010-12-31": "2.46", "2010-09-30": "2.37", "2010-06-30": "2.34", "2010-03-31": "2.89", "2009-12-31": "2.66", "2009-09-30": "2.55", "2009-06-30": "2.17", "2009-03-31": "2.96", "2008-12-31": "2.70", "2008-09-30": "2.37", "2008-06-30": "2.03", "2008-03-31": "1.75", "2007-12-31": "1.80", "2007-09-30": "1.77", "2007-06-30": "1.57", "2007-03-31": "1.80", "2006-12-31": "1.63", "2006-09-30": "1.50", "2006-06-30": "1.53", "2006-03-31": "1.68", "2005-12-31": "1.45", "2005-09-30": "1.47", "2005-06-30": "1.43", "2005-03-31": "1.35"}, "quick ratio": {"2020-09-30": "1.99", "2020-06-30": "2.00", "2020-03-31": "1.93", "2019-12-31": "1.65", "2019-09-30": "1.60", "2019-06-30": "1.59", "2019-03-31": "1.59", "2018-12-31": "1.67", "2018-09-30": "1.70", "2018-06-30": "1.73", "2018-03-31": "1.71", "2017-12-31": "1.94", "2017-09-30": "1.86", "2017-06-30": "1.72", "2017-03-31": "1.80", "2016-12-31": "1.81", "2016-09-30": "1.62", "2016-06-30": "1.84", "2016-03-31": "1.95", "2015-12-31": "1.49", "2015-09-30": "1.48", "2015-06-30": "1.45", "2015-03-31": "1.73", "2014-12-31": "1.67", "2014-09-30": "1.61", "2014-06-30": "1.63", "2014-03-31": "1.64", "2013-12-31": "1.59", "2013-09-30": "1.47", "2013-06-30": "1.57", "2013-03-31": "1.65", "2012-12-31": "1.56", "2012-09-30": "2.86", "2012-06-30": "2.24", "2012-03-31": "2.41", "2011-12-31": "2.19", "2011-09-30": "1.96", "2011-06-30": "2.52", "2011-03-31": "3.38", "2010-12-31": "2.31", "2010-09-30": "2.23", "2010-06-30": "2.21", "2010-03-31": "2.70", "2009-12-31": "2.48", "2009-09-30": "2.38", "2009-06-30": "2.04", "2009-03-31": "2.78", "2008-12-31": "2.55", "2008-09-30": "2.25", "2008-06-30": "1.94", "2008-03-31": "1.63", "2007-12-31": "1.70", "2007-09-30": "1.65", "2007-06-30": "1.47", "2007-03-31": "1.68", "2006-12-31": "1.53", "2006-09-30": "1.41", "2006-06-30": "1.47", "2006-03-31": "1.59", "2005-12-31": "1.39", "2005-09-30": "1.39", "2005-06-30": "1.36", "2005-03-31": "1.28"}, "debt equity ratio": {"current": "1.19", "2020-09-30": "2.15", "2020-06-30": "2.25", "2020-03-31": "2.43", "2019-12-31": "2.24", "2019-09-30": "2.25", "2019-06-30": "2.27", "2019-03-31": "2.31", "2018-12-31": "2.20", "2018-09-30": "2.15", "2018-06-30": "2.20", "2018-03-31": "2.22", "2017-12-31": "2.12", "2017-09-30": "2.32", "2017-06-30": "2.46", "2017-03-31": "2.43", "2016-12-31": "2.40", "2016-09-30": "2.37", "2016-06-30": "2.31", "2016-03-31": "2.26", "2015-12-31": "2.13", "2015-09-30": "2.21", "2015-06-30": "2.19", "2015-03-31": "2.05", "2014-12-31": "1.92", "2014-09-30": "1.85", "2014-06-30": "1.62", "2014-03-31": "1.67", "2013-12-31": "1.68", "2013-09-30": "1.68", "2013-06-30": "1.71", "2013-03-31": "1.67", "2012-12-31": "1.68", "2012-09-30": "1.43", "2012-06-30": "1.21", "2012-03-31": "1.20", "2011-12-31": "1.32", "2011-09-30": "1.39", "2011-06-30": "1.29", "2011-03-31": "1.29", "2010-12-31": "1.05", "2010-09-30": "1.12", "2010-06-30": "1.27", "2010-03-31": "1.21", "2009-12-31": "1.28", "2009-09-30": "1.32", "2009-06-30": "1.01", "2009-03-31": "1.01", "2008-12-31": "1.09", "2008-09-30": "1.19", "2008-06-30": "1.36", "2008-03-31": "2.60", "2007-12-31": "2.79", "2007-09-30": "3.11", "2007-06-30": "3.40", "2007-03-31": "3.59", "2006-12-31": "2.87", "2006-09-30": "3.07", "2006-06-30": "3.24", "2006-03-31": "3.55", "2005-12-31": "4.31", "2005-09-30": "13.82", "2005-06-30": "18.11", "2005-03-31": "28.70"}, "return on equity": {"2020-09-30": "9.53%", "2020-06-30": "8.14%", "2020-03-31": "8.78%", "2019-12-31": "7.94%", "2019-09-30": "7.44%", "2019-06-30": "7.08%", "2019-03-31": "6.72%", "2018-12-31": "5.56%", "2018-09-30": "11.34%", "2018-06-30": "9.86%", "2018-03-31": "9.56%", "2017-12-31": "9.02%", "2017-09-30": "0.37%", "2017-06-30": "-1.66%", "2017-03-31": "-3.67%", "2016-12-31": "-3.62%", "2016-09-30": "-2.35%", "2016-06-30": "2.16%", "2016-03-31": "2.66%", "2015-12-31": "3.86%", "2015-09-30": "5.93%", "2015-06-30": "-5.12%", "2015-03-31": "-3.35%", "2014-12-31": "-2.03%", "2014-09-30": "-1.95%", "2014-06-30": "6.78%", "2014-03-31": "6.47%", "2013-12-31": "6.63%", "2013-09-30": "9.12%", "2013-06-30": "8.19%", "2013-03-31": "8.96%", "2012-12-31": "11.86%", "2012-09-30": "10.99%", "2012-06-30": "14.23%", "2012-03-31": "15.33%", "2011-12-31": "14.85%", "2011-09-30": "13.58%", "2011-06-30": "14.26%", "2011-03-31": "18.93%", "2010-12-31": "18.30%", "2010-09-30": "18.10%", "2010-06-30": "14.42%", "2010-03-31": "7.33%", "2009-12-31": "7.10%", "2009-09-30": "8.63%", "2009-06-30": "10.86%", "2009-03-31": "12.80%", "2008-12-31": "15.83%", "2008-09-30": "18.39%", "2008-06-30": "22.04%", "2008-03-31": "26.60%", "2007-12-31": "25.81%", "2007-09-30": "23.31%", "2007-06-30": "28.71%", "2007-03-31": "29.77%", "2006-12-31": "30.92%", "2006-09-30": "31.97%", "2006-06-30": "26.60%", "2006-03-31": "31.08%", "2005-12-31": "51.55%"}, "return on assets": {"2020-09-30": "2.92%", "2020-06-30": "2.47%", "2020-03-31": "2.66%", "2019-12-31": "2.43%", "2019-09-30": "2.28%", "2019-06-30": "2.19%", "2019-03-31": "2.09%", "2018-12-31": "1.74%", "2018-09-30": "3.58%", "2018-06-30": "3.07%", "2018-03-31": "2.92%", "2017-12-31": "2.71%", "2017-09-30": "0.11%", "2017-06-30": "-0.48%", "2017-03-31": "-1.09%", "2016-12-31": "-1.09%", "2016-09-30": "-0.72%", "2016-06-30": "0.67%", "2016-03-31": "0.83%", "2015-12-31": "1.23%", "2015-09-30": "1.92%", "2015-06-30": "-1.71%", "2015-03-31": "-1.18%", "2014-12-31": "-0.73%", "2014-09-30": "-0.72%", "2014-06-30": "2.55%", "2014-03-31": "2.41%", "2013-12-31": "2.47%", "2013-09-30": "3.40%", "2013-06-30": "3.10%", "2013-03-31": "3.54%", "2012-12-31": "4.91%", "2012-09-30": "4.80%", "2012-06-30": "6.26%", "2012-03-31": "6.67%", "2011-12-31": "6.40%", "2011-09-30": "6.01%", "2011-06-30": "6.50%", "2011-03-31": "8.68%", "2010-12-31": "8.48%", "2010-09-30": "8.16%", "2010-06-30": "6.36%", "2010-03-31": "3.31%", "2009-12-31": "3.26%", "2009-09-30": "4.06%", "2009-06-30": "5.24%", "2009-03-31": "5.92%", "2008-12-31": "6.56%", "2008-09-30": "6.69%", "2008-06-30": "6.83%", "2008-03-31": "6.75%", "2007-12-31": "6.16%", "2007-09-30": "5.52%", "2007-06-30": "6.81%", "2007-03-31": "7.14%", "2006-12-31": "7.45%", "2006-09-30": "7.13%", "2006-06-30": "4.80%", "2006-03-31": "4.23%", "2005-12-31": "4.69%"}, "return on investments": {"2020-09-30": "8.41%", "2020-06-30": "8.31%", "2020-03-31": "8.85%", "2019-12-31": "8.24%", "2019-09-30": "7.90%", "2019-06-30": "7.38%", "2019-03-31": "7.05%", "2018-12-31": "6.56%", "2018-09-30": "6.04%", "2018-06-30": "5.43%", "2018-03-31": "4.84%", "2017-12-31": "4.66%", "2017-09-30": "4.48%", "2017-06-30": "3.35%", "2017-03-31": "2.90%", "2016-12-31": "2.56%", "2016-09-30": "2.76%", "2016-06-30": "5.76%", "2016-03-31": "6.87%", "2015-12-31": "7.43%", "2015-09-30": "8.55%", "2015-06-30": "3.17%", "2015-03-31": "3.29%", "2014-12-31": "4.04%", "2014-09-30": "3.99%", "2014-06-30": "8.00%", "2014-03-31": "7.57%", "2013-12-31": "7.76%", "2013-09-30": "6.97%", "2013-06-30": "7.04%", "2013-03-31": "7.86%", "2012-12-31": "10.66%", "2012-09-30": "14.55%", "2012-06-30": "16.35%", "2012-03-31": "16.91%", "2011-12-31": "15.71%", "2011-09-30": "15.63%", "2011-06-30": "17.30%", "2011-03-31": "20.71%", "2010-12-31": "21.25%", "2010-09-30": "20.46%", "2010-06-30": "17.59%", "2010-03-31": "13.11%", "2009-12-31": "13.42%", "2009-09-30": "16.10%", "2009-06-30": "17.99%", "2009-03-31": "20.85%", "2008-12-31": "24.76%", "2008-09-30": "26.70%", "2008-06-30": "28.53%", "2008-03-31": "31.10%", "2007-12-31": "29.81%", "2007-09-30": "28.80%", "2007-06-30": "27.65%", "2007-03-31": "26.52%", "2006-12-31": "29.27%", "2006-09-30": "29.21%", "2006-06-30": "28.03%", "2006-03-31": "27.50%", "2005-12-31": "26.67%"}, "return on tangible equity": {"2020-09-30": "36.28%", "2020-06-30": "33.11%", "2020-03-31": "37.86%", "2019-12-31": "36.03%", "2019-09-30": "36.89%", "2019-06-30": "36.84%", "2019-03-31": "36.36%", "2018-12-31": "30.88%", "2018-09-30": "61.22%", "2018-06-30": "56.37%", "2018-03-31": "58.45%", "2017-12-31": "61.12%", "2017-09-30": "2.96%", "2017-06-30": "-14.66%", "2017-03-31": "-31.43%", "2016-12-31": "-28.62%", "2016-09-30": "-18.09%", "2016-06-30": "15.79%", "2016-03-31": "19.02%", "2015-12-31": "26.07%", "2015-09-30": "34.19%", "2015-06-30": "-25.40%", "2015-03-31": "-15.02%", "2014-12-31": "-8.63%", "2014-09-30": "-8.28%", "2014-06-30": "29.81%", "2014-03-31": "29.84%", "2013-12-31": "31.45%", "2013-09-30": "45.64%", "2013-06-30": "28.29%", "2013-03-31": "22.40%", "2012-12-31": "22.13%", "2012-09-30": "15.50%", "2012-06-30": "20.18%", "2012-03-31": "21.48%", "2011-12-31": "20.39%", "2011-09-30": "18.22%", "2011-06-30": "18.54%", "2011-03-31": "24.59%", "2010-12-31": "24.17%", "2010-09-30": "24.33%", "2010-06-30": "19.70%", "2010-03-31": "9.96%", "2009-12-31": "9.56%", "2009-09-30": "11.41%", "2009-06-30": "14.09%", "2009-03-31": "16.72%", "2008-12-31": "21.83%", "2008-09-30": "27.24%", "2008-06-30": "36.67%", "2008-03-31": "54.79%", "2007-12-31": "55.87%", "2007-09-30": "51.35%", "2007-06-30": "62.80%", "2007-03-31": "69.96%", "2006-12-31": "78.97%", "2006-09-30": "104.88%", "2006-06-30": "540.00%", "2006-03-31": "-101.10%", "2005-12-31": "-50.76%"}, "dividend yield history": {"last payout": "$0.00", "last yield": "0.00%"}}