{"ticker": "CLX", "price": {"title": "Clorox Historical Annual Stock Price Data", "value": 191.25, "historical": {"2021": {"Average Stock Price": "201.1588", "Year Open": "200.4400", "Year High": "222.1800", "Year Low": "191.2500", "Year Close": "191.2500", "Annual % Change": "-5.28%"}, "2020": {"Average Stock Price": "198.8423", "Year Open": "152.6100", "Year High": "237.7400", "Year Low": "151.5200", "Year Close": "201.9200", "Annual % Change": "31.51%"}, "2019": {"Average Stock Price": "153.8471", "Year Open": "151.1300", "Year High": "166.3300", "Year Low": "145.0200", "Year Close": "153.5400", "Annual % Change": "-0.39%"}, "2018": {"Average Stock Price": "138.8736", "Year Open": "144.9900", "Year High": "166.3600", "Year Low": "114.8000", "Year Close": "154.1400", "Annual % Change": "3.63%"}, "2017": {"Average Stock Price": "133.7422", "Year Open": "121.0200", "Year High": "149.6900", "Year Low": "118.7200", "Year Close": "148.7400", "Annual % Change": "23.93%"}, "2016": {"Average Stock Price": "126.4453", "Year Open": "125.2800", "Year High": "139.2400", "Year Low": "112.2500", "Year Close": "120.0200", "Annual % Change": "-5.37%"}, "2015": {"Average Stock Price": "113.2879", "Year Open": "103.8700", "Year High": "131.3400", "Year Low": "103.8700", "Year Close": "126.8300", "Annual % Change": "21.71%"}, "2014": {"Average Stock Price": "92.0010", "Year Open": "91.1600", "Year High": "106.0800", "Year Low": "84.5600", "Year Close": "104.2100", "Annual % Change": "12.34%"}, "2013": {"Average Stock Price": "85.4409", "Year Open": "74.0900", "Year High": "95.8300", "Year Low": "73.8900", "Year Close": "92.7600", "Annual % Change": "26.69%"}, "2012": {"Average Stock Price": "71.1324", "Year Open": "67.5200", "Year High": "76.4700", "Year Low": "67.0300", "Year Close": "73.2200", "Annual % Change": "10.01%"}, "2011": {"Average Stock Price": "67.4361", "Year Open": "61.5700", "Year High": "74.5500", "Year Low": "61.5700", "Year Close": "66.5600", "Annual % Change": "5.18%"}, "2010": {"Average Stock Price": "63.8137", "Year Open": "61.4300", "Year High": "68.7000", "Year Low": "59.1700", "Year Close": "63.2800", "Annual % Change": "3.74%"}, "2009": {"Average Stock Price": "55.7986", "Year Open": "56.3700", "Year High": "62.6600", "Year Low": "45.9000", "Year Close": "61.0000", "Annual % Change": "9.79%"}, "2008": {"Average Stock Price": "57.4607", "Year Open": "63.8900", "Year High": "63.9500", "Year Low": "51.8200", "Year Close": "55.5600", "Annual % Change": "-14.75%"}, "2007": {"Average Stock Price": "63.6621", "Year Open": "64.0800", "Year High": "68.5000", "Year Low": "57.1400", "Year Close": "65.1700", "Annual % Change": "1.59%"}, "2006": {"Average Stock Price": "61.6765", "Year Open": "57.1500", "Year High": "65.9000", "Year Low": "57.1500", "Year Close": "64.1500", "Annual % Change": "12.76%"}, "2005": {"Average Stock Price": "57.6952", "Year Open": "58.3600", "Year High": "65.2700", "Year Low": "53.3200", "Year Close": "56.8900", "Annual % Change": "-3.46%"}, "2004": {"Average Stock Price": "52.2978", "Year Open": "47.7000", "Year High": "59.1600", "Year Low": "46.8300", "Year Close": "58.9300", "Annual % Change": "21.36%"}, "2003": {"Average Stock Price": "44.3224", "Year Open": "42.2000", "Year High": "49.1000", "Year Low": "37.5100", "Year Close": "48.5600", "Annual % Change": "17.72%"}, "2002": {"Average Stock Price": "42.6800", "Year Open": "39.5000", "Year High": "47.6200", "Year Low": "32.1800", "Year Close": "41.2500", "Annual % Change": "4.30%"}, "2001": {"Average Stock Price": "35.4801", "Year Open": "34.4400", "Year High": "40.3700", "Year Low": "30.7500", "Year Close": "39.5500", "Annual % Change": "11.41%"}, "2000": {"Average Stock Price": "40.3616", "Year Open": "49.1900", "Year High": "55.0000", "Year Low": "29.8800", "Year Close": "35.5000", "Annual % Change": "-29.54%"}, "1999": {"Average Stock Price": "51.6651", "Year Open": "57.4700", "Year High": "66.1550", "Year Low": "37.6900", "Year Close": "50.3800", "Annual % Change": "-13.74%"}, "1998": {"Average Stock Price": "46.5988", "Year Open": "39.5600", "Year High": "58.4700", "Year Low": "37.5300", "Year Close": "58.4050", "Annual % Change": "47.15%"}, "1997": {"Average Stock Price": "32.7232", "Year Open": "24.8125", "Year High": "40.0000", "Year Low": "24.3450", "Year Close": "39.6900", "Annual % Change": "58.16%"}, "1996": {"Average Stock Price": "22.5476", "Year Open": "17.9375", "Year High": "27.5000", "Year Low": "17.6250", "Year Close": "25.0950", "Annual % Change": "40.16%"}, "1995": {"Average Stock Price": "16.2188", "Year Open": "14.6550", "Year High": "19.6550", "Year Low": "13.9050", "Year Close": "17.9050", "Annual % Change": "21.64%"}, "1994": {"Average Stock Price": "13.0801", "Year Open": "13.6550", "Year High": "14.8750", "Year Low": "11.7800", "Year Close": "14.7200", "Annual % Change": "8.53%"}, "1993": {"Average Stock Price": "12.6078", "Year Open": "11.5625", "Year High": "13.7500", "Year Low": "11.1250", "Year Close": "13.5625", "Annual % Change": "16.67%"}, "1992": {"Average Stock Price": "11.3384", "Year Open": "10.3450", "Year High": "13.0000", "Year Low": "10.0300", "Year Close": "11.6250", "Annual % Change": "9.72%"}, "1991": {"Average Stock Price": "9.8261", "Year Open": "9.4050", "Year High": "10.5950", "Year Low": "8.9375", "Year Close": "10.5950", "Annual % Change": "12.26%"}, "1990": {"Average Stock Price": "9.6654", "Year Open": "10.7500", "Year High": "11.2200", "Year Low": "8.1250", "Year Close": "9.4375", "Annual % Change": "-10.12%"}, "1989": {"Average Stock Price": "9.5146", "Year Open": "7.5950", "Year High": "11.0300", "Year Low": "7.5950", "Year Close": "10.5000", "Annual % Change": "35.48%"}, "1988": {"Average Stock Price": "7.5106", "Year Open": "7.0625", "Year High": "8.3125", "Year Low": "6.5950", "Year Close": "7.7500", "Annual % Change": "11.71%"}, "1987": {"Average Stock Price": "7.4517", "Year Open": "6.4225", "Year High": "8.8125", "Year Low": "6.0950", "Year Close": "6.9375", "Annual % Change": "9.64%"}, "1986": {"Average Stock Price": "6.4560", "Year Open": "5.9375", "Year High": "7.4063", "Year Low": "5.5150", "Year Close": "6.3275", "Annual % Change": "6.30%"}, "1985": {"Average Stock Price": "4.7464", "Year Open": "3.5938", "Year High": "6.2500", "Year Low": "3.5000", "Year Close": "5.9525", "Annual % Change": "65.63%"}, "1984": {"Average Stock Price": "3.4096", "Year Open": "3.3125", "Year High": "3.8275", "Year Low": "2.8750", "Year Close": "3.5938", "Annual % Change": "8.49%"}}}, "market cap": {"value": "$24.11B"}, "income statement": {"Revenue": {"2020-06-30": "6721.00000", "2019-06-30": "6214.00000", "2018-06-30": "6124.00000", "2017-06-30": "5973.00000", "2016-06-30": "5761.00000", "2015-06-30": "5655.00000", "2014-06-30": "5514.00000", "2013-06-30": "5533.00000", "2012-06-30": "5468.00000", "2011-06-30": "5231.00000", "2010-06-30": "5234.00000", "2009-06-30": "5158.00000", "2008-06-30": "5273.00000", "2007-06-30": "4847.00000", "2006-06-30": "4644.00000", "2005-06-30": "4388.00000"}, "Cost Of Goods Sold": {"2020-06-30": "3658.00000", "2019-06-30": "3486.00000", "2018-06-30": "3449.00000", "2017-06-30": "3302.00000", "2016-06-30": "3163.00000", "2015-06-30": "3190.00000", "2014-06-30": "3158.00000", "2013-06-30": "3142.00000", "2012-06-30": "3164.00000", "2011-06-30": "2958.00000", "2010-06-30": "2915.00000", "2009-06-30": "2954.00000", "2008-06-30": "3098.00000", "2007-06-30": "2756.00000", "2006-06-30": "2685.00000", "2005-06-30": "2493.00000"}, "Gross Profit": {"2020-06-30": "3063.00000", "2019-06-30": "2728.00000", "2018-06-30": "2675.00000", "2017-06-30": "2671.00000", "2016-06-30": "2598.00000", "2015-06-30": "2465.00000", "2014-06-30": "2356.00000", "2013-06-30": "2391.00000", "2012-06-30": "2304.00000", "2011-06-30": "2273.00000", "2010-06-30": "2319.00000", "2009-06-30": "2204.00000", "2008-06-30": "2175.00000", "2007-06-30": "2091.00000", "2006-06-30": "1959.00000", "2005-06-30": "1895.00000"}, "Research And Development Expenses": {"2020-06-30": "145.00000", "2019-06-30": "136.00000", "2018-06-30": "132.00000", "2017-06-30": "135.00000", "2016-06-30": "141.00000", "2015-06-30": "136.00000", "2014-06-30": "125.00000", "2013-06-30": "130.00000", "2012-06-30": "121.00000", "2011-06-30": "115.00000", "2010-06-30": "118.00000", "2009-06-30": "113.00000", "2008-06-30": "111.00000", "2007-06-30": "108.00000", "2006-06-30": "99.00000", "2005-06-30": "88.00000"}, "SG&A Expenses": {"2020-06-30": "1644.00000", "2019-06-30": "1468.00000", "2018-06-30": "1407.00000", "2017-06-30": "1409.00000", "2016-06-30": "1393.00000", "2015-06-30": "1321.00000", "2014-06-30": "1254.00000", "2013-06-30": "1291.00000", "2012-06-30": "1280.00000", "2011-06-30": "1237.00000", "2010-06-30": "1228.00000", "2009-06-30": "1177.00000", "2008-06-30": "1176.00000", "2007-06-30": "1116.00000", "2006-06-30": "1081.00000", "2005-06-30": "986.00000"}, "Other Operating Income Or Expenses": {"2020-06-30": "", "2019-06-30": "", "2018-06-30": "", "2017-06-30": "", "2016-06-30": "", "2015-06-30": "", "2014-06-30": "", "2013-06-30": "", "2012-06-30": "", "2011-06-30": "", "2010-06-30": "", "2009-06-30": "", "2008-06-30": "", "2007-06-30": "", "2006-06-30": "", "2005-06-30": ""}, "Operating Expenses": {"2020-06-30": "5447.00000", "2019-06-30": "5090.00000", "2018-06-30": "4988.00000", "2017-06-30": "4846.00000", "2016-06-30": "4697.00000", "2015-06-30": "4647.00000", "2014-06-30": "4537.00000", "2013-06-30": "4563.00000", "2012-06-30": "4565.00000", "2011-06-30": "4568.00000", "2010-06-30": "4261.00000", "2009-06-30": "4244.00000", "2008-06-30": "4385.00000", "2007-06-30": "3980.00000", "2006-06-30": "3865.00000", "2005-06-30": "3567.00000"}, "Operating Income": {"2020-06-30": "1274.00000", "2019-06-30": "1124.00000", "2018-06-30": "1136.00000", "2017-06-30": "1127.00000", "2016-06-30": "1064.00000", "2015-06-30": "1008.00000", "2014-06-30": "977.00000", "2013-06-30": "970.00000", "2012-06-30": "903.00000", "2011-06-30": "663.00000", "2010-06-30": "973.00000", "2009-06-30": "914.00000", "2008-06-30": "888.00000", "2007-06-30": "867.00000", "2006-06-30": "779.00000", "2005-06-30": "821.00000"}, "Total Non-Operating Income/Expense": {"2020-06-30": "-89.00000", "2019-06-30": "-100.00000", "2018-06-30": "-82.00000", "2017-06-30": "-94.00000", "2016-06-30": "-81.00000", "2015-06-30": "-87.00000", "2014-06-30": "-93.00000", "2013-06-30": "-118.00000", "2012-06-30": "-112.00000", "2011-06-30": "-100.00000", "2010-06-30": "-168.00000", "2009-06-30": "-205.00000", "2008-06-30": "-195.00000", "2007-06-30": "-124.00000", "2006-06-30": "-126.00000", "2005-06-30": "-92.00000"}, "Pre-Tax Income": {"2020-06-30": "1185.00000", "2019-06-30": "1024.00000", "2018-06-30": "1054.00000", "2017-06-30": "1033.00000", "2016-06-30": "983.00000", "2015-06-30": "921.00000", "2014-06-30": "884.00000", "2013-06-30": "852.00000", "2012-06-30": "791.00000", "2011-06-30": "563.00000", "2010-06-30": "805.00000", "2009-06-30": "709.00000", "2008-06-30": "693.00000", "2007-06-30": "743.00000", "2006-06-30": "653.00000", "2005-06-30": "729.00000"}, "Income Taxes": {"2020-06-30": "246.00000", "2019-06-30": "204.00000", "2018-06-30": "231.00000", "2017-06-30": "330.00000", "2016-06-30": "335.00000", "2015-06-30": "315.00000", "2014-06-30": "305.00000", "2013-06-30": "279.00000", "2012-06-30": "248.00000", "2011-06-30": "276.00000", "2010-06-30": "279.00000", "2009-06-30": "237.00000", "2008-06-30": "232.00000", "2007-06-30": "247.00000", "2006-06-30": "210.00000", "2005-06-30": "212.00000"}, "Income After Taxes": {"2020-06-30": "939.00000", "2019-06-30": "820.00000", "2018-06-30": "823.00000", "2017-06-30": "703.00000", "2016-06-30": "648.00000", "2015-06-30": "606.00000", "2014-06-30": "579.00000", "2013-06-30": "573.00000", "2012-06-30": "543.00000", "2011-06-30": "287.00000", "2010-06-30": "526.00000", "2009-06-30": "472.00000", "2008-06-30": "461.00000", "2007-06-30": "496.00000", "2006-06-30": "443.00000", "2005-06-30": "517.00000"}, "Other Income": {"2020-06-30": "", "2019-06-30": "", "2018-06-30": "", "2017-06-30": "", "2016-06-30": "", "2015-06-30": "", "2014-06-30": "", "2013-06-30": "", "2012-06-30": "", "2011-06-30": "", "2010-06-30": "", "2009-06-30": "", "2008-06-30": "", "2007-06-30": "", "2006-06-30": "", "2005-06-30": ""}, "Income From Continuous Operations": {"2020-06-30": "939.00000", "2019-06-30": "820.00000", "2018-06-30": "823.00000", "2017-06-30": "703.00000", "2016-06-30": "648.00000", "2015-06-30": "606.00000", "2014-06-30": "579.00000", "2013-06-30": "573.00000", "2012-06-30": "543.00000", "2011-06-30": "287.00000", "2010-06-30": "526.00000", "2009-06-30": "472.00000", "2008-06-30": "461.00000", "2007-06-30": "496.00000", "2006-06-30": "443.00000", "2005-06-30": "517.00000"}, "Income From Discontinued Operations": {"2020-06-30": "", "2019-06-30": "", "2018-06-30": "", "2017-06-30": "-2.00000", "2016-06-30": "", "2015-06-30": "-26.00000", "2014-06-30": "-21.00000", "2013-06-30": "-1.00000", "2012-06-30": "-2.00000", "2011-06-30": "270.00000", "2010-06-30": "77.00000", "2009-06-30": "65.00000", "2008-06-30": "", "2007-06-30": "5.00000", "2006-06-30": "1.00000", "2005-06-30": "579.00000"}, "Net Income": {"2020-06-30": "939.00000", "2019-06-30": "820.00000", "2018-06-30": "823.00000", "2017-06-30": "701.00000", "2016-06-30": "648.00000", "2015-06-30": "580.00000", "2014-06-30": "558.00000", "2013-06-30": "572.00000", "2012-06-30": "541.00000", "2011-06-30": "555.00000", "2010-06-30": "600.00000", "2009-06-30": "532.00000", "2008-06-30": "461.00000", "2007-06-30": "501.00000", "2006-06-30": "444.00000", "2005-06-30": "1096.00000"}, "EBITDA": {"2020-06-30": "1454.00000", "2019-06-30": "1304.00000", "2018-06-30": "1302.00000", "2017-06-30": "1290.00000", "2016-06-30": "1229.00000", "2015-06-30": "1177.00000", "2014-06-30": "1154.00000", "2013-06-30": "1150.00000", "2012-06-30": "1081.00000", "2011-06-30": "1094.00000", "2010-06-30": "1156.00000", "2009-06-30": "1102.00000", "2008-06-30": "1093.00000", "2007-06-30": "1059.00000", "2006-06-30": "967.00000", "2005-06-30": "1004.00000"}, "EBIT": {"2020-06-30": "1274.00000", "2019-06-30": "1124.00000", "2018-06-30": "1136.00000", "2017-06-30": "1127.00000", "2016-06-30": "1064.00000", "2015-06-30": "1008.00000", "2014-06-30": "977.00000", "2013-06-30": "970.00000", "2012-06-30": "903.00000", "2011-06-30": "663.00000", "2010-06-30": "973.00000", "2009-06-30": "914.00000", "2008-06-30": "888.00000", "2007-06-30": "867.00000", "2006-06-30": "779.00000", "2005-06-30": "821.00000"}, "Basic Shares Outstanding": {"2020-06-30": "125.82800", "2019-06-30": "127.73400", "2018-06-30": "129.29300", "2017-06-30": "128.95300", "2016-06-30": "129.47200", "2015-06-30": "130.31000", "2014-06-30": "129.55800", "2013-06-30": "131.07500", "2012-06-30": "130.85200", "2011-06-30": "136.69900", "2010-06-30": "140.27200", "2009-06-30": "139.01500", "2008-06-30": "139.63300", "2007-06-30": "151.44500", "2006-06-30": "150.54500", "2005-06-30": "176.58600"}, "Shares Outstanding": {"2020-06-30": "127.67100", "2019-06-30": "129.79200", "2018-06-30": "131.58100", "2017-06-30": "131.56600", "2016-06-30": "131.71700", "2015-06-30": "132.77600", "2014-06-30": "131.74200", "2013-06-30": "132.96900", "2012-06-30": "132.31000", "2011-06-30": "138.10100", "2010-06-30": "141.53400", "2009-06-30": "140.16900", "2008-06-30": "141.19700", "2007-06-30": "153.93500", "2006-06-30": "153.00100", "2005-06-30": "179.17600"}, "Basic EPS": {"2020-06-30": "7.46000", "2019-06-30": "6.42000", "2018-06-30": "6.37000", "2017-06-30": "5.43000", "2016-06-30": "5.01000", "2015-06-30": "4.45000", "2014-06-30": "4.31000", "2013-06-30": "4.37000", "2012-06-30": "4.14000", "2011-06-30": "4.06000", "2010-06-30": "4.28000", "2009-06-30": "3.82000", "2008-06-30": "3.27000", "2007-06-30": "3.31000", "2006-06-30": "2.95000", "2005-06-30": "6.20000"}, "EPS - Earnings Per Share": {"2020-06-30": "7.36000", "2019-06-30": "6.32000", "2018-06-30": "6.26000", "2017-06-30": "5.33000", "2016-06-30": "4.92000", "2015-06-30": "4.37000", "2014-06-30": "4.23000", "2013-06-30": "4.30000", "2012-06-30": "4.09000", "2011-06-30": "4.02000", "2010-06-30": "4.24000", "2009-06-30": "3.79000", "2008-06-30": "3.23000", "2007-06-30": "3.26000", "2006-06-30": "2.90000", "2005-06-30": "6.11000"}}, "income statement, quarterly": {"Revenue": {"2020-12-31": "1842.00000", "2020-09-30": "1916.00000", "2020-06-30": "1983.00000", "2020-03-31": "1783.00000", "2019-12-31": "1449.00000", "2019-09-30": "1506.00000", "2019-06-30": "1627.00000", "2019-03-31": "1551.00000", "2018-12-31": "1473.00000", "2018-09-30": "1563.00000", "2018-06-30": "1691.00000", "2018-03-31": "1517.00000", "2017-12-31": "1416.00000", "2017-09-30": "1500.00000", "2017-06-30": "1647.00000", "2017-03-31": "1477.00000", "2016-12-31": "1406.00000", "2016-09-30": "1443.00000", "2016-06-30": "1600.00000", "2016-03-31": "1426.00000", "2015-12-31": "1345.00000", "2015-09-30": "1390.00000", "2015-06-30": "1557.00000", "2015-03-31": "1401.00000", "2014-12-31": "1345.00000", "2014-09-30": "1352.00000", "2014-06-30": "1497.00000", "2014-03-31": "1366.00000", "2013-12-31": "1308.00000", "2013-09-30": "1343.00000", "2013-06-30": "1457.00000", "2013-03-31": "1413.00000", "2012-12-31": "1325.00000", "2012-09-30": "1338.00000", "2012-06-30": "1541.00000", "2012-03-31": "1401.00000", "2011-12-31": "1221.00000", "2011-09-30": "1305.00000", "2011-06-30": "1482.00000", "2011-03-31": "1304.00000", "2010-12-31": "1179.00000", "2010-09-30": "1266.00000", "2010-06-30": "1429.00000", "2010-03-31": "1287.00000", "2009-12-31": "1215.00000", "2009-09-30": "1303.00000", "2009-06-30": "1208.00000", "2009-03-31": "1350.00000", "2008-12-31": "1216.00000", "2008-09-30": "1384.00000", "2008-06-30": "1495.00000", "2008-03-31": "1353.00000", "2007-12-31": "1186.00000", "2007-09-30": "1239.00000", "2007-06-30": "1344.00000", "2007-03-31": "1241.00000", "2006-12-31": "1101.00000", "2006-09-30": "1161.00000", "2006-06-30": "1319.00000", "2006-03-31": "1157.00000", "2005-12-31": "1064.00000", "2005-09-30": "1104.00000", "2005-06-30": "1254.00000", "2005-03-31": "1086.00000"}, "Cost Of Goods Sold": {"2020-12-31": "1005.00000", "2020-09-30": "996.00000", "2020-06-30": "1054.00000", "2020-03-31": "951.00000", "2019-12-31": "810.00000", "2019-09-30": "843.00000", "2019-06-30": "893.00000", "2019-03-31": "878.00000", "2018-12-31": "830.00000", "2018-09-30": "885.00000", "2018-06-30": "947.00000", "2018-03-31": "868.00000", "2017-12-31": "807.00000", "2017-09-30": "827.00000", "2017-06-30": "895.00000", "2017-03-31": "827.00000", "2016-12-31": "777.00000", "2016-09-30": "803.00000", "2016-06-30": "873.00000", "2016-03-31": "780.00000", "2015-12-31": "745.00000", "2015-09-30": "765.00000", "2015-06-30": "847.00000", "2015-03-31": "796.00000", "2014-12-31": "773.00000", "2014-09-30": "774.00000", "2014-06-30": "855.00000", "2014-03-31": "791.00000", "2013-12-31": "753.00000", "2013-09-30": "759.00000", "2013-06-30": "798.00000", "2013-03-31": "818.00000", "2012-12-31": "762.00000", "2012-09-30": "764.00000", "2012-06-30": "883.00000", "2012-03-31": "808.00000", "2011-12-31": "714.00000", "2011-09-30": "759.00000", "2011-06-30": "837.00000", "2011-03-31": "729.00000", "2010-12-31": "687.00000", "2010-09-30": "705.00000", "2010-06-30": "796.00000", "2010-03-31": "713.00000", "2009-12-31": "686.00000", "2009-09-30": "720.00000", "2009-06-30": "663.00000", "2009-03-31": "739.00000", "2008-12-31": "730.00000", "2008-09-30": "822.00000", "2008-06-30": "865.00000", "2008-03-31": "815.00000", "2007-12-31": "707.00000", "2007-09-30": "711.00000", "2007-06-30": "750.00000", "2007-03-31": "704.00000", "2006-12-31": "639.00000", "2006-09-30": "663.00000", "2006-06-30": "742.00000", "2006-03-31": "677.00000", "2005-12-31": "628.00000", "2005-09-30": "638.00000", "2005-06-30": "701.00000", "2005-03-31": "632.00000"}, "Gross Profit": {"2020-12-31": "837.00000", "2020-09-30": "920.00000", "2020-06-30": "929.00000", "2020-03-31": "832.00000", "2019-12-31": "639.00000", "2019-09-30": "663.00000", "2019-06-30": "734.00000", "2019-03-31": "673.00000", "2018-12-31": "643.00000", "2018-09-30": "678.00000", "2018-06-30": "744.00000", "2018-03-31": "649.00000", "2017-12-31": "609.00000", "2017-09-30": "673.00000", "2017-06-30": "752.00000", "2017-03-31": "650.00000", "2016-12-31": "629.00000", "2016-09-30": "640.00000", "2016-06-30": "727.00000", "2016-03-31": "646.00000", "2015-12-31": "600.00000", "2015-09-30": "625.00000", "2015-06-30": "710.00000", "2015-03-31": "605.00000", "2014-12-31": "572.00000", "2014-09-30": "578.00000", "2014-06-30": "642.00000", "2014-03-31": "575.00000", "2013-12-31": "555.00000", "2013-09-30": "584.00000", "2013-06-30": "659.00000", "2013-03-31": "595.00000", "2012-12-31": "563.00000", "2012-09-30": "574.00000", "2012-06-30": "658.00000", "2012-03-31": "593.00000", "2011-12-31": "507.00000", "2011-09-30": "546.00000", "2011-06-30": "645.00000", "2011-03-31": "575.00000", "2010-12-31": "492.00000", "2010-09-30": "561.00000", "2010-06-30": "633.00000", "2010-03-31": "574.00000", "2009-12-31": "529.00000", "2009-09-30": "583.00000", "2009-06-30": "545.00000", "2009-03-31": "611.00000", "2008-12-31": "486.00000", "2008-09-30": "562.00000", "2008-06-30": "630.00000", "2008-03-31": "538.00000", "2007-12-31": "479.00000", "2007-09-30": "528.00000", "2007-06-30": "594.00000", "2007-03-31": "537.00000", "2006-12-31": "462.00000", "2006-09-30": "498.00000", "2006-06-30": "577.00000", "2006-03-31": "480.00000", "2005-12-31": "436.00000", "2005-09-30": "466.00000", "2005-06-30": "553.00000", "2005-03-31": "454.00000"}, "Research And Development Expenses": {"2020-12-31": "40.00000", "2020-09-30": "32.00000", "2020-06-30": "42.00000", "2020-03-31": "39.00000", "2019-12-31": "34.00000", "2019-09-30": "30.00000", "2019-06-30": "38.00000", "2019-03-31": "34.00000", "2018-12-31": "32.00000", "2018-09-30": "32.00000", "2018-06-30": "37.00000", "2018-03-31": "32.00000", "2017-12-31": "31.00000", "2017-09-30": "32.00000", "2017-06-30": "37.00000", "2017-03-31": "35.00000", "2016-12-31": "32.00000", "2016-09-30": "31.00000", "2016-06-30": "42.00000", "2016-03-31": "35.00000", "2015-12-31": "34.00000", "2015-09-30": "30.00000", "2015-06-30": "39.00000", "2015-03-31": "34.00000", "2014-12-31": "33.00000", "2014-09-30": "30.00000", "2014-06-30": "35.00000", "2014-03-31": "28.00000", "2013-12-31": "31.00000", "2013-09-30": "31.00000", "2013-06-30": "35.00000", "2013-03-31": "34.00000", "2012-12-31": "31.00000", "2012-09-30": "30.00000", "2012-06-30": "34.00000", "2012-03-31": "30.00000", "2011-12-31": "29.00000", "2011-09-30": "28.00000", "2011-06-30": "29.00000", "2011-03-31": "29.00000", "2010-12-31": "28.00000", "2010-09-30": "29.00000", "2010-06-30": "33.00000", "2010-03-31": "30.00000", "2009-12-31": "29.00000", "2009-09-30": "26.00000", "2009-06-30": "32.00000", "2009-03-31": "27.00000", "2008-12-31": "27.00000", "2008-09-30": "27.00000", "2008-06-30": "33.00000", "2008-03-31": "27.00000", "2007-12-31": "28.00000", "2007-09-30": "23.00000", "2007-06-30": "29.00000", "2007-03-31": "26.00000", "2006-12-31": "27.00000", "2006-09-30": "26.00000", "2006-06-30": "26.00000", "2006-03-31": "25.00000", "2005-12-31": "25.00000", "2005-09-30": "23.00000", "2005-06-30": "24.00000", "2005-03-31": "22.00000"}, "SG&A Expenses": {"2020-12-31": "456.00000", "2020-09-30": "417.00000", "2020-06-30": "493.00000", "2020-03-31": "453.00000", "2019-12-31": "350.00000", "2019-09-30": "348.00000", "2019-06-30": "384.00000", "2019-03-31": "377.00000", "2018-12-31": "356.00000", "2018-09-30": "351.00000", "2018-06-30": "374.00000", "2018-03-31": "358.00000", "2017-12-31": "337.00000", "2017-09-30": "338.00000", "2017-06-30": "394.00000", "2017-03-31": "362.00000", "2016-12-31": "325.00000", "2016-09-30": "328.00000", "2016-06-30": "417.00000", "2016-03-31": "350.00000", "2015-12-31": "317.00000", "2015-09-30": "309.00000", "2015-06-30": "372.00000", "2015-03-31": "330.00000", "2014-12-31": "318.00000", "2014-09-30": "301.00000", "2014-06-30": "324.00000", "2014-03-31": "298.00000", "2013-12-31": "318.00000", "2013-09-30": "314.00000", "2013-06-30": "326.00000", "2013-03-31": "328.00000", "2012-12-31": "320.00000", "2012-09-30": "317.00000", "2012-06-30": "336.00000", "2012-03-31": "337.00000", "2011-12-31": "299.00000", "2011-09-30": "308.00000", "2011-06-30": "334.00000", "2011-03-31": "307.00000", "2010-12-31": "297.00000", "2010-09-30": "299.00000", "2010-06-30": "326.00000", "2010-03-31": "300.00000", "2009-12-31": "308.00000", "2009-09-30": "294.00000", "2009-06-30": "296.00000", "2009-03-31": "299.00000", "2008-12-31": "279.00000", "2008-09-30": "303.00000", "2008-06-30": "321.00000", "2008-03-31": "305.00000", "2007-12-31": "277.00000", "2007-09-30": "273.00000", "2007-06-30": "292.00000", "2007-03-31": "283.00000", "2006-12-31": "271.00000", "2006-09-30": "270.00000", "2006-06-30": "312.00000", "2006-03-31": "252.00000", "2005-12-31": "260.00000", "2005-09-30": "257.00000", "2005-06-30": "280.00000", "2005-03-31": "245.00000"}, "Other Operating Income Or Expenses": {"2020-12-31": "", "2020-09-30": "", "2020-06-30": "", "2020-03-31": "", "2019-12-31": "", "2019-09-30": "", "2019-06-30": "", "2019-03-31": "", "2018-12-31": "", "2018-09-30": "", "2018-06-30": "", "2018-03-31": "", "2017-12-31": "", "2017-09-30": "", "2017-06-30": "", "2017-03-31": "", "2016-12-31": "", "2016-09-30": "", "2016-06-30": "", "2016-03-31": "", "2015-12-31": "", "2015-09-30": "", "2015-06-30": "", "2015-03-31": "", "2014-12-31": "", "2014-09-30": "", "2014-06-30": "", "2014-03-31": "", "2013-12-31": "", "2013-09-30": "", "2013-06-30": "", "2013-03-31": "", "2012-12-31": "", "2012-09-30": "", "2012-06-30": "", "2012-03-31": "", "2011-12-31": "", "2011-09-30": "", "2011-06-30": "", "2011-03-31": "", "2010-12-31": "", "2010-09-30": "", "2010-06-30": "", "2010-03-31": "", "2009-12-31": "", "2009-09-30": "", "2009-06-30": "", "2009-03-31": "", "2008-12-31": "", "2008-09-30": "", "2008-06-30": "", "2008-03-31": "", "2007-12-31": "", "2007-09-30": "", "2007-06-30": "", "2007-03-31": "", "2006-12-31": "", "2006-09-30": "", "2006-06-30": "", "2006-03-31": "", "2005-12-31": "", "2005-09-30": "", "2005-06-30": "", "2005-03-31": ""}, "Operating Expenses": {"2020-12-31": "1501.00000", "2020-09-30": "1445.00000", "2020-06-30": "1589.00000", "2020-03-31": "1443.00000", "2019-12-31": "1194.00000", "2019-09-30": "1221.00000", "2019-06-30": "1315.00000", "2019-03-31": "1289.00000", "2018-12-31": "1218.00000", "2018-09-30": "1268.00000", "2018-06-30": "1358.00000", "2018-03-31": "1258.00000", "2017-12-31": "1175.00000", "2017-09-30": "1197.00000", "2017-06-30": "1326.00000", "2017-03-31": "1224.00000", "2016-12-31": "1134.00000", "2016-09-30": "1162.00000", "2016-06-30": "1332.00000", "2016-03-31": "1165.00000", "2015-12-31": "1096.00000", "2015-09-30": "1104.00000", "2015-06-30": "1258.00000", "2015-03-31": "1160.00000", "2014-12-31": "1124.00000", "2014-09-30": "1105.00000", "2014-06-30": "1214.00000", "2014-03-31": "1117.00000", "2013-12-31": "1102.00000", "2013-09-30": "1104.00000", "2013-06-30": "1159.00000", "2013-03-31": "1180.00000", "2012-12-31": "1113.00000", "2012-09-30": "1111.00000", "2012-06-30": "1253.00000", "2012-03-31": "1175.00000", "2011-12-31": "1042.00000", "2011-09-30": "1095.00000", "2011-06-30": "1200.00000", "2011-03-31": "1065.00000", "2010-12-31": "1270.00000", "2010-09-30": "1033.00000", "2010-06-30": "1155.00000", "2010-03-31": "1043.00000", "2009-12-31": "1023.00000", "2009-09-30": "1040.00000", "2009-06-30": "991.00000", "2009-03-31": "1065.00000", "2008-12-31": "1036.00000", "2008-09-30": "1152.00000", "2008-06-30": "1219.00000", "2008-03-31": "1147.00000", "2007-12-31": "1012.00000", "2007-09-30": "1007.00000", "2007-06-30": "1071.00000", "2007-03-31": "1013.00000", "2006-12-31": "937.00000", "2006-09-30": "959.00000", "2006-06-30": "1080.00000", "2006-03-31": "954.00000", "2005-12-31": "913.00000", "2005-09-30": "918.00000", "2005-06-30": "1005.00000", "2005-03-31": "899.00000"}, "Operating Income": {"2020-12-31": "341.00000", "2020-09-30": "471.00000", "2020-06-30": "394.00000", "2020-03-31": "340.00000", "2019-12-31": "255.00000", "2019-09-30": "285.00000", "2019-06-30": "312.00000", "2019-03-31": "262.00000", "2018-12-31": "255.00000", "2018-09-30": "295.00000", "2018-06-30": "333.00000", "2018-03-31": "259.00000", "2017-12-31": "241.00000", "2017-09-30": "303.00000", "2017-06-30": "321.00000", "2017-03-31": "253.00000", "2016-12-31": "272.00000", "2016-09-30": "281.00000", "2016-06-30": "268.00000", "2016-03-31": "261.00000", "2015-12-31": "249.00000", "2015-09-30": "286.00000", "2015-06-30": "299.00000", "2015-03-31": "241.00000", "2014-12-31": "221.00000", "2014-09-30": "247.00000", "2014-06-30": "283.00000", "2014-03-31": "249.00000", "2013-12-31": "206.00000", "2013-09-30": "239.00000", "2013-06-30": "298.00000", "2013-03-31": "233.00000", "2012-12-31": "212.00000", "2012-09-30": "227.00000", "2012-06-30": "288.00000", "2012-03-31": "226.00000", "2011-12-31": "179.00000", "2011-09-30": "210.00000", "2011-06-30": "282.00000", "2011-03-31": "239.00000", "2010-12-31": "-91.00000", "2010-09-30": "233.00000", "2010-06-30": "274.00000", "2010-03-31": "244.00000", "2009-12-31": "192.00000", "2009-09-30": "263.00000", "2009-06-30": "217.00000", "2009-03-31": "285.00000", "2008-12-31": "180.00000", "2008-09-30": "232.00000", "2008-06-30": "276.00000", "2008-03-31": "206.00000", "2007-12-31": "174.00000", "2007-09-30": "232.00000", "2007-06-30": "273.00000", "2007-03-31": "228.00000", "2006-12-31": "164.00000", "2006-09-30": "202.00000", "2006-06-30": "239.00000", "2006-03-31": "203.00000", "2005-12-31": "151.00000", "2005-09-30": "186.00000", "2005-06-30": "249.00000", "2005-03-31": "187.00000"}, "Total Non-Operating Income/Expense": {"2020-12-31": "-9.00000", "2020-09-30": "55.00000", "2020-06-30": "1.00000", "2020-03-31": "-43.00000", "2019-12-31": "-20.00000", "2019-09-30": "-27.00000", "2019-06-30": "-20.00000", "2019-03-31": "-22.00000", "2018-12-31": "-31.00000", "2018-09-30": "-27.00000", "2018-06-30": "-27.00000", "2018-03-31": "-17.00000", "2017-12-31": "-14.00000", "2017-09-30": "-24.00000", "2017-06-30": "-26.00000", "2017-03-31": "-6.00000", "2016-12-31": "-45.00000", "2016-09-30": "-17.00000", "2016-06-30": "-16.00000", "2016-03-31": "-24.00000", "2015-12-31": "-19.00000", "2015-09-30": "-22.00000", "2015-06-30": "-10.00000", "2015-03-31": "-24.00000", "2014-12-31": "-24.00000", "2014-09-30": "-29.00000", "2014-06-30": "-20.00000", "2014-03-31": "-23.00000", "2013-12-31": "-22.00000", "2013-09-30": "-28.00000", "2013-06-30": "-30.00000", "2013-03-31": "-31.00000", "2012-12-31": "-24.00000", "2012-09-30": "-33.00000", "2012-06-30": "-37.00000", "2012-03-31": "-28.00000", "2011-12-31": "-24.00000", "2011-09-30": "-23.00000", "2011-06-30": "-28.00000", "2011-03-31": "-20.00000", "2010-12-31": "-21.00000", "2010-09-30": "-31.00000", "2010-06-30": "-32.00000", "2010-03-31": "-35.00000", "2009-12-31": "-55.00000", "2009-09-30": "-46.00000", "2009-06-30": "-58.00000", "2009-03-31": "-52.00000", "2008-12-31": "-49.00000", "2008-09-30": "-46.00000", "2008-06-30": "-36.00000", "2008-03-31": "-55.00000", "2007-12-31": "-46.00000", "2007-09-30": "-58.00000", "2007-06-30": "-34.00000", "2007-03-31": "-35.00000", "2006-12-31": "-28.00000", "2006-09-30": "-27.00000", "2006-06-30": "-28.00000", "2006-03-31": "-35.00000", "2005-12-31": "-31.00000", "2005-09-30": "-32.00000", "2005-06-30": "-18.00000", "2005-03-31": "-50.00000"}, "Pre-Tax Income": {"2020-12-31": "332.00000", "2020-09-30": "526.00000", "2020-06-30": "395.00000", "2020-03-31": "297.00000", "2019-12-31": "235.00000", "2019-09-30": "258.00000", "2019-06-30": "292.00000", "2019-03-31": "240.00000", "2018-12-31": "224.00000", "2018-09-30": "268.00000", "2018-06-30": "306.00000", "2018-03-31": "242.00000", "2017-12-31": "227.00000", "2017-09-30": "279.00000", "2017-06-30": "295.00000", "2017-03-31": "247.00000", "2016-12-31": "227.00000", "2016-09-30": "264.00000", "2016-06-30": "252.00000", "2016-03-31": "237.00000", "2015-12-31": "230.00000", "2015-09-30": "264.00000", "2015-06-30": "289.00000", "2015-03-31": "217.00000", "2014-12-31": "197.00000", "2014-09-30": "218.00000", "2014-06-30": "263.00000", "2014-03-31": "226.00000", "2013-12-31": "184.00000", "2013-09-30": "211.00000", "2013-06-30": "268.00000", "2013-03-31": "202.00000", "2012-12-31": "188.00000", "2012-09-30": "194.00000", "2012-06-30": "251.00000", "2012-03-31": "198.00000", "2011-12-31": "155.00000", "2011-09-30": "187.00000", "2011-06-30": "254.00000", "2011-03-31": "219.00000", "2010-12-31": "-112.00000", "2010-09-30": "202.00000", "2010-06-30": "242.00000", "2010-03-31": "209.00000", "2009-12-31": "137.00000", "2009-09-30": "217.00000", "2009-06-30": "159.00000", "2009-03-31": "233.00000", "2008-12-31": "131.00000", "2008-09-30": "186.00000", "2008-06-30": "240.00000", "2008-03-31": "151.00000", "2007-12-31": "128.00000", "2007-09-30": "174.00000", "2007-06-30": "239.00000", "2007-03-31": "193.00000", "2006-12-31": "136.00000", "2006-09-30": "175.00000", "2006-06-30": "211.00000", "2006-03-31": "168.00000", "2005-12-31": "120.00000", "2005-09-30": "154.00000", "2005-06-30": "231.00000", "2005-03-31": "137.00000"}, "Income Taxes": {"2020-12-31": "71.00000", "2020-09-30": "109.00000", "2020-06-30": "85.00000", "2020-03-31": "56.00000", "2019-12-31": "50.00000", "2019-09-30": "55.00000", "2019-06-30": "51.00000", "2019-03-31": "53.00000", "2018-12-31": "42.00000", "2018-09-30": "58.00000", "2018-06-30": "89.00000", "2018-03-31": "61.00000", "2017-12-31": "-6.00000", "2017-09-30": "87.00000", "2017-06-30": "93.00000", "2017-03-31": "75.00000", "2016-12-31": "77.00000", "2016-09-30": "85.00000", "2016-06-30": "87.00000", "2016-03-31": "78.00000", "2015-12-31": "79.00000", "2015-09-30": "91.00000", "2015-06-30": "100.00000", "2015-03-31": "73.00000", "2014-12-31": "69.00000", "2014-09-30": "73.00000", "2014-06-30": "92.00000", "2014-03-31": "75.00000", "2013-12-31": "66.00000", "2013-09-30": "72.00000", "2013-06-30": "85.00000", "2013-03-31": "68.00000", "2012-12-31": "65.00000", "2012-09-30": "61.00000", "2012-06-30": "77.00000", "2012-03-31": "64.00000", "2011-12-31": "50.00000", "2011-09-30": "57.00000", "2011-06-30": "85.00000", "2011-03-31": "78.00000", "2010-12-31": "51.00000", "2010-09-30": "62.00000", "2010-06-30": "92.00000", "2010-03-31": "66.00000", "2009-12-31": "44.00000", "2009-09-30": "77.00000", "2009-06-30": "54.00000", "2009-03-31": "80.00000", "2008-12-31": "45.00000", "2008-09-30": "58.00000", "2008-06-30": "82.00000", "2008-03-31": "51.00000", "2007-12-31": "36.00000", "2007-09-30": "63.00000", "2007-06-30": "75.00000", "2007-03-31": "64.00000", "2006-12-31": "45.00000", "2006-09-30": "63.00000", "2006-06-30": "69.00000", "2006-03-31": "58.00000", "2005-12-31": "37.00000", "2005-09-30": "46.00000", "2005-06-30": "75.00000", "2005-03-31": "21.00000"}, "Income After Taxes": {"2020-12-31": "261.00000", "2020-09-30": "417.00000", "2020-06-30": "310.00000", "2020-03-31": "241.00000", "2019-12-31": "185.00000", "2019-09-30": "203.00000", "2019-06-30": "241.00000", "2019-03-31": "187.00000", "2018-12-31": "182.00000", "2018-09-30": "210.00000", "2018-06-30": "217.00000", "2018-03-31": "181.00000", "2017-12-31": "233.00000", "2017-09-30": "192.00000", "2017-06-30": "202.00000", "2017-03-31": "172.00000", "2016-12-31": "150.00000", "2016-09-30": "179.00000", "2016-06-30": "165.00000", "2016-03-31": "159.00000", "2015-12-31": "151.00000", "2015-09-30": "173.00000", "2015-06-30": "189.00000", "2015-03-31": "144.00000", "2014-12-31": "128.00000", "2014-09-30": "145.00000", "2014-06-30": "171.00000", "2014-03-31": "151.00000", "2013-12-31": "118.00000", "2013-09-30": "139.00000", "2013-06-30": "183.00000", "2013-03-31": "134.00000", "2012-12-31": "123.00000", "2012-09-30": "133.00000", "2012-06-30": "174.00000", "2012-03-31": "134.00000", "2011-12-31": "105.00000", "2011-09-30": "130.00000", "2011-06-30": "169.00000", "2011-03-31": "141.00000", "2010-12-31": "-163.00000", "2010-09-30": "140.00000", "2010-06-30": "150.00000", "2010-03-31": "143.00000", "2009-12-31": "93.00000", "2009-09-30": "140.00000", "2009-06-30": "105.00000", "2009-03-31": "153.00000", "2008-12-31": "86.00000", "2008-09-30": "128.00000", "2008-06-30": "158.00000", "2008-03-31": "100.00000", "2007-12-31": "92.00000", "2007-09-30": "111.00000", "2007-06-30": "164.00000", "2007-03-31": "129.00000", "2006-12-31": "91.00000", "2006-09-30": "112.00000", "2006-06-30": "142.00000", "2006-03-31": "110.00000", "2005-12-31": "83.00000", "2005-09-30": "108.00000", "2005-06-30": "156.00000", "2005-03-31": "116.00000"}, "Other Income": {"2020-12-31": "", "2020-09-30": "", "2020-06-30": "", "2020-03-31": "", "2019-12-31": "", "2019-09-30": "", "2019-06-30": "", "2019-03-31": "", "2018-12-31": "", "2018-09-30": "", "2018-06-30": "", "2018-03-31": "", "2017-12-31": "", "2017-09-30": "", "2017-06-30": "", "2017-03-31": "", "2016-12-31": "", "2016-09-30": "", "2016-06-30": "", "2016-03-31": "", "2015-12-31": "", "2015-09-30": "", "2015-06-30": "", "2015-03-31": "", "2014-12-31": "", "2014-09-30": "", "2014-06-30": "", "2014-03-31": "", "2013-12-31": "", "2013-09-30": "", "2013-06-30": "", "2013-03-31": "", "2012-12-31": "", "2012-09-30": "", "2012-06-30": "", "2012-03-31": "", "2011-12-31": "", "2011-09-30": "", "2011-06-30": "", "2011-03-31": "", "2010-12-31": "", "2010-09-30": "", "2010-06-30": "", "2010-03-31": "", "2009-12-31": "", "2009-09-30": "", "2009-06-30": "", "2009-03-31": "", "2008-12-31": "", "2008-09-30": "", "2008-06-30": "", "2008-03-31": "", "2007-12-31": "", "2007-09-30": "", "2007-06-30": "", "2007-03-31": "", "2006-12-31": "", "2006-09-30": "", "2006-06-30": "", "2006-03-31": "", "2005-12-31": "", "2005-09-30": "", "2005-06-30": "", "2005-03-31": ""}, "Income From Continuous Operations": {"2020-12-31": "261.00000", "2020-09-30": "417.00000", "2020-06-30": "310.00000", "2020-03-31": "241.00000", "2019-12-31": "185.00000", "2019-09-30": "203.00000", "2019-06-30": "241.00000", "2019-03-31": "187.00000", "2018-12-31": "182.00000", "2018-09-30": "210.00000", "2018-06-30": "217.00000", "2018-03-31": "181.00000", "2017-12-31": "233.00000", "2017-09-30": "192.00000", "2017-06-30": "202.00000", "2017-03-31": "172.00000", "2016-12-31": "150.00000", "2016-09-30": "179.00000", "2016-06-30": "165.00000", "2016-03-31": "159.00000", "2015-12-31": "151.00000", "2015-09-30": "173.00000", "2015-06-30": "189.00000", "2015-03-31": "144.00000", "2014-12-31": "128.00000", "2014-09-30": "145.00000", "2014-06-30": "171.00000", "2014-03-31": "151.00000", "2013-12-31": "118.00000", "2013-09-30": "139.00000", "2013-06-30": "183.00000", "2013-03-31": "134.00000", "2012-12-31": "123.00000", "2012-09-30": "133.00000", "2012-06-30": "174.00000", "2012-03-31": "134.00000", "2011-12-31": "105.00000", "2011-09-30": "130.00000", "2011-06-30": "169.00000", "2011-03-31": "141.00000", "2010-12-31": "-163.00000", "2010-09-30": "140.00000", "2010-06-30": "150.00000", "2010-03-31": "143.00000", "2009-12-31": "93.00000", "2009-09-30": "140.00000", "2009-06-30": "105.00000", "2009-03-31": "153.00000", "2008-12-31": "86.00000", "2008-09-30": "128.00000", "2008-06-30": "158.00000", "2008-03-31": "100.00000", "2007-12-31": "92.00000", "2007-09-30": "111.00000", "2007-06-30": "164.00000", "2007-03-31": "129.00000", "2006-12-31": "91.00000", "2006-09-30": "112.00000", "2006-06-30": "142.00000", "2006-03-31": "110.00000", "2005-12-31": "83.00000", "2005-09-30": "108.00000", "2005-06-30": "156.00000", "2005-03-31": "116.00000"}, "Income From Discontinued Operations": {"2020-12-31": "", "2020-09-30": "", "2020-06-30": "", "2020-03-31": "", "2019-12-31": "", "2019-09-30": "", "2019-06-30": "", "2019-03-31": "", "2018-12-31": "", "2018-09-30": "", "2018-06-30": "", "2018-03-31": "", "2017-12-31": "", "2017-09-30": "", "2017-06-30": "-1.00000", "2017-03-31": "", "2016-12-31": "-1.00000", "2016-09-30": "", "2016-06-30": "", "2016-03-31": "3.00000", "2015-12-31": "-2.00000", "2015-09-30": "-1.00000", "2015-06-30": "2.00000", "2015-03-31": "30.00000", "2014-12-31": "-3.00000", "2014-09-30": "-55.00000", "2014-06-30": "-1.00000", "2014-03-31": "-14.00000", "2013-12-31": "-3.00000", "2013-09-30": "-3.00000", "2013-06-30": "", "2013-03-31": "-1.00000", "2012-12-31": "0.00000", "2012-09-30": "", "2012-06-30": "", "2012-03-31": "-2.00000", "2011-12-31": "", "2011-09-30": "", "2011-06-30": "", "2011-03-31": "10.00000", "2010-12-31": "184.00000", "2010-09-30": "76.00000", "2010-06-30": "21.00000", "2010-03-31": "22.00000", "2009-12-31": "17.00000", "2009-09-30": "17.00000", "2009-06-30": "", "2009-03-31": "", "2008-12-31": "", "2008-09-30": "", "2008-06-30": "", "2008-03-31": "", "2007-12-31": "", "2007-09-30": "", "2007-06-30": "", "2007-03-31": "", "2006-12-31": "5.00000", "2006-09-30": "", "2006-06-30": "", "2006-03-31": "", "2005-12-31": "", "2005-09-30": "1.00000", "2005-06-30": "", "2005-03-31": "2.00000"}, "Net Income": {"2020-12-31": "259.00000", "2020-09-30": "415.00000", "2020-06-30": "310.00000", "2020-03-31": "241.00000", "2019-12-31": "185.00000", "2019-09-30": "203.00000", "2019-06-30": "241.00000", "2019-03-31": "187.00000", "2018-12-31": "182.00000", "2018-09-30": "210.00000", "2018-06-30": "217.00000", "2018-03-31": "181.00000", "2017-12-31": "233.00000", "2017-09-30": "192.00000", "2017-06-30": "201.00000", "2017-03-31": "172.00000", "2016-12-31": "149.00000", "2016-09-30": "179.00000", "2016-06-30": "165.00000", "2016-03-31": "162.00000", "2015-12-31": "149.00000", "2015-09-30": "172.00000", "2015-06-30": "191.00000", "2015-03-31": "174.00000", "2014-12-31": "125.00000", "2014-09-30": "90.00000", "2014-06-30": "170.00000", "2014-03-31": "137.00000", "2013-12-31": "115.00000", "2013-09-30": "136.00000", "2013-06-30": "183.00000", "2013-03-31": "133.00000", "2012-12-31": "123.00000", "2012-09-30": "133.00000", "2012-06-30": "174.00000", "2012-03-31": "132.00000", "2011-12-31": "105.00000", "2011-09-30": "130.00000", "2011-06-30": "167.00000", "2011-03-31": "151.00000", "2010-12-31": "21.00000", "2010-09-30": "216.00000", "2010-06-30": "168.00000", "2010-03-31": "165.00000", "2009-12-31": "110.00000", "2009-09-30": "157.00000", "2009-06-30": "169.00000", "2009-03-31": "151.00000", "2008-12-31": "86.00000", "2008-09-30": "126.00000", "2008-06-30": "158.00000", "2008-03-31": "100.00000", "2007-12-31": "92.00000", "2007-09-30": "111.00000", "2007-06-30": "164.00000", "2007-03-31": "129.00000", "2006-12-31": "96.00000", "2006-09-30": "112.00000", "2006-06-30": "142.00000", "2006-03-31": "110.00000", "2005-12-31": "83.00000", "2005-09-30": "109.00000", "2005-06-30": "156.00000", "2005-03-31": "118.00000"}, "EBITDA": {"2020-12-31": "394.00000", "2020-09-30": "522.00000", "2020-06-30": "441.00000", "2020-03-31": "385.00000", "2019-12-31": "299.00000", "2019-09-30": "329.00000", "2019-06-30": "359.00000", "2019-03-31": "307.00000", "2018-12-31": "299.00000", "2018-09-30": "339.00000", "2018-06-30": "378.00000", "2018-03-31": "299.00000", "2017-12-31": "282.00000", "2017-09-30": "343.00000", "2017-06-30": "363.00000", "2017-03-31": "292.00000", "2016-12-31": "313.00000", "2016-09-30": "322.00000", "2016-06-30": "311.00000", "2016-03-31": "301.00000", "2015-12-31": "290.00000", "2015-09-30": "327.00000", "2015-06-30": "342.00000", "2015-03-31": "282.00000", "2014-12-31": "263.00000", "2014-09-30": "290.00000", "2014-06-30": "329.00000", "2014-03-31": "292.00000", "2013-12-31": "251.00000", "2013-09-30": "282.00000", "2013-06-30": "342.00000", "2013-03-31": "279.00000", "2012-12-31": "258.00000", "2012-09-30": "271.00000", "2012-06-30": "333.00000", "2012-03-31": "270.00000", "2011-12-31": "222.00000", "2011-09-30": "256.00000", "2011-06-30": "325.00000", "2011-03-31": "281.00000", "2010-12-31": "210.00000", "2010-09-30": "278.00000", "2010-06-30": "319.00000", "2010-03-31": "288.00000", "2009-12-31": "238.00000", "2009-09-30": "311.00000", "2009-06-30": "263.00000", "2009-03-31": "334.00000", "2008-12-31": "226.00000", "2008-09-30": "279.00000", "2008-06-30": "327.00000", "2008-03-31": "262.00000", "2007-12-31": "224.00000", "2007-09-30": "280.00000", "2007-06-30": "322.00000", "2007-03-31": "276.00000", "2006-12-31": "213.00000", "2006-09-30": "248.00000", "2006-06-30": "289.00000", "2006-03-31": "249.00000", "2005-12-31": "198.00000", "2005-09-30": "231.00000", "2005-06-30": "295.00000", "2005-03-31": "233.00000"}, "EBIT": {"2020-12-31": "341.00000", "2020-09-30": "471.00000", "2020-06-30": "394.00000", "2020-03-31": "340.00000", "2019-12-31": "255.00000", "2019-09-30": "285.00000", "2019-06-30": "312.00000", "2019-03-31": "262.00000", "2018-12-31": "255.00000", "2018-09-30": "295.00000", "2018-06-30": "333.00000", "2018-03-31": "259.00000", "2017-12-31": "241.00000", "2017-09-30": "303.00000", "2017-06-30": "321.00000", "2017-03-31": "253.00000", "2016-12-31": "272.00000", "2016-09-30": "281.00000", "2016-06-30": "268.00000", "2016-03-31": "261.00000", "2015-12-31": "249.00000", "2015-09-30": "286.00000", "2015-06-30": "299.00000", "2015-03-31": "241.00000", "2014-12-31": "221.00000", "2014-09-30": "247.00000", "2014-06-30": "283.00000", "2014-03-31": "249.00000", "2013-12-31": "206.00000", "2013-09-30": "239.00000", "2013-06-30": "298.00000", "2013-03-31": "233.00000", "2012-12-31": "212.00000", "2012-09-30": "227.00000", "2012-06-30": "288.00000", "2012-03-31": "226.00000", "2011-12-31": "179.00000", "2011-09-30": "210.00000", "2011-06-30": "282.00000", "2011-03-31": "239.00000", "2010-12-31": "-91.00000", "2010-09-30": "233.00000", "2010-06-30": "274.00000", "2010-03-31": "244.00000", "2009-12-31": "192.00000", "2009-09-30": "263.00000", "2009-06-30": "217.00000", "2009-03-31": "285.00000", "2008-12-31": "180.00000", "2008-09-30": "232.00000", "2008-06-30": "276.00000", "2008-03-31": "206.00000", "2007-12-31": "174.00000", "2007-09-30": "232.00000", "2007-06-30": "273.00000", "2007-03-31": "228.00000", "2006-12-31": "164.00000", "2006-09-30": "202.00000", "2006-06-30": "239.00000", "2006-03-31": "203.00000", "2005-12-31": "151.00000", "2005-09-30": "186.00000", "2005-06-30": "249.00000", "2005-03-31": "187.00000"}, "Basic Shares Outstanding": {"2020-12-31": "126.21600", "2020-09-30": "126.34600", "2020-06-30": "125.82800", "2020-03-31": "125.66100", "2019-12-31": "125.44000", "2019-09-30": "125.82300", "2019-06-30": "127.73400", "2019-03-31": "128.40400", "2018-12-31": "128.06800", "2018-09-30": "127.80300", "2018-06-30": "129.29300", "2018-03-31": "129.69400", "2017-12-31": "129.35900", "2017-09-30": "129.01900", "2017-06-30": "128.95300", "2017-03-31": "128.75200", "2016-12-31": "128.49700", "2016-09-30": "129.44900", "2016-06-30": "129.47200", "2016-03-31": "129.69000", "2015-12-31": "129.54300", "2015-09-30": "129.15500", "2015-06-30": "130.31000", "2015-03-31": "131.83300", "2014-12-31": "130.55500", "2014-09-30": "129.31200", "2014-06-30": "129.55800", "2014-03-31": "129.31800", "2013-12-31": "129.83600", "2013-09-30": "130.07400", "2013-06-30": "131.07500", "2013-03-31": "131.61900", "2012-12-31": "130.99100", "2012-09-30": "130.26800", "2012-06-30": "130.85200", "2012-03-31": "130.26600", "2011-12-31": "131.11200", "2011-09-30": "131.96800", "2011-06-30": "136.69900", "2011-03-31": "136.36400", "2010-12-31": "138.67800", "2010-09-30": "139.47500", "2010-06-30": "140.27200", "2010-03-31": "140.76400", "2009-12-31": "140.30300", "2009-09-30": "139.74300", "2009-06-30": "139.01500", "2009-03-31": "139.21300", "2008-12-31": "139.08600", "2008-09-30": "138.45700", "2008-06-30": "139.63300", "2008-03-31": "138.00800", "2007-12-31": "138.75000", "2007-09-30": "143.77800", "2007-06-30": "151.44500", "2007-03-31": "151.46900", "2006-12-31": "151.41300", "2006-09-30": "151.14300", "2006-06-30": "150.54500", "2006-03-31": "150.36400", "2005-12-31": "150.08000", "2005-09-30": "150.83500", "2005-06-30": "176.58600", "2005-03-31": "153.50200"}, "Shares Outstanding": {"2020-12-31": "128.13500", "2020-09-30": "128.72900", "2020-06-30": "127.67100", "2020-03-31": "127.32800", "2019-12-31": "126.87900", "2019-09-30": "127.46500", "2019-06-30": "129.79200", "2019-03-31": "130.26600", "2018-12-31": "130.09400", "2018-09-30": "129.94600", "2018-06-30": "131.58100", "2018-03-31": "131.90000", "2017-12-31": "131.65500", "2017-09-30": "131.50900", "2017-06-30": "131.56600", "2017-03-31": "131.36200", "2016-12-31": "130.77500", "2016-09-30": "132.19300", "2016-06-30": "131.71700", "2016-03-31": "131.64700", "2015-12-31": "131.54600", "2015-09-30": "131.22000", "2015-06-30": "132.77600", "2015-03-31": "134.11500", "2014-12-31": "132.81900", "2014-09-30": "131.36900", "2014-06-30": "131.74200", "2014-03-31": "131.55500", "2013-12-31": "132.27800", "2013-09-30": "132.23700", "2013-06-30": "132.96900", "2013-03-31": "133.47500", "2012-12-31": "132.44400", "2012-09-30": "131.70200", "2012-06-30": "132.31000", "2012-03-31": "131.60700", "2011-12-31": "132.35800", "2011-09-30": "133.61100", "2011-06-30": "138.10100", "2011-03-31": "137.68900", "2010-12-31": "138.67800", "2010-09-30": "140.93200", "2010-06-30": "141.53400", "2010-03-31": "142.01400", "2009-12-31": "141.52800", "2009-09-30": "140.86100", "2009-06-30": "140.16900", "2009-03-31": "140.00200", "2008-12-31": "140.34900", "2008-09-30": "139.86000", "2008-06-30": "141.19700", "2008-03-31": "140.30000", "2007-12-31": "141.02600", "2007-09-30": "146.12700", "2007-06-30": "153.93500", "2007-03-31": "153.97000", "2006-12-31": "153.88500", "2006-09-30": "153.56800", "2006-06-30": "153.00100", "2006-03-31": "152.90500", "2005-12-31": "152.26400", "2005-09-30": "152.88200", "2005-06-30": "179.17600", "2005-03-31": "156.10400"}, "Basic EPS": {"2020-12-31": "2.06000", "2020-09-30": "3.28000", "2020-06-30": "2.45000", "2020-03-31": "1.92000", "2019-12-31": "1.48000", "2019-09-30": "1.61000", "2019-06-30": "1.89000", "2019-03-31": "1.46000", "2018-12-31": "1.42000", "2018-09-30": "1.65000", "2018-06-30": "1.68000", "2018-03-31": "1.39000", "2017-12-31": "1.81000", "2017-09-30": "1.49000", "2017-06-30": "1.54000", "2017-03-31": "1.34000", "2016-12-31": "1.16000", "2016-09-30": "1.39000", "2016-06-30": "1.28000", "2016-03-31": "1.25000", "2015-12-31": "1.15000", "2015-09-30": "1.33000", "2015-06-30": "1.48000", "2015-03-31": "1.31000", "2014-12-31": "0.96000", "2014-09-30": "0.70000", "2014-06-30": "1.33000", "2014-03-31": "1.05000", "2013-12-31": "0.89000", "2013-09-30": "1.04000", "2013-06-30": "1.40000", "2013-03-31": "1.01000", "2012-12-31": "0.94000", "2012-09-30": "1.02000", "2012-06-30": "1.34000", "2012-03-31": "1.02000", "2011-12-31": "0.79000", "2011-09-30": "0.99000", "2011-06-30": "1.27000", "2011-03-31": "1.10000", "2010-12-31": "0.15000", "2010-09-30": "1.54000", "2010-06-30": "1.21000", "2010-03-31": "1.17000", "2009-12-31": "0.78000", "2009-09-30": "1.12000", "2009-06-30": "1.21000", "2009-03-31": "1.08000", "2008-12-31": "0.62000", "2008-09-30": "0.91000", "2008-06-30": "1.12000", "2008-03-31": "0.72000", "2007-12-31": "0.66000", "2007-09-30": "0.77000", "2007-06-30": "1.09000", "2007-03-31": "0.85000", "2006-12-31": "0.63000", "2006-09-30": "0.74000", "2006-06-30": "0.94000", "2006-03-31": "0.73000", "2005-12-31": "0.56000", "2005-09-30": "0.72000", "2005-06-30": "1.12000", "2005-03-31": "0.77000"}, "EPS - Earnings Per Share": {"2020-12-31": "2.03000", "2020-09-30": "3.22000", "2020-06-30": "2.42000", "2020-03-31": "1.89000", "2019-12-31": "1.46000", "2019-09-30": "1.59000", "2019-06-30": "1.86000", "2019-03-31": "1.44000", "2018-12-31": "1.40000", "2018-09-30": "1.62000", "2018-06-30": "1.66000", "2018-03-31": "1.37000", "2017-12-31": "1.77000", "2017-09-30": "1.46000", "2017-06-30": "1.52000", "2017-03-31": "1.31000", "2016-12-31": "1.14000", "2016-09-30": "1.36000", "2016-06-30": "1.25000", "2016-03-31": "1.23000", "2015-12-31": "1.13000", "2015-09-30": "1.31000", "2015-06-30": "1.44000", "2015-03-31": "1.30000", "2014-12-31": "0.95000", "2014-09-30": "0.68000", "2014-06-30": "1.29000", "2014-03-31": "1.04000", "2013-12-31": "0.87000", "2013-09-30": "1.03000", "2013-06-30": "1.36000", "2013-03-31": "1.00000", "2012-12-31": "0.93000", "2012-09-30": "1.01000", "2012-06-30": "1.31000", "2012-03-31": "1.01000", "2011-12-31": "0.79000", "2011-09-30": "0.98000", "2011-06-30": "1.26000", "2011-03-31": "1.09000", "2010-12-31": "0.15000", "2010-09-30": "1.52000", "2010-06-30": "1.20000", "2010-03-31": "1.16000", "2009-12-31": "0.77000", "2009-09-30": "1.11000", "2009-06-30": "1.20000", "2009-03-31": "1.08000", "2008-12-31": "0.61000", "2008-09-30": "0.90000", "2008-06-30": "1.11000", "2008-03-31": "0.71000", "2007-12-31": "0.65000", "2007-09-30": "0.76000", "2007-06-30": "1.07000", "2007-03-31": "0.84000", "2006-12-31": "0.62000", "2006-09-30": "0.73000", "2006-06-30": "0.92000", "2006-03-31": "0.72000", "2005-12-31": "0.55000", "2005-09-30": "0.71000", "2005-06-30": "1.10000", "2005-03-31": "0.76000"}}, "balance sheet": {"Cash On Hand": {"2020-06-30": "871.00000", "2019-06-30": "111.00000", "2018-06-30": "131.00000", "2017-06-30": "418.00000", "2016-06-30": "401.00000", "2015-06-30": "382.00000", "2014-06-30": "329.00000", "2013-06-30": "299.00000", "2012-06-30": "267.00000", "2011-06-30": "259.00000", "2010-06-30": "87.00000", "2009-06-30": "206.00000", "2008-06-30": "214.00000", "2007-06-30": "182.00000", "2006-06-30": "192.00000", "2005-06-30": "293.00000"}, "Receivables": {"2020-06-30": "648.00000", "2019-06-30": "631.00000", "2018-06-30": "600.00000", "2017-06-30": "565.00000", "2016-06-30": "569.00000", "2015-06-30": "519.00000", "2014-06-30": "546.00000", "2013-06-30": "580.00000", "2012-06-30": "576.00000", "2011-06-30": "525.00000", "2010-06-30": "540.00000", "2009-06-30": "486.00000", "2008-06-30": "505.00000", "2007-06-30": "460.00000", "2006-06-30": "435.00000", "2005-06-30": "411.00000"}, "Inventory": {"2020-06-30": "454.00000", "2019-06-30": "512.00000", "2018-06-30": "506.00000", "2017-06-30": "459.00000", "2016-06-30": "443.00000", "2015-06-30": "385.00000", "2014-06-30": "386.00000", "2013-06-30": "394.00000", "2012-06-30": "384.00000", "2011-06-30": "382.00000", "2010-06-30": "332.00000", "2009-06-30": "366.00000", "2008-06-30": "384.00000", "2007-06-30": "309.00000", "2006-06-30": "292.00000", "2005-06-30": "323.00000"}, "Pre-Paid Expenses": {"2020-06-30": "47.00000", "2019-06-30": "51.00000", "2018-06-30": "74.00000", "2017-06-30": "72.00000", "2016-06-30": "72.00000", "2015-06-30": "", "2014-06-30": "", "2013-06-30": "", "2012-06-30": "", "2011-06-30": "", "2010-06-30": "", "2009-06-30": "", "2008-06-30": "", "2007-06-30": "", "2006-06-30": "", "2005-06-30": ""}, "Other Current Assets": {"2020-06-30": "", "2019-06-30": "", "2018-06-30": "", "2017-06-30": "", "2016-06-30": "", "2015-06-30": "143.00000", "2014-06-30": "134.00000", "2013-06-30": "147.00000", "2012-06-30": "149.00000", "2011-06-30": "113.00000", "2010-06-30": "530.00000", "2009-06-30": "122.00000", "2008-06-30": "150.00000", "2007-06-30": "81.00000", "2006-06-30": "88.00000", "2005-06-30": "63.00000"}, "Total Current Assets": {"2020-06-30": "2020.00000", "2019-06-30": "1305.00000", "2018-06-30": "1311.00000", "2017-06-30": "1514.00000", "2016-06-30": "1485.00000", "2015-06-30": "1429.00000", "2014-06-30": "1395.00000", "2013-06-30": "1420.00000", "2012-06-30": "1376.00000", "2011-06-30": "1279.00000", "2010-06-30": "1489.00000", "2009-06-30": "1180.00000", "2008-06-30": "1253.00000", "2007-06-30": "1032.00000", "2006-06-30": "1007.00000", "2005-06-30": "1090.00000"}, "Property, Plant, And Equipment": {"2020-06-30": "1103.00000", "2019-06-30": "1034.00000", "2018-06-30": "996.00000", "2017-06-30": "931.00000", "2016-06-30": "906.00000", "2015-06-30": "918.00000", "2014-06-30": "977.00000", "2013-06-30": "1021.00000", "2012-06-30": "1081.00000", "2011-06-30": "1039.00000", "2010-06-30": "966.00000", "2009-06-30": "955.00000", "2008-06-30": "960.00000", "2007-06-30": "976.00000", "2006-06-30": "1004.00000", "2005-06-30": "999.00000"}, "Long-Term Investments": {"2020-06-30": "", "2019-06-30": "", "2018-06-30": "", "2017-06-30": "", "2016-06-30": "", "2015-06-30": "", "2014-06-30": "", "2013-06-30": "", "2012-06-30": "", "2011-06-30": "", "2010-06-30": "", "2009-06-30": "", "2008-06-30": "", "2007-06-30": "", "2006-06-30": "", "2005-06-30": ""}, "Goodwill And Intangible Assets": {"2020-06-30": "2471.00000", "2019-06-30": "2503.00000", "2018-06-30": "2531.00000", "2017-06-30": "1918.00000", "2016-06-30": "1932.00000", "2015-06-30": "1652.00000", "2014-06-30": "1712.00000", "2013-06-30": "1732.00000", "2012-06-30": "1754.00000", "2011-06-30": "1703.00000", "2010-06-30": "1949.00000", "2009-06-30": "2292.00000", "2008-06-30": "2341.00000", "2007-06-30": "1373.00000", "2006-06-30": "1348.00000", "2005-06-30": "1342.00000"}, "Other Long-Term Assets": {"2020-06-30": "328.00000", "2019-06-30": "274.00000", "2018-06-30": "222.00000", "2017-06-30": "210.00000", "2016-06-30": "187.00000", "2015-06-30": "165.00000", "2014-06-30": "174.00000", "2013-06-30": "138.00000", "2012-06-30": "144.00000", "2011-06-30": "142.00000", "2010-06-30": "144.00000", "2009-06-30": "149.00000", "2008-06-30": "158.00000", "2007-06-30": "200.00000", "2006-06-30": "257.00000", "2005-06-30": "186.00000"}, "Total Long-Term Assets": {"2020-06-30": "4193.00000", "2019-06-30": "3811.00000", "2018-06-30": "3749.00000", "2017-06-30": "3059.00000", "2016-06-30": "3025.00000", "2015-06-30": "2735.00000", "2014-06-30": "2863.00000", "2013-06-30": "2891.00000", "2012-06-30": "2979.00000", "2011-06-30": "2884.00000", "2010-06-30": "3059.00000", "2009-06-30": "3396.00000", "2008-06-30": "3459.00000", "2007-06-30": "2549.00000", "2006-06-30": "2609.00000", "2005-06-30": "2527.00000"}, "Total Assets": {"2020-06-30": "6213.00000", "2019-06-30": "5116.00000", "2018-06-30": "5060.00000", "2017-06-30": "4573.00000", "2016-06-30": "4510.00000", "2015-06-30": "4164.00000", "2014-06-30": "4258.00000", "2013-06-30": "4311.00000", "2012-06-30": "4355.00000", "2011-06-30": "4163.00000", "2010-06-30": "4548.00000", "2009-06-30": "4576.00000", "2008-06-30": "4712.00000", "2007-06-30": "3581.00000", "2006-06-30": "3616.00000", "2005-06-30": "3617.00000"}, "Total Current Liabilities": {"2020-06-30": "1418.00000", "2019-06-30": "1440.00000", "2018-06-30": "1200.00000", "2017-06-30": "1809.00000", "2016-06-30": "1558.00000", "2015-06-30": "1405.00000", "2014-06-30": "1638.00000", "2013-06-30": "1134.00000", "2012-06-30": "2061.00000", "2011-06-30": "1365.00000", "2010-06-30": "1645.00000", "2009-06-30": "1937.00000", "2008-06-30": "1665.00000", "2007-06-30": "1427.00000", "2006-06-30": "1130.00000", "2005-06-30": "1348.00000"}, "Long Term Debt": {"2020-06-30": "2780.00000", "2019-06-30": "2287.00000", "2018-06-30": "2284.00000", "2017-06-30": "1391.00000", "2016-06-30": "1789.00000", "2015-06-30": "1796.00000", "2014-06-30": "1595.00000", "2013-06-30": "2170.00000", "2012-06-30": "1571.00000", "2011-06-30": "2125.00000", "2010-06-30": "2124.00000", "2009-06-30": "2151.00000", "2008-06-30": "2720.00000", "2007-06-30": "1462.00000", "2006-06-30": "1966.00000", "2005-06-30": "2122.00000"}, "Other Non-Current Liabilities": {"2020-06-30": "767.00000", "2019-06-30": "780.00000", "2018-06-30": "778.00000", "2017-06-30": "770.00000", "2016-06-30": "784.00000", "2015-06-30": "750.00000", "2014-06-30": "768.00000", "2013-06-30": "742.00000", "2012-06-30": "739.00000", "2011-06-30": "619.00000", "2010-06-30": "677.00000", "2009-06-30": "640.00000", "2008-06-30": "632.00000", "2007-06-30": "516.00000", "2006-06-30": "547.00000", "2005-06-30": "618.00000"}, "Total Long Term Liabilities": {"2020-06-30": "3887.00000", "2019-06-30": "3117.00000", "2018-06-30": "3134.00000", "2017-06-30": "2222.00000", "2016-06-30": "2655.00000", "2015-06-30": "2641.00000", "2014-06-30": "2466.00000", "2013-06-30": "3031.00000", "2012-06-30": "2429.00000", "2011-06-30": "2884.00000", "2010-06-30": "2820.00000", "2009-06-30": "2814.00000", "2008-06-30": "3417.00000", "2007-06-30": "1983.00000", "2006-06-30": "2642.00000", "2005-06-30": "2822.00000"}, "Total Liabilities": {"2020-06-30": "5305.00000", "2019-06-30": "4557.00000", "2018-06-30": "4334.00000", "2017-06-30": "4031.00000", "2016-06-30": "4213.00000", "2015-06-30": "4046.00000", "2014-06-30": "4104.00000", "2013-06-30": "4165.00000", "2012-06-30": "4490.00000", "2011-06-30": "4249.00000", "2010-06-30": "4465.00000", "2009-06-30": "4751.00000", "2008-06-30": "5082.00000", "2007-06-30": "3410.00000", "2006-06-30": "3772.00000", "2005-06-30": "4170.00000"}, "Common Stock Net": {"2020-06-30": "159.00000", "2019-06-30": "159.00000", "2018-06-30": "159.00000", "2017-06-30": "159.00000", "2016-06-30": "159.00000", "2015-06-30": "159.00000", "2014-06-30": "159.00000", "2013-06-30": "159.00000", "2012-06-30": "159.00000", "2011-06-30": "159.00000", "2010-06-30": "159.00000", "2009-06-30": "159.00000", "2008-06-30": "159.00000", "2007-06-30": "159.00000", "2006-06-30": "250.00000", "2005-06-30": "250.00000"}, "Retained Earnings (Accumulated Deficit)": {"2020-06-30": "3567.00000", "2019-06-30": "3150.00000", "2018-06-30": "2797.00000", "2017-06-30": "2440.00000", "2016-06-30": "2163.00000", "2015-06-30": "1923.00000", "2014-06-30": "1739.00000", "2013-06-30": "1561.00000", "2012-06-30": "1350.00000", "2011-06-30": "1143.00000", "2010-06-30": "920.00000", "2009-06-30": "640.00000", "2008-06-30": "386.00000", "2007-06-30": "185.00000", "2006-06-30": "3939.00000", "2005-06-30": "3684.00000"}, "Comprehensive Income": {"2020-06-30": "-640.00000", "2019-06-30": "-602.00000", "2018-06-30": "-547.00000", "2017-06-30": "-543.00000", "2016-06-30": "-570.00000", "2015-06-30": "-502.00000", "2014-06-30": "-417.00000", "2013-06-30": "-367.00000", "2012-06-30": "-396.00000", "2011-06-30": "-250.00000", "2010-06-30": "-371.00000", "2009-06-30": "-347.00000", "2008-06-30": "-179.00000", "2007-06-30": "-209.00000", "2006-06-30": "-215.00000", "2005-06-30": "-336.00000"}, "Other Share Holders Equity": {"2020-06-30": "", "2019-06-30": "", "2018-06-30": "", "2017-06-30": "", "2016-06-30": "", "2015-06-30": "", "2014-06-30": "", "2013-06-30": "", "2012-06-30": "", "2011-06-30": "", "2010-06-30": "", "2009-06-30": "", "2008-06-30": "", "2007-06-30": "", "2006-06-30": "", "2005-06-30": ""}, "Share Holder Equity": {"2020-06-30": "908.00000", "2019-06-30": "559.00000", "2018-06-30": "726.00000", "2017-06-30": "542.00000", "2016-06-30": "297.00000", "2015-06-30": "118.00000", "2014-06-30": "154.00000", "2013-06-30": "146.00000", "2012-06-30": "-135.00000", "2011-06-30": "-86.00000", "2010-06-30": "83.00000", "2009-06-30": "-175.00000", "2008-06-30": "-370.00000", "2007-06-30": "171.00000", "2006-06-30": "-156.00000", "2005-06-30": "-553.00000"}, "Total Liabilities And Share Holders Equity": {"2020-06-30": "6213.00000", "2019-06-30": "5116.00000", "2018-06-30": "5060.00000", "2017-06-30": "4573.00000", "2016-06-30": "4510.00000", "2015-06-30": "4164.00000", "2014-06-30": "4258.00000", "2013-06-30": "4311.00000", "2012-06-30": "4355.00000", "2011-06-30": "4163.00000", "2010-06-30": "4548.00000", "2009-06-30": "4576.00000", "2008-06-30": "4712.00000", "2007-06-30": "3581.00000", "2006-06-30": "3616.00000", "2005-06-30": "3617.00000"}}, "balance sheet, quarterly": {"Cash On Hand": {"2020-12-31": "732.00000", "2020-09-30": "860.00000", "2020-06-30": "871.00000", "2020-03-31": "496.00000", "2019-12-31": "168.00000", "2019-09-30": "150.00000", "2019-06-30": "111.00000", "2019-03-31": "178.00000", "2018-12-31": "162.00000", "2018-09-30": "162.00000", "2018-06-30": "131.00000", "2018-03-31": "1174.00000", "2017-12-31": "489.00000", "2017-09-30": "468.00000", "2017-06-30": "418.00000", "2017-03-31": "431.00000", "2016-12-31": "414.00000", "2016-09-30": "408.00000", "2016-06-30": "401.00000", "2016-03-31": "414.00000", "2015-12-31": "390.00000", "2015-09-30": "383.00000", "2015-06-30": "382.00000", "2015-03-31": "378.00000", "2014-12-31": "819.00000", "2014-09-30": "355.00000", "2014-06-30": "329.00000", "2014-03-31": "364.00000", "2013-12-31": "341.00000", "2013-09-30": "323.00000", "2013-06-30": "299.00000", "2013-03-31": "423.00000", "2012-12-31": "445.00000", "2012-09-30": "667.00000", "2012-06-30": "267.00000", "2012-03-31": "303.00000", "2011-12-31": "297.00000", "2011-09-30": "270.00000", "2011-06-30": "259.00000", "2011-03-31": "153.00000", "2010-12-31": "379.00000", "2010-09-30": "286.00000", "2010-06-30": "87.00000", "2010-03-31": "241.00000", "2009-12-31": "154.00000", "2009-09-30": "237.00000", "2009-06-30": "206.00000", "2009-03-31": "117.00000", "2008-12-31": "97.00000", "2008-09-30": "184.00000", "2008-06-30": "214.00000", "2008-03-31": "282.00000", "2007-12-31": "280.00000", "2007-09-30": "209.00000", "2007-06-30": "182.00000", "2007-03-31": "171.00000", "2006-12-31": "179.00000", "2006-09-30": "174.00000", "2006-06-30": "192.00000", "2006-03-31": "289.00000", "2005-12-31": "273.00000", "2005-09-30": "273.00000", "2005-06-30": "293.00000", "2005-03-31": "293.00000"}, "Receivables": {"2020-12-31": "616.00000", "2020-09-30": "685.00000", "2020-06-30": "648.00000", "2020-03-31": "726.00000", "2019-12-31": "544.00000", "2019-09-30": "556.00000", "2019-06-30": "631.00000", "2019-03-31": "587.00000", "2018-12-31": "528.00000", "2018-09-30": "568.00000", "2018-06-30": "600.00000", "2018-03-31": "595.00000", "2017-12-31": "536.00000", "2017-09-30": "531.00000", "2017-06-30": "565.00000", "2017-03-31": "568.00000", "2016-12-31": "514.00000", "2016-09-30": "494.00000", "2016-06-30": "569.00000", "2016-03-31": "530.00000", "2015-12-31": "474.00000", "2015-09-30": "472.00000", "2015-06-30": "519.00000", "2015-03-31": "528.00000", "2014-12-31": "473.00000", "2014-09-30": "455.00000", "2014-06-30": "546.00000", "2014-03-31": "551.00000", "2013-12-31": "499.00000", "2013-09-30": "506.00000", "2013-06-30": "580.00000", "2013-03-31": "562.00000", "2012-12-31": "511.00000", "2012-09-30": "503.00000", "2012-06-30": "576.00000", "2012-03-31": "557.00000", "2011-12-31": "489.00000", "2011-09-30": "439.00000", "2011-06-30": "525.00000", "2011-03-31": "499.00000", "2010-12-31": "440.00000", "2010-09-30": "480.00000", "2010-06-30": "540.00000", "2010-03-31": "556.00000", "2009-12-31": "423.00000", "2009-09-30": "458.00000", "2009-06-30": "486.00000", "2009-03-31": "457.00000", "2008-12-31": "409.00000", "2008-09-30": "455.00000", "2008-06-30": "505.00000", "2008-03-31": "456.00000", "2007-12-31": "397.00000", "2007-09-30": "408.00000", "2007-06-30": "460.00000", "2007-03-31": "426.00000", "2006-12-31": "393.00000", "2006-09-30": "374.00000", "2006-06-30": "435.00000", "2006-03-31": "386.00000", "2005-12-31": "377.00000", "2005-09-30": "362.00000", "2005-06-30": "411.00000", "2005-03-31": "401.00000"}, "Inventory": {"2020-12-31": "609.00000", "2020-09-30": "534.00000", "2020-06-30": "454.00000", "2020-03-31": "457.00000", "2019-12-31": "514.00000", "2019-09-30": "504.00000", "2019-06-30": "512.00000", "2019-03-31": "556.00000", "2018-12-31": "578.00000", "2018-09-30": "519.00000", "2018-06-30": "506.00000", "2018-03-31": "508.00000", "2017-12-31": "494.00000", "2017-09-30": "462.00000", "2017-06-30": "459.00000", "2017-03-31": "510.00000", "2016-12-31": "501.00000", "2016-09-30": "465.00000", "2016-06-30": "443.00000", "2016-03-31": "460.00000", "2015-12-31": "450.00000", "2015-09-30": "408.00000", "2015-06-30": "385.00000", "2015-03-31": "440.00000", "2014-12-31": "446.00000", "2014-09-30": "397.00000", "2014-06-30": "386.00000", "2014-03-31": "447.00000", "2013-12-31": "466.00000", "2013-09-30": "439.00000", "2013-06-30": "394.00000", "2013-03-31": "454.00000", "2012-12-31": "444.00000", "2012-09-30": "421.00000", "2012-06-30": "384.00000", "2012-03-31": "454.00000", "2011-12-31": "451.00000", "2011-09-30": "407.00000", "2011-06-30": "382.00000", "2011-03-31": "435.00000", "2010-12-31": "412.00000", "2010-09-30": "370.00000", "2010-06-30": "332.00000", "2010-03-31": "423.00000", "2009-12-31": "409.00000", "2009-09-30": "392.00000", "2009-06-30": "366.00000", "2009-03-31": "406.00000", "2008-12-31": "405.00000", "2008-09-30": "421.00000", "2008-06-30": "384.00000", "2008-03-31": "423.00000", "2007-12-31": "421.00000", "2007-09-30": "332.00000", "2007-06-30": "309.00000", "2007-03-31": "346.00000", "2006-12-31": "340.00000", "2006-09-30": "325.00000", "2006-06-30": "292.00000", "2006-03-31": "377.00000", "2005-12-31": "359.00000", "2005-09-30": "344.00000", "2005-06-30": "323.00000", "2005-03-31": "374.00000"}, "Pre-Paid Expenses": {"2020-12-31": "146.00000", "2020-09-30": "65.00000", "2020-06-30": "47.00000", "2020-03-31": "71.00000", "2019-12-31": "77.00000", "2019-09-30": "56.00000", "2019-06-30": "51.00000", "2019-03-31": "72.00000", "2018-12-31": "97.00000", "2018-09-30": "68.00000", "2018-06-30": "74.00000", "2018-03-31": "96.00000", "2017-12-31": "161.00000", "2017-09-30": "59.00000", "2017-06-30": "72.00000", "2017-03-31": "", "2016-12-31": "", "2016-09-30": "", "2016-06-30": "72.00000", "2016-03-31": "", "2015-12-31": "", "2015-09-30": "", "2015-06-30": "", "2015-03-31": "", "2014-12-31": "", "2014-09-30": "", "2014-06-30": "", "2014-03-31": "", "2013-12-31": "", "2013-09-30": "", "2013-06-30": "", "2013-03-31": "", "2012-12-31": "", "2012-09-30": "", "2012-06-30": "", "2012-03-31": "", "2011-12-31": "", "2011-09-30": "", "2011-06-30": "", "2011-03-31": "", "2010-12-31": "", "2010-09-30": "", "2010-06-30": "", "2010-03-31": "", "2009-12-31": "", "2009-09-30": "", "2009-06-30": "", "2009-03-31": "", "2008-12-31": "", "2008-09-30": "", "2008-06-30": "", "2008-03-31": "", "2007-12-31": "", "2007-09-30": "", "2007-06-30": "", "2007-03-31": "", "2006-12-31": "", "2006-09-30": "", "2006-06-30": "", "2006-03-31": "", "2005-12-31": "", "2005-09-30": "", "2005-06-30": "", "2005-03-31": ""}, "Other Current Assets": {"2020-12-31": "", "2020-09-30": "", "2020-06-30": "", "2020-03-31": "", "2019-12-31": "", "2019-09-30": "", "2019-06-30": "", "2019-03-31": "", "2018-12-31": "", "2018-09-30": "", "2018-06-30": "", "2018-03-31": "", "2017-12-31": "", "2017-09-30": "", "2017-06-30": "", "2017-03-31": "94.00000", "2016-12-31": "120.00000", "2016-09-30": "49.00000", "2016-06-30": "", "2016-03-31": "186.00000", "2015-12-31": "176.00000", "2015-09-30": "147.00000", "2015-06-30": "143.00000", "2015-03-31": "149.00000", "2014-12-31": "167.00000", "2014-09-30": "144.00000", "2014-06-30": "134.00000", "2014-03-31": "158.00000", "2013-12-31": "194.00000", "2013-09-30": "152.00000", "2013-06-30": "147.00000", "2013-03-31": "149.00000", "2012-12-31": "152.00000", "2012-09-30": "154.00000", "2012-06-30": "149.00000", "2012-03-31": "128.00000", "2011-12-31": "111.00000", "2011-09-30": "122.00000", "2011-06-30": "113.00000", "2011-03-31": "117.00000", "2010-12-31": "113.00000", "2010-09-30": "585.00000", "2010-06-30": "530.00000", "2010-03-31": "118.00000", "2009-12-31": "117.00000", "2009-09-30": "114.00000", "2009-06-30": "122.00000", "2009-03-31": "132.00000", "2008-12-31": "130.00000", "2008-09-30": "106.00000", "2008-06-30": "150.00000", "2008-03-31": "108.00000", "2007-12-31": "117.00000", "2007-09-30": "115.00000", "2007-06-30": "81.00000", "2007-03-31": "75.00000", "2006-12-31": "67.00000", "2006-09-30": "67.00000", "2006-06-30": "88.00000", "2006-03-31": "67.00000", "2005-12-31": "58.00000", "2005-09-30": "64.00000", "2005-06-30": "63.00000", "2005-03-31": "60.00000"}, "Total Current Assets": {"2020-12-31": "2103.00000", "2020-09-30": "2144.00000", "2020-06-30": "2020.00000", "2020-03-31": "1750.00000", "2019-12-31": "1303.00000", "2019-09-30": "1266.00000", "2019-06-30": "1305.00000", "2019-03-31": "1393.00000", "2018-12-31": "1365.00000", "2018-09-30": "1317.00000", "2018-06-30": "1311.00000", "2018-03-31": "2373.00000", "2017-12-31": "1680.00000", "2017-09-30": "1520.00000", "2017-06-30": "1514.00000", "2017-03-31": "1603.00000", "2016-12-31": "1549.00000", "2016-09-30": "1416.00000", "2016-06-30": "1485.00000", "2016-03-31": "1590.00000", "2015-12-31": "1490.00000", "2015-09-30": "1410.00000", "2015-06-30": "1429.00000", "2015-03-31": "1495.00000", "2014-12-31": "1905.00000", "2014-09-30": "1351.00000", "2014-06-30": "1395.00000", "2014-03-31": "1520.00000", "2013-12-31": "1500.00000", "2013-09-30": "1420.00000", "2013-06-30": "1420.00000", "2013-03-31": "1588.00000", "2012-12-31": "1552.00000", "2012-09-30": "1745.00000", "2012-06-30": "1376.00000", "2012-03-31": "1442.00000", "2011-12-31": "1348.00000", "2011-09-30": "1238.00000", "2011-06-30": "1279.00000", "2011-03-31": "1204.00000", "2010-12-31": "1344.00000", "2010-09-30": "1721.00000", "2010-06-30": "1489.00000", "2010-03-31": "1338.00000", "2009-12-31": "1103.00000", "2009-09-30": "1201.00000", "2009-06-30": "1180.00000", "2009-03-31": "1112.00000", "2008-12-31": "1041.00000", "2008-09-30": "1166.00000", "2008-06-30": "1253.00000", "2008-03-31": "1269.00000", "2007-12-31": "1215.00000", "2007-09-30": "1064.00000", "2007-06-30": "1032.00000", "2007-03-31": "1018.00000", "2006-12-31": "979.00000", "2006-09-30": "940.00000", "2006-06-30": "1007.00000", "2006-03-31": "1119.00000", "2005-12-31": "1067.00000", "2005-09-30": "1043.00000", "2005-06-30": "1090.00000", "2005-03-31": "1128.00000"}, "Property, Plant, And Equipment": {"2020-12-31": "1221.00000", "2020-09-30": "1176.00000", "2020-06-30": "1103.00000", "2020-03-31": "1047.00000", "2019-12-31": "1052.00000", "2019-09-30": "1034.00000", "2019-06-30": "1034.00000", "2019-03-31": "1000.00000", "2018-12-31": "992.00000", "2018-09-30": "988.00000", "2018-06-30": "996.00000", "2018-03-31": "933.00000", "2017-12-31": "935.00000", "2017-09-30": "934.00000", "2017-06-30": "931.00000", "2017-03-31": "903.00000", "2016-12-31": "904.00000", "2016-09-30": "917.00000", "2016-06-30": "906.00000", "2016-03-31": "887.00000", "2015-12-31": "878.00000", "2015-09-30": "885.00000", "2015-06-30": "918.00000", "2015-03-31": "917.00000", "2014-12-31": "933.00000", "2014-09-30": "947.00000", "2014-06-30": "977.00000", "2014-03-31": "970.00000", "2013-12-31": "992.00000", "2013-09-30": "1007.00000", "2013-06-30": "1021.00000", "2013-03-31": "1041.00000", "2012-12-31": "1051.00000", "2012-09-30": "1098.00000", "2012-06-30": "1081.00000", "2012-03-31": "1039.00000", "2011-12-31": "1041.00000", "2011-09-30": "1028.00000", "2011-06-30": "1039.00000", "2011-03-31": "1006.00000", "2010-12-31": "973.00000", "2010-09-30": "965.00000", "2010-06-30": "966.00000", "2010-03-31": "935.00000", "2009-12-31": "937.00000", "2009-09-30": "947.00000", "2009-06-30": "955.00000", "2009-03-31": "931.00000", "2008-12-31": "929.00000", "2008-09-30": "942.00000", "2008-06-30": "960.00000", "2008-03-31": "943.00000", "2007-12-31": "967.00000", "2007-09-30": "966.00000", "2007-06-30": "976.00000", "2007-03-31": "965.00000", "2006-12-31": "985.00000", "2006-09-30": "990.00000", "2006-06-30": "1004.00000", "2006-03-31": "992.00000", "2005-12-31": "993.00000", "2005-09-30": "993.00000", "2005-06-30": "999.00000", "2005-03-31": "979.00000"}, "Long-Term Investments": {"2020-12-31": "", "2020-09-30": "", "2020-06-30": "", "2020-03-31": "", "2019-12-31": "", "2019-09-30": "", "2019-06-30": "", "2019-03-31": "", "2018-12-31": "", "2018-09-30": "", "2018-06-30": "", "2018-03-31": "", "2017-12-31": "", "2017-09-30": "", "2017-06-30": "", "2017-03-31": "", "2016-12-31": "", "2016-09-30": "", "2016-06-30": "", "2016-03-31": "", "2015-12-31": "", "2015-09-30": "", "2015-06-30": "", "2015-03-31": "", "2014-12-31": "", "2014-09-30": "", "2014-06-30": "", "2014-03-31": "", "2013-12-31": "", "2013-09-30": "", "2013-06-30": "", "2013-03-31": "", "2012-12-31": "", "2012-09-30": "", "2012-06-30": "", "2012-03-31": "", "2011-12-31": "", "2011-09-30": "", "2011-06-30": "", "2011-03-31": "", "2010-12-31": "", "2010-09-30": "", "2010-06-30": "", "2010-03-31": "", "2009-12-31": "", "2009-09-30": "", "2009-06-30": "", "2009-03-31": "", "2008-12-31": "", "2008-09-30": "", "2008-06-30": "", "2008-03-31": "", "2007-12-31": "", "2007-09-30": "", "2007-06-30": "", "2007-03-31": "", "2006-12-31": "", "2006-09-30": "", "2006-06-30": "", "2006-03-31": "", "2005-12-31": "", "2005-09-30": "", "2005-06-30": "", "2005-03-31": ""}, "Goodwill And Intangible Assets": {"2020-12-31": "2852.00000", "2020-09-30": "2844.00000", "2020-06-30": "2471.00000", "2020-03-31": "2464.00000", "2019-12-31": "2493.00000", "2019-09-30": "2492.00000", "2019-06-30": "2503.00000", "2019-03-31": "2504.00000", "2018-12-31": "2505.00000", "2018-09-30": "2527.00000", "2018-06-30": "2531.00000", "2018-03-31": "1918.00000", "2017-12-31": "1922.00000", "2017-09-30": "1923.00000", "2017-06-30": "1918.00000", "2017-03-31": "1918.00000", "2016-12-31": "1917.00000", "2016-09-30": "1929.00000", "2016-06-30": "1932.00000", "2016-03-31": "1632.00000", "2015-12-31": "1630.00000", "2015-09-30": "1634.00000", "2015-06-30": "1652.00000", "2015-03-31": "1654.00000", "2014-12-31": "1672.00000", "2014-09-30": "1686.00000", "2014-06-30": "1712.00000", "2014-03-31": "1710.00000", "2013-12-31": "1719.00000", "2013-09-30": "1731.00000", "2013-06-30": "1732.00000", "2013-03-31": "1751.00000", "2012-12-31": "1754.00000", "2012-09-30": "1762.00000", "2012-06-30": "1754.00000", "2012-03-31": "1768.00000", "2011-12-31": "1762.00000", "2011-09-30": "1679.00000", "2011-06-30": "1703.00000", "2011-03-31": "1702.00000", "2010-12-31": "1704.00000", "2010-09-30": "1962.00000", "2010-06-30": "1949.00000", "2010-03-31": "2323.00000", "2009-12-31": "2303.00000", "2009-09-30": "2299.00000", "2009-06-30": "2292.00000", "2009-03-31": "2272.00000", "2008-12-31": "2278.00000", "2008-09-30": "2319.00000", "2008-06-30": "2341.00000", "2008-03-31": "2352.00000", "2007-12-31": "2484.00000", "2007-09-30": "1454.00000", "2007-06-30": "1373.00000", "2007-03-31": "1458.00000", "2006-12-31": "1409.00000", "2006-09-30": "1352.00000", "2006-06-30": "1348.00000", "2006-03-31": "1351.00000", "2005-12-31": "1342.00000", "2005-09-30": "1345.00000", "2005-06-30": "1342.00000", "2005-03-31": "1345.00000"}, "Other Long-Term Assets": {"2020-12-31": "357.00000", "2020-09-30": "332.00000", "2020-06-30": "328.00000", "2020-03-31": "292.00000", "2019-12-31": "308.00000", "2019-09-30": "293.00000", "2019-06-30": "274.00000", "2019-03-31": "265.00000", "2018-12-31": "211.00000", "2018-09-30": "226.00000", "2018-06-30": "222.00000", "2018-03-31": "220.00000", "2017-12-31": "221.00000", "2017-09-30": "223.00000", "2017-06-30": "210.00000", "2017-03-31": "205.00000", "2016-12-31": "198.00000", "2016-09-30": "204.00000", "2016-06-30": "187.00000", "2016-03-31": "175.00000", "2015-12-31": "177.00000", "2015-09-30": "166.00000", "2015-06-30": "165.00000", "2015-03-31": "162.00000", "2014-12-31": "164.00000", "2014-09-30": "166.00000", "2014-06-30": "174.00000", "2014-03-31": "174.00000", "2013-12-31": "177.00000", "2013-09-30": "143.00000", "2013-06-30": "138.00000", "2013-03-31": "143.00000", "2012-12-31": "145.00000", "2012-09-30": "142.00000", "2012-06-30": "144.00000", "2012-03-31": "137.00000", "2011-12-31": "139.00000", "2011-09-30": "132.00000", "2011-06-30": "142.00000", "2011-03-31": "139.00000", "2010-12-31": "137.00000", "2010-09-30": "145.00000", "2010-06-30": "144.00000", "2010-03-31": "147.00000", "2009-12-31": "146.00000", "2009-09-30": "151.00000", "2009-06-30": "149.00000", "2009-03-31": "150.00000", "2008-12-31": "150.00000", "2008-09-30": "160.00000", "2008-06-30": "158.00000", "2008-03-31": "186.00000", "2007-12-31": "187.00000", "2007-09-30": "189.00000", "2007-06-30": "200.00000", "2007-03-31": "250.00000", "2006-12-31": "251.00000", "2006-09-30": "257.00000", "2006-06-30": "257.00000", "2006-03-31": "160.00000", "2005-12-31": "165.00000", "2005-09-30": "189.00000", "2005-06-30": "186.00000", "2005-03-31": "304.00000"}, "Total Long-Term Assets": {"2020-12-31": "4752.00000", "2020-09-30": "4633.00000", "2020-06-30": "4193.00000", "2020-03-31": "4100.00000", "2019-12-31": "4156.00000", "2019-09-30": "4131.00000", "2019-06-30": "3811.00000", "2019-03-31": "3769.00000", "2018-12-31": "3708.00000", "2018-09-30": "3741.00000", "2018-06-30": "3749.00000", "2018-03-31": "3071.00000", "2017-12-31": "3078.00000", "2017-09-30": "3080.00000", "2017-06-30": "3059.00000", "2017-03-31": "3026.00000", "2016-12-31": "3019.00000", "2016-09-30": "3050.00000", "2016-06-30": "3025.00000", "2016-03-31": "2694.00000", "2015-12-31": "2685.00000", "2015-09-30": "2685.00000", "2015-06-30": "2735.00000", "2015-03-31": "2733.00000", "2014-12-31": "2769.00000", "2014-09-30": "2799.00000", "2014-06-30": "2863.00000", "2014-03-31": "2854.00000", "2013-12-31": "2888.00000", "2013-09-30": "2881.00000", "2013-06-30": "2891.00000", "2013-03-31": "2935.00000", "2012-12-31": "2950.00000", "2012-09-30": "3002.00000", "2012-06-30": "2979.00000", "2012-03-31": "2944.00000", "2011-12-31": "2942.00000", "2011-09-30": "2839.00000", "2011-06-30": "2884.00000", "2011-03-31": "2847.00000", "2010-12-31": "2814.00000", "2010-09-30": "3072.00000", "2010-06-30": "3059.00000", "2010-03-31": "3405.00000", "2009-12-31": "3386.00000", "2009-09-30": "3397.00000", "2009-06-30": "3396.00000", "2009-03-31": "3353.00000", "2008-12-31": "3357.00000", "2008-09-30": "3421.00000", "2008-06-30": "3459.00000", "2008-03-31": "3481.00000", "2007-12-31": "3638.00000", "2007-09-30": "2609.00000", "2007-06-30": "2549.00000", "2007-03-31": "2673.00000", "2006-12-31": "2645.00000", "2006-09-30": "2599.00000", "2006-06-30": "2609.00000", "2006-03-31": "2503.00000", "2005-12-31": "2500.00000", "2005-09-30": "2527.00000", "2005-06-30": "2527.00000", "2005-03-31": "2628.00000"}, "Total Assets": {"2020-12-31": "6855.00000", "2020-09-30": "6777.00000", "2020-06-30": "6213.00000", "2020-03-31": "5850.00000", "2019-12-31": "5459.00000", "2019-09-30": "5397.00000", "2019-06-30": "5116.00000", "2019-03-31": "5162.00000", "2018-12-31": "5073.00000", "2018-09-30": "5058.00000", "2018-06-30": "5060.00000", "2018-03-31": "5444.00000", "2017-12-31": "4758.00000", "2017-09-30": "4600.00000", "2017-06-30": "4573.00000", "2017-03-31": "4629.00000", "2016-12-31": "4568.00000", "2016-09-30": "4466.00000", "2016-06-30": "4510.00000", "2016-03-31": "4284.00000", "2015-12-31": "4175.00000", "2015-09-30": "4095.00000", "2015-06-30": "4164.00000", "2015-03-31": "4228.00000", "2014-12-31": "4674.00000", "2014-09-30": "4150.00000", "2014-06-30": "4258.00000", "2014-03-31": "4374.00000", "2013-12-31": "4388.00000", "2013-09-30": "4301.00000", "2013-06-30": "4311.00000", "2013-03-31": "4523.00000", "2012-12-31": "4502.00000", "2012-09-30": "4747.00000", "2012-06-30": "4355.00000", "2012-03-31": "4386.00000", "2011-12-31": "4290.00000", "2011-09-30": "4077.00000", "2011-06-30": "4163.00000", "2011-03-31": "4051.00000", "2010-12-31": "4158.00000", "2010-09-30": "4793.00000", "2010-06-30": "4548.00000", "2010-03-31": "4743.00000", "2009-12-31": "4489.00000", "2009-09-30": "4598.00000", "2009-06-30": "4576.00000", "2009-03-31": "4465.00000", "2008-12-31": "4398.00000", "2008-09-30": "4587.00000", "2008-06-30": "4712.00000", "2008-03-31": "4750.00000", "2007-12-31": "4853.00000", "2007-09-30": "3673.00000", "2007-06-30": "3581.00000", "2007-03-31": "3691.00000", "2006-12-31": "3624.00000", "2006-09-30": "3539.00000", "2006-06-30": "3616.00000", "2006-03-31": "3622.00000", "2005-12-31": "3567.00000", "2005-09-30": "3570.00000", "2005-06-30": "3617.00000", "2005-03-31": "3756.00000"}, "Total Current Liabilities": {"2020-12-31": "1738.00000", "2020-09-30": "1516.00000", "2020-06-30": "1418.00000", "2020-03-31": "1794.00000", "2019-12-31": "1513.00000", "2019-09-30": "1458.00000", "2019-06-30": "1440.00000", "2019-03-31": "1261.00000", "2018-12-31": "1186.00000", "2018-09-30": "1235.00000", "2018-06-30": "1200.00000", "2018-03-31": "2013.00000", "2017-12-31": "1380.00000", "2017-09-30": "1376.00000", "2017-06-30": "1809.00000", "2017-03-31": "1998.00000", "2016-12-31": "2037.00000", "2016-09-30": "1522.00000", "2016-06-30": "1558.00000", "2016-03-31": "1387.00000", "2015-12-31": "1358.00000", "2015-09-30": "1351.00000", "2015-06-30": "1405.00000", "2015-03-31": "1300.00000", "2014-12-31": "1744.00000", "2014-09-30": "1533.00000", "2014-06-30": "1638.00000", "2014-03-31": "1838.00000", "2013-12-31": "1181.00000", "2013-09-30": "1170.00000", "2013-06-30": "1134.00000", "2013-03-31": "1308.00000", "2012-12-31": "1373.00000", "2012-09-30": "1725.00000", "2012-06-30": "2061.00000", "2012-03-31": "2131.00000", "2011-12-31": "1637.00000", "2011-09-30": "1268.00000", "2011-06-30": "1365.00000", "2011-03-31": "1232.00000", "2010-12-31": "1176.00000", "2010-09-30": "1697.00000", "2010-06-30": "1645.00000", "2010-03-31": "1772.00000", "2009-12-31": "1372.00000", "2009-09-30": "1866.00000", "2009-06-30": "1937.00000", "2009-03-31": "1978.00000", "2008-12-31": "1430.00000", "2008-09-30": "1562.00000", "2008-06-30": "1665.00000", "2008-03-31": "1775.00000", "2007-12-31": "2331.00000", "2007-09-30": "2153.00000", "2007-06-30": "1427.00000", "2007-03-31": "1483.00000", "2006-12-31": "1519.00000", "2006-09-30": "960.00000", "2006-06-30": "1130.00000", "2006-03-31": "1377.00000", "2005-12-31": "1272.00000", "2005-09-30": "1272.00000", "2005-06-30": "1348.00000", "2005-03-31": "1286.00000"}, "Long Term Debt": {"2020-12-31": "2483.00000", "2020-09-30": "2781.00000", "2020-06-30": "2780.00000", "2020-03-31": "2288.00000", "2019-12-31": "2288.00000", "2019-09-30": "2287.00000", "2019-06-30": "2287.00000", "2019-03-31": "2286.00000", "2018-12-31": "2285.00000", "2018-09-30": "2285.00000", "2018-06-30": "2284.00000", "2018-03-31": "1789.00000", "2017-12-31": "1788.00000", "2017-09-30": "1787.00000", "2017-06-30": "1391.00000", "2017-03-31": "1390.00000", "2016-12-31": "1390.00000", "2016-09-30": "1789.00000", "2016-06-30": "1789.00000", "2016-03-31": "1796.00000", "2015-12-31": "1796.00000", "2015-09-30": "1796.00000", "2015-06-30": "1796.00000", "2015-03-31": "1796.00000", "2014-12-31": "1795.00000", "2014-09-30": "1596.00000", "2014-06-30": "1595.00000", "2014-03-31": "1595.00000", "2013-12-31": "2170.00000", "2013-09-30": "2170.00000", "2013-06-30": "2170.00000", "2013-03-31": "2169.00000", "2012-12-31": "2169.00000", "2012-09-30": "2169.00000", "2012-06-30": "1571.00000", "2012-03-31": "1570.00000", "2011-12-31": "2070.00000", "2011-09-30": "2122.00000", "2011-06-30": "2125.00000", "2011-03-31": "2125.00000", "2010-12-31": "2125.00000", "2010-09-30": "2124.00000", "2010-06-30": "2124.00000", "2010-03-31": "2132.00000", "2009-12-31": "2435.00000", "2009-09-30": "2137.00000", "2009-06-30": "2151.00000", "2009-03-31": "2141.00000", "2008-12-31": "2718.00000", "2008-09-30": "2719.00000", "2008-06-30": "2720.00000", "2008-03-31": "2721.00000", "2007-12-31": "2223.00000", "2007-09-30": "1477.00000", "2007-06-30": "1462.00000", "2007-03-31": "1463.00000", "2006-12-31": "1464.00000", "2006-09-30": "1965.00000", "2006-06-30": "1966.00000", "2006-03-31": "1967.00000", "2005-12-31": "2119.00000", "2005-09-30": "2120.00000", "2005-06-30": "2122.00000", "2005-03-31": "2123.00000"}, "Other Non-Current Liabilities": {"2020-12-31": "813.00000", "2020-09-30": "797.00000", "2020-06-30": "767.00000", "2020-03-31": "730.00000", "2019-12-31": "745.00000", "2019-09-30": "744.00000", "2019-06-30": "780.00000", "2019-03-31": "774.00000", "2018-12-31": "789.00000", "2018-09-30": "793.00000", "2018-06-30": "778.00000", "2018-03-31": "778.00000", "2017-12-31": "791.00000", "2017-09-30": "783.00000", "2017-06-30": "770.00000", "2017-03-31": "788.00000", "2016-12-31": "794.00000", "2016-09-30": "783.00000", "2016-06-30": "784.00000", "2016-03-31": "735.00000", "2015-12-31": "740.00000", "2015-09-30": "741.00000", "2015-06-30": "750.00000", "2015-03-31": "733.00000", "2014-12-31": "773.00000", "2014-09-30": "762.00000", "2014-06-30": "768.00000", "2014-03-31": "764.00000", "2013-12-31": "765.00000", "2013-09-30": "762.00000", "2013-06-30": "742.00000", "2013-03-31": "787.00000", "2012-12-31": "788.00000", "2012-09-30": "738.00000", "2012-06-30": "739.00000", "2012-03-31": "634.00000", "2011-12-31": "641.00000", "2011-09-30": "626.00000", "2011-06-30": "619.00000", "2011-03-31": "715.00000", "2010-12-31": "704.00000", "2010-09-30": "669.00000", "2010-06-30": "677.00000", "2010-03-31": "610.00000", "2009-12-31": "626.00000", "2009-09-30": "617.00000", "2009-06-30": "640.00000", "2009-03-31": "581.00000", "2008-12-31": "587.00000", "2008-09-30": "595.00000", "2008-06-30": "632.00000", "2008-03-31": "596.00000", "2007-12-31": "596.00000", "2007-09-30": "592.00000", "2007-06-30": "516.00000", "2007-03-31": "556.00000", "2006-12-31": "562.00000", "2006-09-30": "549.00000", "2006-06-30": "547.00000", "2006-03-31": "638.00000", "2005-12-31": "631.00000", "2005-09-30": "624.00000", "2005-06-30": "618.00000", "2005-03-31": "531.00000"}, "Total Long Term Liabilities": {"2020-12-31": "3737.00000", "2020-09-30": "3950.00000", "2020-06-30": "3887.00000", "2020-03-31": "3361.00000", "2019-12-31": "3391.00000", "2019-09-30": "3389.00000", "2019-06-30": "3117.00000", "2019-03-31": "3120.00000", "2018-12-31": "3145.00000", "2018-09-30": "3146.00000", "2018-06-30": "3134.00000", "2018-03-31": "2594.00000", "2017-12-31": "2618.00000", "2017-09-30": "2632.00000", "2017-06-30": "2222.00000", "2017-03-31": "2227.00000", "2016-12-31": "2261.00000", "2016-09-30": "2655.00000", "2016-06-30": "2655.00000", "2016-03-31": "2638.00000", "2015-12-31": "2619.00000", "2015-09-30": "2625.00000", "2015-06-30": "2641.00000", "2015-03-31": "2626.00000", "2014-12-31": "2649.00000", "2014-09-30": "2448.00000", "2014-06-30": "2466.00000", "2014-03-31": "2483.00000", "2013-12-31": "3051.00000", "2013-09-30": "3050.00000", "2013-06-30": "3031.00000", "2013-03-31": "3063.00000", "2012-12-31": "3073.00000", "2012-09-30": "3042.00000", "2012-06-30": "2429.00000", "2012-03-31": "2361.00000", "2011-12-31": "2852.00000", "2011-09-30": "2885.00000", "2011-06-30": "2884.00000", "2011-03-31": "2901.00000", "2010-12-31": "2858.00000", "2010-09-30": "2817.00000", "2010-06-30": "2820.00000", "2010-03-31": "2791.00000", "2009-12-31": "3090.00000", "2009-09-30": "2779.00000", "2009-06-30": "2814.00000", "2009-03-31": "2796.00000", "2008-12-31": "3371.00000", "2008-09-30": "3389.00000", "2008-06-30": "3417.00000", "2008-03-31": "3447.00000", "2007-12-31": "3076.00000", "2007-09-30": "2157.00000", "2007-06-30": "1983.00000", "2007-03-31": "2116.00000", "2006-12-31": "2138.00000", "2006-09-30": "2634.00000", "2006-06-30": "2642.00000", "2006-03-31": "2672.00000", "2005-12-31": "2823.00000", "2005-09-30": "2830.00000", "2005-06-30": "2822.00000", "2005-03-31": "2816.00000"}, "Total Liabilities": {"2020-12-31": "5475.00000", "2020-09-30": "5466.00000", "2020-06-30": "5305.00000", "2020-03-31": "5155.00000", "2019-12-31": "4904.00000", "2019-09-30": "4847.00000", "2019-06-30": "4557.00000", "2019-03-31": "4381.00000", "2018-12-31": "4331.00000", "2018-09-30": "4381.00000", "2018-06-30": "4334.00000", "2018-03-31": "4607.00000", "2017-12-31": "3998.00000", "2017-09-30": "4008.00000", "2017-06-30": "4031.00000", "2017-03-31": "4225.00000", "2016-12-31": "4298.00000", "2016-09-30": "4177.00000", "2016-06-30": "4213.00000", "2016-03-31": "4025.00000", "2015-12-31": "3977.00000", "2015-09-30": "3976.00000", "2015-06-30": "4046.00000", "2015-03-31": "3926.00000", "2014-12-31": "4393.00000", "2014-09-30": "3981.00000", "2014-06-30": "4104.00000", "2014-03-31": "4321.00000", "2013-12-31": "4232.00000", "2013-09-30": "4220.00000", "2013-06-30": "4165.00000", "2013-03-31": "4371.00000", "2012-12-31": "4446.00000", "2012-09-30": "4767.00000", "2012-06-30": "4490.00000", "2012-03-31": "4492.00000", "2011-12-31": "4489.00000", "2011-09-30": "4153.00000", "2011-06-30": "4249.00000", "2011-03-31": "4133.00000", "2010-12-31": "4034.00000", "2010-09-30": "4514.00000", "2010-06-30": "4465.00000", "2010-03-31": "4563.00000", "2009-12-31": "4462.00000", "2009-09-30": "4645.00000", "2009-06-30": "4751.00000", "2009-03-31": "4774.00000", "2008-12-31": "4801.00000", "2008-09-30": "4951.00000", "2008-06-30": "5082.00000", "2008-03-31": "5222.00000", "2007-12-31": "5407.00000", "2007-09-30": "4310.00000", "2007-06-30": "3410.00000", "2007-03-31": "3599.00000", "2006-12-31": "3657.00000", "2006-09-30": "3594.00000", "2006-06-30": "3772.00000", "2006-03-31": "4049.00000", "2005-12-31": "4095.00000", "2005-09-30": "4102.00000", "2005-06-30": "4170.00000", "2005-03-31": "4102.00000"}, "Common Stock Net": {"2020-12-31": "131.00000", "2020-09-30": "159.00000", "2020-06-30": "159.00000", "2020-03-31": "159.00000", "2019-12-31": "159.00000", "2019-09-30": "159.00000", "2019-06-30": "159.00000", "2019-03-31": "159.00000", "2018-12-31": "159.00000", "2018-09-30": "159.00000", "2018-06-30": "159.00000", "2018-03-31": "159.00000", "2017-12-31": "159.00000", "2017-09-30": "159.00000", "2017-06-30": "159.00000", "2017-03-31": "159.00000", "2016-12-31": "159.00000", "2016-09-30": "159.00000", "2016-06-30": "159.00000", "2016-03-31": "159.00000", "2015-12-31": "159.00000", "2015-09-30": "159.00000", "2015-06-30": "159.00000", "2015-03-31": "159.00000", "2014-12-31": "159.00000", "2014-09-30": "159.00000", "2014-06-30": "159.00000", "2014-03-31": "159.00000", "2013-12-31": "159.00000", "2013-09-30": "159.00000", "2013-06-30": "159.00000", "2013-03-31": "159.00000", "2012-12-31": "159.00000", "2012-09-30": "159.00000", "2012-06-30": "159.00000", "2012-03-31": "159.00000", "2011-12-31": "159.00000", "2011-09-30": "159.00000", "2011-06-30": "159.00000", "2011-03-31": "159.00000", "2010-12-31": "159.00000", "2010-09-30": "159.00000", "2010-06-30": "159.00000", "2010-03-31": "159.00000", "2009-12-31": "159.00000", "2009-09-30": "159.00000", "2009-06-30": "159.00000", "2009-03-31": "159.00000", "2008-12-31": "159.00000", "2008-09-30": "159.00000", "2008-06-30": "159.00000", "2008-03-31": "159.00000", "2007-12-31": "159.00000", "2007-09-30": "159.00000", "2007-06-30": "159.00000", "2007-03-31": "159.00000", "2006-12-31": "159.00000", "2006-09-30": "250.00000", "2006-06-30": "250.00000", "2006-03-31": "250.00000", "2005-12-31": "250.00000", "2005-09-30": "250.00000", "2005-06-30": "250.00000", "2005-03-31": "250.00000"}, "Retained Earnings (Accumulated Deficit)": {"2020-12-31": "1302.00000", "2020-09-30": "3840.00000", "2020-06-30": "3567.00000", "2020-03-31": "3398.00000", "2019-12-31": "3292.00000", "2019-09-30": "3241.00000", "2019-06-30": "3150.00000", "2019-03-31": "3004.00000", "2018-12-31": "2940.00000", "2018-09-30": "2883.00000", "2018-06-30": "2797.00000", "2018-03-31": "2704.00000", "2017-12-31": "2649.00000", "2017-09-30": "2524.00000", "2017-06-30": "2440.00000", "2017-03-31": "2351.00000", "2016-12-31": "2284.00000", "2016-09-30": "2238.00000", "2016-06-30": "2163.00000", "2016-03-31": "2103.00000", "2015-12-31": "2042.00000", "2015-09-30": "1993.00000", "2015-06-30": "1923.00000", "2015-03-31": "1832.00000", "2014-12-31": "1757.00000", "2014-09-30": "1731.00000", "2014-06-30": "1739.00000", "2014-03-31": "1667.00000", "2013-12-31": "1623.00000", "2013-09-30": "1603.00000", "2013-06-30": "1561.00000", "2013-03-31": "1474.00000", "2012-12-31": "1430.00000", "2012-09-30": "1395.00000", "2012-06-30": "1350.00000", "2012-03-31": "1263.00000", "2011-12-31": "1210.00000", "2011-09-30": "1185.00000", "2011-06-30": "1143.00000", "2011-03-31": "1059.00000", "2010-12-31": "994.00000", "2010-09-30": "1053.00000", "2010-06-30": "920.00000", "2010-03-31": "838.00000", "2009-12-31": "753.00000", "2009-09-30": "720.00000", "2009-06-30": "640.00000", "2009-03-31": "542.00000", "2008-12-31": "457.00000", "2008-09-30": "440.00000", "2008-06-30": "386.00000", "2008-03-31": "295.00000", "2007-12-31": "248.00000", "2007-09-30": "219.00000", "2007-06-30": "185.00000", "2007-03-31": "85.00000", "2006-12-31": "7.00000", "2006-09-30": "4005.00000", "2006-06-30": "3939.00000", "2006-03-31": "3843.00000", "2005-12-31": "3781.00000", "2005-09-30": "3742.00000", "2005-06-30": "3684.00000", "2005-03-31": "3614.00000"}, "Comprehensive Income": {"2020-12-31": "-575.00000", "2020-09-30": "-623.00000", "2020-06-30": "-640.00000", "2020-03-31": "-656.00000", "2019-12-31": "-601.00000", "2019-09-30": "-615.00000", "2019-06-30": "-602.00000", "2019-03-31": "-564.00000", "2018-12-31": "-577.00000", "2018-09-30": "-547.00000", "2018-06-30": "-547.00000", "2018-03-31": "-525.00000", "2017-12-31": "-524.00000", "2017-09-30": "-524.00000", "2017-06-30": "-543.00000", "2017-03-31": "-565.00000", "2016-12-31": "-579.00000", "2016-09-30": "-567.00000", "2016-06-30": "-570.00000", "2016-03-31": "-542.00000", "2015-12-31": "-561.00000", "2015-09-30": "-541.00000", "2015-06-30": "-502.00000", "2015-03-31": "-481.00000", "2014-12-31": "-453.00000", "2014-09-30": "-416.00000", "2014-06-30": "-417.00000", "2014-03-31": "-418.00000", "2013-12-31": "-387.00000", "2013-09-30": "-368.00000", "2013-06-30": "-367.00000", "2013-03-31": "-378.00000", "2012-12-31": "-376.00000", "2012-09-30": "-369.00000", "2012-06-30": "-396.00000", "2012-03-31": "-304.00000", "2011-12-31": "-323.00000", "2011-09-30": "-314.00000", "2011-06-30": "-250.00000", "2011-03-31": "-307.00000", "2010-12-31": "-318.00000", "2010-09-30": "-337.00000", "2010-06-30": "-371.00000", "2010-03-31": "-307.00000", "2009-12-31": "-317.00000", "2009-09-30": "-321.00000", "2009-06-30": "-347.00000", "2009-03-31": "-359.00000", "2008-12-31": "-353.00000", "2008-09-30": "-258.00000", "2008-06-30": "-179.00000", "2008-03-31": "-162.00000", "2007-12-31": "-178.00000", "2007-09-30": "-197.00000", "2007-06-30": "-209.00000", "2007-03-31": "-200.00000", "2006-12-31": "-208.00000", "2006-09-30": "-210.00000", "2006-06-30": "-215.00000", "2006-03-31": "-337.00000", "2005-12-31": "-331.00000", "2005-09-30": "-320.00000", "2005-06-30": "-336.00000", "2005-03-31": "-206.00000"}, "Other Share Holders Equity": {"2020-12-31": "", "2020-09-30": "", "2020-06-30": "", "2020-03-31": "", "2019-12-31": "", "2019-09-30": "", "2019-06-30": "", "2019-03-31": "", "2018-12-31": "", "2018-09-30": "", "2018-06-30": "", "2018-03-31": "", "2017-12-31": "", "2017-09-30": "", "2017-06-30": "", "2017-03-31": "", "2016-12-31": "", "2016-09-30": "", "2016-06-30": "", "2016-03-31": "", "2015-12-31": "", "2015-09-30": "", "2015-06-30": "", "2015-03-31": "", "2014-12-31": "", "2014-09-30": "", "2014-06-30": "", "2014-03-31": "", "2013-12-31": "", "2013-09-30": "", "2013-06-30": "", "2013-03-31": "", "2012-12-31": "", "2012-09-30": "", "2012-06-30": "", "2012-03-31": "", "2011-12-31": "", "2011-09-30": "", "2011-06-30": "", "2011-03-31": "", "2010-12-31": "", "2010-09-30": "", "2010-06-30": "", "2010-03-31": "", "2009-12-31": "", "2009-09-30": "", "2009-06-30": "", "2009-03-31": "", "2008-12-31": "", "2008-09-30": "", "2008-06-30": "", "2008-03-31": "", "2007-12-31": "", "2007-09-30": "", "2007-06-30": "", "2007-03-31": "", "2006-12-31": "", "2006-09-30": "", "2006-06-30": "", "2006-03-31": "", "2005-12-31": "", "2005-09-30": "", "2005-06-30": "", "2005-03-31": ""}, "Share Holder Equity": {"2020-12-31": "1380.00000", "2020-09-30": "1311.00000", "2020-06-30": "908.00000", "2020-03-31": "695.00000", "2019-12-31": "555.00000", "2019-09-30": "550.00000", "2019-06-30": "559.00000", "2019-03-31": "781.00000", "2018-12-31": "742.00000", "2018-09-30": "677.00000", "2018-06-30": "726.00000", "2018-03-31": "837.00000", "2017-12-31": "760.00000", "2017-09-30": "592.00000", "2017-06-30": "542.00000", "2017-03-31": "404.00000", "2016-12-31": "270.00000", "2016-09-30": "289.00000", "2016-06-30": "297.00000", "2016-03-31": "259.00000", "2015-12-31": "198.00000", "2015-09-30": "119.00000", "2015-06-30": "118.00000", "2015-03-31": "302.00000", "2014-12-31": "281.00000", "2014-09-30": "169.00000", "2014-06-30": "154.00000", "2014-03-31": "53.00000", "2013-12-31": "156.00000", "2013-09-30": "81.00000", "2013-06-30": "146.00000", "2013-03-31": "152.00000", "2012-12-31": "56.00000", "2012-09-30": "-20.00000", "2012-06-30": "-135.00000", "2012-03-31": "-106.00000", "2011-12-31": "-199.00000", "2011-09-30": "-76.00000", "2011-06-30": "-86.00000", "2011-03-31": "-82.00000", "2010-12-31": "124.00000", "2010-09-30": "279.00000", "2010-06-30": "83.00000", "2010-03-31": "180.00000", "2009-12-31": "27.00000", "2009-09-30": "-47.00000", "2009-06-30": "-175.00000", "2009-03-31": "-309.00000", "2008-12-31": "-403.00000", "2008-09-30": "-364.00000", "2008-06-30": "-370.00000", "2008-03-31": "-472.00000", "2007-12-31": "-554.00000", "2007-09-30": "-637.00000", "2007-06-30": "171.00000", "2007-03-31": "92.00000", "2006-12-31": "-33.00000", "2006-09-30": "-55.00000", "2006-06-30": "-156.00000", "2006-03-31": "-427.00000", "2005-12-31": "-528.00000", "2005-09-30": "-532.00000", "2005-06-30": "-553.00000", "2005-03-31": "-346.00000"}, "Total Liabilities And Share Holders Equity": {"2020-12-31": "6855.00000", "2020-09-30": "6777.00000", "2020-06-30": "6213.00000", "2020-03-31": "5850.00000", "2019-12-31": "5459.00000", "2019-09-30": "5397.00000", "2019-06-30": "5116.00000", "2019-03-31": "5162.00000", "2018-12-31": "5073.00000", "2018-09-30": "5058.00000", "2018-06-30": "5060.00000", "2018-03-31": "5444.00000", "2017-12-31": "4758.00000", "2017-09-30": "4600.00000", "2017-06-30": "4573.00000", "2017-03-31": "4629.00000", "2016-12-31": "4568.00000", "2016-09-30": "4466.00000", "2016-06-30": "4510.00000", "2016-03-31": "4284.00000", "2015-12-31": "4175.00000", "2015-09-30": "4095.00000", "2015-06-30": "4164.00000", "2015-03-31": "4228.00000", "2014-12-31": "4674.00000", "2014-09-30": "4150.00000", "2014-06-30": "4258.00000", "2014-03-31": "4374.00000", "2013-12-31": "4388.00000", "2013-09-30": "4301.00000", "2013-06-30": "4311.00000", "2013-03-31": "4523.00000", "2012-12-31": "4502.00000", "2012-09-30": "4747.00000", "2012-06-30": "4355.00000", "2012-03-31": "4386.00000", "2011-12-31": "4290.00000", "2011-09-30": "4077.00000", "2011-06-30": "4163.00000", "2011-03-31": "4051.00000", "2010-12-31": "4158.00000", "2010-09-30": "4793.00000", "2010-06-30": "4548.00000", "2010-03-31": "4743.00000", "2009-12-31": "4489.00000", "2009-09-30": "4598.00000", "2009-06-30": "4576.00000", "2009-03-31": "4465.00000", "2008-12-31": "4398.00000", "2008-09-30": "4587.00000", "2008-06-30": "4712.00000", "2008-03-31": "4750.00000", "2007-12-31": "4853.00000", "2007-09-30": "3673.00000", "2007-06-30": "3581.00000", "2007-03-31": "3691.00000", "2006-12-31": "3624.00000", "2006-09-30": "3539.00000", "2006-06-30": "3616.00000", "2006-03-31": "3622.00000", "2005-12-31": "3567.00000", "2005-09-30": "3570.00000", "2005-06-30": "3617.00000", "2005-03-31": "3756.00000"}}, "cash flow statement": {"Net Income/Loss": {"2020-06-30": "939.00000", "2019-06-30": "820.00000", "2018-06-30": "823.00000", "2017-06-30": "701.00000", "2016-06-30": "648.00000", "2015-06-30": "580.00000", "2014-06-30": "558.00000", "2013-06-30": "572.00000", "2012-06-30": "541.00000", "2011-06-30": "557.00000", "2010-06-30": "603.00000", "2009-06-30": "537.00000", "2008-06-30": "461.00000", "2007-06-30": "501.00000", "2006-06-30": "444.00000", "2005-06-30": "1096.00000"}, "Total Depreciation And Amortization - Cash Flow": {"2020-06-30": "180.00000", "2019-06-30": "180.00000", "2018-06-30": "166.00000", "2017-06-30": "163.00000", "2016-06-30": "165.00000", "2015-06-30": "169.00000", "2014-06-30": "177.00000", "2013-06-30": "180.00000", "2012-06-30": "178.00000", "2011-06-30": "431.00000", "2010-06-30": "183.00000", "2009-06-30": "188.00000", "2008-06-30": "205.00000", "2007-06-30": "192.00000", "2006-06-30": "188.00000", "2005-06-30": "183.00000"}, "Other Non-Cash Items": {"2020-06-30": "78.00000", "2019-06-30": "-6.00000", "2018-06-30": "74.00000", "2017-06-30": "48.00000", "2016-06-30": "61.00000", "2015-06-30": "16.00000", "2014-06-30": "23.00000", "2013-06-30": "43.00000", "2012-06-30": "-27.00000", "2011-06-30": "-145.00000", "2010-06-30": "47.00000", "2009-06-30": "74.00000", "2008-06-30": "48.00000", "2007-06-30": "55.00000", "2006-06-30": "100.00000", "2005-06-30": "-517.00000"}, "Total Non-Cash Items": {"2020-06-30": "258.00000", "2019-06-30": "174.00000", "2018-06-30": "240.00000", "2017-06-30": "211.00000", "2016-06-30": "226.00000", "2015-06-30": "185.00000", "2014-06-30": "200.00000", "2013-06-30": "223.00000", "2012-06-30": "151.00000", "2011-06-30": "286.00000", "2010-06-30": "230.00000", "2009-06-30": "262.00000", "2008-06-30": "253.00000", "2007-06-30": "247.00000", "2006-06-30": "288.00000", "2005-06-30": "-334.00000"}, "Change In Accounts Receivable": {"2020-06-30": "-27.00000", "2019-06-30": "-32.00000", "2018-06-30": "-24.00000", "2017-06-30": "-1.00000", "2016-06-30": "-52.00000", "2015-06-30": "6.00000", "2014-06-30": "20.00000", "2013-06-30": "-10.00000", "2012-06-30": "-52.00000", "2011-06-30": "-33.00000", "2010-06-30": "-21.00000", "2009-06-30": "-10.00000", "2008-06-30": "-8.00000", "2007-06-30": "-15.00000", "2006-06-30": "-29.00000", "2005-06-30": "33.00000"}, "Change In Inventories": {"2020-06-30": "50.00000", "2019-06-30": "-7.00000", "2018-06-30": "-21.00000", "2017-06-30": "-19.00000", "2016-06-30": "-45.00000", "2015-06-30": "-25.00000", "2014-06-30": "1.00000", "2013-06-30": "-11.00000", "2012-06-30": "1.00000", "2011-06-30": "-37.00000", "2010-06-30": "6.00000", "2009-06-30": "-5.00000", "2008-06-30": "-26.00000", "2007-06-30": "-8.00000", "2006-06-30": "26.00000", "2005-06-30": "-17.00000"}, "Change In Accounts Payable": {"2020-06-30": "", "2019-06-30": "", "2018-06-30": "", "2017-06-30": "", "2016-06-30": "", "2015-06-30": "", "2014-06-30": "", "2013-06-30": "", "2012-06-30": "", "2011-06-30": "", "2010-06-30": "", "2009-06-30": "", "2008-06-30": "", "2007-06-30": "", "2006-06-30": "", "2005-06-30": ""}, "Change In Assets/Liabilities": {"2020-06-30": "21.00000", "2019-06-30": "-6.00000", "2018-06-30": "4.00000", "2017-06-30": "-5.00000", "2016-06-30": "6.00000", "2015-06-30": "6.00000", "2014-06-30": "5.00000", "2013-06-30": "12.00000", "2012-06-30": "-3.00000", "2011-06-30": "21.00000", "2010-06-30": "-9.00000", "2009-06-30": "-8.00000", "2008-06-30": "11.00000", "2007-06-30": "3.00000", "2006-06-30": "-21.00000", "2005-06-30": "5.00000"}, "Total Change In Assets/Liabilities": {"2020-06-30": "349.00000", "2019-06-30": "-2.00000", "2018-06-30": "-87.00000", "2017-06-30": "-47.00000", "2016-06-30": "-96.00000", "2015-06-30": "109.00000", "2014-06-30": "9.00000", "2013-06-30": "-20.00000", "2012-06-30": "-80.00000", "2011-06-30": "-145.00000", "2010-06-30": "-14.00000", "2009-06-30": "-61.00000", "2008-06-30": "16.00000", "2007-06-30": "-39.00000", "2006-06-30": "-210.00000", "2005-06-30": "3.00000"}, "Cash Flow From Operating Activities": {"2020-06-30": "1546.00000", "2019-06-30": "992.00000", "2018-06-30": "976.00000", "2017-06-30": "865.00000", "2016-06-30": "778.00000", "2015-06-30": "874.00000", "2014-06-30": "767.00000", "2013-06-30": "775.00000", "2012-06-30": "612.00000", "2011-06-30": "698.00000", "2010-06-30": "819.00000", "2009-06-30": "738.00000", "2008-06-30": "730.00000", "2007-06-30": "709.00000", "2006-06-30": "522.00000", "2005-06-30": "765.00000"}, "Net Change In Property, Plant, And Equipment": {"2020-06-30": "-254.00000", "2019-06-30": "-206.00000", "2018-06-30": "-194.00000", "2017-06-30": "-231.00000", "2016-06-30": "-172.00000", "2015-06-30": "-125.00000", "2014-06-30": "-137.00000", "2013-06-30": "-190.00000", "2012-06-30": "-192.00000", "2011-06-30": "-228.00000", "2010-06-30": "-201.00000", "2009-06-30": "-196.00000", "2008-06-30": "-170.00000", "2007-06-30": "-147.00000", "2006-06-30": "-180.00000", "2005-06-30": "-151.00000"}, "Net Change In Intangible Assets": {"2020-06-30": "", "2019-06-30": "", "2018-06-30": "", "2017-06-30": "", "2016-06-30": "", "2015-06-30": "", "2014-06-30": "", "2013-06-30": "", "2012-06-30": "", "2011-06-30": "", "2010-06-30": "", "2009-06-30": "", "2008-06-30": "", "2007-06-30": "", "2006-06-30": "", "2005-06-30": ""}, "Net Acquisitions/Divestitures": {"2020-06-30": "", "2019-06-30": "", "2018-06-30": "-681.00000", "2017-06-30": "", "2016-06-30": "-290.00000", "2015-06-30": "", "2014-06-30": "", "2013-06-30": "", "2012-06-30": "-93.00000", "2011-06-30": "747.00000", "2010-06-30": "-19.00000", "2009-06-30": "", "2008-06-30": "-913.00000", "2007-06-30": "-123.00000", "2006-06-30": "-16.00000", "2005-06-30": ""}, "Net Change In Short-term Investments": {"2020-06-30": "", "2019-06-30": "", "2018-06-30": "", "2017-06-30": "", "2016-06-30": "", "2015-06-30": "", "2014-06-30": "", "2013-06-30": "", "2012-06-30": "", "2011-06-30": "", "2010-06-30": "", "2009-06-30": "", "2008-06-30": "", "2007-06-30": "", "2006-06-30": "", "2005-06-30": ""}, "Net Change In Long-Term Investments": {"2020-06-30": "", "2019-06-30": "", "2018-06-30": "", "2017-06-30": "", "2016-06-30": "", "2015-06-30": "", "2014-06-30": "", "2013-06-30": "", "2012-06-30": "", "2011-06-30": "", "2010-06-30": "", "2009-06-30": "", "2008-06-30": "", "2007-06-30": "", "2006-06-30": "", "2005-06-30": ""}, "Net Change In Investments - Total": {"2020-06-30": "", "2019-06-30": "", "2018-06-30": "", "2017-06-30": "", "2016-06-30": "", "2015-06-30": "", "2014-06-30": "", "2013-06-30": "", "2012-06-30": "", "2011-06-30": "", "2010-06-30": "", "2009-06-30": "", "2008-06-30": "", "2007-06-30": "", "2006-06-30": "", "2005-06-30": ""}, "Investing Activities - Other": {"2020-06-30": "2.00000", "2019-06-30": "10.00000", "2018-06-30": "16.00000", "2017-06-30": "26.00000", "2016-06-30": "32.00000", "2015-06-30": "19.00000", "2014-06-30": "-1.00000", "2013-06-30": "135.00000", "2012-06-30": "8.00000", "2011-06-30": "25.00000", "2010-06-30": "-11.00000", "2009-06-30": "-1.00000", "2008-06-30": "1.00000", "2007-06-30": "2.00000", "2006-06-30": "35.00000", "2005-06-30": "-3.00000"}, "Cash Flow From Investing Activities": {"2020-06-30": "-252.00000", "2019-06-30": "-196.00000", "2018-06-30": "-859.00000", "2017-06-30": "-205.00000", "2016-06-30": "-430.00000", "2015-06-30": "-106.00000", "2014-06-30": "-138.00000", "2013-06-30": "-55.00000", "2012-06-30": "-277.00000", "2011-06-30": "544.00000", "2010-06-30": "-231.00000", "2009-06-30": "-197.00000", "2008-06-30": "-1082.00000", "2007-06-30": "-268.00000", "2006-06-30": "-161.00000", "2005-06-30": "-154.00000"}, "Net Long-Term Debt": {"2020-06-30": "492.00000", "2019-06-30": "", "2018-06-30": "491.00000", "2017-06-30": "", "2016-06-30": "-300.00000", "2015-06-30": "-80.00000", "2014-06-30": "", "2013-06-30": "-257.00000", "2012-06-30": "297.00000", "2011-06-30": "-300.00000", "2010-06-30": "-302.00000", "2009-06-30": "11.00000", "2008-06-30": "756.00000", "2007-06-30": "-150.00000", "2006-06-30": "-29.00000", "2005-06-30": "1635.00000"}, "Net Current Debt": {"2020-06-30": "-396.00000", "2019-06-30": "189.00000", "2018-06-30": "-214.00000", "2017-06-30": "-125.00000", "2016-06-30": "426.00000", "2015-06-30": "-48.00000", "2014-06-30": "-60.00000", "2013-06-30": "-98.00000", "2012-06-30": "-164.00000", "2011-06-30": "87.00000", "2010-06-30": "-52.00000", "2009-06-30": "-334.00000", "2008-06-30": "681.00000", "2007-06-30": "-87.00000", "2006-06-30": "-204.00000", "2005-06-30": "68.00000"}, "Debt Issuance/Retirement Net - Total": {"2020-06-30": "96.00000", "2019-06-30": "189.00000", "2018-06-30": "277.00000", "2017-06-30": "-125.00000", "2016-06-30": "126.00000", "2015-06-30": "-128.00000", "2014-06-30": "-60.00000", "2013-06-30": "-355.00000", "2012-06-30": "133.00000", "2011-06-30": "-213.00000", "2010-06-30": "-354.00000", "2009-06-30": "-323.00000", "2008-06-30": "1437.00000", "2007-06-30": "-237.00000", "2006-06-30": "-233.00000", "2005-06-30": "1703.00000"}, "Net Common Equity Issued/Repurchased": {"2020-06-30": "-86.00000", "2019-06-30": "-514.00000", "2018-06-30": "-226.00000", "2017-06-30": "-108.00000", "2016-06-30": "-44.00000", "2015-06-30": "-183.00000", "2014-06-30": "-164.00000", "2013-06-30": "5.00000", "2012-06-30": "-139.00000", "2011-06-30": "-562.00000", "2010-06-30": "-70.00000", "2009-06-30": "41.00000", "2008-06-30": "-829.00000", "2007-06-30": "-36.00000", "2006-06-30": "-56.00000", "2005-06-30": "-2054.00000"}, "Net Total Equity Issued/Repurchased": {"2020-06-30": "-86.00000", "2019-06-30": "-514.00000", "2018-06-30": "-226.00000", "2017-06-30": "-108.00000", "2016-06-30": "-44.00000", "2015-06-30": "-183.00000", "2014-06-30": "-164.00000", "2013-06-30": "5.00000", "2012-06-30": "-139.00000", "2011-06-30": "-562.00000", "2010-06-30": "-70.00000", "2009-06-30": "41.00000", "2008-06-30": "-829.00000", "2007-06-30": "-36.00000", "2006-06-30": "-56.00000", "2005-06-30": "-2054.00000"}, "Total Common And Preferred Stock Dividends Paid": {"2020-06-30": "-533.00000", "2019-06-30": "-490.00000", "2018-06-30": "-450.00000", "2017-06-30": "-412.00000", "2016-06-30": "-398.00000", "2015-06-30": "-385.00000", "2014-06-30": "-368.00000", "2013-06-30": "-335.00000", "2012-06-30": "-315.00000", "2011-06-30": "-303.00000", "2010-06-30": "-282.00000", "2009-06-30": "-258.00000", "2008-06-30": "-228.00000", "2007-06-30": "-183.00000", "2006-06-30": "-173.00000", "2005-06-30": "-201.00000"}, "Financial Activities - Other": {"2020-06-30": "", "2019-06-30": "", "2018-06-30": "", "2017-06-30": "", "2016-06-30": "", "2015-06-30": "", "2014-06-30": "", "2013-06-30": "", "2012-06-30": "", "2011-06-30": "", "2010-06-30": "", "2009-06-30": "", "2008-06-30": "", "2007-06-30": "", "2006-06-30": "", "2005-06-30": ""}, "Cash Flow From Financial Activities": {"2020-06-30": "-523.00000", "2019-06-30": "-815.00000", "2018-06-30": "-399.00000", "2017-06-30": "-645.00000", "2016-06-30": "-316.00000", "2015-06-30": "-696.00000", "2014-06-30": "-592.00000", "2013-06-30": "-685.00000", "2012-06-30": "-321.00000", "2011-06-30": "-1078.00000", "2010-06-30": "-706.00000", "2009-06-30": "-540.00000", "2008-06-30": "380.00000", "2007-06-30": "-456.00000", "2006-06-30": "-462.00000", "2005-06-30": "-552.00000"}, "Net Cash Flow": {"2020-06-30": "766.00000", "2019-06-30": "-21.00000", "2018-06-30": "-285.00000", "2017-06-30": "14.00000", "2016-06-30": "19.00000", "2015-06-30": "53.00000", "2014-06-30": "30.00000", "2013-06-30": "32.00000", "2012-06-30": "8.00000", "2011-06-30": "172.00000", "2010-06-30": "-119.00000", "2009-06-30": "-8.00000", "2008-06-30": "32.00000", "2007-06-30": "-10.00000", "2006-06-30": "-101.00000", "2005-06-30": "61.00000"}, "Stock-Based Compensation": {"2020-06-30": "50.00000", "2019-06-30": "43.00000", "2018-06-30": "53.00000", "2017-06-30": "51.00000", "2016-06-30": "45.00000", "2015-06-30": "32.00000", "2014-06-30": "36.00000", "2013-06-30": "35.00000", "2012-06-30": "27.00000", "2011-06-30": "32.00000", "2010-06-30": "60.00000", "2009-06-30": "58.00000", "2008-06-30": "47.00000", "2007-06-30": "49.00000", "2006-06-30": "77.00000", "2005-06-30": "11.00000"}, "Common Stock Dividends Paid": {"2020-06-30": "-533.00000", "2019-06-30": "-490.00000", "2018-06-30": "-450.00000", "2017-06-30": "-412.00000", "2016-06-30": "-398.00000", "2015-06-30": "-385.00000", "2014-06-30": "-368.00000", "2013-06-30": "-335.00000", "2012-06-30": "-315.00000", "2011-06-30": "-303.00000", "2010-06-30": "-282.00000", "2009-06-30": "-258.00000", "2008-06-30": "-228.00000", "2007-06-30": "-183.00000", "2006-06-30": "-173.00000", "2005-06-30": "-201.00000"}}, "cash flow statement, quarterly": {"Net Income/Loss": {"2020-12-31": 261, "2020-09-30": "417.00000", "2020-06-30": 310, "2020-03-31": 241, "2019-12-31": 185, "2019-09-30": "203.00000", "2019-06-30": 241, "2019-03-31": 187, "2018-12-31": 182, "2018-09-30": "210.00000", "2018-06-30": 217, "2018-03-31": 181, "2017-12-31": 233, "2017-09-30": "192.00000", "2017-06-30": 201, "2017-03-31": 172, "2016-12-31": 149, "2016-09-30": "179.00000", "2016-06-30": 165, "2016-03-31": 162, "2015-12-31": 149, "2015-09-30": "172.00000", "2015-06-30": 191, "2015-03-31": 174, "2014-12-31": 125, "2014-09-30": "90.00000", "2014-06-30": 170, "2014-03-31": 137, "2013-12-31": 115, "2013-09-30": "136.00000", "2013-06-30": 183, "2013-03-31": 133, "2012-12-31": 123, "2012-09-30": "133.00000", "2012-06-30": 174, "2012-03-31": 132, "2011-12-31": 105, "2011-09-30": "130.00000", "2011-06-30": 169, "2011-03-31": 151, "2010-12-31": 21, "2010-09-30": "216.00000", "2010-06-30": 171, "2010-03-31": 165, "2009-12-31": 110, "2009-09-30": "157.00000", "2009-06-30": 170, "2009-03-31": 153, "2008-12-31": 86, "2008-09-30": "128.00000", "2008-06-30": 158, "2008-03-31": 100, "2007-12-31": 92, "2007-09-30": "111.00000", "2007-06-30": 164, "2007-03-31": 129, "2006-12-31": 96, "2006-09-30": "112.00000", "2006-06-30": 142, "2006-03-31": 110, "2005-12-31": 83, "2005-09-30": "109.00000", "2005-06-30": 156, "2005-03-31": 940}, "Total Depreciation And Amortization - Cash Flow": {"2020-12-31": 53, "2020-09-30": "51.00000", "2020-06-30": 47, "2020-03-31": 45, "2019-12-31": 44, "2019-09-30": "44.00000", "2019-06-30": 47, "2019-03-31": 45, "2018-12-31": 44, "2018-09-30": "44.00000", "2018-06-30": 45, "2018-03-31": 40, "2017-12-31": 41, "2017-09-30": "40.00000", "2017-06-30": 42, "2017-03-31": 39, "2016-12-31": 41, "2016-09-30": "41.00000", "2016-06-30": 43, "2016-03-31": 40, "2015-12-31": 41, "2015-09-30": "41.00000", "2015-06-30": 43, "2015-03-31": 41, "2014-12-31": 42, "2014-09-30": "43.00000", "2014-06-30": 46, "2014-03-31": 43, "2013-12-31": 45, "2013-09-30": "43.00000", "2013-06-30": 44, "2013-03-31": 46, "2012-12-31": 46, "2012-09-30": "44.00000", "2012-06-30": 45, "2012-03-31": 44, "2011-12-31": 43, "2011-09-30": "46.00000", "2011-06-30": 43, "2011-03-31": 42, "2010-12-31": 301, "2010-09-30": "45.00000", "2010-06-30": 45, "2010-03-31": 44, "2009-12-31": 46, "2009-09-30": "48.00000", "2009-06-30": 46, "2009-03-31": 49, "2008-12-31": 46, "2008-09-30": "47.00000", "2008-06-30": 51, "2008-03-31": 56, "2007-12-31": 50, "2007-09-30": "48.00000", "2007-06-30": 49, "2007-03-31": 48, "2006-12-31": 49, "2006-09-30": "46.00000", "2006-06-30": 50, "2006-03-31": 46, "2005-12-31": 47, "2005-09-30": "45.00000", "2005-06-30": 46, "2005-03-31": 137}, "Other Non-Cash Items": {"2020-12-31": 49, "2020-09-30": "-38.00000", "2020-06-30": 10, "2020-03-31": 16, "2019-12-31": 20, "2019-09-30": "32.00000", "2019-06-30": -4, "2019-03-31": -47, "2018-12-31": 24, "2018-09-30": "21.00000", "2018-06-30": 56, "2018-03-31": 2, "2017-12-31": -11, "2017-09-30": "27.00000", "2017-06-30": 31, "2017-03-31": -24, "2016-12-31": 45, "2016-09-30": "-4.00000", "2016-06-30": 11, "2016-03-31": 35, "2015-12-31": 3, "2015-09-30": "12.00000", "2015-06-30": -10, "2015-03-31": -15, "2014-12-31": -15, "2014-09-30": "56.00000", "2014-06-30": -12, "2014-03-31": 19, "2013-12-31": -2, "2013-09-30": "18.00000", "2013-06-30": 18, "2013-03-31": -4, "2012-12-31": -11, "2012-09-30": "40.00000", "2012-06-30": -10, "2012-03-31": -2, "2011-12-31": -34, "2011-09-30": "19.00000", "2011-06-30": 44, "2011-03-31": -5, "2010-12-31": -138, "2010-09-30": "-46.00000", "2010-06-30": 33, "2010-03-31": -2, "2009-12-31": 27, "2009-09-30": "-11.00000", "2009-06-30": 9, "2009-03-31": 14, "2008-12-31": 32, "2008-09-30": "19.00000", "2008-06-30": -33, "2008-03-31": 25, "2007-12-31": 18, "2007-09-30": "38.00000", "2007-06-30": 21, "2007-03-31": -1, "2006-12-31": 18, "2006-09-30": "17.00000", "2006-06-30": 39, "2006-03-31": 6, "2005-12-31": 35, "2005-09-30": "20.00000", "2005-06-30": -21, "2005-03-31": -496}, "Total Non-Cash Items": {"2020-12-31": 102, "2020-09-30": "13.00000", "2020-06-30": 57, "2020-03-31": 61, "2019-12-31": 64, "2019-09-30": "76.00000", "2019-06-30": 43, "2019-03-31": -2, "2018-12-31": 68, "2018-09-30": "65.00000", "2018-06-30": 101, "2018-03-31": 42, "2017-12-31": 30, "2017-09-30": "67.00000", "2017-06-30": 73, "2017-03-31": 15, "2016-12-31": 86, "2016-09-30": "37.00000", "2016-06-30": 54, "2016-03-31": 75, "2015-12-31": 44, "2015-09-30": "53.00000", "2015-06-30": 33, "2015-03-31": 26, "2014-12-31": 27, "2014-09-30": "99.00000", "2014-06-30": 34, "2014-03-31": 62, "2013-12-31": 43, "2013-09-30": "61.00000", "2013-06-30": 62, "2013-03-31": 42, "2012-12-31": 35, "2012-09-30": "84.00000", "2012-06-30": 35, "2012-03-31": 42, "2011-12-31": 9, "2011-09-30": "65.00000", "2011-06-30": 87, "2011-03-31": 37, "2010-12-31": 163, "2010-09-30": "-1.00000", "2010-06-30": 78, "2010-03-31": 42, "2009-12-31": 73, "2009-09-30": "37.00000", "2009-06-30": 55, "2009-03-31": 63, "2008-12-31": 78, "2008-09-30": "66.00000", "2008-06-30": 18, "2008-03-31": 81, "2007-12-31": 68, "2007-09-30": "86.00000", "2007-06-30": 70, "2007-03-31": 47, "2006-12-31": 67, "2006-09-30": "63.00000", "2006-06-30": 89, "2006-03-31": 52, "2005-12-31": 82, "2005-09-30": "65.00000", "2005-06-30": 25, "2005-03-31": -359}, "Change In Accounts Receivable": {"2020-12-31": 80, "2020-09-30": "-8.00000", "2020-06-30": 75, "2020-03-31": -188, "2019-12-31": 13, "2019-09-30": "73.00000", "2019-06-30": -43, "2019-03-31": -57, "2018-12-31": 35, "2018-09-30": "33.00000", "2018-06-30": 5, "2018-03-31": -60, "2017-12-31": -4, "2017-09-30": "35.00000", "2017-06-30": -3, "2017-03-31": -55, "2016-12-31": -17, "2016-09-30": "74.00000", "2016-06-30": -28, "2016-03-31": -52, "2015-12-31": -11, "2015-09-30": "39.00000", "2015-06-30": 3, "2015-03-31": -57, "2014-12-31": -27, "2014-09-30": "87.00000", "2014-06-30": -2, "2014-03-31": -55, "2013-12-31": -11, "2013-09-30": "88.00000", "2013-06-30": -30, "2013-03-31": -51, "2012-12-31": -9, "2012-09-30": "80.00000", "2012-06-30": -24, "2012-03-31": -52, "2011-12-31": -55, "2011-09-30": "79.00000", "2011-06-30": -20, "2011-03-31": -67, "2010-12-31": -6, "2010-09-30": "60.00000", "2010-06-30": 9, "2010-03-31": -88, "2009-12-31": 24, "2009-09-30": "34.00000", "2009-06-30": -31, "2009-03-31": -55, "2008-12-31": 35, "2008-09-30": "41.00000", "2008-06-30": -51, "2008-03-31": -52, "2007-12-31": 38, "2007-09-30": "57.00000", "2007-06-30": -28, "2007-03-31": -33, "2006-12-31": -20, "2006-09-30": "66.00000", "2006-06-30": -49, "2006-03-31": -14, "2005-12-31": -26, "2005-09-30": "60.00000", "2005-06-30": -5, "2005-03-31": 38}, "Change In Inventories": {"2020-12-31": -70, "2020-09-30": "-70.00000", "2020-06-30": 0, "2020-03-31": 53, "2019-12-31": -9, "2019-09-30": "6.00000", "2019-06-30": 44, "2019-03-31": 23, "2018-12-31": -61, "2018-09-30": "-13.00000", "2018-06-30": 37, "2018-03-31": -18, "2017-12-31": -30, "2017-09-30": "-10.00000", "2017-06-30": 51, "2017-03-31": -7, "2016-12-31": -40, "2016-09-30": "-23.00000", "2016-06-30": 41, "2016-03-31": -9, "2015-12-31": -47, "2015-09-30": "-30.00000", "2015-06-30": 52, "2015-03-31": 1, "2014-12-31": -52, "2014-09-30": "-26.00000", "2014-06-30": 60, "2014-03-31": 13, "2013-12-31": -28, "2013-09-30": "-44.00000", "2013-06-30": 56, "2013-03-31": -10, "2012-12-31": -25, "2012-09-30": "-32.00000", "2012-06-30": 67, "2012-03-31": -1, "2011-12-31": -34, "2011-09-30": "-31.00000", "2011-06-30": 56, "2011-03-31": -25, "2010-12-31": -24, "2010-09-30": "-44.00000", "2010-06-30": 53, "2010-03-31": -6, "2009-12-31": -20, "2009-09-30": "-21.00000", "2009-06-30": 37, "2009-03-31": -5, "2008-12-31": 8, "2008-09-30": "-45.00000", "2008-06-30": 34, "2008-03-31": 3, "2007-12-31": -43, "2007-09-30": "-20.00000", "2007-06-30": 43, "2007-03-31": -5, "2006-12-31": -14, "2006-09-30": "-32.00000", "2006-06-30": 85, "2006-03-31": -21, "2005-12-31": -20, "2005-09-30": "-18.00000", "2005-06-30": 52, "2005-03-31": -69}, "Change In Accounts Payable": {"2020-12-31": 0, "2020-09-30": "", "2020-06-30": 0, "2020-03-31": 0, "2019-12-31": 0, "2019-09-30": "", "2019-06-30": 0, "2019-03-31": 0, "2018-12-31": 0, "2018-09-30": "", "2018-06-30": 0, "2018-03-31": 0, "2017-12-31": 0, "2017-09-30": "", "2017-06-30": 0, "2017-03-31": 0, "2016-12-31": 0, "2016-09-30": "", "2016-06-30": 0, "2016-03-31": 0, "2015-12-31": 0, "2015-09-30": "", "2015-06-30": 0, "2015-03-31": 0, "2014-12-31": 0, "2014-09-30": "", "2014-06-30": 0, "2014-03-31": 0, "2013-12-31": 0, "2013-09-30": "", "2013-06-30": 0, "2013-03-31": 0, "2012-12-31": 0, "2012-09-30": "", "2012-06-30": 0, "2012-03-31": 0, "2011-12-31": 0, "2011-09-30": "", "2011-06-30": 0, "2011-03-31": 0, "2010-12-31": 0, "2010-09-30": "", "2010-06-30": 0, "2010-03-31": 0, "2009-12-31": 0, "2009-09-30": "", "2009-06-30": 0, "2009-03-31": 0, "2008-12-31": 0, "2008-09-30": "", "2008-06-30": 0, "2008-03-31": 0, "2007-12-31": 0, "2007-09-30": "", "2007-06-30": 0, "2007-03-31": 0, "2006-12-31": 0, "2006-09-30": "", "2006-06-30": 0, "2006-03-31": 0, "2005-12-31": 0, "2005-09-30": "", "2005-06-30": 0, "2005-03-31": 0}, "Change In Assets/Liabilities": {"2020-12-31": 2, "2020-09-30": "-19.00000", "2020-06-30": 20, "2020-03-31": 3, "2019-12-31": 7, "2019-09-30": "-9.00000", "2019-06-30": 4, "2019-03-31": 5, "2018-12-31": -2, "2018-09-30": "-13.00000", "2018-06-30": 6, "2018-03-31": 3, "2017-12-31": 1, "2017-09-30": "-6.00000", "2017-06-30": 9, "2017-03-31": -1, "2016-12-31": -7, "2016-09-30": "-6.00000", "2016-06-30": 7, "2016-03-31": 7, "2015-12-31": 2, "2015-09-30": "-10.00000", "2015-06-30": 5, "2015-03-31": 5, "2014-12-31": -5, "2014-09-30": "1.00000", "2014-06-30": 9, "2014-03-31": 4, "2013-12-31": -1, "2013-09-30": "-7.00000", "2013-06-30": 5, "2013-03-31": 4, "2012-12-31": 2, "2012-09-30": "1.00000", "2012-06-30": -6, "2012-03-31": 3, "2011-12-31": 2, "2011-09-30": "-2.00000", "2011-06-30": 7, "2011-03-31": -3, "2010-12-31": 8, "2010-09-30": "9.00000", "2010-06-30": -5, "2010-03-31": -4, "2009-12-31": 0, "2009-09-30": "", "2009-06-30": 12, "2009-03-31": 1, "2008-12-31": -21, "2008-09-30": "", "2008-06-30": -4, "2008-03-31": 8, "2007-12-31": 3, "2007-09-30": "4.00000", "2007-06-30": -11, "2007-03-31": 1, "2006-12-31": 2, "2006-09-30": "11.00000", "2006-06-30": -20, "2006-03-31": -2, "2005-12-31": -3, "2005-09-30": "4.00000", "2005-06-30": 8, "2005-03-31": -3}, "Total Change In Assets/Liabilities": {"2020-12-31": -117, "2020-09-30": "-47.00000", "2020-06-30": 373, "2020-03-31": 6, "2019-12-31": -22, "2019-09-30": "-8.00000", "2019-06-30": 105, "2019-03-31": -31, "2018-12-31": -60, "2018-09-30": "-16.00000", "2018-06-30": 82, "2018-03-31": 29, "2017-12-31": -199, "2017-09-30": "1.00000", "2017-06-30": 109, "2017-03-31": 25, "2016-12-31": -135, "2016-09-30": "-46.00000", "2016-06-30": 112, "2016-03-31": 25, "2015-12-31": -155, "2015-09-30": "-78.00000", "2015-06-30": 155, "2015-03-31": 18, "2014-12-31": -118, "2014-09-30": "54.00000", "2014-06-30": 133, "2014-03-31": 21, "2013-12-31": -126, "2013-09-30": "-19.00000", "2013-06-30": 45, "2013-03-31": -15, "2012-12-31": -41, "2012-09-30": "-9.00000", "2012-06-30": 78, "2012-03-31": -17, "2011-12-31": -77, "2011-09-30": "-64.00000", "2011-06-30": 36, "2011-03-31": -7, "2010-12-31": -107, "2010-09-30": "-67.00000", "2010-06-30": 127, "2010-03-31": -10, "2009-12-31": -31, "2009-09-30": "-100.00000", "2009-06-30": 90, "2009-03-31": 16, "2008-12-31": -66, "2008-09-30": "-101.00000", "2008-06-30": 78, "2008-03-31": -16, "2007-12-31": -12, "2007-09-30": "-34.00000", "2007-06-30": 48, "2007-03-31": -4, "2006-12-31": -41, "2006-09-30": "-42.00000", "2006-06-30": 70, "2006-03-31": -24, "2005-12-31": -23, "2005-09-30": "-233.00000", "2005-06-30": 121, "2005-03-31": -118}, "Cash Flow From Operating Activities": {"2020-12-31": 246, "2020-09-30": "383.00000", "2020-06-30": 740, "2020-03-31": 308, "2019-12-31": 227, "2019-09-30": "271.00000", "2019-06-30": 389, "2019-03-31": 154, "2018-12-31": 190, "2018-09-30": "259.00000", "2018-06-30": 400, "2018-03-31": 252, "2017-12-31": 64, "2017-09-30": "260.00000", "2017-06-30": 383, "2017-03-31": 212, "2016-12-31": 100, "2016-09-30": "170.00000", "2016-06-30": 331, "2016-03-31": 262, "2015-12-31": 38, "2015-09-30": "147.00000", "2015-06-30": 379, "2015-03-31": 218, "2014-12-31": 34, "2014-09-30": "243.00000", "2014-06-30": 337, "2014-03-31": 220, "2013-12-31": 32, "2013-09-30": "178.00000", "2013-06-30": 290, "2013-03-31": 160, "2012-12-31": 117, "2012-09-30": "208.00000", "2012-06-30": 287, "2012-03-31": 157, "2011-12-31": 37, "2011-09-30": "131.00000", "2011-06-30": 292, "2011-03-31": 181, "2010-12-31": 77, "2010-09-30": "148.00000", "2010-06-30": 376, "2010-03-31": 197, "2009-12-31": 152, "2009-09-30": "94.00000", "2009-06-30": 315, "2009-03-31": 232, "2008-12-31": 98, "2008-09-30": "93.00000", "2008-06-30": 254, "2008-03-31": 165, "2007-12-31": 148, "2007-09-30": "163.00000", "2007-06-30": 282, "2007-03-31": 172, "2006-12-31": 122, "2006-09-30": "133.00000", "2006-06-30": 301, "2006-03-31": 138, "2005-12-31": 142, "2005-09-30": "-59.00000", "2005-06-30": 302, "2005-03-31": 463}, "Net Change In Property, Plant, And Equipment": {"2020-12-31": -82, "2020-09-30": "-69.00000", "2020-06-30": -96, "2020-03-31": -47, "2019-12-31": -57, "2019-09-30": "-54.00000", "2019-06-30": -71, "2019-03-31": -49, "2018-12-31": -50, "2018-09-30": "-36.00000", "2018-06-30": -68, "2018-03-31": -37, "2017-12-31": -40, "2017-09-30": "-49.00000", "2017-06-30": -70, "2017-03-31": -44, "2016-12-31": -58, "2016-09-30": "-59.00000", "2016-06-30": -59, "2016-03-31": -45, "2015-12-31": -40, "2015-09-30": "-28.00000", "2015-06-30": -42, "2015-03-31": -23, "2014-12-31": -31, "2014-09-30": "-29.00000", "2014-06-30": -50, "2014-03-31": -24, "2013-12-31": -36, "2013-09-30": "-27.00000", "2013-06-30": -56, "2013-03-31": -32, "2012-12-31": -48, "2012-09-30": "-54.00000", "2012-06-30": -73, "2012-03-31": -37, "2011-12-31": -45, "2011-09-30": "-37.00000", "2011-06-30": -69, "2011-03-31": -70, "2010-12-31": -55, "2010-09-30": "-34.00000", "2010-06-30": -92, "2010-03-31": -33, "2009-12-31": -42, "2009-09-30": "-34.00000", "2009-06-30": -61, "2009-03-31": -51, "2008-12-31": -45, "2008-09-30": "-39.00000", "2008-06-30": -67, "2008-03-31": -32, "2007-12-31": -45, "2007-09-30": "-26.00000", "2007-06-30": -51, "2007-03-31": -28, "2006-12-31": -37, "2006-09-30": "-31.00000", "2006-06-30": -58, "2006-03-31": -39, "2005-12-31": -46, "2005-09-30": "-37.00000", "2005-06-30": -62, "2005-03-31": -89}, "Net Change In Intangible Assets": {"2020-12-31": 0, "2020-09-30": "", "2020-06-30": 0, "2020-03-31": 0, "2019-12-31": 0, "2019-09-30": "", "2019-06-30": 0, "2019-03-31": 0, "2018-12-31": 0, "2018-09-30": "", "2018-06-30": 0, "2018-03-31": 0, "2017-12-31": 0, "2017-09-30": "", "2017-06-30": 0, "2017-03-31": 0, "2016-12-31": 0, "2016-09-30": "", "2016-06-30": 0, "2016-03-31": 0, "2015-12-31": 0, "2015-09-30": "", "2015-06-30": 0, "2015-03-31": 0, "2014-12-31": 0, "2014-09-30": "", "2014-06-30": 0, "2014-03-31": 0, "2013-12-31": 0, "2013-09-30": "", "2013-06-30": 0, "2013-03-31": 0, "2012-12-31": 0, "2012-09-30": "", "2012-06-30": 0, "2012-03-31": 0, "2011-12-31": 0, "2011-09-30": "", "2011-06-30": 0, "2011-03-31": 0, "2010-12-31": 0, "2010-09-30": "", "2010-06-30": 0, "2010-03-31": 0, "2009-12-31": 0, "2009-09-30": "", "2009-06-30": 0, "2009-03-31": 0, "2008-12-31": 0, "2008-09-30": "", "2008-06-30": 0, "2008-03-31": 0, "2007-12-31": 0, "2007-09-30": "", "2007-06-30": 0, "2007-03-31": 0, "2006-12-31": 0, "2006-09-30": "", "2006-06-30": 0, "2006-03-31": 0, "2005-12-31": 0, "2005-09-30": "", "2005-06-30": 0, "2005-03-31": 0}, "Net Acquisitions/Divestitures": {"2020-12-31": 0, "2020-09-30": "-85.00000", "2020-06-30": 0, "2020-03-31": 0, "2019-12-31": 0, "2019-09-30": "", "2019-06-30": 0, "2019-03-31": 0, "2018-12-31": 0, "2018-09-30": "", "2018-06-30": -681, "2018-03-31": 0, "2017-12-31": 0, "2017-09-30": "", "2017-06-30": 0, "2017-03-31": 0, "2016-12-31": 0, "2016-09-30": "", "2016-06-30": -290, "2016-03-31": 0, "2015-12-31": 0, "2015-09-30": "", "2015-06-30": 0, "2015-03-31": 0, "2014-12-31": 0, "2014-09-30": "", "2014-06-30": 0, "2014-03-31": 0, "2013-12-31": 0, "2013-09-30": "", "2013-06-30": 0, "2013-03-31": 0, "2012-12-31": 0, "2012-09-30": "", "2012-06-30": 0, "2012-03-31": 0, "2011-12-31": -93, "2011-09-30": "", "2011-06-30": 0, "2011-03-31": 0, "2010-12-31": 747, "2010-09-30": "", "2010-06-30": 0, "2010-03-31": -19, "2009-12-31": 0, "2009-09-30": "", "2009-06-30": 0, "2009-03-31": 0, "2008-12-31": 0, "2008-09-30": "", "2008-06-30": 0, "2008-03-31": 0, "2007-12-31": -913, "2007-09-30": "", "2007-06-30": 0, "2007-03-31": -67, "2006-12-31": -56, "2006-09-30": "", "2006-06-30": -16, "2006-03-31": 0, "2005-12-31": 0, "2005-09-30": "", "2005-06-30": 0, "2005-03-31": 0}, "Net Change In Short-term Investments": {"2020-12-31": 0, "2020-09-30": "", "2020-06-30": 0, "2020-03-31": 0, "2019-12-31": 0, "2019-09-30": "", "2019-06-30": 0, "2019-03-31": 0, "2018-12-31": 0, "2018-09-30": "", "2018-06-30": 0, "2018-03-31": 0, "2017-12-31": 0, "2017-09-30": "", "2017-06-30": 0, "2017-03-31": 0, "2016-12-31": 0, "2016-09-30": "", "2016-06-30": 0, "2016-03-31": 0, "2015-12-31": 0, "2015-09-30": "", "2015-06-30": 0, "2015-03-31": 0, "2014-12-31": 0, "2014-09-30": "", "2014-06-30": 0, "2014-03-31": 0, "2013-12-31": 0, "2013-09-30": "", "2013-06-30": 0, "2013-03-31": 0, "2012-12-31": 0, "2012-09-30": "", "2012-06-30": 0, "2012-03-31": 0, "2011-12-31": 0, "2011-09-30": "", "2011-06-30": 0, "2011-03-31": 0, "2010-12-31": 0, "2010-09-30": "", "2010-06-30": 0, "2010-03-31": 0, "2009-12-31": 0, "2009-09-30": "", "2009-06-30": 0, "2009-03-31": 0, "2008-12-31": 0, "2008-09-30": "", "2008-06-30": 0, "2008-03-31": 0, "2007-12-31": 0, "2007-09-30": "", "2007-06-30": 0, "2007-03-31": 0, "2006-12-31": 0, "2006-09-30": "", "2006-06-30": 0, "2006-03-31": 0, "2005-12-31": 0, "2005-09-30": "", "2005-06-30": 0, "2005-03-31": 0}, "Net Change In Long-Term Investments": {"2020-12-31": 0, "2020-09-30": "", "2020-06-30": 0, "2020-03-31": 0, "2019-12-31": 0, "2019-09-30": "", "2019-06-30": 0, "2019-03-31": 0, "2018-12-31": 0, "2018-09-30": "", "2018-06-30": 0, "2018-03-31": 0, "2017-12-31": 0, "2017-09-30": "", "2017-06-30": 0, "2017-03-31": 0, "2016-12-31": 0, "2016-09-30": "", "2016-06-30": 0, "2016-03-31": 0, "2015-12-31": 0, "2015-09-30": "", "2015-06-30": 0, "2015-03-31": 0, "2014-12-31": 0, "2014-09-30": "", "2014-06-30": 0, "2014-03-31": 0, "2013-12-31": 0, "2013-09-30": "", "2013-06-30": 0, "2013-03-31": 0, "2012-12-31": 0, "2012-09-30": "", "2012-06-30": 0, "2012-03-31": 0, "2011-12-31": 0, "2011-09-30": "", "2011-06-30": 0, "2011-03-31": 0, "2010-12-31": 0, "2010-09-30": "", "2010-06-30": 0, "2010-03-31": 0, "2009-12-31": 0, "2009-09-30": "", "2009-06-30": 0, "2009-03-31": 0, "2008-12-31": 0, "2008-09-30": "", "2008-06-30": 2, "2008-03-31": -1, "2007-12-31": 1, "2007-09-30": "-2.00000", "2007-06-30": -3, "2007-03-31": 5, "2006-12-31": 0, "2006-09-30": "-2.00000", "2006-06-30": 21, "2006-03-31": -57, "2005-12-31": 38, "2005-09-30": "-2.00000", "2005-06-30": 9, "2005-03-31": -9}, "Net Change In Investments - Total": {"2020-12-31": 0, "2020-09-30": "", "2020-06-30": 0, "2020-03-31": 0, "2019-12-31": 0, "2019-09-30": "", "2019-06-30": 0, "2019-03-31": 0, "2018-12-31": 0, "2018-09-30": "", "2018-06-30": 0, "2018-03-31": 0, "2017-12-31": 0, "2017-09-30": "", "2017-06-30": 0, "2017-03-31": 0, "2016-12-31": 0, "2016-09-30": "", "2016-06-30": 0, "2016-03-31": 0, "2015-12-31": 0, "2015-09-30": "", "2015-06-30": 0, "2015-03-31": 0, "2014-12-31": 0, "2014-09-30": "", "2014-06-30": 0, "2014-03-31": 0, "2013-12-31": 0, "2013-09-30": "", "2013-06-30": 0, "2013-03-31": 0, "2012-12-31": 0, "2012-09-30": "", "2012-06-30": 0, "2012-03-31": 0, "2011-12-31": 0, "2011-09-30": "", "2011-06-30": 0, "2011-03-31": 0, "2010-12-31": 0, "2010-09-30": "", "2010-06-30": 0, "2010-03-31": 0, "2009-12-31": 0, "2009-09-30": "", "2009-06-30": 0, "2009-03-31": 0, "2008-12-31": 0, "2008-09-30": "", "2008-06-30": 2, "2008-03-31": -1, "2007-12-31": 1, "2007-09-30": "-2.00000", "2007-06-30": -3, "2007-03-31": 5, "2006-12-31": 0, "2006-09-30": "-2.00000", "2006-06-30": 21, "2006-03-31": -57, "2005-12-31": 38, "2005-09-30": "-2.00000", "2005-06-30": 9, "2005-03-31": -9}, "Investing Activities - Other": {"2020-12-31": -25, "2020-09-30": "3.00000", "2020-06-30": -11, "2020-03-31": 0, "2019-12-31": 1, "2019-09-30": "12.00000", "2019-06-30": 1, "2019-03-31": 0, "2018-12-31": 9, "2018-09-30": "", "2018-06-30": 2, "2018-03-31": -1, "2017-12-31": 2, "2017-09-30": "13.00000", "2017-06-30": 1, "2017-03-31": 22, "2016-12-31": 2, "2016-09-30": "1.00000", "2016-06-30": 20, "2016-03-31": 0, "2015-12-31": 0, "2015-09-30": "12.00000", "2015-06-30": 16, "2015-03-31": 0, "2014-12-31": 1, "2014-09-30": "2.00000", "2014-06-30": 1, "2014-03-31": -3, "2013-12-31": 1, "2013-09-30": "", "2013-06-30": 28, "2013-03-31": -1, "2012-12-31": 108, "2012-09-30": "", "2012-06-30": -4, "2012-03-31": 0, "2011-12-31": 12, "2011-09-30": "", "2011-06-30": 0, "2011-03-31": 0, "2010-12-31": 25, "2010-09-30": "", "2010-06-30": -11, "2010-03-31": -1, "2009-12-31": 0, "2009-09-30": "1.00000", "2009-06-30": 1, "2009-03-31": -2, "2008-12-31": 1, "2008-09-30": "-1.00000", "2008-06-30": -1, "2008-03-31": 2, "2007-12-31": 0, "2007-09-30": "", "2007-06-30": 2, "2007-03-31": 0, "2006-12-31": 0, "2006-09-30": "", "2006-06-30": -6, "2006-03-31": 41, "2005-12-31": 0, "2005-09-30": "", "2005-06-30": -7, "2005-03-31": 4}, "Cash Flow From Investing Activities": {"2020-12-31": -107, "2020-09-30": "-151.00000", "2020-06-30": -107, "2020-03-31": -47, "2019-12-31": -56, "2019-09-30": "-42.00000", "2019-06-30": -70, "2019-03-31": -49, "2018-12-31": -41, "2018-09-30": "-36.00000", "2018-06-30": -747, "2018-03-31": -38, "2017-12-31": -38, "2017-09-30": "-36.00000", "2017-06-30": -69, "2017-03-31": -22, "2016-12-31": -56, "2016-09-30": "-58.00000", "2016-06-30": -329, "2016-03-31": -45, "2015-12-31": -40, "2015-09-30": "-16.00000", "2015-06-30": -26, "2015-03-31": -23, "2014-12-31": -30, "2014-09-30": "-27.00000", "2014-06-30": -49, "2014-03-31": -27, "2013-12-31": -35, "2013-09-30": "-27.00000", "2013-06-30": -28, "2013-03-31": -33, "2012-12-31": 60, "2012-09-30": "-54.00000", "2012-06-30": -77, "2012-03-31": -37, "2011-12-31": -126, "2011-09-30": "-37.00000", "2011-06-30": -69, "2011-03-31": -70, "2010-12-31": 717, "2010-09-30": "-34.00000", "2010-06-30": -103, "2010-03-31": -53, "2009-12-31": -42, "2009-09-30": "-33.00000", "2009-06-30": -60, "2009-03-31": -53, "2008-12-31": -44, "2008-09-30": "-40.00000", "2008-06-30": -66, "2008-03-31": -31, "2007-12-31": -957, "2007-09-30": "-28.00000", "2007-06-30": -52, "2007-03-31": -90, "2006-12-31": -93, "2006-09-30": "-33.00000", "2006-06-30": -59, "2006-03-31": -55, "2005-12-31": -8, "2005-09-30": "-39.00000", "2005-06-30": -60, "2005-03-31": -94}, "Net Long-Term Debt": {"2020-12-31": 0, "2020-09-30": "", "2020-06-30": 492, "2020-03-31": 0, "2019-12-31": 0, "2019-09-30": "", "2019-06-30": 0, "2019-03-31": 0, "2018-12-31": 0, "2018-09-30": "", "2018-06-30": 495, "2018-03-31": 0, "2017-12-31": -400, "2017-09-30": "396.00000", "2017-06-30": 0, "2017-03-31": 0, "2016-12-31": 0, "2016-09-30": "", "2016-06-30": 0, "2016-03-31": 0, "2015-12-31": -300, "2015-09-30": "", "2015-06-30": -1, "2015-03-31": -79, "2014-12-31": 0, "2014-09-30": "", "2014-06-30": 0, "2014-03-31": 0, "2013-12-31": 0, "2013-09-30": "", "2013-06-30": 0, "2013-03-31": -500, "2012-12-31": -351, "2012-09-30": "594.00000", "2012-06-30": 0, "2012-03-31": 0, "2011-12-31": 297, "2011-09-30": "", "2011-06-30": 0, "2011-03-31": -300, "2010-12-31": 0, "2010-09-30": "", "2010-06-30": -9, "2010-03-31": -575, "2009-12-31": 297, "2009-09-30": "-15.00000", "2009-06-30": 11, "2009-03-31": 0, "2008-12-31": 0, "2008-09-30": "", "2008-06-30": 0, "2008-03-31": 499, "2007-12-31": 241, "2007-09-30": "16.00000", "2007-06-30": 0, "2007-03-31": -150, "2006-12-31": 0, "2006-09-30": "", "2006-06-30": 0, "2006-03-31": 0, "2005-12-31": -29, "2005-09-30": "", "2005-06-30": 0, "2005-03-31": 1635}, "Net Current Debt": {"2020-12-31": 0, "2020-09-30": "", "2020-06-30": -630, "2020-03-31": 128, "2019-12-31": 55, "2019-09-30": "51.00000", "2019-06-30": 72, "2019-03-31": 84, "2018-12-31": -47, "2018-09-30": "80.00000", "2018-06-30": -871, "2018-03-31": 569, "2017-12-31": 479, "2017-09-30": "-391.00000", "2017-06-30": -248, "2017-03-31": -110, "2016-12-31": 138, "2016-09-30": "95.00000", "2016-06-30": 89, "2016-03-31": -68, "2015-12-31": 369, "2015-09-30": "36.00000", "2015-06-30": 25, "2015-03-31": -428, "2014-12-31": 445, "2014-09-30": "-90.00000", "2014-06-30": -251, "2014-03-31": 51, "2013-12-31": 56, "2013-09-30": "84.00000", "2013-06-30": -190, "2013-03-31": 387, "2012-12-31": 2, "2012-09-30": "-297.00000", "2012-06-30": -130, "2012-03-31": -48, "2011-12-31": 36, "2011-09-30": "-22.00000", "2011-06-30": 116, "2011-03-31": 340, "2010-12-31": -503, "2010-09-30": "134.00000", "2010-06-30": -215, "2010-03-31": 560, "2009-12-31": -432, "2009-09-30": "35.00000", "2009-06-30": -123, "2009-03-31": -95, "2008-12-31": -89, "2008-09-30": "-27.00000", "2008-06-30": -204, "2008-03-31": -585, "2007-12-31": 672, "2007-09-30": "798.00000", "2007-06-30": -135, "2007-03-31": 80, "2006-12-31": 56, "2006-09-30": "-88.00000", "2006-06-30": -310, "2006-03-31": -56, "2005-12-31": -34, "2005-09-30": "196.00000", "2005-06-30": -49, "2005-03-31": 117}, "Debt Issuance/Retirement Net - Total": {"2020-12-31": 0, "2020-09-30": "", "2020-06-30": -138, "2020-03-31": 128, "2019-12-31": 55, "2019-09-30": "51.00000", "2019-06-30": 72, "2019-03-31": 84, "2018-12-31": -47, "2018-09-30": "80.00000", "2018-06-30": -376, "2018-03-31": 569, "2017-12-31": 79, "2017-09-30": "5.00000", "2017-06-30": -248, "2017-03-31": -110, "2016-12-31": 138, "2016-09-30": "95.00000", "2016-06-30": 89, "2016-03-31": -68, "2015-12-31": 69, "2015-09-30": "36.00000", "2015-06-30": 24, "2015-03-31": -507, "2014-12-31": 445, "2014-09-30": "-90.00000", "2014-06-30": -251, "2014-03-31": 51, "2013-12-31": 56, "2013-09-30": "84.00000", "2013-06-30": -190, "2013-03-31": -113, "2012-12-31": -349, "2012-09-30": "297.00000", "2012-06-30": -130, "2012-03-31": -48, "2011-12-31": 333, "2011-09-30": "-22.00000", "2011-06-30": 116, "2011-03-31": 40, "2010-12-31": -503, "2010-09-30": "134.00000", "2010-06-30": -224, "2010-03-31": -15, "2009-12-31": -135, "2009-09-30": "20.00000", "2009-06-30": -112, "2009-03-31": -95, "2008-12-31": -89, "2008-09-30": "-27.00000", "2008-06-30": -204, "2008-03-31": -86, "2007-12-31": 913, "2007-09-30": "814.00000", "2007-06-30": -135, "2007-03-31": -70, "2006-12-31": 56, "2006-09-30": "-88.00000", "2006-06-30": -310, "2006-03-31": -56, "2005-12-31": -63, "2005-09-30": "196.00000", "2005-06-30": -49, "2005-03-31": 1752}, "Net Common Equity Issued/Repurchased": {"2020-12-31": -119, "2020-09-30": "-107.00000", "2020-06-30": 10, "2020-03-31": 82, "2019-12-31": -77, "2019-09-30": "-101.00000", "2019-06-30": -336, "2019-03-31": -52, "2018-12-31": 24, "2018-09-30": "-150.00000", "2018-06-30": -191, "2018-03-31": 9, "2017-12-31": 29, "2017-09-30": "-73.00000", "2017-06-30": 20, "2017-03-31": 38, "2016-12-31": -71, "2016-09-30": "-95.00000", "2016-06-30": -4, "2016-03-31": -29, "2015-12-31": 46, "2015-09-30": "-57.00000", "2015-06-30": -275, "2015-03-31": -25, "2014-12-31": 116, "2014-09-30": "1.00000", "2014-06-30": 17, "2014-03-31": -122, "2013-12-31": 60, "2013-09-30": "-119.00000", "2013-06-30": -107, "2013-03-31": 48, "2012-12-31": 36, "2012-09-30": "28.00000", "2012-06-30": -35, "2012-03-31": 10, "2011-12-31": -138, "2011-09-30": "24.00000", "2011-06-30": -160, "2011-03-31": -303, "2010-12-31": -117, "2010-09-30": "18.00000", "2010-06-30": -131, "2010-03-31": 30, "2009-12-31": 16, "2009-09-30": "15.00000", "2009-06-30": 4, "2009-03-31": 2, "2008-12-31": 19, "2008-09-30": "16.00000", "2008-06-30": 9, "2008-03-31": 4, "2007-12-31": 21, "2007-09-30": "-863.00000", "2007-06-30": -40, "2007-03-31": 26, "2006-12-31": -35, "2006-09-30": "13.00000", "2006-06-30": 15, "2006-03-31": 33, "2005-12-31": -28, "2005-09-30": "-76.00000", "2005-06-30": -150, "2005-03-31": -1904}, "Net Total Equity Issued/Repurchased": {"2020-12-31": -119, "2020-09-30": "-107.00000", "2020-06-30": 10, "2020-03-31": 82, "2019-12-31": -77, "2019-09-30": "-101.00000", "2019-06-30": -336, "2019-03-31": -52, "2018-12-31": 24, "2018-09-30": "-150.00000", "2018-06-30": -191, "2018-03-31": 9, "2017-12-31": 29, "2017-09-30": "-73.00000", "2017-06-30": 20, "2017-03-31": 38, "2016-12-31": -71, "2016-09-30": "-95.00000", "2016-06-30": -4, "2016-03-31": -29, "2015-12-31": 46, "2015-09-30": "-57.00000", "2015-06-30": -275, "2015-03-31": -25, "2014-12-31": 116, "2014-09-30": "1.00000", "2014-06-30": 17, "2014-03-31": -122, "2013-12-31": 60, "2013-09-30": "-119.00000", "2013-06-30": -107, "2013-03-31": 48, "2012-12-31": 36, "2012-09-30": "28.00000", "2012-06-30": -35, "2012-03-31": 10, "2011-12-31": -138, "2011-09-30": "24.00000", "2011-06-30": -160, "2011-03-31": -303, "2010-12-31": -117, "2010-09-30": "18.00000", "2010-06-30": -131, "2010-03-31": 30, "2009-12-31": 16, "2009-09-30": "15.00000", "2009-06-30": 4, "2009-03-31": 2, "2008-12-31": 19, "2008-09-30": "16.00000", "2008-06-30": 9, "2008-03-31": 4, "2007-12-31": 21, "2007-09-30": "-863.00000", "2007-06-30": -40, "2007-03-31": 26, "2006-12-31": -35, "2006-09-30": "13.00000", "2006-06-30": 15, "2006-03-31": 33, "2005-12-31": -28, "2005-09-30": "-76.00000", "2005-06-30": -150, "2005-03-31": -1904}, "Total Common And Preferred Stock Dividends Paid": {"2020-12-31": -140, "2020-09-30": "-140.00000", "2020-06-30": -134, "2020-03-31": -133, "2019-12-31": -133, "2019-09-30": "-133.00000", "2019-06-30": -122, "2019-03-31": -123, "2018-12-31": -123, "2018-09-30": "-122.00000", "2018-06-30": -124, "2018-03-31": -109, "2017-12-31": -109, "2017-09-30": "-108.00000", "2017-06-30": -103, "2017-03-31": -103, "2016-12-31": -102, "2016-09-30": "-104.00000", "2016-06-30": -100, "2016-03-31": -100, "2015-12-31": -99, "2015-09-30": "-99.00000", "2015-06-30": -97, "2015-03-31": -97, "2014-12-31": -96, "2014-09-30": "-95.00000", "2014-06-30": -91, "2014-03-31": -93, "2013-12-31": -91, "2013-09-30": "-93.00000", "2013-06-30": -85, "2013-03-31": -83, "2012-12-31": -84, "2012-09-30": "-83.00000", "2012-06-30": -78, "2012-03-31": -78, "2011-12-31": -80, "2011-09-30": "-79.00000", "2011-06-30": -73, "2011-03-31": -76, "2010-12-31": -77, "2010-09-30": "-77.00000", "2010-06-30": -71, "2010-03-31": -70, "2009-12-31": -71, "2009-09-30": "-70.00000", "2009-06-30": -65, "2009-03-31": -64, "2008-12-31": -65, "2008-09-30": "-64.00000", "2008-06-30": -55, "2008-03-31": -56, "2007-12-31": -56, "2007-09-30": "-61.00000", "2007-06-30": -47, "2007-03-31": -47, "2006-12-31": -45, "2006-09-30": "-44.00000", "2006-06-30": -44, "2006-03-31": -44, "2005-12-31": -43, "2005-09-30": "-42.00000", "2005-06-30": -43, "2005-03-31": -158}, "Financial Activities - Other": {"2020-12-31": -18, "2020-09-30": "", "2020-06-30": 0, "2020-03-31": 0, "2019-12-31": 0, "2019-09-30": "", "2019-06-30": 0, "2019-03-31": 0, "2018-12-31": 0, "2018-09-30": "", "2018-06-30": 0, "2018-03-31": 0, "2017-12-31": 0, "2017-09-30": "", "2017-06-30": 0, "2017-03-31": 0, "2016-12-31": 0, "2016-09-30": "", "2016-06-30": 0, "2016-03-31": 0, "2015-12-31": 0, "2015-09-30": "", "2015-06-30": 0, "2015-03-31": 0, "2014-12-31": 0, "2014-09-30": "", "2014-06-30": 0, "2014-03-31": 0, "2013-12-31": 0, "2013-09-30": "", "2013-06-30": 0, "2013-03-31": 0, "2012-12-31": 0, "2012-09-30": "", "2012-06-30": 0, "2012-03-31": 0, "2011-12-31": 0, "2011-09-30": "", "2011-06-30": 0, "2011-03-31": 0, "2010-12-31": 0, "2010-09-30": "", "2010-06-30": 0, "2010-03-31": 0, "2009-12-31": 0, "2009-09-30": "", "2009-06-30": 0, "2009-03-31": 0, "2008-12-31": 0, "2008-09-30": "", "2008-06-30": 0, "2008-03-31": 0, "2007-12-31": 0, "2007-09-30": "", "2007-06-30": 0, "2007-03-31": 0, "2006-12-31": 0, "2006-09-30": "", "2006-06-30": 0, "2006-03-31": 0, "2005-12-31": 0, "2005-09-30": "", "2005-06-30": 0, "2005-03-31": 0}, "Cash Flow From Financial Activities": {"2020-12-31": -277, "2020-09-30": "-247.00000", "2020-06-30": -262, "2020-03-31": 77, "2019-12-31": -155, "2019-09-30": "-183.00000", "2019-06-30": -386, "2019-03-31": -91, "2018-12-31": -146, "2018-09-30": "-192.00000", "2018-06-30": -691, "2018-03-31": 469, "2017-12-31": -1, "2017-09-30": "-176.00000", "2017-06-30": -331, "2017-03-31": -175, "2016-12-31": -35, "2016-09-30": "-104.00000", "2016-06-30": -15, "2016-03-31": -197, "2015-12-31": 16, "2015-09-30": "-120.00000", "2015-06-30": -348, "2015-03-31": -629, "2014-12-31": 465, "2014-09-30": "-184.00000", "2014-06-30": -325, "2014-03-31": -164, "2013-12-31": 25, "2013-09-30": "-128.00000", "2013-06-30": -382, "2013-03-31": -148, "2012-12-31": -397, "2012-09-30": "242.00000", "2012-06-30": -243, "2012-03-31": -116, "2011-12-31": 115, "2011-09-30": "-77.00000", "2011-06-30": -117, "2011-03-31": -339, "2010-12-31": -697, "2010-09-30": "75.00000", "2010-06-30": -426, "2010-03-31": -55, "2009-12-31": -190, "2009-09-30": "-35.00000", "2009-06-30": -173, "2009-03-31": -157, "2008-12-31": -135, "2008-09-30": "-75.00000", "2008-06-30": -250, "2008-03-31": -138, "2007-12-31": 878, "2007-09-30": "-110.00000", "2007-06-30": -222, "2007-03-31": -91, "2006-12-31": -24, "2006-09-30": "-119.00000", "2006-06-30": -339, "2006-03-31": -67, "2005-12-31": -134, "2005-09-30": "78.00000", "2005-06-30": -242, "2005-03-31": -310}, "Net Cash Flow": {"2020-12-31": -130, "2020-09-30": "-12.00000", "2020-06-30": 374, "2020-03-31": 331, "2019-12-31": 17, "2019-09-30": "44.00000", "2019-06-30": -67, "2019-03-31": 15, "2018-12-31": 0, "2018-09-30": "31.00000", "2018-06-30": -1043, "2018-03-31": 685, "2017-12-31": 21, "2017-09-30": "52.00000", "2017-06-30": -16, "2017-03-31": 17, "2016-12-31": 6, "2016-09-30": "7.00000", "2016-06-30": -13, "2016-03-31": 24, "2015-12-31": 7, "2015-09-30": "1.00000", "2015-06-30": 4, "2015-03-31": -441, "2014-12-31": 464, "2014-09-30": "26.00000", "2014-06-30": -35, "2014-03-31": 23, "2013-12-31": 18, "2013-09-30": "24.00000", "2013-06-30": -124, "2013-03-31": -22, "2012-12-31": -222, "2012-09-30": "400.00000", "2012-06-30": -36, "2012-03-31": 6, "2011-12-31": 27, "2011-09-30": "11.00000", "2011-06-30": 106, "2011-03-31": -226, "2010-12-31": 93, "2010-09-30": "199.00000", "2010-06-30": -154, "2010-03-31": 87, "2009-12-31": -83, "2009-09-30": "31.00000", "2009-06-30": 89, "2009-03-31": 20, "2008-12-31": -87, "2008-09-30": "-30.00000", "2008-06-30": -68, "2008-03-31": 2, "2007-12-31": 71, "2007-09-30": "27.00000", "2007-06-30": 11, "2007-03-31": -8, "2006-12-31": 5, "2006-09-30": "-18.00000", "2006-06-30": -97, "2006-03-31": 16, "2005-12-31": 0, "2005-09-30": "-20.00000", "2005-06-30": 0, "2005-03-31": 61}, "Stock-Based Compensation": {"2020-12-31": 22, "2020-09-30": "13.00000", "2020-06-30": 13, "2020-03-31": 18, "2019-12-31": 13, "2019-09-30": "6.00000", "2019-06-30": 9, "2019-03-31": 16, "2018-12-31": 10, "2018-09-30": "8.00000", "2018-06-30": 16, "2018-03-31": 14, "2017-12-31": 11, "2017-09-30": "12.00000", "2017-06-30": 13, "2017-03-31": 13, "2016-12-31": 13, "2016-09-30": "12.00000", "2016-06-30": 12, "2016-03-31": 11, "2015-12-31": 13, "2015-09-30": "9.00000", "2015-06-30": 11, "2015-03-31": 12, "2014-12-31": 4, "2014-09-30": "5.00000", "2014-06-30": 7, "2014-03-31": 6, "2013-12-31": 13, "2013-09-30": "10.00000", "2013-06-30": 8, "2013-03-31": 9, "2012-12-31": 10, "2012-09-30": "8.00000", "2012-06-30": 8, "2012-03-31": 8, "2011-12-31": 6, "2011-09-30": "5.00000", "2011-06-30": 9, "2011-03-31": 9, "2010-12-31": 2, "2010-09-30": "12.00000", "2010-06-30": 14, "2010-03-31": 21, "2009-12-31": 12, "2009-09-30": "13.00000", "2009-06-30": 13, "2009-03-31": 12, "2008-12-31": 21, "2008-09-30": "12.00000", "2008-06-30": 15, "2008-03-31": 12, "2007-12-31": 14, "2007-09-30": "6.00000", "2007-06-30": 9, "2007-03-31": 12, "2006-12-31": 17, "2006-09-30": "11.00000", "2006-06-30": 43, "2006-03-31": 11, "2005-12-31": 13, "2005-09-30": "10.00000", "2005-06-30": 1, "2005-03-31": 10}, "Common Stock Dividends Paid": {"2020-12-31": -140, "2020-09-30": "-140.00000", "2020-06-30": -134, "2020-03-31": -133, "2019-12-31": -133, "2019-09-30": "-133.00000", "2019-06-30": -122, "2019-03-31": -123, "2018-12-31": -123, "2018-09-30": "-122.00000", "2018-06-30": -124, "2018-03-31": -109, "2017-12-31": -109, "2017-09-30": "-108.00000", "2017-06-30": -103, "2017-03-31": -103, "2016-12-31": -102, "2016-09-30": "-104.00000", "2016-06-30": -100, "2016-03-31": -100, "2015-12-31": -99, "2015-09-30": "-99.00000", "2015-06-30": -97, "2015-03-31": -97, "2014-12-31": -96, "2014-09-30": "-95.00000", "2014-06-30": -91, "2014-03-31": -93, "2013-12-31": -91, "2013-09-30": "-93.00000", "2013-06-30": -85, "2013-03-31": -83, "2012-12-31": -84, "2012-09-30": "-83.00000", "2012-06-30": -78, "2012-03-31": -78, "2011-12-31": -80, "2011-09-30": "-79.00000", "2011-06-30": -73, "2011-03-31": -76, "2010-12-31": -77, "2010-09-30": "-77.00000", "2010-06-30": -71, "2010-03-31": -70, "2009-12-31": -71, "2009-09-30": "-70.00000", "2009-06-30": -65, "2009-03-31": -64, "2008-12-31": -65, "2008-09-30": "-64.00000", "2008-06-30": -55, "2008-03-31": -56, "2007-12-31": -56, "2007-09-30": "-61.00000", "2007-06-30": -47, "2007-03-31": -47, "2006-12-31": -45, "2006-09-30": "-44.00000", "2006-06-30": -44, "2006-03-31": -44, "2005-12-31": -43, "2005-09-30": "-42.00000", "2005-06-30": -43, "2005-03-31": -158}}, "financial ratios": {"Current Ratio": {"2020-06-30": "1.42450", "2019-06-30": "0.90630", "2018-06-30": "1.09250", "2017-06-30": "0.83690", "2016-06-30": "0.95310", "2015-06-30": "1.01710", "2014-06-30": "0.85160", "2013-06-30": "1.25220", "2012-06-30": "0.66760", "2011-06-30": "0.93700", "2010-06-30": "0.90520", "2009-06-30": "0.60920", "2008-06-30": "0.75260", "2007-06-30": "0.72320", "2006-06-30": "0.89120", "2005-06-30": "0.80860"}, "Long-term Debt / Capital": {"2020-06-30": "0.75380", "2019-06-30": "0.80360", "2018-06-30": "0.75880", "2017-06-30": "0.71960", "2016-06-30": "0.85760", "2015-06-30": "0.93830", "2014-06-30": "0.91190", "2013-06-30": "0.93700", "2012-06-30": "1.09400", "2011-06-30": "1.04220", "2010-06-30": "0.96240", "2009-06-30": "1.08860", "2008-06-30": "1.15740", "2007-06-30": "0.89530", "2006-06-30": "1.08620", "2005-06-30": "1.35250"}, "Debt/Equity Ratio": {"2020-06-30": "3.06170", "2019-06-30": "4.79960", "2018-06-30": "3.42010", "2017-06-30": "4.04980", "2016-06-30": "7.78450", "2015-06-30": "18.56780", "2014-06-30": "15.01950", "2013-06-30": "16.24660", "2012-06-30": "-20.15560", "2011-06-30": "-30.04650", "2010-06-30": "33.67470", "2009-06-30": "-17.99430", "2008-06-30": "-9.39190", "2007-06-30": "11.90640", "2006-06-30": "-14.57690", "2005-06-30": "-4.49010"}, "Gross Margin": {"2020-06-30": "45.57360", "2019-06-30": "43.90090", "2018-06-30": "43.68060", "2017-06-30": "44.71790", "2016-06-30": "45.09630", "2015-06-30": "43.58970", "2014-06-30": "42.72760", "2013-06-30": "43.21350", "2012-06-30": "42.13610", "2011-06-30": "43.45250", "2010-06-30": "44.30650", "2009-06-30": "42.72970", "2008-06-30": "41.24790", "2007-06-30": "43.14010", "2006-06-30": "42.18350", "2005-06-30": "43.18600"}, "Operating Margin": {"2020-06-30": "18.95550", "2019-06-30": "18.08820", "2018-06-30": "18.55000", "2017-06-30": "18.86820", "2016-06-30": "18.46900", "2015-06-30": "17.82490", "2014-06-30": "17.71850", "2013-06-30": "17.53120", "2012-06-30": "16.51430", "2011-06-30": "12.67440", "2010-06-30": "18.59000", "2009-06-30": "17.72010", "2008-06-30": "16.84050", "2007-06-30": "17.88740", "2006-06-30": "16.77430", "2005-06-30": "18.71010"}, "EBIT Margin": {"2020-06-30": "18.95550", "2019-06-30": "18.08820", "2018-06-30": "18.55000", "2017-06-30": "18.86820", "2016-06-30": "18.46900", "2015-06-30": "17.82490", "2014-06-30": "17.71850", "2013-06-30": "17.53120", "2012-06-30": "16.51430", "2011-06-30": "12.67440", "2010-06-30": "18.59000", "2009-06-30": "17.72010", "2008-06-30": "16.84050", "2007-06-30": "17.88740", "2006-06-30": "16.77430", "2005-06-30": "18.71010"}, "EBITDA Margin": {"2020-06-30": "21.63370", "2019-06-30": "20.98490", "2018-06-30": "21.26060", "2017-06-30": "21.59720", "2016-06-30": "21.33310", "2015-06-30": "20.81340", "2014-06-30": "20.92850", "2013-06-30": "20.78440", "2012-06-30": "19.76960", "2011-06-30": "20.91380", "2010-06-30": "22.08640", "2009-06-30": "21.36490", "2008-06-30": "20.72820", "2007-06-30": "21.84860", "2006-06-30": "20.82260", "2005-06-30": "22.88060"}, "Pre-Tax Profit Margin": {"2020-06-30": "17.63130", "2019-06-30": "16.47890", "2018-06-30": "17.21100", "2017-06-30": "17.29450", "2016-06-30": "17.06300", "2015-06-30": "16.28650", "2014-06-30": "16.03190", "2013-06-30": "15.39850", "2012-06-30": "14.46600", "2011-06-30": "10.76280", "2010-06-30": "15.38020", "2009-06-30": "13.74560", "2008-06-30": "13.14240", "2007-06-30": "15.32910", "2006-06-30": "14.06120", "2005-06-30": "16.61350"}, "Net Profit Margin": {"2020-06-30": "13.97110", "2019-06-30": "13.19600", "2018-06-30": "13.43890", "2017-06-30": "11.73620", "2016-06-30": "11.24810", "2015-06-30": "10.25640", "2014-06-30": "10.11970", "2013-06-30": "10.33800", "2012-06-30": "9.89390", "2011-06-30": "10.60980", "2010-06-30": "11.46350", "2009-06-30": "10.31410", "2008-06-30": "8.74270", "2007-06-30": "10.33630", "2006-06-30": "9.56070", "2005-06-30": "24.97720"}, "Asset Turnover": {"2020-06-30": "1.08180", "2019-06-30": "1.21460", "2018-06-30": "1.21030", "2017-06-30": "1.30610", "2016-06-30": "1.27740", "2015-06-30": "1.35810", "2014-06-30": "1.29500", "2013-06-30": "1.28350", "2012-06-30": "1.25560", "2011-06-30": "1.25650", "2010-06-30": "1.15080", "2009-06-30": "1.12720", "2008-06-30": "1.11910", "2007-06-30": "1.35350", "2006-06-30": "1.28430", "2005-06-30": "1.21320"}, "Inventory Turnover Ratio": {"2020-06-30": "8.05730", "2019-06-30": "6.80860", "2018-06-30": "6.81620", "2017-06-30": "7.19390", "2016-06-30": "7.14000", "2015-06-30": "8.28570", "2014-06-30": "8.18130", "2013-06-30": "7.97460", "2012-06-30": "8.23960", "2011-06-30": "7.74350", "2010-06-30": "8.78010", "2009-06-30": "8.07100", "2008-06-30": "8.06770", "2007-06-30": "8.91910", "2006-06-30": "9.19520", "2005-06-30": "7.71830"}, "Receiveable Turnover": {"2020-06-30": "10.37190", "2019-06-30": "9.84790", "2018-06-30": "10.20670", "2017-06-30": "10.57170", "2016-06-30": "10.12480", "2015-06-30": "10.89600", "2014-06-30": "10.09890", "2013-06-30": "9.53970", "2012-06-30": "9.49310", "2011-06-30": "9.96380", "2010-06-30": "9.69260", "2009-06-30": "10.61320", "2008-06-30": "10.44160", "2007-06-30": "10.53700", "2006-06-30": "10.67590", "2005-06-30": "10.67640"}, "Days Sales In Receivables": {"2020-06-30": "35.19120", "2019-06-30": "37.06390", "2018-06-30": "35.76090", "2017-06-30": "34.52620", "2016-06-30": "36.05020", "2015-06-30": "33.49870", "2014-06-30": "36.14260", "2013-06-30": "38.26130", "2012-06-30": "38.44920", "2011-06-30": "36.63260", "2010-06-30": "37.65760", "2009-06-30": "34.39120", "2008-06-30": "34.95640", "2007-06-30": "34.64000", "2006-06-30": "34.18930", "2005-06-30": "34.18760"}, "ROE - Return On Equity": {"2020-06-30": "103.41410", "2019-06-30": "146.69050", "2018-06-30": "113.36090", "2017-06-30": "129.70480", "2016-06-30": "218.18180", "2015-06-30": "513.55930", "2014-06-30": "375.97400", "2013-06-30": "392.46580", "2012-06-30": "-402.22220", "2011-06-30": "-333.72090", "2010-06-30": "633.73490", "2009-06-30": "-269.71430", "2008-06-30": "-124.59460", "2007-06-30": "290.05850", "2006-06-30": "-283.97440", "2005-06-30": "-93.49010"}, "Return On Tangible Equity": {"2020-06-30": "-60.07680", "2019-06-30": "-42.18110", "2018-06-30": "-45.59560", "2017-06-30": "-51.09010", "2016-06-30": "-39.63300", "2015-06-30": "-39.50460", "2014-06-30": "-37.16300", "2013-06-30": "-36.12860", "2012-06-30": "-28.74540", "2011-06-30": "-16.04250", "2010-06-30": "-28.18860", "2009-06-30": "-19.13260", "2008-06-30": "-17.00480", "2007-06-30": "-41.26460", "2006-06-30": "-29.45480", "2005-06-30": "-27.28230"}, "ROA - Return On Assets": {"2020-06-30": "15.11350", "2019-06-30": "16.02820", "2018-06-30": "16.26480", "2017-06-30": "15.37280", "2016-06-30": "14.36810", "2015-06-30": "14.55330", "2014-06-30": "13.59790", "2013-06-30": "13.29160", "2012-06-30": "12.46840", "2011-06-30": "6.89410", "2010-06-30": "11.56550", "2009-06-30": "10.31470", "2008-06-30": "9.78350", "2007-06-30": "13.85090", "2006-06-30": "12.25110", "2005-06-30": "14.29360"}, "ROI - Return On Investment": {"2020-06-30": "25.46100", "2019-06-30": "28.81240", "2018-06-30": "27.34220", "2017-06-30": "36.36830", "2016-06-30": "31.06420", "2015-06-30": "31.66140", "2014-06-30": "33.10460", "2013-06-30": "24.74090", "2012-06-30": "37.81340", "2011-06-30": "14.07550", "2010-06-30": "23.83330", "2009-06-30": "23.88660", "2008-06-30": "19.61700", "2007-06-30": "30.37360", "2006-06-30": "24.47510", "2005-06-30": "32.95090"}, "Book Value Per Share": {"2020-06-30": "7.19500", "2019-06-30": "4.44760", "2018-06-30": "5.67260", "2017-06-30": "4.20110", "2016-06-30": "2.29600", "2015-06-30": "0.91750", "2014-06-30": "1.19570", "2013-06-30": "1.11990", "2012-06-30": "-1.04200", "2011-06-30": "-0.65620", "2010-06-30": "0.59810", "2009-06-30": "-1.25760", "2008-06-30": "-2.68040", "2007-06-30": "1.13050", "2006-06-30": "-1.03110", "2005-06-30": "-3.64580"}, "Operating Cash Flow Per Share": {"2020-06-30": 4.4663, "2019-06-30": 0.2255, "2018-06-30": 0.8429, "2017-06-30": 0.668, "2016-06-30": -0.6759, "2015-06-30": 0.7605, "2014-06-30": -0.0064, "2013-06-30": 1.2029, "2012-06-30": -0.4288, "2011-06-30": -0.7323, "2010-06-30": 0.5215, "2009-06-30": 0.095, "2008-06-30": 0.5643, "2007-06-30": 1.1941, "2006-06-30": -0.8578, "2005-06-30": 4.2695}, "Free Cash Flow Per Share": {"2020-06-30": 4.064, "2019-06-30": 0.1127, "2018-06-30": 1.1242, "2017-06-30": 0.2181, "2016-06-30": -1.0403, "2015-06-30": 0.859, "2014-06-30": 0.3826, "2013-06-30": 1.2251, "2012-06-30": -0.2289, "2011-06-30": -0.9631, "2010-06-30": 0.4996, "2009-06-30": -0.0993, "2008-06-30": 0.3152, "2007-06-30": 1.4156, "2006-06-30": -1.1915, "2005-06-30": 3.4268}}, "financial ratios, quarterly": {"Current Ratio": {"2020-12-31": "1.21000", "2020-09-30": "1.41420", "2020-06-30": "1.42450", "2020-03-31": "0.97550", "2019-12-31": "0.86120", "2019-09-30": "0.86830", "2019-06-30": "0.90630", "2019-03-31": "1.10470", "2018-12-31": "1.15090", "2018-09-30": "1.06640", "2018-06-30": "1.09250", "2018-03-31": "1.17880", "2017-12-31": "1.21740", "2017-09-30": "1.10470", "2017-06-30": "0.83690", "2017-03-31": "0.80230", "2016-12-31": "0.76040", "2016-09-30": "0.93040", "2016-06-30": "0.95310", "2016-03-31": "1.14640", "2015-12-31": "1.09720", "2015-09-30": "1.04370", "2015-06-30": "1.01710", "2015-03-31": "1.15000", "2014-12-31": "1.09230", "2014-09-30": "0.88130", "2014-06-30": "0.85160", "2014-03-31": "0.82700", "2013-12-31": "1.27010", "2013-09-30": "1.21370", "2013-06-30": "1.25220", "2013-03-31": "1.21410", "2012-12-31": "1.13040", "2012-09-30": "1.01160", "2012-06-30": "0.66760", "2012-03-31": "0.67670", "2011-12-31": "0.82350", "2011-09-30": "0.97630", "2011-06-30": "0.93700", "2011-03-31": "0.97730", "2010-12-31": "1.14290", "2010-09-30": "1.01410", "2010-06-30": "0.90520", "2010-03-31": "0.75510", "2009-12-31": "0.80390", "2009-09-30": "0.64360", "2009-06-30": "0.60920", "2009-03-31": "0.56220", "2008-12-31": "0.72800", "2008-09-30": "0.74650", "2008-06-30": "0.75260", "2008-03-31": "0.71490", "2007-12-31": "0.52120", "2007-09-30": "0.49420", "2007-06-30": "0.72320", "2007-03-31": "0.68640", "2006-12-31": "0.64450", "2006-09-30": "0.97920", "2006-06-30": "0.89120", "2006-03-31": "0.81260", "2005-12-31": "0.83880", "2005-09-30": "0.82000", "2005-06-30": "0.80860", "2005-03-31": "0.87710"}, "Long-term Debt / Capital": {"2020-12-31": "0.64280", "2020-09-30": "0.67960", "2020-06-30": "0.75380", "2020-03-31": "0.76700", "2019-12-31": "0.80480", "2019-09-30": "0.80610", "2019-06-30": "0.80360", "2019-03-31": "0.74540", "2018-12-31": "0.75490", "2018-09-30": "0.77140", "2018-06-30": "0.75880", "2018-03-31": "0.68130", "2017-12-31": "0.70170", "2017-09-30": "0.75120", "2017-06-30": "0.71960", "2017-03-31": "0.77480", "2016-12-31": "0.83730", "2016-09-30": "0.86090", "2016-06-30": "0.85760", "2016-03-31": "0.87400", "2015-12-31": "0.90070", "2015-09-30": "0.93790", "2015-06-30": "0.93830", "2015-03-31": "0.85610", "2014-12-31": "0.86460", "2014-09-30": "0.90420", "2014-06-30": "0.91190", "2014-03-31": "0.96780", "2013-12-31": "0.93290", "2013-09-30": "0.96400", "2013-06-30": "0.93700", "2013-03-31": "0.93450", "2012-12-31": "0.97480", "2012-09-30": "1.00930", "2012-06-30": "1.09400", "2012-03-31": "1.07240", "2011-12-31": "1.10640", "2011-09-30": "1.03710", "2011-06-30": "1.04220", "2011-03-31": "1.04010", "2010-12-31": "0.94490", "2010-09-30": "0.88390", "2010-06-30": "0.96240", "2010-03-31": "0.92210", "2009-12-31": "0.98900", "2009-09-30": "1.02250", "2009-06-30": "1.08860", "2009-03-31": "1.16870", "2008-12-31": "1.17410", "2008-09-30": "1.15460", "2008-06-30": "1.15740", "2008-03-31": "1.20990", "2007-12-31": "1.33190", "2007-09-30": "1.75830", "2007-06-30": "0.89530", "2007-03-31": "0.94080", "2006-12-31": "1.02310", "2006-09-30": "1.02880", "2006-06-30": "1.08620", "2006-03-31": "1.27730", "2005-12-31": "1.33190", "2005-09-30": "1.33500", "2005-06-30": "1.35250", "2005-03-31": "1.19470"}, "Debt/Equity Ratio": {"2020-12-31": "2.01670", "2020-09-30": "2.12130", "2020-06-30": "3.06170", "2020-03-31": "4.21010", "2019-12-31": "5.03600", "2019-09-30": "4.97450", "2019-06-30": "4.79960", "2019-03-31": "3.33800", "2018-12-31": "3.39620", "2018-09-30": "3.78880", "2018-06-30": "3.42010", "2018-03-31": "3.41100", "2017-12-31": "3.00390", "2017-09-30": "3.71620", "2017-06-30": "4.04980", "2017-03-31": "6.03960", "2016-12-31": "9.44070", "2016-09-30": "8.32870", "2016-06-30": "7.78450", "2016-03-31": "8.60230", "2015-12-31": "11.59600", "2015-09-30": "18.71430", "2015-06-30": "18.56780", "2015-03-31": "7.17220", "2014-12-31": "9.50890", "2014-09-30": "13.15980", "2014-06-30": "15.01950", "2014-03-31": "48.37740", "2013-12-31": "16.10260", "2013-09-30": "30.32100", "2013-06-30": "16.24660", "2013-03-31": "16.84870", "2012-12-31": "47.75000", "2012-09-30": "-151.05000", "2012-06-30": "-20.15560", "2012-03-31": "-26.88680", "2011-12-31": "-14.55280", "2011-09-30": "-33.71050", "2011-06-30": "-30.04650", "2011-03-31": "-30.09760", "2010-12-31": "19.58060", "2010-09-30": "10.50180", "2010-06-30": "33.67470", "2010-03-31": "16.76670", "2009-12-31": "112.40740", "2009-09-30": "-67.42550", "2009-06-30": "-17.99430", "2009-03-31": "-10.55340", "2008-12-31": "-8.32750", "2008-09-30": "-9.46980", "2008-06-30": "-9.39190", "2008-03-31": "-7.79660", "2007-12-31": "-6.79240", "2007-09-30": "-4.47250", "2007-06-30": "11.90640", "2007-03-31": "23.58700", "2006-12-31": "-67.90910", "2006-09-30": "-39.72730", "2006-06-30": "-14.57690", "2006-03-31": "-6.05620", "2005-12-31": "-5.00570", "2005-09-30": "-5.03570", "2005-06-30": "-4.49010", "2005-03-31": "-7.32080"}, "Gross Margin": {"2020-12-31": "45.43970", "2020-09-30": "48.01670", "2020-06-30": "46.84820", "2020-03-31": "46.66290", "2019-12-31": "44.09940", "2019-09-30": "44.02390", "2019-06-30": "45.11370", "2019-03-31": "43.39140", "2018-12-31": "43.65240", "2018-09-30": "43.37810", "2018-06-30": "43.99760", "2018-03-31": "42.78180", "2017-12-31": "43.00850", "2017-09-30": "44.86670", "2017-06-30": "45.65880", "2017-03-31": "44.00810", "2016-12-31": "44.73680", "2016-09-30": "44.35210", "2016-06-30": "45.43750", "2016-03-31": "45.30150", "2015-12-31": "44.60970", "2015-09-30": "44.96400", "2015-06-30": "45.60050", "2015-03-31": "43.18340", "2014-12-31": "42.52790", "2014-09-30": "42.75150", "2014-06-30": "42.88580", "2014-03-31": "42.09370", "2013-12-31": "42.43120", "2013-09-30": "43.48470", "2013-06-30": "45.22990", "2013-03-31": "42.10900", "2012-12-31": "42.49060", "2012-09-30": "42.89990", "2012-06-30": "42.69960", "2012-03-31": "42.32690", "2011-12-31": "41.52330", "2011-09-30": "41.83910", "2011-06-30": "43.52230", "2011-03-31": "44.09510", "2010-12-31": "41.73030", "2010-09-30": "44.31280", "2010-06-30": "44.29670", "2010-03-31": "44.59990", "2009-12-31": "43.53910", "2009-09-30": "44.74290", "2009-06-30": "45.11590", "2009-03-31": "45.25930", "2008-12-31": "39.96710", "2008-09-30": "40.60690", "2008-06-30": "42.14050", "2008-03-31": "39.76350", "2007-12-31": "40.38790", "2007-09-30": "42.61500", "2007-06-30": "44.19640", "2007-03-31": "43.27160", "2006-12-31": "41.96190", "2006-09-30": "42.89410", "2006-06-30": "43.74530", "2006-03-31": "41.48660", "2005-12-31": "40.97740", "2005-09-30": "42.21010", "2005-06-30": "44.09890", "2005-03-31": "41.80480"}, "Operating Margin": {"2020-12-31": "18.51250", "2020-09-30": "24.58250", "2020-06-30": "19.86890", "2020-03-31": "19.06900", "2019-12-31": "17.59830", "2019-09-30": "18.92430", "2019-06-30": "19.17640", "2019-03-31": "16.89230", "2018-12-31": "17.31160", "2018-09-30": "18.87400", "2018-06-30": "19.69250", "2018-03-31": "17.07320", "2017-12-31": "17.01980", "2017-09-30": "20.20000", "2017-06-30": "19.49000", "2017-03-31": "17.12930", "2016-12-31": "19.34570", "2016-09-30": "19.47330", "2016-06-30": "16.75000", "2016-03-31": "18.30300", "2015-12-31": "18.51300", "2015-09-30": "20.57550", "2015-06-30": "19.20360", "2015-03-31": "17.20200", "2014-12-31": "16.43120", "2014-09-30": "18.26920", "2014-06-30": "18.90450", "2014-03-31": "18.22840", "2013-12-31": "15.74920", "2013-09-30": "17.79600", "2013-06-30": "20.45300", "2013-03-31": "16.48970", "2012-12-31": "16.00000", "2012-09-30": "16.96560", "2012-06-30": "18.68920", "2012-03-31": "16.13130", "2011-12-31": "14.66010", "2011-09-30": "16.09200", "2011-06-30": "19.02830", "2011-03-31": "18.32820", "2010-12-31": "-7.71840", "2010-09-30": "18.40440", "2010-06-30": "19.17430", "2010-03-31": "18.95880", "2009-12-31": "15.80250", "2009-09-30": "20.18420", "2009-06-30": "17.96360", "2009-03-31": "21.11110", "2008-12-31": "14.80260", "2008-09-30": "16.76300", "2008-06-30": "18.46150", "2008-03-31": "15.22540", "2007-12-31": "14.67120", "2007-09-30": "18.72480", "2007-06-30": "20.31250", "2007-03-31": "18.37230", "2006-12-31": "14.89560", "2006-09-30": "17.39880", "2006-06-30": "18.11980", "2006-03-31": "17.54540", "2005-12-31": "14.19170", "2005-09-30": "16.84780", "2005-06-30": "19.85650", "2005-03-31": "17.21920"}, "EBIT Margin": {"2020-12-31": "18.51250", "2020-09-30": "24.58250", "2020-06-30": "19.86890", "2020-03-31": "19.06900", "2019-12-31": "17.59830", "2019-09-30": "18.92430", "2019-06-30": "19.17640", "2019-03-31": "16.89230", "2018-12-31": "17.31160", "2018-09-30": "18.87400", "2018-06-30": "19.69250", "2018-03-31": "17.07320", "2017-12-31": "17.01980", "2017-09-30": "20.20000", "2017-06-30": "19.49000", "2017-03-31": "17.12930", "2016-12-31": "19.34570", "2016-09-30": "19.47330", "2016-06-30": "16.75000", "2016-03-31": "18.30300", "2015-12-31": "18.51300", "2015-09-30": "20.57550", "2015-06-30": "19.20360", "2015-03-31": "17.20200", "2014-12-31": "16.43120", "2014-09-30": "18.26920", "2014-06-30": "18.90450", "2014-03-31": "18.22840", "2013-12-31": "15.74920", "2013-09-30": "17.79600", "2013-06-30": "20.45300", "2013-03-31": "16.48970", "2012-12-31": "16.00000", "2012-09-30": "16.96560", "2012-06-30": "18.68920", "2012-03-31": "16.13130", "2011-12-31": "14.66010", "2011-09-30": "16.09200", "2011-06-30": "19.02830", "2011-03-31": "18.32820", "2010-12-31": "-7.71840", "2010-09-30": "18.40440", "2010-06-30": "19.17430", "2010-03-31": "18.95880", "2009-12-31": "15.80250", "2009-09-30": "20.18420", "2009-06-30": "17.96360", "2009-03-31": "21.11110", "2008-12-31": "14.80260", "2008-09-30": "16.76300", "2008-06-30": "18.46150", "2008-03-31": "15.22540", "2007-12-31": "14.67120", "2007-09-30": "18.72480", "2007-06-30": "20.31250", "2007-03-31": "18.37230", "2006-12-31": "14.89560", "2006-09-30": "17.39880", "2006-06-30": "18.11980", "2006-03-31": "17.54540", "2005-12-31": "14.19170", "2005-09-30": "16.84780", "2005-06-30": "19.85650", "2005-03-31": "17.21920"}, "EBITDA Margin": {"2020-12-31": "", "2020-09-30": "", "2020-06-30": "", "2020-03-31": "", "2019-12-31": "", "2019-09-30": "", "2019-06-30": "", "2019-03-31": "", "2018-12-31": "", "2018-09-30": "", "2018-06-30": "", "2018-03-31": "", "2017-12-31": "", "2017-09-30": "", "2017-06-30": "", "2017-03-31": "", "2016-12-31": "", "2016-09-30": "", "2016-06-30": "", "2016-03-31": "", "2015-12-31": "", "2015-09-30": "", "2015-06-30": "", "2015-03-31": "", "2014-12-31": "", "2014-09-30": "", "2014-06-30": "", "2014-03-31": "", "2013-12-31": "", "2013-09-30": "", "2013-06-30": "", "2013-03-31": "", "2012-12-31": "", "2012-09-30": "", "2012-06-30": "", "2012-03-31": "", "2011-12-31": "", "2011-09-30": "", "2011-06-30": "", "2011-03-31": "", "2010-12-31": "", "2010-09-30": "", "2010-06-30": "", "2010-03-31": "", "2009-12-31": "", "2009-09-30": "", "2009-06-30": "", "2009-03-31": "", "2008-12-31": "", "2008-09-30": "", "2008-06-30": "", "2008-03-31": "", "2007-12-31": "", "2007-09-30": "", "2007-06-30": "", "2007-03-31": "", "2006-12-31": "", "2006-09-30": "", "2006-06-30": "", "2006-03-31": "", "2005-12-31": "", "2005-09-30": "", "2005-06-30": "", "2005-03-31": ""}, "Pre-Tax Profit Margin": {"2020-12-31": "18.02390", "2020-09-30": "27.45300", "2020-06-30": "19.91930", "2020-03-31": "16.65730", "2019-12-31": "16.21810", "2019-09-30": "17.13150", "2019-06-30": "17.94710", "2019-03-31": "15.47390", "2018-12-31": "15.20710", "2018-09-30": "17.14650", "2018-06-30": "18.09580", "2018-03-31": "15.95250", "2017-12-31": "16.03110", "2017-09-30": "18.60000", "2017-06-30": "17.91140", "2017-03-31": "16.72310", "2016-12-31": "16.14510", "2016-09-30": "18.29520", "2016-06-30": "15.75000", "2016-03-31": "16.61990", "2015-12-31": "17.10040", "2015-09-30": "18.99280", "2015-06-30": "18.56130", "2015-03-31": "15.48890", "2014-12-31": "14.64680", "2014-09-30": "16.12430", "2014-06-30": "17.56850", "2014-03-31": "16.54470", "2013-12-31": "14.06730", "2013-09-30": "15.71110", "2013-06-30": "18.39400", "2013-03-31": "14.29580", "2012-12-31": "14.18870", "2012-09-30": "14.49930", "2012-06-30": "16.28810", "2012-03-31": "14.13280", "2011-12-31": "12.69450", "2011-09-30": "14.32950", "2011-06-30": "17.13900", "2011-03-31": "16.79450", "2010-12-31": "-9.49960", "2010-09-30": "15.95580", "2010-06-30": "16.93490", "2010-03-31": "16.23930", "2009-12-31": "11.27570", "2009-09-30": "16.65390", "2009-06-30": "13.16230", "2009-03-31": "17.25930", "2008-12-31": "10.77300", "2008-09-30": "13.43930", "2008-06-30": "16.05350", "2008-03-31": "11.16040", "2007-12-31": "10.79260", "2007-09-30": "14.04360", "2007-06-30": "17.78270", "2007-03-31": "15.55200", "2006-12-31": "12.35240", "2006-09-30": "15.07320", "2006-06-30": "15.99700", "2006-03-31": "14.52030", "2005-12-31": "11.27820", "2005-09-30": "13.94930", "2005-06-30": "18.42110", "2005-03-31": "12.61510"}, "Net Profit Margin": {"2020-12-31": "14.06080", "2020-09-30": "21.65970", "2020-06-30": "15.63290", "2020-03-31": "13.51660", "2019-12-31": "12.76740", "2019-09-30": "13.47940", "2019-06-30": "14.81250", "2019-03-31": "12.05670", "2018-12-31": "12.35570", "2018-09-30": "13.43570", "2018-06-30": "12.83260", "2018-03-31": "11.93140", "2017-12-31": "16.45480", "2017-09-30": "12.80000", "2017-06-30": "12.20400", "2017-03-31": "11.64520", "2016-12-31": "10.59740", "2016-09-30": "12.40470", "2016-06-30": "10.31250", "2016-03-31": "11.36050", "2015-12-31": "11.07810", "2015-09-30": "12.37410", "2015-06-30": "12.26720", "2015-03-31": "12.41970", "2014-12-31": "9.29370", "2014-09-30": "6.65680", "2014-06-30": "11.35610", "2014-03-31": "10.02930", "2013-12-31": "8.79200", "2013-09-30": "10.12660", "2013-06-30": "12.56010", "2013-03-31": "9.41260", "2012-12-31": "9.28300", "2012-09-30": "9.94020", "2012-06-30": "11.29140", "2012-03-31": "9.42180", "2011-12-31": "8.59950", "2011-09-30": "9.96170", "2011-06-30": "11.26860", "2011-03-31": "11.57980", "2010-12-31": "1.78120", "2010-09-30": "17.06160", "2010-06-30": "11.75650", "2010-03-31": "12.82050", "2009-12-31": "9.05350", "2009-09-30": "12.04910", "2009-06-30": "13.99010", "2009-03-31": "11.18520", "2008-12-31": "7.07240", "2008-09-30": "9.10400", "2008-06-30": "10.56860", "2008-03-31": "7.39100", "2007-12-31": "7.75720", "2007-09-30": "8.95880", "2007-06-30": "12.20240", "2007-03-31": "10.39480", "2006-12-31": "8.71930", "2006-09-30": "9.64690", "2006-06-30": "10.76570", "2006-03-31": "9.50730", "2005-12-31": "7.80080", "2005-09-30": "9.87320", "2005-06-30": "12.44020", "2005-03-31": "10.86560"}, "Asset Turnover": {"2020-12-31": "0.26870", "2020-09-30": "0.28270", "2020-06-30": "0.31920", "2020-03-31": "0.30480", "2019-12-31": "0.26540", "2019-09-30": "0.27900", "2019-06-30": "0.31800", "2019-03-31": "0.30050", "2018-12-31": "0.29040", "2018-09-30": "0.30900", "2018-06-30": "0.33420", "2018-03-31": "0.27870", "2017-12-31": "0.29760", "2017-09-30": "0.32610", "2017-06-30": "0.36020", "2017-03-31": "0.31910", "2016-12-31": "0.30780", "2016-09-30": "0.32310", "2016-06-30": "0.35480", "2016-03-31": "0.33290", "2015-12-31": "0.32220", "2015-09-30": "0.33940", "2015-06-30": "0.37390", "2015-03-31": "0.33140", "2014-12-31": "0.28780", "2014-09-30": "0.32580", "2014-06-30": "0.35160", "2014-03-31": "0.31230", "2013-12-31": "0.29810", "2013-09-30": "0.31230", "2013-06-30": "0.33800", "2013-03-31": "0.31240", "2012-12-31": "0.29430", "2012-09-30": "0.28190", "2012-06-30": "0.35380", "2012-03-31": "0.31940", "2011-12-31": "0.28460", "2011-09-30": "0.32010", "2011-06-30": "0.35600", "2011-03-31": "0.32190", "2010-12-31": "0.28350", "2010-09-30": "0.26410", "2010-06-30": "0.31420", "2010-03-31": "0.27130", "2009-12-31": "0.27070", "2009-09-30": "0.28340", "2009-06-30": "0.26400", "2009-03-31": "0.30240", "2008-12-31": "0.27650", "2008-09-30": "0.30170", "2008-06-30": "0.31730", "2008-03-31": "0.28480", "2007-12-31": "0.24440", "2007-09-30": "0.33730", "2007-06-30": "0.37530", "2007-03-31": "0.33620", "2006-12-31": "0.30380", "2006-09-30": "0.32810", "2006-06-30": "0.36480", "2006-03-31": "0.31940", "2005-12-31": "0.29830", "2005-09-30": "0.30920", "2005-06-30": "0.34670", "2005-03-31": "0.28910"}, "Inventory Turnover Ratio": {"2020-12-31": "1.65020", "2020-09-30": "1.86520", "2020-06-30": "2.32160", "2020-03-31": "2.08100", "2019-12-31": "1.57590", "2019-09-30": "1.67260", "2019-06-30": "1.74410", "2019-03-31": "1.57910", "2018-12-31": "1.43600", "2018-09-30": "1.70520", "2018-06-30": "1.87150", "2018-03-31": "1.70870", "2017-12-31": "1.63360", "2017-09-30": "1.79000", "2017-06-30": "1.94990", "2017-03-31": "1.62160", "2016-12-31": "1.55090", "2016-09-30": "1.72690", "2016-06-30": "1.97070", "2016-03-31": "1.69570", "2015-12-31": "1.65560", "2015-09-30": "1.87500", "2015-06-30": "2.20000", "2015-03-31": "1.80910", "2014-12-31": "1.73320", "2014-09-30": "1.94960", "2014-06-30": "2.21500", "2014-03-31": "1.76960", "2013-12-31": "1.61590", "2013-09-30": "1.72890", "2013-06-30": "2.02540", "2013-03-31": "1.80180", "2012-12-31": "1.71620", "2012-09-30": "1.81470", "2012-06-30": "2.29950", "2012-03-31": "1.77970", "2011-12-31": "1.58310", "2011-09-30": "1.86490", "2011-06-30": "2.19110", "2011-03-31": "1.67590", "2010-12-31": "1.66750", "2010-09-30": "1.90540", "2010-06-30": "2.39760", "2010-03-31": "1.68560", "2009-12-31": "1.67730", "2009-09-30": "1.83670", "2009-06-30": "1.81150", "2009-03-31": "1.82020", "2008-12-31": "1.80250", "2008-09-30": "1.95250", "2008-06-30": "2.25260", "2008-03-31": "1.92670", "2007-12-31": "1.67930", "2007-09-30": "2.14160", "2007-06-30": "2.42720", "2007-03-31": "2.03470", "2006-12-31": "1.87940", "2006-09-30": "2.04000", "2006-06-30": "2.54110", "2006-03-31": "1.79580", "2005-12-31": "1.74930", "2005-09-30": "1.85470", "2005-06-30": "2.17030", "2005-03-31": "1.68980"}, "Receiveable Turnover": {"2020-12-31": "2.99030", "2020-09-30": "2.79710", "2020-06-30": "3.06020", "2020-03-31": "2.45590", "2019-12-31": "2.66360", "2019-09-30": "2.70860", "2019-06-30": "2.57840", "2019-03-31": "2.64220", "2018-12-31": "2.78980", "2018-09-30": "2.75180", "2018-06-30": "2.81830", "2018-03-31": "2.54960", "2017-12-31": "2.64180", "2017-09-30": "2.82490", "2017-06-30": "2.91500", "2017-03-31": "2.60040", "2016-12-31": "2.73540", "2016-09-30": "2.92110", "2016-06-30": "2.81200", "2016-03-31": "2.69060", "2015-12-31": "2.83760", "2015-09-30": "2.94490", "2015-06-30": "3.00000", "2015-03-31": "2.65340", "2014-12-31": "2.84360", "2014-09-30": "2.97140", "2014-06-30": "2.74180", "2014-03-31": "2.47910", "2013-12-31": "2.62120", "2013-09-30": "2.65420", "2013-06-30": "2.51210", "2013-03-31": "2.51420", "2012-12-31": "2.59300", "2012-09-30": "2.66000", "2012-06-30": "2.67530", "2012-03-31": "2.51530", "2011-12-31": "2.49690", "2011-09-30": "2.97270", "2011-06-30": "2.82290", "2011-03-31": "2.61320", "2010-12-31": "2.67950", "2010-09-30": "2.63750", "2010-06-30": "2.64630", "2010-03-31": "2.31470", "2009-12-31": "2.87230", "2009-09-30": "2.84500", "2009-06-30": "2.48560", "2009-03-31": "2.95400", "2008-12-31": "2.97310", "2008-09-30": "3.04180", "2008-06-30": "2.96040", "2008-03-31": "2.96710", "2007-12-31": "2.98740", "2007-09-30": "3.03680", "2007-06-30": "2.92170", "2007-03-31": "2.91310", "2006-12-31": "2.80150", "2006-09-30": "3.10430", "2006-06-30": "3.03220", "2006-03-31": "2.99740", "2005-12-31": "2.82230", "2005-09-30": "3.04970", "2005-06-30": "3.05110", "2005-03-31": "2.70820"}, "Days Sales In Receivables": {"2020-12-31": "30.09770", "2020-09-30": "32.17640", "2020-06-30": "29.41000", "2020-03-31": "36.64610", "2019-12-31": "33.78880", "2019-09-30": "33.22710", "2019-06-30": "34.90470", "2019-03-31": "34.06190", "2018-12-31": "32.26070", "2018-09-30": "32.70630", "2018-06-30": "31.93380", "2018-03-31": "35.29990", "2017-12-31": "34.06780", "2017-09-30": "31.86000", "2017-06-30": "30.87430", "2017-03-31": "34.61070", "2016-12-31": "32.90190", "2016-09-30": "30.81080", "2016-06-30": "32.00630", "2016-03-31": "33.45020", "2015-12-31": "31.71750", "2015-09-30": "30.56120", "2015-06-30": "30.00000", "2015-03-31": "33.91860", "2014-12-31": "31.65060", "2014-09-30": "30.28850", "2014-06-30": "32.82570", "2014-03-31": "36.30310", "2013-12-31": "34.33490", "2013-09-30": "33.90920", "2013-06-30": "35.82700", "2013-03-31": "35.79620", "2012-12-31": "34.70940", "2012-09-30": "33.83410", "2012-06-30": "33.64050", "2012-03-31": "35.78160", "2011-12-31": "36.04420", "2011-09-30": "30.27590", "2011-06-30": "31.88260", "2011-03-31": "34.44020", "2010-12-31": "33.58780", "2010-09-30": "34.12320", "2010-06-30": "34.00980", "2010-03-31": "38.88110", "2009-12-31": "31.33330", "2009-09-30": "31.63470", "2009-06-30": "36.20860", "2009-03-31": "30.46670", "2008-12-31": "30.27140", "2008-09-30": "29.58820", "2008-06-30": "30.40130", "2008-03-31": "30.33260", "2007-12-31": "30.12650", "2007-09-30": "29.63680", "2007-06-30": "30.80360", "2007-03-31": "30.89440", "2006-12-31": "32.12530", "2006-09-30": "28.99230", "2006-06-30": "29.68160", "2006-03-31": "30.02590", "2005-12-31": "31.88910", "2005-09-30": "29.51090", "2005-06-30": "29.49760", "2005-03-31": "33.23200"}, "ROE - Return On Equity": {"2020-12-31": "18.91300", "2020-09-30": "31.80780", "2020-06-30": "34.14100", "2020-03-31": "34.67630", "2019-12-31": "33.33330", "2019-09-30": "36.90910", "2019-06-30": "43.11270", "2019-03-31": "23.94370", "2018-12-31": "24.52830", "2018-09-30": "31.01920", "2018-06-30": "29.88980", "2018-03-31": "21.62490", "2017-12-31": "30.65790", "2017-09-30": "32.43240", "2017-06-30": "37.26940", "2017-03-31": "42.57430", "2016-12-31": "55.55560", "2016-09-30": "61.93770", "2016-06-30": "55.55560", "2016-03-31": "61.39000", "2015-12-31": "76.26260", "2015-09-30": "145.37810", "2015-06-30": "160.16950", "2015-03-31": "47.68210", "2014-12-31": "45.55160", "2014-09-30": "85.79880", "2014-06-30": "111.03900", "2014-03-31": "284.90570", "2013-12-31": "75.64100", "2013-09-30": "171.60490", "2013-06-30": "125.34250", "2013-03-31": "88.15790", "2012-12-31": "219.64290", "2012-09-30": "-665.00000", "2012-06-30": "-128.88890", "2012-03-31": "-126.41510", "2011-12-31": "-52.76380", "2011-09-30": "-171.05260", "2011-06-30": "-196.51160", "2011-03-31": "-171.95120", "2010-12-31": "-131.45160", "2010-09-30": "50.17920", "2010-06-30": "180.72290", "2010-03-31": "79.44440", "2009-12-31": "344.44440", "2009-09-30": "-297.87230", "2009-06-30": "-60.00000", "2009-03-31": "-49.51460", "2008-12-31": "-21.34000", "2008-09-30": "-35.16480", "2008-06-30": "-42.70270", "2008-03-31": "-21.18640", "2007-12-31": "-16.60650", "2007-09-30": "-17.42540", "2007-06-30": "95.90640", "2007-03-31": "140.21740", "2006-12-31": "-275.75760", "2006-09-30": "-203.63640", "2006-06-30": "-91.02560", "2006-03-31": "-25.76110", "2005-12-31": "-15.71970", "2005-09-30": "-20.30080", "2005-06-30": "-28.20980", "2005-03-31": "-33.52600"}, "Return On Tangible Equity": {"2020-12-31": "-17.73100", "2020-09-30": "-27.20160", "2020-06-30": "-19.83370", "2020-03-31": "-13.62350", "2019-12-31": "-9.54590", "2019-09-30": "-10.45310", "2019-06-30": "-12.39710", "2019-03-31": "-10.85320", "2018-12-31": "-10.32330", "2018-09-30": "-11.35140", "2018-06-30": "-12.02220", "2018-03-31": "-16.74380", "2017-12-31": "-20.05160", "2017-09-30": "-14.42520", "2017-06-30": "-14.68020", "2017-03-31": "-11.36060", "2016-12-31": "-9.10750", "2016-09-30": "-10.91460", "2016-06-30": "-10.09170", "2016-03-31": "-11.58050", "2015-12-31": "-10.54470", "2015-09-30": "-11.41910", "2015-06-30": "-12.32070", "2015-03-31": "-10.65090", "2014-12-31": "-9.20200", "2014-09-30": "-9.55830", "2014-06-30": "-10.97560", "2014-03-31": "-9.11290", "2013-12-31": "-7.54960", "2013-09-30": "-8.42420", "2013-06-30": "-11.53850", "2013-03-31": "-8.38020", "2012-12-31": "-7.24380", "2012-09-30": "-7.46350", "2012-06-30": "-9.21120", "2012-03-31": "-7.15050", "2011-12-31": "-5.35440", "2011-09-30": "-7.40740", "2011-06-30": "-9.44660", "2011-03-31": "-7.90360", "2010-12-31": "10.31650", "2010-09-30": "-8.31850", "2010-06-30": "-8.03860", "2010-03-31": "-6.67290", "2009-12-31": "-4.08610", "2009-09-30": "-5.96760", "2009-06-30": "-4.25620", "2009-03-31": "-5.92790", "2008-12-31": "-3.20780", "2008-09-30": "-4.77080", "2008-06-30": "-5.82810", "2008-03-31": "-3.54110", "2007-12-31": "-3.02830", "2007-09-30": "-5.30850", "2007-06-30": "-13.64390", "2007-03-31": "-9.44360", "2006-12-31": "-6.31070", "2006-09-30": "-7.96020", "2006-06-30": "-9.44150", "2006-03-31": "-6.18670", "2005-12-31": "-4.43850", "2005-09-30": "-5.75390", "2005-06-30": "-8.23220", "2005-03-31": "-6.85980"}, "ROA - Return On Assets": {"2020-12-31": "3.80740", "2020-09-30": "6.15320", "2020-06-30": "4.98950", "2020-03-31": "4.11970", "2019-12-31": "3.38890", "2019-09-30": "3.76130", "2019-06-30": "4.71070", "2019-03-31": "3.62260", "2018-12-31": "3.58760", "2018-09-30": "4.15180", "2018-06-30": "4.28850", "2018-03-31": "3.32480", "2017-12-31": "4.89700", "2017-09-30": "4.17390", "2017-06-30": "4.41720", "2017-03-31": "3.71570", "2016-12-31": "3.28370", "2016-09-30": "4.00810", "2016-06-30": "3.65850", "2016-03-31": "3.71150", "2015-12-31": "3.61680", "2015-09-30": "4.22470", "2015-06-30": "4.53890", "2015-03-31": "3.40590", "2014-12-31": "2.73860", "2014-09-30": "3.49400", "2014-06-30": "4.01600", "2014-03-31": "3.45220", "2013-12-31": "2.68920", "2013-09-30": "3.23180", "2013-06-30": "4.24500", "2013-03-31": "2.96260", "2012-12-31": "2.73210", "2012-09-30": "2.80180", "2012-06-30": "3.99540", "2012-03-31": "3.05520", "2011-12-31": "2.44760", "2011-09-30": "3.18860", "2011-06-30": "4.05960", "2011-03-31": "3.48060", "2010-12-31": "-3.92020", "2010-09-30": "2.92090", "2010-06-30": "3.29820", "2010-03-31": "3.01500", "2009-12-31": "2.07170", "2009-09-30": "3.04480", "2009-06-30": "2.29460", "2009-03-31": "3.42670", "2008-12-31": "1.95540", "2008-09-30": "2.79050", "2008-06-30": "3.35310", "2008-03-31": "2.10530", "2007-12-31": "1.89570", "2007-09-30": "3.02210", "2007-06-30": "4.57970", "2007-03-31": "3.49500", "2006-12-31": "2.51100", "2006-09-30": "3.16470", "2006-06-30": "3.92700", "2006-03-31": "3.03700", "2005-12-31": "2.32690", "2005-09-30": "3.02520", "2005-06-30": "4.31300", "2005-03-31": "3.08840"}, "ROI - Return On Investment": {"2020-12-31": "6.75640", "2020-09-30": "10.19060", "2020-06-30": "8.40560", "2020-03-31": "8.07910", "2019-12-31": "6.50720", "2019-09-30": "7.15540", "2019-06-30": "8.46800", "2019-03-31": "6.09720", "2018-12-31": "6.01260", "2018-09-30": "7.08980", "2018-06-30": "7.20930", "2018-03-31": "6.89260", "2017-12-31": "9.14440", "2017-09-30": "8.07060", "2017-06-30": "10.45010", "2017-03-31": "9.58750", "2016-12-31": "9.03610", "2016-09-30": "8.61410", "2016-06-30": "7.90990", "2016-03-31": "7.73720", "2015-12-31": "7.57270", "2015-09-30": "9.03390", "2015-06-30": "9.87460", "2015-03-31": "6.86370", "2014-12-31": "6.16570", "2014-09-30": "8.21530", "2014-06-30": "9.77700", "2014-03-31": "9.16260", "2013-12-31": "5.07310", "2013-09-30": "6.17500", "2013-06-30": "7.90160", "2013-03-31": "5.77340", "2012-12-31": "5.52810", "2012-09-30": "6.18890", "2012-06-30": "12.11700", "2012-03-31": "9.15300", "2011-12-31": "5.61200", "2011-09-30": "6.35390", "2011-06-30": "8.28840", "2011-03-31": "6.90160", "2010-12-31": "-7.24770", "2010-09-30": "5.82610", "2010-06-30": "6.79660", "2010-03-31": "6.18510", "2009-12-31": "3.77740", "2009-09-30": "6.69860", "2009-06-30": "5.31380", "2009-03-31": "8.35150", "2008-12-31": "3.71490", "2008-09-30": "5.43520", "2008-06-30": "6.72340", "2008-03-31": "4.44640", "2007-12-31": "5.51230", "2007-09-30": "13.21430", "2007-06-30": "10.04290", "2007-03-31": "8.29580", "2006-12-31": "6.35920", "2006-09-30": "5.86390", "2006-06-30": "7.84530", "2006-03-31": "7.14290", "2005-12-31": "5.21680", "2005-09-30": "6.80100", "2005-06-30": "9.94260", "2005-03-31": "6.52790"}, "Book Value Per Share": {"2020-12-31": "10.97640", "2020-09-30": "10.40170", "2020-06-30": "7.19500", "2020-03-31": "5.51920", "2019-12-31": "4.43910", "2019-09-30": "4.38260", "2019-06-30": "4.44760", "2019-03-31": "6.10690", "2018-12-31": "5.79280", "2018-09-30": "5.30540", "2018-06-30": "5.67260", "2018-03-31": "6.46390", "2017-12-31": "5.87560", "2017-09-30": "4.59190", "2017-06-30": "4.20110", "2017-03-31": "3.13710", "2016-12-31": "2.10650", "2016-09-30": "2.24540", "2016-06-30": "2.29600", "2016-03-31": "2.00310", "2015-12-31": "1.53060", "2015-09-30": "0.92400", "2015-06-30": "0.91750", "2015-03-31": "2.30510", "2014-12-31": "2.14550", "2014-09-30": "1.30640", "2014-06-30": "1.19570", "2014-03-31": "0.41250", "2013-12-31": "1.20130", "2013-09-30": "0.62790", "2013-06-30": "1.11990", "2013-03-31": "1.15540", "2012-12-31": "0.42790", "2012-09-30": "-0.15350", "2012-06-30": "-1.04200", "2012-03-31": "-0.81570", "2011-12-31": "-1.53440", "2011-09-30": "-0.57620", "2011-06-30": "-0.65620", "2011-03-31": "-0.61500", "2010-12-31": "0.90110", "2010-09-30": "2.00080", "2010-06-30": "0.59810", "2010-03-31": "1.27800", "2009-12-31": "0.19250", "2009-09-30": "-0.33620", "2009-06-30": "-1.25760", "2009-03-31": "-2.22210", "2008-12-31": "-2.89880", "2008-09-30": "-2.62410", "2008-06-30": "-2.68040", "2008-03-31": "-3.42430", "2007-12-31": "-3.98970", "2007-09-30": "-4.59910", "2007-06-30": "1.13050", "2007-03-31": "0.60620", "2006-12-31": "-0.21820", "2006-09-30": "-0.36230", "2006-06-30": "-1.03110", "2006-03-31": "-2.83030", "2005-12-31": "-3.51740", "2005-09-30": "-3.53010", "2005-06-30": "-3.64580", "2005-03-31": "-2.24460"}, "Operating Cash Flow Per Share": {"2020-12-31": 1.9337, "2020-09-30": "2.97520", "2020-06-30": 5.7792, "2020-03-31": 2.4051, "2019-12-31": 1.7989, "2019-09-30": "2.12610", "2019-06-30": 3.014, "2019-03-31": 1.1776, "2018-12-31": 1.4583, "2018-09-30": "1.99310", "2018-06-30": 3.0506, "2018-03-31": 1.9059, "2017-12-31": 0.4839, "2017-09-30": "1.97710", "2017-06-30": 2.9053, "2017-03-31": 1.6047, "2016-12-31": 0.7786, "2016-09-30": "1.28600", "2016-06-30": 2.5112, "2016-03-31": 1.989, "2015-12-31": 0.2861, "2015-09-30": "1.12030", "2015-06-30": 2.8916, "2015-03-31": 1.6054, "2014-12-31": 0.2357, "2014-09-30": "1.84980", "2014-06-30": 2.5534, "2014-03-31": 1.681, "2013-12-31": 0.2415, "2013-09-30": "1.34610", "2013-06-30": 2.1948, "2013-03-31": 1.1797, "2012-12-31": 0.8746, "2012-09-30": "1.57930", "2012-06-30": 2.156, "2012-03-31": 1.2002, "2011-12-31": 0.2888, "2011-09-30": "0.98050", "2011-06-30": 2.1056, "2011-03-31": 1.3262, "2010-12-31": 0.5723, "2010-09-30": "1.05020", "2010-06-30": 2.6672, "2010-03-31": 1.3812, "2009-12-31": 1.0709, "2009-09-30": "0.66730", "2009-06-30": 2.2437, "2009-03-31": 1.6605, "2008-12-31": 0.6959, "2008-09-30": "0.66500", "2008-06-30": 1.7774, "2008-03-31": 1.1874, "2007-12-31": 1.0898, "2007-09-30": "1.11550", "2007-06-30": 1.8325, "2007-03-31": 1.1162, "2006-12-31": 0.791, "2006-09-30": "0.86610", "2006-06-30": 1.9664, "2006-03-31": 0.9002, "2005-12-31": 0.931, "2005-09-30": "-0.38590", "2005-06-30": 1.3035, "2005-03-31": 2.966}, "Free Cash Flow Per Share": {"2020-12-31": 1.2912, "2020-09-30": "2.43920", "2020-06-30": 5.0306, "2020-03-31": 2.039, "2019-12-31": 1.3478, "2019-09-30": "1.70240", "2019-06-30": 2.4632, "2019-03-31": 0.8023, "2018-12-31": 1.0742, "2018-09-30": "1.71610", "2018-06-30": 2.5314, "2018-03-31": 1.6267, "2017-12-31": 0.1805, "2017-09-30": "1.60450", "2017-06-30": 2.3753, "2017-03-31": 1.2737, "2016-12-31": 0.3302, "2016-09-30": "0.83970", "2016-06-30": 2.0637, "2016-03-31": 1.6477, "2015-12-31": -0.0175, "2015-09-30": "0.90690", "2015-06-30": 2.5691, "2015-03-31": 1.4382, "2014-12-31": 0.0048, "2014-09-30": "1.62900", "2014-06-30": 2.1748, "2014-03-31": 1.496, "2013-12-31": -0.0306, "2013-09-30": "1.14190", "2013-06-30": 1.7698, "2013-03-31": 0.946, "2012-12-31": 0.5144, "2012-09-30": "1.16930", "2012-06-30": 1.6091, "2012-03-31": 0.9155, "2011-12-31": -0.0537, "2011-09-30": "0.70350", "2011-06-30": 1.6094, "2011-03-31": 0.8132, "2010-12-31": 0.1718, "2010-09-30": "0.80890", "2010-06-30": 2.0145, "2010-03-31": 1.1507, "2009-12-31": 0.7752, "2009-09-30": "0.42600", "2009-06-30": 1.8097, "2009-03-31": 1.2947, "2008-12-31": 0.3763, "2008-09-30": "0.38610", "2008-06-30": 1.3075, "2008-03-31": 0.9568, "2007-12-31": 0.7643, "2007-09-30": "0.93750", "2007-06-30": 1.5011, "2007-03-31": 0.9346, "2006-12-31": 0.551, "2006-09-30": "0.66420", "2006-06-30": 1.5878, "2006-03-31": 0.6475, "2005-12-31": 0.6279, "2005-09-30": "-0.62790", "2005-06-30": 1.031, "2005-03-31": 2.3958}}, "revenue": {"Clorox Annual Revenue (Millions of US $)": {"2020": "$6,721", "2019": "$6,214", "2018": "$6,124", "2017": "$5,973", "2016": "$5,761", "2015": "$5,655", "2014": "$5,514", "2013": "$5,533", "2012": "$5,468", "2011": "$5,231", "2010": "$5,234", "2009": "$5,158", "2008": "$5,273", "2007": "$4,847", "2006": "$4,644", "2005": "$4,388"}, "Clorox Quarterly Revenue (Millions of US $)": {"2020-12-31": "$1,842", "2020-09-30": "$1,916", "2020-06-30": "$1,983", "2020-03-31": "$1,783", "2019-12-31": "$1,449", "2019-09-30": "$1,506", "2019-06-30": "$1,627", "2019-03-31": "$1,551", "2018-12-31": "$1,473", "2018-09-30": "$1,563", "2018-06-30": "$1,691", "2018-03-31": "$1,517", "2017-12-31": "$1,416", "2017-09-30": "$1,500", "2017-06-30": "$1,647", "2017-03-31": "$1,477", "2016-12-31": "$1,406", "2016-09-30": "$1,443", "2016-06-30": "$1,600", "2016-03-31": "$1,426", "2015-12-31": "$1,345", "2015-09-30": "$1,390", "2015-06-30": "$1,557", "2015-03-31": "$1,401", "2014-12-31": "$1,345", "2014-09-30": "$1,352", "2014-06-30": "$1,497", "2014-03-31": "$1,366", "2013-12-31": "$1,308", "2013-09-30": "$1,343", "2013-06-30": "$1,457", "2013-03-31": "$1,413", "2012-12-31": "$1,325", "2012-09-30": "$1,338", "2012-06-30": "$1,541", "2012-03-31": "$1,401", "2011-12-31": "$1,221", "2011-09-30": "$1,305", "2011-06-30": "$1,482", "2011-03-31": "$1,304", "2010-12-31": "$1,179", "2010-09-30": "$1,266", "2010-06-30": "$1,429", "2010-03-31": "$1,287", "2009-12-31": "$1,215", "2009-09-30": "$1,303", "2009-06-30": "$1,208", "2009-03-31": "$1,350", "2008-12-31": "$1,216", "2008-09-30": "$1,384", "2008-06-30": "$1,495", "2008-03-31": "$1,353", "2007-12-31": "$1,186", "2007-09-30": "$1,239", "2007-06-30": "$1,344", "2007-03-31": "$1,241", "2006-12-31": "$1,101", "2006-09-30": "$1,161", "2006-06-30": "$1,319", "2006-03-31": "$1,157", "2005-12-31": "$1,064", "2005-09-30": "$1,104", "2005-06-30": "$1,254", "2005-03-31": "$1,086"}}, "gross-profit": {"Clorox Annual Gross Profit (Millions of US $)": {"2020": "$3,063", "2019": "$2,728", "2018": "$2,675", "2017": "$2,671", "2016": "$2,598", "2015": "$2,465", "2014": "$2,356", "2013": "$2,391", "2012": "$2,304", "2011": "$2,273", "2010": "$2,319", "2009": "$2,204", "2008": "$2,175", "2007": "$2,091", "2006": "$1,959", "2005": "$1,895"}, "Clorox Quarterly Gross Profit (Millions of US $)": {"2020-12-31": "$837", "2020-09-30": "$920", "2020-06-30": "$929", "2020-03-31": "$832", "2019-12-31": "$639", "2019-09-30": "$663", "2019-06-30": "$734", "2019-03-31": "$673", "2018-12-31": "$643", "2018-09-30": "$678", "2018-06-30": "$744", "2018-03-31": "$649", "2017-12-31": "$609", "2017-09-30": "$673", "2017-06-30": "$752", "2017-03-31": "$650", "2016-12-31": "$629", "2016-09-30": "$640", "2016-06-30": "$727", "2016-03-31": "$646", "2015-12-31": "$600", "2015-09-30": "$625", "2015-06-30": "$710", "2015-03-31": "$605", "2014-12-31": "$572", "2014-09-30": "$578", "2014-06-30": "$642", "2014-03-31": "$575", "2013-12-31": "$555", "2013-09-30": "$584", "2013-06-30": "$659", "2013-03-31": "$595", "2012-12-31": "$563", "2012-09-30": "$574", "2012-06-30": "$658", "2012-03-31": "$593", "2011-12-31": "$507", "2011-09-30": "$546", "2011-06-30": "$645", "2011-03-31": "$575", "2010-12-31": "$492", "2010-09-30": "$561", "2010-06-30": "$633", "2010-03-31": "$574", "2009-12-31": "$529", "2009-09-30": "$583", "2009-06-30": "$545", "2009-03-31": "$611", "2008-12-31": "$486", "2008-09-30": "$562", "2008-06-30": "$630", "2008-03-31": "$538", "2007-12-31": "$479", "2007-09-30": "$528", "2007-06-30": "$594", "2007-03-31": "$537", "2006-12-31": "$462", "2006-09-30": "$498", "2006-06-30": "$577", "2006-03-31": "$480", "2005-12-31": "$436", "2005-09-30": "$466", "2005-06-30": "$553", "2005-03-31": "$454"}}, "operating-income": {"Clorox Annual Operating Income (Millions of US $)": {"2020": "$1,274", "2019": "$1,124", "2018": "$1,136", "2017": "$1,127", "2016": "$1,064", "2015": "$1,008", "2014": "$977", "2013": "$970", "2012": "$903", "2011": "$663", "2010": "$973", "2009": "$914", "2008": "$888", "2007": "$867", "2006": "$779", "2005": "$821"}, "Clorox Quarterly Operating Income (Millions of US $)": {"2020-12-31": "$341", "2020-09-30": "$471", "2020-06-30": "$394", "2020-03-31": "$340", "2019-12-31": "$255", "2019-09-30": "$285", "2019-06-30": "$312", "2019-03-31": "$262", "2018-12-31": "$255", "2018-09-30": "$295", "2018-06-30": "$333", "2018-03-31": "$259", "2017-12-31": "$241", "2017-09-30": "$303", "2017-06-30": "$321", "2017-03-31": "$253", "2016-12-31": "$272", "2016-09-30": "$281", "2016-06-30": "$268", "2016-03-31": "$261", "2015-12-31": "$249", "2015-09-30": "$286", "2015-06-30": "$299", "2015-03-31": "$241", "2014-12-31": "$221", "2014-09-30": "$247", "2014-06-30": "$283", "2014-03-31": "$249", "2013-12-31": "$206", "2013-09-30": "$239", "2013-06-30": "$298", "2013-03-31": "$233", "2012-12-31": "$212", "2012-09-30": "$227", "2012-06-30": "$288", "2012-03-31": "$226", "2011-12-31": "$179", "2011-09-30": "$210", "2011-06-30": "$282", "2011-03-31": "$239", "2010-12-31": "$-91", "2010-09-30": "$233", "2010-06-30": "$274", "2010-03-31": "$244", "2009-12-31": "$192", "2009-09-30": "$263", "2009-06-30": "$217", "2009-03-31": "$285", "2008-12-31": "$180", "2008-09-30": "$232", "2008-06-30": "$276", "2008-03-31": "$206", "2007-12-31": "$174", "2007-09-30": "$232", "2007-06-30": "$273", "2007-03-31": "$228", "2006-12-31": "$164", "2006-09-30": "$202", "2006-06-30": "$239", "2006-03-31": "$203", "2005-12-31": "$151", "2005-09-30": "$186", "2005-06-30": "$249", "2005-03-31": "$187"}}, "ebitda": {"Clorox Annual EBITDA (Millions of US $)": {"2020": "$1,454", "2019": "$1,304", "2018": "$1,302", "2017": "$1,290", "2016": "$1,229", "2015": "$1,177", "2014": "$1,154", "2013": "$1,150", "2012": "$1,081", "2011": "$1,094", "2010": "$1,156", "2009": "$1,102", "2008": "$1,093", "2007": "$1,059", "2006": "$967", "2005": "$1,004"}, "Clorox Quarterly EBITDA (Millions of US $)": {"2020-12-31": "$394", "2020-09-30": "$522", "2020-06-30": "$441", "2020-03-31": "$385", "2019-12-31": "$299", "2019-09-30": "$329", "2019-06-30": "$359", "2019-03-31": "$307", "2018-12-31": "$299", "2018-09-30": "$339", "2018-06-30": "$378", "2018-03-31": "$299", "2017-12-31": "$282", "2017-09-30": "$343", "2017-06-30": "$363", "2017-03-31": "$292", "2016-12-31": "$313", "2016-09-30": "$322", "2016-06-30": "$311", "2016-03-31": "$301", "2015-12-31": "$290", "2015-09-30": "$327", "2015-06-30": "$342", "2015-03-31": "$282", "2014-12-31": "$263", "2014-09-30": "$290", "2014-06-30": "$329", "2014-03-31": "$292", "2013-12-31": "$251", "2013-09-30": "$282", "2013-06-30": "$342", "2013-03-31": "$279", "2012-12-31": "$258", "2012-09-30": "$271", "2012-06-30": "$333", "2012-03-31": "$270", "2011-12-31": "$222", "2011-09-30": "$256", "2011-06-30": "$325", "2011-03-31": "$281", "2010-12-31": "$210", "2010-09-30": "$278", "2010-06-30": "$319", "2010-03-31": "$288", "2009-12-31": "$238", "2009-09-30": "$311", "2009-06-30": "$263", "2009-03-31": "$334", "2008-12-31": "$226", "2008-09-30": "$279", "2008-06-30": "$327", "2008-03-31": "$262", "2007-12-31": "$224", "2007-09-30": "$280", "2007-06-30": "$322", "2007-03-31": "$276", "2006-12-31": "$213", "2006-09-30": "$248", "2006-06-30": "$289", "2006-03-31": "$249", "2005-12-31": "$198", "2005-09-30": "$231", "2005-06-30": "$295", "2005-03-31": "$233"}}, "net-income": {"Clorox Annual Net Income (Millions of US $)": {"2020": "$939", "2019": "$820", "2018": "$823", "2017": "$701", "2016": "$648", "2015": "$580", "2014": "$558", "2013": "$572", "2012": "$541", "2011": "$555", "2010": "$600", "2009": "$532", "2008": "$461", "2007": "$501", "2006": "$444", "2005": "$1,096"}, "Clorox Quarterly Net Income (Millions of US $)": {"2020-12-31": "$259", "2020-09-30": "$415", "2020-06-30": "$310", "2020-03-31": "$241", "2019-12-31": "$185", "2019-09-30": "$203", "2019-06-30": "$241", "2019-03-31": "$187", "2018-12-31": "$182", "2018-09-30": "$210", "2018-06-30": "$217", "2018-03-31": "$181", "2017-12-31": "$233", "2017-09-30": "$192", "2017-06-30": "$201", "2017-03-31": "$172", "2016-12-31": "$149", "2016-09-30": "$179", "2016-06-30": "$165", "2016-03-31": "$162", "2015-12-31": "$149", "2015-09-30": "$172", "2015-06-30": "$191", "2015-03-31": "$174", "2014-12-31": "$125", "2014-09-30": "$90", "2014-06-30": "$170", "2014-03-31": "$137", "2013-12-31": "$115", "2013-09-30": "$136", "2013-06-30": "$183", "2013-03-31": "$133", "2012-12-31": "$123", "2012-09-30": "$133", "2012-06-30": "$174", "2012-03-31": "$132", "2011-12-31": "$105", "2011-09-30": "$130", "2011-06-30": "$167", "2011-03-31": "$151", "2010-12-31": "$21", "2010-09-30": "$216", "2010-06-30": "$168", "2010-03-31": "$165", "2009-12-31": "$110", "2009-09-30": "$157", "2009-06-30": "$169", "2009-03-31": "$151", "2008-12-31": "$86", "2008-09-30": "$126", "2008-06-30": "$158", "2008-03-31": "$100", "2007-12-31": "$92", "2007-09-30": "$111", "2007-06-30": "$164", "2007-03-31": "$129", "2006-12-31": "$96", "2006-09-30": "$112", "2006-06-30": "$142", "2006-03-31": "$110", "2005-12-31": "$83", "2005-09-30": "$109", "2005-06-30": "$156", "2005-03-31": "$118"}}, "eps-earnings-per-share-diluted": {"Clorox Annual EPS": {"2020": "$7.36", "2019": "$6.32", "2018": "$6.26", "2017": "$5.33", "2016": "$4.92", "2015": "$4.37", "2014": "$4.23", "2013": "$4.30", "2012": "$4.09", "2011": "$4.02", "2010": "$4.24", "2009": "$3.79", "2008": "$3.23", "2007": "$3.26", "2006": "$2.90", "2005": "$6.11"}, "Clorox Quarterly EPS": {"2020-12-31": "$2.03", "2020-09-30": "$3.22", "2020-06-30": "$2.42", "2020-03-31": "$1.89", "2019-12-31": "$1.46", "2019-09-30": "$1.59", "2019-06-30": "$1.86", "2019-03-31": "$1.44", "2018-12-31": "$1.40", "2018-09-30": "$1.62", "2018-06-30": "$1.66", "2018-03-31": "$1.37", "2017-12-31": "$1.77", "2017-09-30": "$1.46", "2017-06-30": "$1.52", "2017-03-31": "$1.31", "2016-12-31": "$1.14", "2016-09-30": "$1.36", "2016-06-30": "$1.25", "2016-03-31": "$1.23", "2015-12-31": "$1.13", "2015-09-30": "$1.31", "2015-06-30": "$1.44", "2015-03-31": "$1.30", "2014-12-31": "$0.95", "2014-09-30": "$0.68", "2014-06-30": "$1.29", "2014-03-31": "$1.04", "2013-12-31": "$0.87", "2013-09-30": "$1.03", "2013-06-30": "$1.36", "2013-03-31": "$1.00", "2012-12-31": "$0.93", "2012-09-30": "$1.01", "2012-06-30": "$1.31", "2012-03-31": "$1.01", "2011-12-31": "$0.79", "2011-09-30": "$0.98", "2011-06-30": "$1.26", "2011-03-31": "$1.09", "2010-12-31": "$0.15", "2010-09-30": "$1.52", "2010-06-30": "$1.20", "2010-03-31": "$1.16", "2009-12-31": "$0.77", "2009-09-30": "$1.11", "2009-06-30": "$1.20", "2009-03-31": "$1.08", "2008-12-31": "$0.61", "2008-09-30": "$0.90", "2008-06-30": "$1.11", "2008-03-31": "$0.71", "2007-12-31": "$0.65", "2007-09-30": "$0.76", "2007-06-30": "$1.07", "2007-03-31": "$0.84", "2006-12-31": "$0.62", "2006-09-30": "$0.73", "2006-06-30": "$0.92", "2006-03-31": "$0.72", "2005-12-31": "$0.55", "2005-09-30": "$0.71", "2005-06-30": "$1.10", "2005-03-31": "$0.76"}}, "shares-outstanding": {"Clorox Annual Shares Outstanding (Millions of Shares)": {"2020": "128", "2019": "130", "2018": "132", "2017": "132", "2016": "132", "2015": "133", "2014": "132", "2013": "133", "2012": "132", "2011": "138", "2010": "142", "2009": "140", "2008": "141", "2007": "154", "2006": "153", "2005": "179"}, "Clorox Quarterly Shares Outstanding (Millions of Shares)": {"2020-12-31": "128", "2020-09-30": "129", "2020-06-30": "128", "2020-03-31": "127", "2019-12-31": "127", "2019-09-30": "127", "2019-06-30": "130", "2019-03-31": "130", "2018-12-31": "130", "2018-09-30": "130", "2018-06-30": "132", "2018-03-31": "132", "2017-12-31": "132", "2017-09-30": "132", "2017-06-30": "132", "2017-03-31": "131", "2016-12-31": "131", "2016-09-30": "132", "2016-06-30": "132", "2016-03-31": "132", "2015-12-31": "132", "2015-09-30": "131", "2015-06-30": "133", "2015-03-31": "134", "2014-12-31": "133", "2014-09-30": "131", "2014-06-30": "132", "2014-03-31": "132", "2013-12-31": "132", "2013-09-30": "132", "2013-06-30": "133", "2013-03-31": "133", "2012-12-31": "132", "2012-09-30": "132", "2012-06-30": "132", "2012-03-31": "132", "2011-12-31": "132", "2011-09-30": "134", "2011-06-30": "138", "2011-03-31": "138", "2010-12-31": "139", "2010-09-30": "141", "2010-06-30": "142", "2010-03-31": "142", "2009-12-31": "142", "2009-09-30": "141", "2009-06-30": "140", "2009-03-31": "140", "2008-12-31": "140", "2008-09-30": "140", "2008-06-30": "141", "2008-03-31": "140", "2007-12-31": "141", "2007-09-30": "146", "2007-06-30": "154", "2007-03-31": "154", "2006-12-31": "154", "2006-09-30": "154", "2006-06-30": "153", "2006-03-31": "153", "2005-12-31": "152", "2005-09-30": "153", "2005-06-30": "179", "2005-03-31": "156"}}, "total-assets": {"Clorox Annual Total Assets (Millions of US $)": {"2020": "$6,213", "2019": "$5,116", "2018": "$5,060", "2017": "$4,573", "2016": "$4,510", "2015": "$4,164", "2014": "$4,258", "2013": "$4,311", "2012": "$4,355", "2011": "$4,163", "2010": "$4,548", "2009": "$4,576", "2008": "$4,712", "2007": "$3,581", "2006": "$3,616", "2005": "$3,617"}, "Clorox Quarterly Total Assets (Millions of US $)": {"2020-12-31": "$6,855", "2020-09-30": "$6,777", "2020-06-30": "$6,213", "2020-03-31": "$5,850", "2019-12-31": "$5,459", "2019-09-30": "$5,397", "2019-06-30": "$5,116", "2019-03-31": "$5,162", "2018-12-31": "$5,073", "2018-09-30": "$5,058", "2018-06-30": "$5,060", "2018-03-31": "$5,444", "2017-12-31": "$4,758", "2017-09-30": "$4,600", "2017-06-30": "$4,573", "2017-03-31": "$4,629", "2016-12-31": "$4,568", "2016-09-30": "$4,466", "2016-06-30": "$4,510", "2016-03-31": "$4,284", "2015-12-31": "$4,175", "2015-09-30": "$4,095", "2015-06-30": "$4,164", "2015-03-31": "$4,228", "2014-12-31": "$4,674", "2014-09-30": "$4,150", "2014-06-30": "$4,258", "2014-03-31": "$4,374", "2013-12-31": "$4,388", "2013-09-30": "$4,301", "2013-06-30": "$4,311", "2013-03-31": "$4,523", "2012-12-31": "$4,502", "2012-09-30": "$4,747", "2012-06-30": "$4,355", "2012-03-31": "$4,386", "2011-12-31": "$4,290", "2011-09-30": "$4,077", "2011-06-30": "$4,163", "2011-03-31": "$4,051", "2010-12-31": "$4,158", "2010-09-30": "$4,793", "2010-06-30": "$4,548", "2010-03-31": "$4,743", "2009-12-31": "$4,489", "2009-09-30": "$4,598", "2009-06-30": "$4,576", "2009-03-31": "$4,465", "2008-12-31": "$4,398", "2008-09-30": "$4,587", "2008-06-30": "$4,712", "2008-03-31": "$4,750", "2007-12-31": "$4,853", "2007-09-30": "$3,673", "2007-06-30": "$3,581", "2007-03-31": "$3,691", "2006-12-31": "$3,624", "2006-09-30": "$3,539", "2006-06-30": "$3,616", "2006-03-31": "$3,622", "2005-12-31": "$3,567", "2005-09-30": "$3,570", "2005-06-30": "$3,617", "2005-03-31": "$3,756"}}, "cash-on-hand": {"Clorox Annual Cash on Hand (Millions of US $)": {"2020": "$871", "2019": "$111", "2018": "$131", "2017": "$418", "2016": "$401", "2015": "$382", "2014": "$329", "2013": "$299", "2012": "$267", "2011": "$259", "2010": "$87", "2009": "$206", "2008": "$214", "2007": "$182", "2006": "$192", "2005": "$293"}, "Clorox Quarterly Cash on Hand (Millions of US $)": {"2020-12-31": "$732", "2020-09-30": "$860", "2020-06-30": "$871", "2020-03-31": "$496", "2019-12-31": "$168", "2019-09-30": "$150", "2019-06-30": "$111", "2019-03-31": "$178", "2018-12-31": "$162", "2018-09-30": "$162", "2018-06-30": "$131", "2018-03-31": "$1,174", "2017-12-31": "$489", "2017-09-30": "$468", "2017-06-30": "$418", "2017-03-31": "$431", "2016-12-31": "$414", "2016-09-30": "$408", "2016-06-30": "$401", "2016-03-31": "$414", "2015-12-31": "$390", "2015-09-30": "$383", "2015-06-30": "$382", "2015-03-31": "$378", "2014-12-31": "$819", "2014-09-30": "$355", "2014-06-30": "$329", "2014-03-31": "$364", "2013-12-31": "$341", "2013-09-30": "$323", "2013-06-30": "$299", "2013-03-31": "$423", "2012-12-31": "$445", "2012-09-30": "$667", "2012-06-30": "$267", "2012-03-31": "$303", "2011-12-31": "$297", "2011-09-30": "$270", "2011-06-30": "$259", "2011-03-31": "$153", "2010-12-31": "$379", "2010-09-30": "$286", "2010-06-30": "$87", "2010-03-31": "$241", "2009-12-31": "$154", "2009-09-30": "$237", "2009-06-30": "$206", "2009-03-31": "$117", "2008-12-31": "$97", "2008-09-30": "$184", "2008-06-30": "$214", "2008-03-31": "$282", "2007-12-31": "$280", "2007-09-30": "$209", "2007-06-30": "$182", "2007-03-31": "$171", "2006-12-31": "$179", "2006-09-30": "$174", "2006-06-30": "$192", "2006-03-31": "$289", "2005-12-31": "$273", "2005-09-30": "$273", "2005-06-30": "$293", "2005-03-31": "$293"}}, "long-term-debt": {"Clorox Annual Long Term Debt (Millions of US $)": {"2020": "$2,780", "2019": "$2,287", "2018": "$2,284", "2017": "$1,391", "2016": "$1,789", "2015": "$1,796", "2014": "$1,595", "2013": "$2,170", "2012": "$1,571", "2011": "$2,125", "2010": "$2,124", "2009": "$2,151", "2008": "$2,720", "2007": "$1,462", "2006": "$1,966", "2005": "$2,122"}, "Clorox Quarterly Long Term Debt (Millions of US $)": {"2020-12-31": "$2,483", "2020-09-30": "$2,781", "2020-06-30": "$2,780", "2020-03-31": "$2,288", "2019-12-31": "$2,288", "2019-09-30": "$2,287", "2019-06-30": "$2,287", "2019-03-31": "$2,286", "2018-12-31": "$2,285", "2018-09-30": "$2,285", "2018-06-30": "$2,284", "2018-03-31": "$1,789", "2017-12-31": "$1,788", "2017-09-30": "$1,787", "2017-06-30": "$1,391", "2017-03-31": "$1,390", "2016-12-31": "$1,390", "2016-09-30": "$1,789", "2016-06-30": "$1,789", "2016-03-31": "$1,796", "2015-12-31": "$1,796", "2015-09-30": "$1,796", "2015-06-30": "$1,796", "2015-03-31": "$1,796", "2014-12-31": "$1,795", "2014-09-30": "$1,596", "2014-06-30": "$1,595", "2014-03-31": "$1,595", "2013-12-31": "$2,170", "2013-09-30": "$2,170", "2013-06-30": "$2,170", "2013-03-31": "$2,169", "2012-12-31": "$2,169", "2012-09-30": "$2,169", "2012-06-30": "$1,571", "2012-03-31": "$1,570", "2011-12-31": "$2,070", "2011-09-30": "$2,122", "2011-06-30": "$2,125", "2011-03-31": "$2,125", "2010-12-31": "$2,125", "2010-09-30": "$2,124", "2010-06-30": "$2,124", "2010-03-31": "$2,132", "2009-12-31": "$2,435", "2009-09-30": "$2,137", "2009-06-30": "$2,151", "2009-03-31": "$2,141", "2008-12-31": "$2,718", "2008-09-30": "$2,719", "2008-06-30": "$2,720", "2008-03-31": "$2,721", "2007-12-31": "$2,223", "2007-09-30": "$1,477", "2007-06-30": "$1,462", "2007-03-31": "$1,463", "2006-12-31": "$1,464", "2006-09-30": "$1,965", "2006-06-30": "$1,966", "2006-03-31": "$1,967", "2005-12-31": "$2,119", "2005-09-30": "$2,120", "2005-06-30": "$2,122", "2005-03-31": "$2,123"}}, "total-liabilities": {"Clorox Annual Total Liabilities (Millions of US $)": {"2020": "$5,305", "2019": "$4,557", "2018": "$4,334", "2017": "$4,031", "2016": "$4,213", "2015": "$4,046", "2014": "$4,104", "2013": "$4,165", "2012": "$4,490", "2011": "$4,249", "2010": "$4,465", "2009": "$4,751", "2008": "$5,082", "2007": "$3,410", "2006": "$3,772", "2005": "$4,170"}, "Clorox Quarterly Total Liabilities (Millions of US $)": {"2020-12-31": "$5,475", "2020-09-30": "$5,466", "2020-06-30": "$5,305", "2020-03-31": "$5,155", "2019-12-31": "$4,904", "2019-09-30": "$4,847", "2019-06-30": "$4,557", "2019-03-31": "$4,381", "2018-12-31": "$4,331", "2018-09-30": "$4,381", "2018-06-30": "$4,334", "2018-03-31": "$4,607", "2017-12-31": "$3,998", "2017-09-30": "$4,008", "2017-06-30": "$4,031", "2017-03-31": "$4,225", "2016-12-31": "$4,298", "2016-09-30": "$4,177", "2016-06-30": "$4,213", "2016-03-31": "$4,025", "2015-12-31": "$3,977", "2015-09-30": "$3,976", "2015-06-30": "$4,046", "2015-03-31": "$3,926", "2014-12-31": "$4,393", "2014-09-30": "$3,981", "2014-06-30": "$4,104", "2014-03-31": "$4,321", "2013-12-31": "$4,232", "2013-09-30": "$4,220", "2013-06-30": "$4,165", "2013-03-31": "$4,371", "2012-12-31": "$4,446", "2012-09-30": "$4,767", "2012-06-30": "$4,490", "2012-03-31": "$4,492", "2011-12-31": "$4,489", "2011-09-30": "$4,153", "2011-06-30": "$4,249", "2011-03-31": "$4,133", "2010-12-31": "$4,034", "2010-09-30": "$4,514", "2010-06-30": "$4,465", "2010-03-31": "$4,563", "2009-12-31": "$4,462", "2009-09-30": "$4,645", "2009-06-30": "$4,751", "2009-03-31": "$4,774", "2008-12-31": "$4,801", "2008-09-30": "$4,951", "2008-06-30": "$5,082", "2008-03-31": "$5,222", "2007-12-31": "$5,407", "2007-09-30": "$4,310", "2007-06-30": "$3,410", "2007-03-31": "$3,599", "2006-12-31": "$3,657", "2006-09-30": "$3,594", "2006-06-30": "$3,772", "2006-03-31": "$4,049", "2005-12-31": "$4,095", "2005-09-30": "$4,102", "2005-06-30": "$4,170", "2005-03-31": "$4,102"}}, "total-share-holder-equity": {"Clorox Annual Share Holder Equity (Millions of US $)": {"2020": "$908", "2019": "$559", "2018": "$726", "2017": "$542", "2016": "$297", "2015": "$118", "2014": "$154", "2013": "$146", "2012": "$-135", "2011": "$-86", "2010": "$83", "2009": "$-175", "2008": "$-370", "2007": "$171", "2006": "$-156", "2005": "$-553"}, "Clorox Quarterly Share Holder Equity (Millions of US $)": {"2020-12-31": "$1,380", "2020-09-30": "$1,311", "2020-06-30": "$908", "2020-03-31": "$695", "2019-12-31": "$555", "2019-09-30": "$550", "2019-06-30": "$559", "2019-03-31": "$781", "2018-12-31": "$742", "2018-09-30": "$677", "2018-06-30": "$726", "2018-03-31": "$837", "2017-12-31": "$760", "2017-09-30": "$592", "2017-06-30": "$542", "2017-03-31": "$404", "2016-12-31": "$270", "2016-09-30": "$289", "2016-06-30": "$297", "2016-03-31": "$259", "2015-12-31": "$198", "2015-09-30": "$119", "2015-06-30": "$118", "2015-03-31": "$302", "2014-12-31": "$281", "2014-09-30": "$169", "2014-06-30": "$154", "2014-03-31": "$53", "2013-12-31": "$156", "2013-09-30": "$81", "2013-06-30": "$146", "2013-03-31": "$152", "2012-12-31": "$56", "2012-09-30": "$-20", "2012-06-30": "$-135", "2012-03-31": "$-106", "2011-12-31": "$-199", "2011-09-30": "$-76", "2011-06-30": "$-86", "2011-03-31": "$-82", "2010-12-31": "$124", "2010-09-30": "$279", "2010-06-30": "$83", "2010-03-31": "$180", "2009-12-31": "$27", "2009-09-30": "$-47", "2009-06-30": "$-175", "2009-03-31": "$-309", "2008-12-31": "$-403", "2008-09-30": "$-364", "2008-06-30": "$-370", "2008-03-31": "$-472", "2007-12-31": "$-554", "2007-09-30": "$-637", "2007-06-30": "$171", "2007-03-31": "$92", "2006-12-31": "$-33", "2006-09-30": "$-55", "2006-06-30": "$-156", "2006-03-31": "$-427", "2005-12-31": "$-528", "2005-09-30": "$-532", "2005-06-30": "$-553", "2005-03-31": "$-346"}}, "profit-margins": {"current": "16.28%"}, "gross margin": {"2020-12-31": "46.76%", "2020-09-30": "46.56%", "2020-06-30": "45.57%", "2020-03-31": "45.06%", "2019-12-31": "44.17%", "2019-09-30": "44.06%", "2019-06-30": "43.90%", "2019-03-31": "43.61%", "2018-12-31": "43.47%", "2018-09-30": "43.32%", "2018-06-30": "43.68%", "2018-03-31": "44.13%", "2017-12-31": "44.44%", "2017-09-30": "44.84%", "2017-06-30": "44.72%", "2017-03-31": "44.65%", "2016-12-31": "44.97%", "2016-09-30": "44.94%", "2016-06-30": "45.10%", "2016-03-31": "45.14%", "2015-12-31": "44.62%", "2015-09-30": "44.12%", "2015-06-30": "43.59%", "2015-03-31": "42.84%", "2014-12-31": "42.57%", "2014-09-30": "42.55%", "2014-06-30": "42.73%", "2014-03-31": "43.35%", "2013-12-31": "43.34%", "2013-09-30": "43.36%", "2013-06-30": "43.21%", "2013-03-31": "42.55%", "2012-12-31": "42.60%", "2012-09-30": "42.39%", "2012-06-30": "42.14%", "2012-03-31": "42.36%", "2011-12-31": "42.79%", "2011-09-30": "42.85%", "2011-06-30": "43.45%", "2011-03-31": "43.67%", "2010-12-31": "43.79%", "2010-09-30": "44.20%", "2010-06-30": "44.31%", "2010-03-31": "44.50%", "2009-12-31": "44.68%", "2009-09-30": "43.83%", "2009-06-30": "42.73%", "2009-03-31": "42.04%", "2008-12-31": "40.68%", "2008-09-30": "40.77%", "2008-06-30": "41.25%", "2008-03-31": "41.76%", "2007-12-31": "42.67%", "2007-09-30": "43.07%", "2007-06-30": "43.14%", "2007-03-31": "43.01%", "2006-12-31": "42.57%", "2006-09-30": "42.35%", "2006-06-30": "42.18%", "2006-03-31": "42.26%", "2005-12-31": "42.35%"}, "operating margin": {"2020-12-31": "20.55%", "2020-09-30": "20.47%", "2020-06-30": "18.96%", "2020-03-31": "18.73%", "2019-12-31": "18.16%", "2019-09-30": "18.09%", "2019-06-30": "18.09%", "2019-03-31": "18.24%", "2018-12-31": "18.29%", "2018-09-30": "18.23%", "2018-06-30": "18.55%", "2018-03-31": "18.49%", "2017-12-31": "18.51%", "2017-09-30": "19.05%", "2017-06-30": "18.87%", "2017-03-31": "18.12%", "2016-12-31": "18.42%", "2016-09-30": "18.21%", "2016-06-30": "18.47%", "2016-03-31": "19.15%", "2015-12-31": "18.88%", "2015-09-30": "18.39%", "2015-06-30": "17.82%", "2015-03-31": "17.73%", "2014-12-31": "17.99%", "2014-09-30": "17.83%", "2014-06-30": "17.72%", "2014-03-31": "18.12%", "2013-12-31": "17.68%", "2013-09-30": "17.73%", "2013-06-30": "17.53%", "2013-03-31": "17.09%", "2012-12-31": "17.00%", "2012-09-30": "16.72%", "2012-06-30": "16.51%", "2012-03-31": "16.58%", "2011-12-31": "17.13%", "2011-09-30": "12.14%", "2011-06-30": "12.67%", "2011-03-31": "12.65%", "2010-12-31": "12.79%", "2010-09-30": "18.15%", "2010-06-30": "18.59%", "2010-03-31": "18.27%", "2009-12-31": "18.85%", "2009-09-30": "18.61%", "2009-06-30": "17.72%", "2009-03-31": "17.87%", "2008-12-31": "16.41%", "2008-09-30": "16.39%", "2008-06-30": "16.84%", "2008-03-31": "17.28%", "2007-12-31": "18.10%", "2007-09-30": "18.21%", "2007-06-30": "17.89%", "2007-03-31": "17.27%", "2006-12-31": "17.05%", "2006-09-30": "16.91%", "2006-06-30": "16.77%", "2006-03-31": "17.23%", "2005-12-31": "17.15%"}, "ebitda margin": {"2020-12-31": "23.15%", "2020-09-30": "23.10%", "2020-06-30": "21.63%", "2020-03-31": "21.56%", "2019-12-31": "21.10%", "2019-09-30": "21.02%", "2019-06-30": "20.98%", "2019-03-31": "21.07%", "2018-12-31": "21.06%", "2018-09-30": "20.98%", "2018-06-30": "21.26%", "2018-03-31": "21.17%", "2017-12-31": "21.19%", "2017-09-30": "21.74%", "2017-06-30": "21.60%", "2017-03-31": "20.89%", "2016-12-31": "21.23%", "2016-09-30": "21.05%", "2016-06-30": "21.33%", "2016-03-31": "22.04%", "2015-12-31": "21.80%", "2015-09-30": "21.32%", "2015-06-30": "20.81%", "2015-03-31": "20.80%", "2014-12-31": "21.12%", "2014-09-30": "21.04%", "2014-06-30": "20.93%", "2014-03-31": "21.32%", "2013-12-31": "20.90%", "2013-09-30": "20.96%", "2013-06-30": "20.78%", "2013-03-31": "20.31%", "2012-12-31": "20.20%", "2012-09-30": "19.92%", "2012-06-30": "19.77%", "2012-03-31": "19.84%", "2011-12-31": "20.41%", "2011-09-30": "20.34%", "2011-06-30": "20.91%", "2011-03-31": "21.01%", "2010-12-31": "21.22%", "2010-09-30": "21.61%", "2010-06-30": "22.09%", "2010-03-31": "21.94%", "2009-12-31": "22.58%", "2009-09-30": "22.34%", "2009-06-30": "21.36%", "2009-03-31": "21.41%", "2008-12-31": "20.08%", "2008-09-30": "20.16%", "2008-06-30": "20.73%", "2008-03-31": "21.24%", "2007-12-31": "22.00%", "2007-09-30": "22.15%", "2007-06-30": "21.85%", "2007-03-31": "21.28%", "2006-12-31": "21.08%", "2006-09-30": "20.93%", "2006-06-30": "20.82%", "2006-03-31": "21.25%", "2005-12-31": "21.23%"}, "pre tax profit margin": {"2020-12-31": "20.60%", "2020-09-30": "20.38%", "2020-06-30": "17.63%", "2020-03-31": "17.00%", "2019-12-31": "16.71%", "2019-09-30": "16.47%", "2019-06-30": "16.48%", "2019-03-31": "16.53%", "2018-12-31": "16.66%", "2018-09-30": "16.86%", "2018-06-30": "17.21%", "2018-03-31": "17.15%", "2017-12-31": "17.35%", "2017-09-30": "17.38%", "2017-06-30": "17.29%", "2017-03-31": "16.71%", "2016-12-31": "16.68%", "2016-09-30": "16.91%", "2016-06-30": "17.06%", "2016-03-31": "17.84%", "2015-12-31": "17.57%", "2015-09-30": "16.99%", "2015-06-30": "16.29%", "2015-03-31": "16.00%", "2014-12-31": "16.26%", "2014-09-30": "16.13%", "2014-06-30": "16.03%", "2014-03-31": "16.24%", "2013-12-31": "15.67%", "2013-09-30": "15.69%", "2013-06-30": "15.40%", "2013-03-31": "14.87%", "2012-12-31": "14.83%", "2012-09-30": "14.51%", "2012-06-30": "14.47%", "2012-03-31": "14.68%", "2011-12-31": "15.34%", "2011-09-30": "10.40%", "2011-06-30": "10.76%", "2011-03-31": "10.64%", "2010-12-31": "10.48%", "2010-09-30": "15.20%", "2010-06-30": "15.38%", "2010-03-31": "14.40%", "2009-12-31": "14.70%", "2009-09-30": "14.58%", "2009-06-30": "13.75%", "2009-03-31": "14.51%", "2008-12-31": "13.00%", "2008-09-30": "13.01%", "2008-06-30": "13.14%", "2008-03-31": "13.51%", "2007-12-31": "14.65%", "2007-09-30": "15.07%", "2007-06-30": "15.33%", "2007-03-31": "14.83%", "2006-12-31": "14.56%", "2006-09-30": "14.34%", "2006-06-30": "14.06%", "2006-03-31": "14.70%", "2005-12-31": "14.24%"}, "net profit margin": {"2020-12-31": "16.28%", "2020-09-30": "16.14%", "2020-06-30": "13.97%", "2020-03-31": "13.67%", "2019-12-31": "13.31%", "2019-09-30": "13.20%", "2019-06-30": "13.20%", "2019-03-31": "12.68%", "2018-12-31": "12.65%", "2018-09-30": "13.59%", "2018-06-30": "13.44%", "2018-03-31": "13.27%", "2017-12-31": "13.21%", "2017-09-30": "11.84%", "2017-06-30": "11.74%", "2017-03-31": "11.22%", "2016-12-31": "11.15%", "2016-09-30": "11.27%", "2016-06-30": "11.25%", "2016-03-31": "11.79%", "2015-12-31": "12.05%", "2015-09-30": "11.63%", "2015-06-30": "10.26%", "2015-03-31": "9.99%", "2014-12-31": "9.39%", "2014-09-30": "9.27%", "2014-06-30": "10.12%", "2014-03-31": "10.43%", "2013-12-31": "10.27%", "2013-09-30": "10.38%", "2013-06-30": "10.34%", "2013-03-31": "10.02%", "2012-12-31": "10.03%", "2012-09-30": "9.89%", "2012-06-30": "9.89%", "2012-03-31": "9.87%", "2011-12-31": "10.41%", "2011-09-30": "8.90%", "2011-06-30": "10.61%", "2011-03-31": "10.74%", "2010-12-31": "11.04%", "2010-09-30": "12.68%", "2010-06-30": "11.46%", "2010-03-31": "11.99%", "2009-12-31": "11.56%", "2009-09-30": "11.09%", "2009-06-30": "10.31%", "2009-03-31": "9.57%", "2008-12-31": "8.63%", "2008-09-30": "8.79%", "2008-06-30": "8.74%", "2008-03-31": "9.12%", "2007-12-31": "9.90%", "2007-09-30": "10.15%", "2007-06-30": "10.34%", "2007-03-31": "9.93%", "2006-12-31": "9.71%", "2006-09-30": "9.51%", "2006-06-30": "9.56%", "2006-03-31": "10.00%", "2005-12-31": "10.34%"}, "pe ratio": {"current": "20.03", "2021-02-05": "25.43", "2020-12-31": "26.71", "2020-09-30": "23.16", "2020-06-30": "29.39", "2020-03-31": "24.88", "2019-12-31": "23.45", "2019-09-30": "23.25", "2019-06-30": "23.18", "2019-03-31": "25.01", "2018-12-31": "24.15", "2018-09-30": "22.07", "2018-06-30": "20.21", "2018-03-31": "20.17", "2017-12-31": "22.63", "2017-09-30": "22.25", "2017-06-30": "22.75", "2017-03-31": "24.06", "2016-12-31": "21.62", "2016-09-30": "22.45", "2016-06-30": "24.92", "2016-03-31": "21.68", "2015-12-31": "21.39", "2015-09-30": "20.05", "2015-06-30": "20.50", "2015-03-31": "22.48", "2014-12-31": "22.46", "2014-09-30": "20.97", "2014-06-30": "18.16", "2014-03-31": "17.03", "2013-12-31": "17.97", "2013-09-30": "15.49", "2013-06-30": "15.70", "2013-03-31": "16.79", "2012-12-31": "13.74", "2012-09-30": "13.86", "2012-06-30": "13.92", "2012-03-31": "13.29", "2011-12-31": "12.51", "2011-09-30": "14.62", "2011-06-30": "12.77", "2011-03-31": "13.36", "2010-12-31": "11.75", "2010-09-30": "10.66", "2010-06-30": "10.79", "2010-03-31": "11.05", "2009-12-31": "10.62", "2009-09-30": "10.54", "2009-06-30": "10.44", "2009-03-31": "9.72", "2008-12-31": "11.54", "2008-09-30": "12.80", "2008-06-30": "11.05", "2008-03-31": "12.13", "2007-12-31": "13.32", "2007-09-30": "12.50", "2007-06-30": "12.76", "2007-03-31": "13.62", "2006-12-31": "14.19"}, "price sales": {"2021-02-05": "3.25", "2020-12-31": "3.42", "2020-09-30": "3.72", "2020-06-30": "4.09", "2020-03-31": "3.41", "2019-12-31": "3.13", "2019-09-30": "3.08", "2019-06-30": "3.07", "2019-03-31": "3.18", "2018-12-31": "3.06", "2018-09-30": "3.01", "2018-06-30": "2.72", "2018-03-31": "2.67", "2017-12-31": "2.99", "2017-09-30": "2.63", "2017-06-30": "2.67", "2017-03-31": "2.71", "2016-12-31": "2.42", "2016-09-30": "2.53", "2016-06-30": "2.80", "2016-03-31": "2.56", "2015-12-31": "2.59", "2015-09-30": "2.35", "2015-06-30": "2.11", "2015-03-31": "2.25", "2014-12-31": "2.11", "2014-09-30": "1.94", "2014-06-30": "1.84", "2014-03-31": "1.77", "2013-12-31": "1.84", "2013-09-30": "1.61", "2013-06-30": "1.62", "2013-03-31": "1.69", "2012-12-31": "1.38", "2012-09-30": "1.37", "2012-06-30": "1.38", "2012-03-31": "1.33", "2011-12-31": "1.31", "2011-09-30": "1.32", "2011-06-30": "1.36", "2011-03-31": "1.43", "2010-12-31": "1.29", "2010-09-30": "1.35", "2010-06-30": "1.24", "2010-03-31": "1.32", "2009-12-31": "1.22", "2009-09-30": "1.17", "2009-06-30": "1.08", "2009-03-31": "0.94", "2008-12-31": "1.00", "2008-09-30": "1.13", "2008-06-30": "0.97", "2008-03-31": "1.10", "2007-12-31": "1.31", "2007-09-30": "1.27", "2007-06-30": "1.32", "2007-03-31": "1.35", "2006-12-31": "1.38"}, "price book": {"current": "17.47", "2021-02-05": "17.42", "2020-12-31": "18.30", "2020-09-30": "20.00", "2020-06-30": "30.03", "2020-03-31": "30.74", "2019-12-31": "33.65", "2019-09-30": "33.47", "2019-06-30": "33.04", "2019-03-31": "25.06", "2018-12-31": "25.22", "2018-09-30": "26.70", "2018-06-30": "22.30", "2018-03-31": "19.10", "2017-12-31": "23.34", "2017-09-30": "26.32", "2017-06-30": "28.87", "2017-03-31": "38.89", "2016-12-31": "51.22", "2016-09-30": "49.78", "2016-06-30": "53.50", "2016-03-31": "55.52", "2015-12-31": "72.66", "2015-09-30": "108.95", "2015-06-30": "98.11", "2015-03-31": "41.16", "2014-12-31": "41.46", "2014-09-30": "62.29", "2014-06-30": "64.24", "2014-03-31": "177.91", "2013-12-31": "63.87", "2013-09-30": "106.80", "2013-06-30": "60.42", "2013-03-31": "61.92", "2012-12-31": "137.14", "2012-09-30": "-372.95", "2012-06-30": "-54.77", "2012-03-31": "-65.81", "2011-12-31": "-33.58", "2011-09-30": "-88.33", "2011-06-30": "-78.21", "2011-03-31": "-86.01", "2010-12-31": "52.56", "2010-09-30": "24.77", "2010-06-30": "76.52", "2010-03-31": "36.67", "2009-12-31": "229.57", "2009-09-30": "-125.67", "2009-06-30": "-31.62", "2009-03-31": "-16.37", "2008-12-31": "-13.41", "2008-09-30": "-16.58", "2008-06-30": "-13.40", "2008-03-31": "-11.30", "2007-12-31": "-11.09", "2007-09-30": "-8.94", "2007-06-30": "36.81", "2007-03-31": "70.08", "2006-12-31": "-195.16", "2006-09-30": "-114.91", "2006-06-30": "-38.89", "2006-03-31": "-13.85"}, "price fcf": {"2021-02-05": "", "2020-12-31": "$10.80", "2020-09-30": "$10.86", "2020-06-30": "$10.12", "2020-03-31": "$7.55", "2019-12-31": "$6.32", "2019-09-30": "$6.04", "2019-06-30": "$6.06", "2019-03-31": "$6.12", "2018-12-31": "$6.95", "2018-09-30": "$6.05", "2018-06-30": "$5.94", "2018-03-31": "$5.79", "2017-12-31": "$5.43", "2017-09-30": "$5.58", "2017-06-30": "$4.82", "2017-03-31": "$4.51", "2016-12-31": "$4.88", "2016-09-30": "$4.53", "2016-06-30": "$4.60", "2016-03-31": "$5.11", "2015-12-31": "$4.90", "2015-09-30": "$4.92", "2015-06-30": "$5.64", "2015-03-31": "$5.25", "2014-12-31": "$5.30", "2014-09-30": "$5.27", "2014-06-30": "$4.78", "2014-03-31": "$4.38", "2013-12-31": "$3.83", "2013-09-30": "$4.37", "2013-06-30": "$4.40", "2013-03-31": "$4.24", "2012-12-31": "$4.21", "2012-09-30": "$3.64", "2012-06-30": "$3.17", "2012-03-31": "$3.17", "2011-12-31": "$3.07", "2011-09-30": "$3.30", "2011-06-30": "$3.40", "2011-03-31": "$3.81", "2010-12-31": "$4.15", "2010-09-30": "$4.75", "2010-06-30": "$4.37", "2010-03-31": "$4.16", "2009-12-31": "$4.31", "2009-09-30": "$3.91", "2009-06-30": "$3.87", "2009-03-31": "$3.36", "2008-12-31": "$3.03", "2008-09-30": "$3.41", "2008-06-30": "$3.97", "2008-03-31": "$4.16", "2007-12-31": "$4.14", "2007-09-30": "$3.92", "2007-06-30": "$3.65", "2007-03-31": "$3.74", "2006-12-31": "$3.45"}, "net worth": {"value": "$24.11B"}, "current ratio": {"current": "1.21", "2020-12-31": "1.21", "2020-09-30": "1.41", "2020-06-30": "1.43", "2020-03-31": "0.98", "2019-12-31": "0.86", "2019-09-30": "0.87", "2019-06-30": "0.91", "2019-03-31": "1.11", "2018-12-31": "1.15", "2018-09-30": "1.07", "2018-06-30": "1.09", "2018-03-31": "1.18", "2017-12-31": "1.22", "2017-09-30": "1.11", "2017-06-30": "0.84", "2017-03-31": "0.80", "2016-12-31": "0.76", "2016-09-30": "0.93", "2016-06-30": "0.95", "2016-03-31": "1.15", "2015-12-31": "1.10", "2015-09-30": "1.04", "2015-06-30": "1.02", "2015-03-31": "1.15", "2014-12-31": "1.09", "2014-09-30": "0.88", "2014-06-30": "0.85", "2014-03-31": "0.83", "2013-12-31": "1.27", "2013-09-30": "1.21", "2013-06-30": "1.25", "2013-03-31": "1.21", "2012-12-31": "1.13", "2012-09-30": "1.01", "2012-06-30": "0.67", "2012-03-31": "0.68", "2011-12-31": "0.82", "2011-09-30": "0.98", "2011-06-30": "0.94", "2011-03-31": "0.98", "2010-12-31": "1.14", "2010-09-30": "1.01", "2010-06-30": "0.91", "2010-03-31": "0.76", "2009-12-31": "0.80", "2009-09-30": "0.64", "2009-06-30": "0.61", "2009-03-31": "0.56", "2008-12-31": "0.73", "2008-09-30": "0.75", "2008-06-30": "0.75", "2008-03-31": "0.72", "2007-12-31": "0.52", "2007-09-30": "0.49", "2007-06-30": "0.72", "2007-03-31": "0.69", "2006-12-31": "0.65", "2006-09-30": "0.98", "2006-06-30": "0.89", "2006-03-31": "0.81", "2005-12-31": "0.84", "2005-09-30": "0.82", "2005-06-30": "0.81", "2005-03-31": "0.88"}, "quick ratio": {"2020-12-31": "0.86", "2020-09-30": "1.06", "2020-06-30": "1.10", "2020-03-31": "0.72", "2019-12-31": "0.52", "2019-09-30": "0.52", "2019-06-30": "0.55", "2019-03-31": "0.66", "2018-12-31": "0.66", "2018-09-30": "0.65", "2018-06-30": "0.67", "2018-03-31": "0.93", "2017-12-31": "0.86", "2017-09-30": "0.77", "2017-06-30": "0.58", "2017-03-31": "0.55", "2016-12-31": "0.51", "2016-09-30": "0.63", "2016-06-30": "0.67", "2016-03-31": "0.82", "2015-12-31": "0.77", "2015-09-30": "0.74", "2015-06-30": "0.74", "2015-03-31": "0.81", "2014-12-31": "0.84", "2014-09-30": "0.62", "2014-06-30": "0.62", "2014-03-31": "0.58", "2013-12-31": "0.88", "2013-09-30": "0.84", "2013-06-30": "0.91", "2013-03-31": "0.87", "2012-12-31": "0.81", "2012-09-30": "0.77", "2012-06-30": "0.48", "2012-03-31": "0.46", "2011-12-31": "0.55", "2011-09-30": "0.66", "2011-06-30": "0.66", "2011-03-31": "0.62", "2010-12-31": "0.79", "2010-09-30": "0.80", "2010-06-30": "0.70", "2010-03-31": "0.52", "2009-12-31": "0.51", "2009-09-30": "0.43", "2009-06-30": "0.42", "2009-03-31": "0.36", "2008-12-31": "0.45", "2008-09-30": "0.48", "2008-06-30": "0.52", "2008-03-31": "0.48", "2007-12-31": "0.34", "2007-09-30": "0.34", "2007-06-30": "0.51", "2007-03-31": "0.45", "2006-12-31": "0.42", "2006-09-30": "0.64", "2006-06-30": "0.63", "2006-03-31": "0.54", "2005-12-31": "0.56", "2005-09-30": "0.55", "2005-06-30": "0.57", "2005-03-31": "0.59"}, "debt equity ratio": {"current": "1.80", "2020-12-31": "3.97", "2020-09-30": "4.17", "2020-06-30": "5.84", "2020-03-31": "7.42", "2019-12-31": "8.84", "2019-09-30": "8.81", "2019-06-30": "8.15", "2019-03-31": "5.61", "2018-12-31": "5.84", "2018-09-30": "6.47", "2018-06-30": "5.97", "2018-03-31": "5.50", "2017-12-31": "5.26", "2017-09-30": "6.77", "2017-06-30": "7.44", "2017-03-31": "10.46", "2016-12-31": "15.92", "2016-09-30": "14.45", "2016-06-30": "14.19", "2016-03-31": "15.54", "2015-12-31": "20.09", "2015-09-30": "33.41", "2015-06-30": "34.29", "2015-03-31": "13.00", "2014-12-31": "15.63", "2014-09-30": "23.56", "2014-06-30": "26.65", "2014-03-31": "81.53", "2013-12-31": "27.13", "2013-09-30": "52.10", "2013-06-30": "28.53", "2013-03-31": "28.76", "2012-12-31": "79.39", "2012-09-30": "-238.35", "2012-06-30": "-33.26", "2012-03-31": "-42.38", "2011-12-31": "-22.56", "2011-09-30": "-54.65", "2011-06-30": "-49.41", "2011-03-31": "-50.40", "2010-12-31": "32.53", "2010-09-30": "16.18", "2010-06-30": "53.80", "2010-03-31": "25.35", "2009-12-31": "165.26", "2009-09-30": "-98.83", "2009-06-30": "-27.15", "2009-03-31": "-15.45", "2008-12-31": "-11.91", "2008-09-30": "-13.60", "2008-06-30": "-13.74", "2008-03-31": "-11.06", "2007-12-31": "-9.76", "2007-09-30": "-6.77", "2007-06-30": "19.94", "2007-03-31": "39.12", "2006-12-31": "-110.82", "2006-09-30": "-65.35", "2006-06-30": "-24.18", "2006-03-31": "-9.48", "2005-12-31": "-7.76", "2005-09-30": "-7.71", "2005-06-30": "-7.54", "2005-03-31": "-11.86"}, "return on equity": {"2020-12-31": "114.11%", "2020-09-30": "132.72%", "2020-06-30": "138.70%", "2020-03-31": "147.52%", "2019-12-31": "133.50%", "2019-09-30": "123.56%", "2019-06-30": "118.88%", "2019-03-31": "108.82%", "2018-12-31": "105.97%", "2018-09-30": "112.13%", "2018-06-30": "112.93%", "2018-03-31": "118.20%", "2017-12-31": "138.90%", "2017-09-30": "157.96%", "2017-06-30": "186.31%", "2017-03-31": "211.11%", "2016-12-31": "234.98%", "2016-09-30": "251.20%", "2016-06-30": "296.91%", "2016-03-31": "388.47%", "2015-12-31": "372.32%", "2015-09-30": "322.93%", "2015-06-30": "266.67%", "2015-03-31": "246.80%", "2014-12-31": "317.81%", "2014-09-30": "384.96%", "2014-06-30": "502.70%", "2014-03-31": "523.85%", "2013-12-31": "423.93%", "2013-09-30": "528.74%", "2013-06-30": "685.03%", "2013-03-31": "4249.06%", "2012-12-31": "-1096.59%", "2012-09-30": "-473.04%", "2012-06-30": "-419.38%", "2012-03-31": "-457.39%", "2011-12-31": "-499.32%", "2011-09-30": "-1563.33%", "2011-06-30": "944.68%", "2011-03-31": "550.50%", "2010-12-31": "342.34%", "2010-09-30": "463.27%", "2010-06-30": "987.65%", "2010-03-31": "-16026.67%", "2009-12-31": "-465.87%", "2009-09-30": "-241.11%", "2009-06-30": "-170.10%", "2009-03-31": "-144.12%", "2008-12-31": "-116.84%", "2008-09-30": "-108.18%", "2008-06-30": "-90.70%", "2008-03-31": "-125.20%", "2007-12-31": "-213.79%", "2007-09-30": "-491.40%", "2007-06-30": "1145.14%", "2007-03-31": "-1260.53%", "2006-12-31": "-274.22%", "2006-09-30": "-153.34%", "2006-06-30": "-108.09%", "2006-03-31": "-89.80%", "2005-12-31": "-95.15%"}, "return on assets": {"2020-12-31": "19.07%", "2020-09-30": "18.95%", "2020-06-30": "16.39%", "2020-03-31": "15.95%", "2019-12-31": "15.44%", "2019-09-30": "15.67%", "2019-06-30": "16.07%", "2019-03-31": "15.64%", "2018-12-31": "15.31%", "2018-09-30": "16.56%", "2018-06-30": "16.57%", "2018-03-31": "16.66%", "2017-12-31": "17.20%", "2017-09-30": "15.55%", "2017-06-30": "15.38%", "2017-03-31": "14.64%", "2016-12-31": "14.70%", "2016-09-30": "15.03%", "2016-06-30": "15.19%", "2016-03-31": "16.13%", "2015-12-31": "16.47%", "2015-09-30": "15.43%", "2015-06-30": "13.48%", "2015-03-31": "12.92%", "2014-12-31": "11.96%", "2014-09-30": "11.93%", "2014-06-30": "12.89%", "2014-03-31": "13.15%", "2013-12-31": "12.94%", "2013-09-30": "13.04%", "2013-06-30": "12.65%", "2013-03-31": "12.42%", "2012-12-31": "12.50%", "2012-09-30": "12.24%", "2012-06-30": "12.65%", "2012-03-31": "12.63%", "2011-12-31": "13.34%", "2011-09-30": "11.40%", "2011-06-30": "12.93%", "2011-03-31": "12.67%", "2010-12-31": "12.50%", "2010-09-30": "14.19%", "2010-06-30": "13.06%", "2010-03-31": "13.06%", "2009-12-31": "12.95%", "2009-09-30": "12.49%", "2009-06-30": "11.81%", "2009-03-31": "11.47%", "2008-12-31": "10.19%", "2008-09-30": "10.07%", "2008-06-30": "10.25%", "2008-03-31": "11.08%", "2007-12-31": "12.56%", "2007-09-30": "13.73%", "2007-06-30": "13.88%", "2007-03-31": "13.24%", "2006-12-31": "12.78%", "2006-09-30": "12.47%", "2006-06-30": "12.35%", "2006-03-31": "12.74%", "2005-12-31": "12.85%"}, "return on investments": {"2020-12-31": "42.28%", "2020-09-30": "42.92%", "2020-06-30": "41.26%", "2020-03-31": "41.43%", "2019-12-31": "38.44%", "2019-09-30": "37.84%", "2019-06-30": "37.78%", "2019-03-31": "37.96%", "2018-12-31": "39.29%", "2018-09-30": "40.48%", "2018-06-30": "43.02%", "2018-03-31": "47.40%", "2017-12-31": "51.68%", "2017-09-30": "59.18%", "2017-06-30": "60.39%", "2017-03-31": "56.39%", "2016-12-31": "54.93%", "2016-09-30": "51.58%", "2016-06-30": "52.87%", "2016-03-31": "55.60%", "2015-12-31": "54.29%", "2015-09-30": "52.33%", "2015-06-30": "51.34%", "2015-03-31": "51.61%", "2014-12-31": "55.26%", "2014-09-30": "52.62%", "2014-06-30": "49.01%", "2014-03-31": "46.46%", "2013-12-31": "42.37%", "2013-09-30": "43.10%", "2013-06-30": "43.06%", "2013-03-31": "47.23%", "2012-12-31": "52.41%", "2012-09-30": "53.18%", "2012-06-30": "52.99%", "2012-03-31": "48.36%", "2011-12-31": "45.51%", "2011-09-30": "30.56%", "2011-06-30": "30.36%", "2011-03-31": "29.43%", "2010-12-31": "28.79%", "2010-09-30": "40.20%", "2010-06-30": "42.91%", "2010-03-31": "41.45%", "2009-12-31": "45.79%", "2009-09-30": "46.02%", "2009-06-30": "43.12%", "2009-03-31": "43.97%", "2008-12-31": "38.58%", "2008-09-30": "41.19%", "2008-06-30": "49.97%", "2008-03-31": "55.39%", "2007-12-31": "63.68%", "2007-09-30": "65.73%", "2007-06-30": "53.12%", "2007-03-31": "49.69%", "2006-12-31": "48.30%", "2006-09-30": "46.42%", "2006-06-30": "47.73%", "2006-03-31": "50.19%", "2005-12-31": "47.39%"}, "return on tangible equity": {"2020-12-31": "-77.32%", "2020-09-30": "-67.68%", "2020-06-30": "-52.08%", "2020-03-31": "-45.83%", "2019-12-31": "-43.25%", "2019-09-30": "-44.11%", "2019-06-30": "-45.05%", "2019-03-31": "-44.59%", "2018-12-31": "-48.62%", "2018-09-30": "-57.04%", "2018-06-30": "-61.20%", "2018-03-31": "-65.21%", "2017-12-31": "-59.30%", "2017-09-30": "-48.67%", "2017-06-30": "-45.39%", "2017-03-31": "-41.33%", "2016-12-31": "-41.62%", "2016-09-30": "-43.09%", "2016-06-30": "-43.53%", "2016-03-31": "-46.05%", "2015-12-31": "-47.04%", "2015-09-30": "-45.72%", "2015-06-30": "-40.04%", "2015-03-31": "-38.43%", "2014-12-31": "-34.10%", "2014-09-30": "-32.53%", "2014-06-30": "-34.72%", "2014-03-31": "-35.38%", "2013-12-31": "-35.45%", "2013-09-30": "-35.21%", "2013-06-30": "-34.33%", "2013-03-31": "-32.32%", "2012-12-31": "-31.04%", "2012-09-30": "-28.99%", "2012-06-30": "-28.93%", "2012-03-31": "-28.95%", "2011-12-31": "-30.35%", "2011-09-30": "-27.16%", "2011-06-30": "-32.48%", "2011-03-31": "-32.17%", "2010-12-31": "-31.35%", "2010-09-30": "-33.08%", "2010-06-30": "-27.81%", "2010-03-31": "-26.04%", "2009-12-31": "-24.28%", "2009-09-30": "-22.35%", "2009-06-30": "-20.44%", "2009-03-31": "-19.56%", "2008-12-31": "-17.25%", "2008-09-30": "-16.92%", "2008-06-30": "-17.29%", "2008-03-31": "-20.40%", "2007-12-31": "-25.78%", "2007-09-30": "-32.78%", "2007-06-30": "-36.99%", "2007-03-31": "-33.50%", "2006-12-31": "-30.01%", "2006-09-30": "-27.26%", "2006-06-30": "-25.27%", "2006-03-31": "-24.69%", "2005-12-31": "-25.42%"}, "dividend yield history": {"last payout": "$4.44", "last yield": "2.32%"}}