{"ticker": "CMA", "price": {"title": "Comerica Historical Annual Stock Price Data", "value": 63.04, "historical": {"2021": {"Average Stock Price": "61.3715", "Year Open": "55.5000", "Year High": "65.8800", "Year Low": "55.5000", "Year Close": "63.0400", "Annual % Change": "12.85%"}, "2020": {"Average Stock Price": "44.0514", "Year Open": "71.7500", "Year High": "71.7500", "Year Low": "26.0500", "Year Close": "55.8600", "Annual % Change": "-22.15%"}, "2019": {"Average Stock Price": "72.2194", "Year Open": "69.7400", "Year High": "88.3100", "Year Low": "58.8000", "Year Close": "71.7500", "Annual % Change": "4.45%"}, "2018": {"Average Stock Price": "91.4979", "Year Open": "86.5700", "Year High": "102.2100", "Year Low": "64.4500", "Year Close": "68.6900", "Annual % Change": "-20.87%"}, "2017": {"Average Stock Price": "73.0410", "Year Open": "68.9600", "Year High": "87.7400", "Year Low": "64.4600", "Year Close": "86.8100", "Annual % Change": "27.46%"}, "2016": {"Average Stock Price": "45.7135", "Year Open": "41.4300", "Year High": "70.0300", "Year Low": "31.0200", "Year Close": "68.1100", "Annual % Change": "62.83%"}, "2015": {"Average Stock Price": "45.6344", "Year Open": "46.2900", "Year High": "52.6500", "Year Low": "40.4100", "Year Close": "41.8300", "Annual % Change": "-10.70%"}, "2014": {"Average Stock Price": "48.5142", "Year Open": "46.8500", "Year High": "52.3700", "Year Low": "43.0600", "Year Close": "46.8400", "Annual % Change": "-1.47%"}, "2013": {"Average Stock Price": "39.3867", "Year Open": "31.3200", "Year High": "47.6300", "Year Low": "31.3200", "Year Close": "47.5400", "Annual % Change": "56.69%"}, "2012": {"Average Stock Price": "30.3420", "Year Open": "26.7200", "Year High": "33.5700", "Year Low": "26.7200", "Year Close": "30.3400", "Annual % Change": "17.60%"}, "2011": {"Average Stock Price": "31.8322", "Year Open": "42.7700", "Year High": "43.3600", "Year Low": "21.9800", "Year Close": "25.8000", "Annual % Change": "-38.92%"}, "2010": {"Average Stock Price": "37.7138", "Year Open": "30.5000", "Year High": "44.6000", "Year Low": "30.5000", "Year Close": "42.2400", "Annual % Change": "42.85%"}, "2009": {"Average Stock Price": "23.1511", "Year Open": "20.9500", "Year High": "31.7000", "Year Low": "12.3600", "Year Close": "29.5700", "Annual % Change": "48.97%"}, "2008": {"Average Stock Price": "31.7054", "Year Open": "42.7500", "Year High": "45.1400", "Year Low": "16.7500", "Year Close": "19.8500", "Annual % Change": "-54.40%"}, "2007": {"Average Stock Price": "55.8314", "Year Open": "59.1800", "Year High": "63.7200", "Year Low": "40.8900", "Year Close": "43.5300", "Annual % Change": "-25.82%"}, "2006": {"Average Stock Price": "56.7377", "Year Open": "57.6000", "Year High": "60.0700", "Year Low": "50.7000", "Year Close": "58.6800", "Annual % Change": "3.38%"}, "2005": {"Average Stock Price": "58.0135", "Year Open": "60.4300", "Year High": "63.2100", "Year Low": "53.4600", "Year Close": "56.7600", "Annual % Change": "-6.98%"}, "2004": {"Average Stock Price": "57.4609", "Year Open": "55.5900", "Year High": "63.4600", "Year Low": "51.0200", "Year Close": "61.0200", "Annual % Change": "8.85%"}, "2003": {"Average Stock Price": "46.1667", "Year Open": "44.9100", "Year High": "56.3100", "Year Low": "37.6100", "Year Close": "56.0600", "Annual % Change": "29.65%"}, "2002": {"Average Stock Price": "55.2607", "Year Open": "56.9500", "Year High": "65.3000", "Year Low": "35.5300", "Year Close": "43.2400", "Annual % Change": "-24.54%"}, "2001": {"Average Stock Price": "56.5677", "Year Open": "58.7500", "Year High": "64.9500", "Year Low": "44.6600", "Year Close": "57.3000", "Annual % Change": "-3.50%"}, "2000": {"Average Stock Price": "48.5676", "Year Open": "45.0000", "Year High": "60.3100", "Year Low": "33.8100", "Year Close": "59.3800", "Annual % Change": "27.18%"}, "1999": {"Average Stock Price": "58.7427", "Year Open": "66.0600", "Year High": "69.7500", "Year Low": "44.9400", "Year Close": "46.6900", "Annual % Change": "-31.47%"}, "1998": {"Average Stock Price": "64.2943", "Year Open": "60.6667", "Year High": "71.6000", "Year Low": "50.0000", "Year Close": "68.1300", "Annual % Change": "13.24%"}, "1997": {"Average Stock Price": "46.2728", "Year Open": "34.5867", "Year High": "61.8733", "Year Low": "34.5867", "Year Close": "60.1667", "Annual % Change": "72.30%"}, "1996": {"Average Stock Price": "30.6735", "Year Open": "26.4200", "Year High": "39.1667", "Year Low": "24.1667", "Year Close": "34.9200", "Annual % Change": "30.95%"}, "1995": {"Average Stock Price": "21.2619", "Year Open": "16.5867", "Year High": "26.6667", "Year Low": "16.0867", "Year Close": "26.6667", "Annual % Change": "64.07%"}, "1994": {"Average Stock Price": "18.6075", "Year Open": "17.3333", "Year High": "20.8333", "Year Low": "16.2533", "Year Close": "16.2533", "Annual % Change": "-8.45%"}, "1993": {"Average Stock Price": "19.6216", "Year Open": "21.4167", "Year High": "23.2533", "Year Low": "16.8333", "Year Close": "17.7533", "Annual % Change": "-16.78%"}, "1992": {"Average Stock Price": "19.7573", "Year Open": "17.6667", "Year High": "21.7067", "Year Low": "17.6667", "Year Close": "21.3333", "Annual % Change": "19.07%"}, "1991": {"Average Stock Price": "13.5393", "Year Open": "9.3333", "Year High": "17.9167", "Year Low": "9.3333", "Year Close": "17.9167", "Annual % Change": "91.42%"}}}, "market cap": {"value": "$8.74B"}, "income statement": {"Revenue": {"2020-12-31": "3094.00000", "2019-12-31": "3817.00000", "2018-12-31": "3595.00000", "2017-12-31": "3289.00000", "2016-12-31": "2960.00000", "2015-12-31": "2819.00000", "2014-12-31": "2607.00000", "2013-12-31": "2666.00000", "2012-12-31": "2733.00000", "2011-12-31": "2601.00000", "2010-12-31": "2642.00000", "2009-12-31": "3155.00000", "2008-12-31": "3944.00000", "2007-12-31": "4618.00000", "2006-12-31": "4277.00000", "2005-12-31": "3545.00000"}, "Cost Of Goods Sold": {"2020-12-31": "182.00000", "2019-12-31": "468.00000", "2018-12-31": "267.00000", "2017-12-31": "121.00000", "2016-12-31": "112.00000", "2015-12-31": "95.00000", "2014-12-31": "95.00000", "2013-12-31": "112.00000", "2012-12-31": "135.00000", "2011-12-31": "156.00000", "2010-12-31": "207.00000", "2009-12-31": "538.00000", "2008-12-31": "1236.00000", "2007-12-31": "1727.00000", "2006-12-31": "1439.00000", "2005-12-31": "770.00000"}, "Gross Profit": {"2020-12-31": "2912.00000", "2019-12-31": "3349.00000", "2018-12-31": "3328.00000", "2017-12-31": "3168.00000", "2016-12-31": "2848.00000", "2015-12-31": "2724.00000", "2014-12-31": "2512.00000", "2013-12-31": "2554.00000", "2012-12-31": "2598.00000", "2011-12-31": "2445.00000", "2010-12-31": "2435.00000", "2009-12-31": "2617.00000", "2008-12-31": "2708.00000", "2007-12-31": "2891.00000", "2006-12-31": "2838.00000", "2005-12-31": "2775.00000"}, "Research And Development Expenses": {"2020-12-31": "", "2019-12-31": "", "2018-12-31": "", "2017-12-31": "", "2016-12-31": "", "2015-12-31": "", "2014-12-31": "", "2013-12-31": "", "2012-12-31": "", "2011-12-31": "", "2010-12-31": "", "2009-12-31": "", "2008-12-31": "", "2007-12-31": "", "2006-12-31": "", "2005-12-31": ""}, "SG&A Expenses": {"2020-12-31": "2321.00000", "2019-12-31": "1817.00000", "2018-12-31": "1740.00000", "2017-12-31": "1889.00000", "2016-12-31": "2085.00000", "2015-12-31": "1974.00000", "2014-12-31": "1642.00000", "2013-12-31": "1768.00000", "2012-12-31": "1801.00000", "2011-12-31": "1840.00000", "2010-12-31": "2120.00000", "2009-12-31": "2732.00000", "2008-12-31": "2437.00000", "2007-12-31": "1903.00000", "2006-12-31": "1711.00000", "2005-12-31": "1566.00000"}, "Other Operating Income Or Expenses": {"2020-12-31": "", "2019-12-31": "", "2018-12-31": "", "2017-12-31": "", "2016-12-31": "", "2015-12-31": "", "2014-12-31": "", "2013-12-31": "", "2012-12-31": "", "2011-12-31": "", "2010-12-31": "", "2009-12-31": "", "2008-12-31": "", "2007-12-31": "", "2006-12-31": "", "2005-12-31": ""}, "Operating Expenses": {"2020-12-31": "2503.00000", "2019-12-31": "2285.00000", "2018-12-31": "2007.00000", "2017-12-31": "2010.00000", "2016-12-31": "2197.00000", "2015-12-31": "2069.00000", "2014-12-31": "1737.00000", "2013-12-31": "1880.00000", "2012-12-31": "1936.00000", "2011-12-31": "1996.00000", "2010-12-31": "2327.00000", "2009-12-31": "3270.00000", "2008-12-31": "3673.00000", "2007-12-31": "3630.00000", "2006-12-31": "3150.00000", "2005-12-31": "2336.00000"}, "Operating Income": {"2020-12-31": "591.00000", "2019-12-31": "1532.00000", "2018-12-31": "1588.00000", "2017-12-31": "1279.00000", "2016-12-31": "763.00000", "2015-12-31": "750.00000", "2014-12-31": "870.00000", "2013-12-31": "786.00000", "2012-12-31": "797.00000", "2011-12-31": "605.00000", "2010-12-31": "315.00000", "2009-12-31": "-115.00000", "2008-12-31": "271.00000", "2007-12-31": "988.00000", "2006-12-31": "1127.00000", "2005-12-31": "1209.00000"}, "Total Non-Operating Income/Expense": {"2020-12-31": "", "2019-12-31": "", "2018-12-31": "-53.00000", "2017-12-31": "-45.00000", "2016-12-31": "-93.00000", "2015-12-31": "", "2014-12-31": "", "2013-12-31": "", "2012-12-31": "-35.00000", "2011-12-31": "-75.00000", "2010-12-31": "", "2009-12-31": "", "2008-12-31": "", "2007-12-31": "", "2006-12-31": "", "2005-12-31": ""}, "Pre-Tax Income": {"2020-12-31": "591.00000", "2019-12-31": "1532.00000", "2018-12-31": "1535.00000", "2017-12-31": "1234.00000", "2016-12-31": "670.00000", "2015-12-31": "750.00000", "2014-12-31": "870.00000", "2013-12-31": "786.00000", "2012-12-31": "762.00000", "2011-12-31": "530.00000", "2010-12-31": "315.00000", "2009-12-31": "-115.00000", "2008-12-31": "271.00000", "2007-12-31": "988.00000", "2006-12-31": "1127.00000", "2005-12-31": "1209.00000"}, "Income Taxes": {"2020-12-31": "117.00000", "2019-12-31": "334.00000", "2018-12-31": "300.00000", "2017-12-31": "491.00000", "2016-12-31": "193.00000", "2015-12-31": "229.00000", "2014-12-31": "277.00000", "2013-12-31": "245.00000", "2012-12-31": "241.00000", "2011-12-31": "137.00000", "2010-12-31": "55.00000", "2009-12-31": "-131.00000", "2008-12-31": "59.00000", "2007-12-31": "306.00000", "2006-12-31": "345.00000", "2005-12-31": "393.00000"}, "Income After Taxes": {"2020-12-31": "474.00000", "2019-12-31": "1198.00000", "2018-12-31": "1235.00000", "2017-12-31": "743.00000", "2016-12-31": "477.00000", "2015-12-31": "521.00000", "2014-12-31": "593.00000", "2013-12-31": "541.00000", "2012-12-31": "521.00000", "2011-12-31": "393.00000", "2010-12-31": "260.00000", "2009-12-31": "16.00000", "2008-12-31": "212.00000", "2007-12-31": "682.00000", "2006-12-31": "782.00000", "2005-12-31": "816.00000"}, "Other Income": {"2020-12-31": "", "2019-12-31": "", "2018-12-31": "", "2017-12-31": "", "2016-12-31": "", "2015-12-31": "", "2014-12-31": "", "2013-12-31": "", "2012-12-31": "", "2011-12-31": "", "2010-12-31": "", "2009-12-31": "", "2008-12-31": "", "2007-12-31": "", "2006-12-31": "", "2005-12-31": ""}, "Income From Continuous Operations": {"2020-12-31": "474.00000", "2019-12-31": "1198.00000", "2018-12-31": "1235.00000", "2017-12-31": "743.00000", "2016-12-31": "477.00000", "2015-12-31": "521.00000", "2014-12-31": "593.00000", "2013-12-31": "541.00000", "2012-12-31": "521.00000", "2011-12-31": "393.00000", "2010-12-31": "260.00000", "2009-12-31": "16.00000", "2008-12-31": "212.00000", "2007-12-31": "682.00000", "2006-12-31": "782.00000", "2005-12-31": "816.00000"}, "Income From Discontinued Operations": {"2020-12-31": "", "2019-12-31": "", "2018-12-31": "", "2017-12-31": "", "2016-12-31": "", "2015-12-31": "", "2014-12-31": "", "2013-12-31": "", "2012-12-31": "", "2011-12-31": "", "2010-12-31": "17.00000", "2009-12-31": "1.00000", "2008-12-31": "1.00000", "2007-12-31": "4.00000", "2006-12-31": "111.00000", "2005-12-31": "45.00000"}, "Net Income": {"2020-12-31": "459.00000", "2019-12-31": "1191.00000", "2018-12-31": "1227.00000", "2017-12-31": "738.00000", "2016-12-31": "473.00000", "2015-12-31": "515.00000", "2014-12-31": "586.00000", "2013-12-31": "533.00000", "2012-12-31": "515.00000", "2011-12-31": "389.00000", "2010-12-31": "153.00000", "2009-12-31": "-118.00000", "2008-12-31": "192.00000", "2007-12-31": "680.00000", "2006-12-31": "893.00000", "2005-12-31": "861.00000"}, "EBITDA": {"2020-12-31": "", "2019-12-31": "", "2018-12-31": "", "2017-12-31": "", "2016-12-31": "", "2015-12-31": "", "2014-12-31": "", "2013-12-31": "", "2012-12-31": "", "2011-12-31": "", "2010-12-31": "", "2009-12-31": "", "2008-12-31": "", "2007-12-31": "", "2006-12-31": "", "2005-12-31": ""}, "EBIT": {"2020-12-31": "", "2019-12-31": "", "2018-12-31": "", "2017-12-31": "", "2016-12-31": "", "2015-12-31": "", "2014-12-31": "", "2013-12-31": "", "2012-12-31": "", "2011-12-31": "", "2010-12-31": "", "2009-12-31": "", "2008-12-31": "", "2007-12-31": "", "2006-12-31": "", "2005-12-31": ""}, "Basic Shares Outstanding": {"2020-12-31": "139.51370", "2019-12-31": "150.00000", "2018-12-31": "168.00000", "2017-12-31": "174.00000", "2016-12-31": "172.00000", "2015-12-31": "176.00000", "2014-12-31": "179.00000", "2013-12-31": "183.00000", "2012-12-31": "191.00000", "2011-12-31": "185.00000", "2010-12-31": "170.00000", "2009-12-31": "149.00000", "2008-12-31": "149.00000", "2007-12-31": "153.00000", "2006-12-31": "160.00000", "2005-12-31": "167.00000"}, "Shares Outstanding": {"2020-12-31": "140.21600", "2019-12-31": "151.00000", "2018-12-31": "171.00000", "2017-12-31": "178.00000", "2016-12-31": "177.00000", "2015-12-31": "181.00000", "2014-12-31": "185.00000", "2013-12-31": "187.00000", "2012-12-31": "192.00000", "2011-12-31": "186.00000", "2010-12-31": "173.00000", "2009-12-31": "149.00000", "2008-12-31": "149.00000", "2007-12-31": "154.00000", "2006-12-31": "162.00000", "2005-12-31": "169.00000"}, "Basic EPS": {"2020-12-31": "3.29000", "2019-12-31": "7.95000", "2018-12-31": "7.31000", "2017-12-31": "4.23000", "2016-12-31": "2.74000", "2015-12-31": "2.93000", "2014-12-31": "3.28000", "2013-12-31": "2.92000", "2012-12-31": "2.68000", "2011-12-31": "2.11000", "2010-12-31": "0.90000", "2009-12-31": "-0.79000", "2008-12-31": "1.29000", "2007-12-31": "4.45000", "2006-12-31": "5.57000", "2005-12-31": "5.17000"}, "EPS - Earnings Per Share": {"2020-12-31": "3.27000", "2019-12-31": "7.87000", "2018-12-31": "7.20000", "2017-12-31": "4.14000", "2016-12-31": "2.68000", "2015-12-31": "2.84000", "2014-12-31": "3.16000", "2013-12-31": "2.85000", "2012-12-31": "2.67000", "2011-12-31": "2.09000", "2010-12-31": "0.88000", "2009-12-31": "-0.79000", "2008-12-31": "1.28000", "2007-12-31": "4.43000", "2006-12-31": "5.49000", "2005-12-31": "5.11000"}}, "income statement, quarterly": {"Revenue": {"2020-12-31": "754.00000", "2020-09-30": "736.00000", "2020-06-30": "758.00000", "2020-03-31": "846.00000", "2019-12-31": "925.00000", "2019-09-30": "967.00000", "2019-06-30": "977.00000", "2019-03-31": "948.00000", "2018-12-31": "954.00000", "2018-09-30": "909.00000", "2018-06-30": "898.00000", "2018-03-31": "834.00000", "2017-12-31": "863.00000", "2017-09-30": "854.00000", "2017-06-30": "805.00000", "2017-03-31": "767.00000", "2016-12-31": "751.00000", "2016-09-30": "752.00000", "2016-06-30": "741.00000", "2016-03-31": "716.00000", "2015-12-31": "722.00000", "2015-09-30": "708.00000", "2015-06-30": "702.00000", "2015-03-31": "687.00000", "2014-12-31": "652.00000", "2014-09-30": "651.00000", "2014-06-30": "661.00000", "2014-03-31": "643.00000", "2013-12-31": "675.00000", "2013-09-30": "667.00000", "2013-06-30": "665.00000", "2013-03-31": "659.00000", "2012-12-31": "712.00000", "2012-09-30": "657.00000", "2012-06-30": "681.00000", "2012-03-31": "683.00000", "2011-12-31": "663.00000", "2011-09-30": "664.00000", "2011-06-30": "633.00000", "2011-03-31": "641.00000", "2010-12-31": "660.00000", "2010-09-30": "642.00000", "2010-06-30": "670.00000", "2010-03-31": "670.00000", "2009-12-31": "693.00000", "2009-09-30": "826.00000", "2009-06-30": "850.00000", "2009-03-31": "786.00000", "2008-12-31": "890.00000", "2008-09-30": "975.00000", "2008-06-30": "979.00000", "2008-03-31": "1100.00000", "2007-12-31": "1174.00000", "2007-09-30": "1182.00000", "2007-06-30": "1158.00000", "2007-03-31": "1104.00000", "2006-12-31": "1174.00000", "2006-09-30": "1088.00000", "2006-06-30": "1048.00000", "2006-03-31": "967.00000", "2005-12-31": "920.00000", "2005-09-30": "934.00000", "2005-06-30": "874.00000", "2005-03-31": "817.00000"}, "Cost Of Goods Sold": {"2020-12-31": "20.00000", "2020-09-30": "26.00000", "2020-06-30": "40.00000", "2020-03-31": "96.00000", "2019-12-31": "115.00000", "2019-09-30": "125.00000", "2019-06-30": "124.00000", "2019-03-31": "104.00000", "2018-12-31": "90.00000", "2018-09-30": "76.00000", "2018-06-30": "60.00000", "2018-03-31": "41.00000", "2017-12-31": "33.00000", "2017-09-30": "33.00000", "2017-06-30": "29.00000", "2017-03-31": "26.00000", "2016-12-31": "29.00000", "2016-09-30": "30.00000", "2016-06-30": "28.00000", "2016-03-31": "25.00000", "2015-12-31": "24.00000", "2015-09-30": "26.00000", "2015-06-30": "23.00000", "2015-03-31": "22.00000", "2014-12-31": "23.00000", "2014-09-30": "22.00000", "2014-06-30": "25.00000", "2014-03-31": "25.00000", "2013-12-31": "26.00000", "2013-09-30": "27.00000", "2013-06-30": "29.00000", "2013-03-31": "30.00000", "2012-12-31": "32.00000", "2012-09-30": "33.00000", "2012-06-30": "35.00000", "2012-03-31": "35.00000", "2011-12-31": "37.00000", "2011-09-30": "40.00000", "2011-06-30": "40.00000", "2011-03-31": "39.00000", "2010-12-31": "40.00000", "2010-09-30": "52.00000", "2010-06-30": "54.00000", "2010-03-31": "61.00000", "2009-12-31": "83.00000", "2009-09-30": "126.00000", "2009-06-30": "150.00000", "2009-03-31": "179.00000", "2008-12-31": "285.00000", "2008-09-30": "269.00000", "2008-06-30": "295.00000", "2008-03-31": "387.00000", "2007-12-31": "455.00000", "2007-09-30": "449.00000", "2007-06-30": "424.00000", "2007-03-31": "399.00000", "2006-12-31": "410.00000", "2006-09-30": "391.00000", "2006-06-30": "345.00000", "2006-03-31": "293.00000", "2005-12-31": "244.00000", "2005-09-30": "207.00000", "2005-06-30": "172.00000", "2005-03-31": "147.00000"}, "Gross Profit": {"2020-12-31": "734.00000", "2020-09-30": "710.00000", "2020-06-30": "718.00000", "2020-03-31": "750.00000", "2019-12-31": "810.00000", "2019-09-30": "842.00000", "2019-06-30": "853.00000", "2019-03-31": "844.00000", "2018-12-31": "864.00000", "2018-09-30": "833.00000", "2018-06-30": "838.00000", "2018-03-31": "793.00000", "2017-12-31": "830.00000", "2017-09-30": "821.00000", "2017-06-30": "776.00000", "2017-03-31": "741.00000", "2016-12-31": "722.00000", "2016-09-30": "722.00000", "2016-06-30": "713.00000", "2016-03-31": "691.00000", "2015-12-31": "698.00000", "2015-09-30": "682.00000", "2015-06-30": "679.00000", "2015-03-31": "665.00000", "2014-12-31": "629.00000", "2014-09-30": "629.00000", "2014-06-30": "636.00000", "2014-03-31": "618.00000", "2013-12-31": "649.00000", "2013-09-30": "640.00000", "2013-06-30": "636.00000", "2013-03-31": "629.00000", "2012-12-31": "680.00000", "2012-09-30": "624.00000", "2012-06-30": "646.00000", "2012-03-31": "648.00000", "2011-12-31": "626.00000", "2011-09-30": "624.00000", "2011-06-30": "593.00000", "2011-03-31": "602.00000", "2010-12-31": "620.00000", "2010-09-30": "590.00000", "2010-06-30": "616.00000", "2010-03-31": "609.00000", "2009-12-31": "610.00000", "2009-09-30": "700.00000", "2009-06-30": "700.00000", "2009-03-31": "607.00000", "2008-12-31": "605.00000", "2008-09-30": "706.00000", "2008-06-30": "684.00000", "2008-03-31": "713.00000", "2007-12-31": "719.00000", "2007-09-30": "733.00000", "2007-06-30": "734.00000", "2007-03-31": "705.00000", "2006-12-31": "764.00000", "2006-09-30": "697.00000", "2006-06-30": "703.00000", "2006-03-31": "674.00000", "2005-12-31": "676.00000", "2005-09-30": "727.00000", "2005-06-30": "702.00000", "2005-03-31": "670.00000"}, "Research And Development Expenses": {"2020-12-31": "", "2020-09-30": "", "2020-06-30": "", "2020-03-31": "", "2019-12-31": "", "2019-09-30": "", "2019-06-30": "", "2019-03-31": "", "2018-12-31": "", "2018-09-30": "", "2018-06-30": "", "2018-03-31": "", "2017-12-31": "", "2017-09-30": "", "2017-06-30": "", "2017-03-31": "", "2016-12-31": "", "2016-09-30": "", "2016-06-30": "", "2016-03-31": "", "2015-12-31": "", "2015-09-30": "", "2015-06-30": "", "2015-03-31": "", "2014-12-31": "", "2014-09-30": "", "2014-06-30": "", "2014-03-31": "", "2013-12-31": "", "2013-09-30": "", "2013-06-30": "", "2013-03-31": "", "2012-12-31": "", "2012-09-30": "", "2012-06-30": "", "2012-03-31": "", "2011-12-31": "", "2011-09-30": "", "2011-06-30": "", "2011-03-31": "", "2010-12-31": "", "2010-09-30": "", "2010-06-30": "", "2010-03-31": "", "2009-12-31": "", "2009-09-30": "", "2009-06-30": "", "2009-03-31": "", "2008-12-31": "", "2008-09-30": "", "2008-06-30": "", "2008-03-31": "", "2007-12-31": "", "2007-09-30": "", "2007-06-30": "", "2007-03-31": "", "2006-12-31": "", "2006-09-30": "", "2006-06-30": "", "2006-03-31": "", "2005-12-31": "", "2005-09-30": "", "2005-06-30": "", "2005-03-31": ""}, "SG&A Expenses": {"2020-12-31": "456.00000", "2020-09-30": "451.00000", "2020-06-30": "578.00000", "2020-03-31": "836.00000", "2019-12-31": "459.00000", "2019-09-30": "470.00000", "2019-06-30": "468.00000", "2019-03-31": "420.00000", "2018-12-31": "450.00000", "2018-09-30": "440.00000", "2018-06-30": "408.00000", "2018-03-31": "442.00000", "2017-12-31": "487.00000", "2017-09-30": "480.00000", "2017-06-30": "460.00000", "2017-03-31": "462.00000", "2016-12-31": "476.00000", "2016-09-30": "489.00000", "2016-06-30": "514.00000", "2016-03-31": "606.00000", "2015-12-31": "541.00000", "2015-09-30": "483.00000", "2015-06-30": "480.00000", "2015-03-31": "470.00000", "2014-12-31": "410.00000", "2014-09-30": "402.00000", "2014-06-30": "415.00000", "2014-03-31": "415.00000", "2013-12-31": "482.00000", "2013-09-30": "425.00000", "2013-06-30": "429.00000", "2013-03-31": "432.00000", "2012-12-31": "447.00000", "2012-09-30": "446.00000", "2012-06-30": "445.00000", "2012-03-31": "470.00000", "2011-12-31": "460.00000", "2011-09-30": "465.00000", "2011-06-30": "451.00000", "2011-03-31": "464.00000", "2010-12-31": "494.00000", "2010-09-30": "524.00000", "2010-06-30": "523.00000", "2010-03-31": "579.00000", "2009-12-31": "681.00000", "2009-09-30": "710.00000", "2009-06-30": "741.00000", "2009-03-31": "600.00000", "2008-12-31": "593.00000", "2008-09-30": "679.00000", "2008-06-30": "593.00000", "2008-03-31": "562.00000", "2007-12-31": "546.00000", "2007-09-30": "468.00000", "2007-06-30": "447.00000", "2007-03-31": "430.00000", "2006-12-31": "479.00000", "2006-09-30": "414.00000", "2006-06-30": "416.00000", "2006-03-31": "402.00000", "2005-12-31": "425.00000", "2005-09-30": "381.00000", "2005-06-30": "385.00000", "2005-03-31": "375.00000"}, "Other Operating Income Or Expenses": {"2020-12-31": "", "2020-09-30": "", "2020-06-30": "", "2020-03-31": "", "2019-12-31": "", "2019-09-30": "", "2019-06-30": "", "2019-03-31": "", "2018-12-31": "", "2018-09-30": "", "2018-06-30": "", "2018-03-31": "", "2017-12-31": "", "2017-09-30": "", "2017-06-30": "", "2017-03-31": "", "2016-12-31": "", "2016-09-30": "", "2016-06-30": "", "2016-03-31": "", "2015-12-31": "", "2015-09-30": "", "2015-06-30": "", "2015-03-31": "", "2014-12-31": "", "2014-09-30": "", "2014-06-30": "", "2014-03-31": "", "2013-12-31": "", "2013-09-30": "", "2013-06-30": "", "2013-03-31": "", "2012-12-31": "", "2012-09-30": "", "2012-06-30": "", "2012-03-31": "", "2011-12-31": "", "2011-09-30": "", "2011-06-30": "", "2011-03-31": "", "2010-12-31": "", "2010-09-30": "", "2010-06-30": "", "2010-03-31": "", "2009-12-31": "", "2009-09-30": "", "2009-06-30": "", "2009-03-31": "", "2008-12-31": "", "2008-09-30": "", "2008-06-30": "", "2008-03-31": "", "2007-12-31": "", "2007-09-30": "", "2007-06-30": "", "2007-03-31": "", "2006-12-31": "", "2006-09-30": "", "2006-06-30": "", "2006-03-31": "", "2005-12-31": "", "2005-09-30": "", "2005-06-30": "", "2005-03-31": ""}, "Operating Expenses": {"2020-12-31": "476.00000", "2020-09-30": "477.00000", "2020-06-30": "618.00000", "2020-03-31": "932.00000", "2019-12-31": "574.00000", "2019-09-30": "595.00000", "2019-06-30": "592.00000", "2019-03-31": "524.00000", "2018-12-31": "540.00000", "2018-09-30": "516.00000", "2018-06-30": "468.00000", "2018-03-31": "483.00000", "2017-12-31": "520.00000", "2017-09-30": "513.00000", "2017-06-30": "489.00000", "2017-03-31": "488.00000", "2016-12-31": "505.00000", "2016-09-30": "519.00000", "2016-06-30": "542.00000", "2016-03-31": "631.00000", "2015-12-31": "565.00000", "2015-09-30": "509.00000", "2015-06-30": "503.00000", "2015-03-31": "492.00000", "2014-12-31": "433.00000", "2014-09-30": "424.00000", "2014-06-30": "440.00000", "2014-03-31": "440.00000", "2013-12-31": "508.00000", "2013-09-30": "452.00000", "2013-06-30": "458.00000", "2013-03-31": "462.00000", "2012-12-31": "479.00000", "2012-09-30": "479.00000", "2012-06-30": "480.00000", "2012-03-31": "505.00000", "2011-12-31": "497.00000", "2011-09-30": "505.00000", "2011-06-30": "491.00000", "2011-03-31": "503.00000", "2010-12-31": "534.00000", "2010-09-30": "576.00000", "2010-06-30": "577.00000", "2010-03-31": "640.00000", "2009-12-31": "764.00000", "2009-09-30": "836.00000", "2009-06-30": "891.00000", "2009-03-31": "779.00000", "2008-12-31": "878.00000", "2008-09-30": "948.00000", "2008-06-30": "888.00000", "2008-03-31": "949.00000", "2007-12-31": "1001.00000", "2007-09-30": "917.00000", "2007-06-30": "871.00000", "2007-03-31": "829.00000", "2006-12-31": "889.00000", "2006-09-30": "805.00000", "2006-06-30": "761.00000", "2006-03-31": "695.00000", "2005-12-31": "669.00000", "2005-09-30": "588.00000", "2005-06-30": "557.00000", "2005-03-31": "522.00000"}, "Operating Income": {"2020-12-31": "278.00000", "2020-09-30": "259.00000", "2020-06-30": "140.00000", "2020-03-31": "-86.00000", "2019-12-31": "351.00000", "2019-09-30": "372.00000", "2019-06-30": "385.00000", "2019-03-31": "424.00000", "2018-12-31": "414.00000", "2018-09-30": "393.00000", "2018-06-30": "430.00000", "2018-03-31": "351.00000", "2017-12-31": "343.00000", "2017-09-30": "341.00000", "2017-06-30": "316.00000", "2017-03-31": "279.00000", "2016-12-31": "246.00000", "2016-09-30": "233.00000", "2016-06-30": "199.00000", "2016-03-31": "85.00000", "2015-12-31": "157.00000", "2015-09-30": "199.00000", "2015-06-30": "199.00000", "2015-03-31": "195.00000", "2014-12-31": "219.00000", "2014-09-30": "227.00000", "2014-06-30": "221.00000", "2014-03-31": "203.00000", "2013-12-31": "167.00000", "2013-09-30": "215.00000", "2013-06-30": "207.00000", "2013-03-31": "197.00000", "2012-12-31": "233.00000", "2012-09-30": "178.00000", "2012-06-30": "201.00000", "2012-03-31": "178.00000", "2011-12-31": "166.00000", "2011-09-30": "159.00000", "2011-06-30": "142.00000", "2011-03-31": "138.00000", "2010-12-31": "126.00000", "2010-09-30": "66.00000", "2010-06-30": "93.00000", "2010-03-31": "30.00000", "2009-12-31": "-71.00000", "2009-09-30": "-10.00000", "2009-06-30": "-41.00000", "2009-03-31": "7.00000", "2008-12-31": "12.00000", "2008-09-30": "27.00000", "2008-06-30": "91.00000", "2008-03-31": "151.00000", "2007-12-31": "173.00000", "2007-09-30": "265.00000", "2007-06-30": "287.00000", "2007-03-31": "275.00000", "2006-12-31": "285.00000", "2006-09-30": "283.00000", "2006-06-30": "287.00000", "2006-03-31": "272.00000", "2005-12-31": "251.00000", "2005-09-30": "346.00000", "2005-06-30": "317.00000", "2005-03-31": "295.00000"}, "Total Non-Operating Income/Expense": {"2020-12-31": "", "2020-09-30": "", "2020-06-30": "", "2020-03-31": "", "2019-12-31": "", "2019-09-30": "", "2019-06-30": "", "2019-03-31": "", "2018-12-31": "-14.00000", "2018-09-30": "-12.00000", "2018-06-30": "-11.00000", "2018-03-31": "-16.00000", "2017-12-31": "-13.00000", "2017-09-30": "-7.00000", "2017-06-30": "-14.00000", "2017-03-31": "-11.00000", "2016-12-31": "-20.00000", "2016-09-30": "-20.00000", "2016-06-30": "-53.00000", "2016-03-31": "", "2015-12-31": "", "2015-09-30": "", "2015-06-30": "", "2015-03-31": "", "2014-12-31": "", "2014-09-30": "", "2014-06-30": "", "2014-03-31": "", "2013-12-31": "", "2013-09-30": "", "2013-06-30": "", "2013-03-31": "", "2012-12-31": "-2.00000", "2012-09-30": "-25.00000", "2012-06-30": "-8.00000", "2012-03-31": "", "2011-12-31": "-37.00000", "2011-09-30": "-33.00000", "2011-06-30": "-5.00000", "2011-03-31": "", "2010-12-31": "", "2010-09-30": "", "2010-06-30": "", "2010-03-31": "", "2009-12-31": "", "2009-09-30": "", "2009-06-30": "", "2009-03-31": "", "2008-12-31": "", "2008-09-30": "", "2008-06-30": "", "2008-03-31": "", "2007-12-31": "", "2007-09-30": "", "2007-06-30": "", "2007-03-31": "", "2006-12-31": "", "2006-09-30": "", "2006-06-30": "", "2006-03-31": "", "2005-12-31": "", "2005-09-30": "", "2005-06-30": "", "2005-03-31": ""}, "Pre-Tax Income": {"2020-12-31": "278.00000", "2020-09-30": "259.00000", "2020-06-30": "140.00000", "2020-03-31": "-86.00000", "2019-12-31": "351.00000", "2019-09-30": "372.00000", "2019-06-30": "385.00000", "2019-03-31": "424.00000", "2018-12-31": "400.00000", "2018-09-30": "381.00000", "2018-06-30": "419.00000", "2018-03-31": "335.00000", "2017-12-31": "330.00000", "2017-09-30": "334.00000", "2017-06-30": "302.00000", "2017-03-31": "268.00000", "2016-12-31": "226.00000", "2016-09-30": "213.00000", "2016-06-30": "146.00000", "2016-03-31": "85.00000", "2015-12-31": "157.00000", "2015-09-30": "199.00000", "2015-06-30": "199.00000", "2015-03-31": "195.00000", "2014-12-31": "219.00000", "2014-09-30": "227.00000", "2014-06-30": "221.00000", "2014-03-31": "203.00000", "2013-12-31": "167.00000", "2013-09-30": "215.00000", "2013-06-30": "207.00000", "2013-03-31": "197.00000", "2012-12-31": "238.00000", "2012-09-30": "153.00000", "2012-06-30": "193.00000", "2012-03-31": "178.00000", "2011-12-31": "129.00000", "2011-09-30": "126.00000", "2011-06-30": "137.00000", "2011-03-31": "138.00000", "2010-12-31": "126.00000", "2010-09-30": "66.00000", "2010-06-30": "93.00000", "2010-03-31": "30.00000", "2009-12-31": "-71.00000", "2009-09-30": "-10.00000", "2009-06-30": "-41.00000", "2009-03-31": "7.00000", "2008-12-31": "2.00000", "2008-09-30": "27.00000", "2008-06-30": "91.00000", "2008-03-31": "151.00000", "2007-12-31": "161.00000", "2007-09-30": "265.00000", "2007-06-30": "287.00000", "2007-03-31": "275.00000", "2006-12-31": "285.00000", "2006-09-30": "283.00000", "2006-06-30": "287.00000", "2006-03-31": "272.00000", "2005-12-31": "251.00000", "2005-09-30": "346.00000", "2005-06-30": "317.00000", "2005-03-31": "295.00000"}, "Income Taxes": {"2020-12-31": "63.00000", "2020-09-30": "48.00000", "2020-06-30": "27.00000", "2020-03-31": "-21.00000", "2019-12-31": "82.00000", "2019-09-30": "80.00000", "2019-06-30": "87.00000", "2019-03-31": "85.00000", "2018-12-31": "90.00000", "2018-09-30": "63.00000", "2018-06-30": "93.00000", "2018-03-31": "54.00000", "2017-12-31": "218.00000", "2017-09-30": "108.00000", "2017-06-30": "99.00000", "2017-03-31": "66.00000", "2016-12-31": "62.00000", "2016-09-30": "64.00000", "2016-06-30": "42.00000", "2016-03-31": "25.00000", "2015-12-31": "41.00000", "2015-09-30": "63.00000", "2015-06-30": "64.00000", "2015-03-31": "61.00000", "2014-12-31": "70.00000", "2014-09-30": "73.00000", "2014-06-30": "70.00000", "2014-03-31": "64.00000", "2013-12-31": "50.00000", "2013-09-30": "68.00000", "2013-06-30": "64.00000", "2013-03-31": "63.00000", "2012-12-31": "107.00000", "2012-09-30": "36.00000", "2012-06-30": "50.00000", "2012-03-31": "48.00000", "2011-12-31": "33.00000", "2011-09-30": "28.00000", "2011-06-30": "41.00000", "2011-03-31": "35.00000", "2010-12-31": "30.00000", "2010-09-30": "7.00000", "2010-06-30": "23.00000", "2010-03-31": "-5.00000", "2009-12-31": "-42.00000", "2009-09-30": "-29.00000", "2009-06-30": "-59.00000", "2009-03-31": "-1.00000", "2008-12-31": "-17.00000", "2008-09-30": "", "2008-06-30": "35.00000", "2008-03-31": "41.00000", "2007-12-31": "44.00000", "2007-09-30": "85.00000", "2007-06-30": "91.00000", "2007-03-31": "86.00000", "2006-12-31": "100.00000", "2006-09-30": "88.00000", "2006-06-30": "92.00000", "2006-03-31": "65.00000", "2005-12-31": "84.00000", "2005-09-30": "113.00000", "2005-06-30": "100.00000", "2005-03-31": "96.00000"}, "Income After Taxes": {"2020-12-31": "215.00000", "2020-09-30": "211.00000", "2020-06-30": "113.00000", "2020-03-31": "-65.00000", "2019-12-31": "269.00000", "2019-09-30": "292.00000", "2019-06-30": "298.00000", "2019-03-31": "339.00000", "2018-12-31": "310.00000", "2018-09-30": "318.00000", "2018-06-30": "326.00000", "2018-03-31": "281.00000", "2017-12-31": "112.00000", "2017-09-30": "226.00000", "2017-06-30": "203.00000", "2017-03-31": "202.00000", "2016-12-31": "164.00000", "2016-09-30": "149.00000", "2016-06-30": "104.00000", "2016-03-31": "60.00000", "2015-12-31": "116.00000", "2015-09-30": "136.00000", "2015-06-30": "135.00000", "2015-03-31": "134.00000", "2014-12-31": "149.00000", "2014-09-30": "154.00000", "2014-06-30": "151.00000", "2014-03-31": "139.00000", "2013-12-31": "117.00000", "2013-09-30": "147.00000", "2013-06-30": "143.00000", "2013-03-31": "134.00000", "2012-12-31": "131.00000", "2012-09-30": "117.00000", "2012-06-30": "143.00000", "2012-03-31": "130.00000", "2011-12-31": "96.00000", "2011-09-30": "98.00000", "2011-06-30": "96.00000", "2011-03-31": "103.00000", "2010-12-31": "96.00000", "2010-09-30": "59.00000", "2010-06-30": "70.00000", "2010-03-31": "35.00000", "2009-12-31": "-29.00000", "2009-09-30": "19.00000", "2009-06-30": "18.00000", "2009-03-31": "8.00000", "2008-12-31": "19.00000", "2008-09-30": "27.00000", "2008-06-30": "56.00000", "2008-03-31": "110.00000", "2007-12-31": "117.00000", "2007-09-30": "180.00000", "2007-06-30": "196.00000", "2007-03-31": "189.00000", "2006-12-31": "185.00000", "2006-09-30": "195.00000", "2006-06-30": "195.00000", "2006-03-31": "207.00000", "2005-12-31": "167.00000", "2005-09-30": "233.00000", "2005-06-30": "217.00000", "2005-03-31": "199.00000"}, "Other Income": {"2020-12-31": "", "2020-09-30": "", "2020-06-30": "", "2020-03-31": "", "2019-12-31": "", "2019-09-30": "", "2019-06-30": "", "2019-03-31": "", "2018-12-31": "", "2018-09-30": "", "2018-06-30": "", "2018-03-31": "", "2017-12-31": "", "2017-09-30": "", "2017-06-30": "", "2017-03-31": "", "2016-12-31": "", "2016-09-30": "", "2016-06-30": "", "2016-03-31": "", "2015-12-31": "", "2015-09-30": "", "2015-06-30": "", "2015-03-31": "", "2014-12-31": "", "2014-09-30": "", "2014-06-30": "", "2014-03-31": "", "2013-12-31": "", "2013-09-30": "", "2013-06-30": "", "2013-03-31": "", "2012-12-31": "", "2012-09-30": "", "2012-06-30": "", "2012-03-31": "", "2011-12-31": "", "2011-09-30": "", "2011-06-30": "", "2011-03-31": "", "2010-12-31": "", "2010-09-30": "", "2010-06-30": "", "2010-03-31": "", "2009-12-31": "", "2009-09-30": "", "2009-06-30": "", "2009-03-31": "", "2008-12-31": "", "2008-09-30": "", "2008-06-30": "", "2008-03-31": "", "2007-12-31": "", "2007-09-30": "", "2007-06-30": "", "2007-03-31": "", "2006-12-31": "", "2006-09-30": "", "2006-06-30": "", "2006-03-31": "", "2005-12-31": "", "2005-09-30": "", "2005-06-30": "", "2005-03-31": ""}, "Income From Continuous Operations": {"2020-12-31": "215.00000", "2020-09-30": "211.00000", "2020-06-30": "113.00000", "2020-03-31": "-65.00000", "2019-12-31": "269.00000", "2019-09-30": "292.00000", "2019-06-30": "298.00000", "2019-03-31": "339.00000", "2018-12-31": "310.00000", "2018-09-30": "318.00000", "2018-06-30": "326.00000", "2018-03-31": "281.00000", "2017-12-31": "112.00000", "2017-09-30": "226.00000", "2017-06-30": "203.00000", "2017-03-31": "202.00000", "2016-12-31": "164.00000", "2016-09-30": "149.00000", "2016-06-30": "104.00000", "2016-03-31": "60.00000", "2015-12-31": "116.00000", "2015-09-30": "136.00000", "2015-06-30": "135.00000", "2015-03-31": "134.00000", "2014-12-31": "149.00000", "2014-09-30": "154.00000", "2014-06-30": "151.00000", "2014-03-31": "139.00000", "2013-12-31": "117.00000", "2013-09-30": "147.00000", "2013-06-30": "143.00000", "2013-03-31": "134.00000", "2012-12-31": "131.00000", "2012-09-30": "117.00000", "2012-06-30": "143.00000", "2012-03-31": "130.00000", "2011-12-31": "96.00000", "2011-09-30": "98.00000", "2011-06-30": "96.00000", "2011-03-31": "103.00000", "2010-12-31": "96.00000", "2010-09-30": "59.00000", "2010-06-30": "70.00000", "2010-03-31": "35.00000", "2009-12-31": "-29.00000", "2009-09-30": "19.00000", "2009-06-30": "18.00000", "2009-03-31": "8.00000", "2008-12-31": "19.00000", "2008-09-30": "27.00000", "2008-06-30": "56.00000", "2008-03-31": "110.00000", "2007-12-31": "117.00000", "2007-09-30": "180.00000", "2007-06-30": "196.00000", "2007-03-31": "189.00000", "2006-12-31": "185.00000", "2006-09-30": "195.00000", "2006-06-30": "195.00000", "2006-03-31": "207.00000", "2005-12-31": "167.00000", "2005-09-30": "233.00000", "2005-06-30": "217.00000", "2005-03-31": "199.00000"}, "Income From Discontinued Operations": {"2020-12-31": "", "2020-09-30": "", "2020-06-30": "", "2020-03-31": "", "2019-12-31": "", "2019-09-30": "", "2019-06-30": "", "2019-03-31": "", "2018-12-31": "", "2018-09-30": "", "2018-06-30": "", "2018-03-31": "", "2017-12-31": "", "2017-09-30": "", "2017-06-30": "", "2017-03-31": "", "2016-12-31": "", "2016-09-30": "", "2016-06-30": "", "2016-03-31": "", "2015-12-31": "", "2015-09-30": "", "2015-06-30": "", "2015-03-31": "", "2014-12-31": "", "2014-09-30": "", "2014-06-30": "", "2014-03-31": "", "2013-12-31": "", "2013-09-30": "", "2013-06-30": "", "2013-03-31": "", "2012-12-31": "", "2012-09-30": "", "2012-06-30": "", "2012-03-31": "", "2011-12-31": "", "2011-09-30": "", "2011-06-30": "", "2011-03-31": "", "2010-12-31": "", "2010-09-30": "", "2010-06-30": "", "2010-03-31": "17.00000", "2009-12-31": "", "2009-09-30": "", "2009-06-30": "", "2009-03-31": "1.00000", "2008-12-31": "1.00000", "2008-09-30": "1.00000", "2008-06-30": "", "2008-03-31": "-1.00000", "2007-12-31": "2.00000", "2007-09-30": "1.00000", "2007-06-30": "", "2007-03-31": "1.00000", "2006-12-31": "114.00000", "2006-09-30": "5.00000", "2006-06-30": "5.00000", "2006-03-31": "-13.00000", "2005-12-31": "40.00000", "2005-09-30": "5.00000", "2005-06-30": "", "2005-03-31": ""}, "Net Income": {"2020-12-31": "209.00000", "2020-09-30": "203.00000", "2020-06-30": "112.00000", "2020-03-31": "-65.00000", "2019-12-31": "267.00000", "2019-09-30": "290.00000", "2019-06-30": "297.00000", "2019-03-31": "337.00000", "2018-12-31": "308.00000", "2018-09-30": "316.00000", "2018-06-30": "324.00000", "2018-03-31": "279.00000", "2017-12-31": "112.00000", "2017-09-30": "224.00000", "2017-06-30": "202.00000", "2017-03-31": "200.00000", "2016-12-31": "163.00000", "2016-09-30": "148.00000", "2016-06-30": "103.00000", "2016-03-31": "59.00000", "2015-12-31": "115.00000", "2015-09-30": "134.00000", "2015-06-30": "134.00000", "2015-03-31": "132.00000", "2014-12-31": "148.00000", "2014-09-30": "152.00000", "2014-06-30": "149.00000", "2014-03-31": "137.00000", "2013-12-31": "115.00000", "2013-09-30": "145.00000", "2013-06-30": "141.00000", "2013-03-31": "132.00000", "2012-12-31": "129.00000", "2012-09-30": "116.00000", "2012-06-30": "141.00000", "2012-03-31": "129.00000", "2011-12-31": "95.00000", "2011-09-30": "97.00000", "2011-06-30": "95.00000", "2011-03-31": "102.00000", "2010-12-31": "96.00000", "2010-09-30": "59.00000", "2010-06-30": "69.00000", "2010-03-31": "-71.00000", "2009-12-31": "-62.00000", "2009-09-30": "-16.00000", "2009-06-30": "-16.00000", "2009-03-31": "-24.00000", "2008-12-31": "-1.00000", "2008-09-30": "28.00000", "2008-06-30": "56.00000", "2008-03-31": "109.00000", "2007-12-31": "113.00000", "2007-09-30": "181.00000", "2007-06-30": "196.00000", "2007-03-31": "190.00000", "2006-12-31": "299.00000", "2006-09-30": "200.00000", "2006-06-30": "200.00000", "2006-03-31": "194.00000", "2005-12-31": "207.00000", "2005-09-30": "238.00000", "2005-06-30": "217.00000", "2005-03-31": "199.00000"}, "EBITDA": {"2020-12-31": "", "2020-09-30": "", "2020-06-30": "", "2020-03-31": "", "2019-12-31": "", "2019-09-30": "", "2019-06-30": "", "2019-03-31": "", "2018-12-31": "", "2018-09-30": "", "2018-06-30": "", "2018-03-31": "", "2017-12-31": "", "2017-09-30": "", "2017-06-30": "", "2017-03-31": "", "2016-12-31": "", "2016-09-30": "", "2016-06-30": "", "2016-03-31": "", "2015-12-31": "", "2015-09-30": "", "2015-06-30": "", "2015-03-31": "", "2014-12-31": "", "2014-09-30": "", "2014-06-30": "", "2014-03-31": "", "2013-12-31": "", "2013-09-30": "", "2013-06-30": "", "2013-03-31": "", "2012-12-31": "", "2012-09-30": "", "2012-06-30": "", "2012-03-31": "", "2011-12-31": "", "2011-09-30": "", "2011-06-30": "", "2011-03-31": "", "2010-12-31": "", "2010-09-30": "", "2010-06-30": "", "2010-03-31": "", "2009-12-31": "", "2009-09-30": "", "2009-06-30": "", "2009-03-31": "", "2008-12-31": "", "2008-09-30": "", "2008-06-30": "", "2008-03-31": "", "2007-12-31": "", "2007-09-30": "", "2007-06-30": "", "2007-03-31": "", "2006-12-31": "", "2006-09-30": "", "2006-06-30": "", "2006-03-31": "", "2005-12-31": "", "2005-09-30": "", "2005-06-30": "", "2005-03-31": ""}, "EBIT": {"2020-12-31": "", "2020-09-30": "", "2020-06-30": "", "2020-03-31": "", "2019-12-31": "", "2019-09-30": "", "2019-06-30": "", "2019-03-31": "", "2018-12-31": "", "2018-09-30": "", "2018-06-30": "", "2018-03-31": "", "2017-12-31": "", "2017-09-30": "", "2017-06-30": "", "2017-03-31": "", "2016-12-31": "", "2016-09-30": "", "2016-06-30": "", "2016-03-31": "", "2015-12-31": "", "2015-09-30": "", "2015-06-30": "", "2015-03-31": "", "2014-12-31": "", "2014-09-30": "", "2014-06-30": "", "2014-03-31": "", "2013-12-31": "", "2013-09-30": "", "2013-06-30": "", "2013-03-31": "", "2012-12-31": "", "2012-09-30": "", "2012-06-30": "", "2012-03-31": "", "2011-12-31": "", "2011-09-30": "", "2011-06-30": "", "2011-03-31": "", "2010-12-31": "", "2010-09-30": "", "2010-06-30": "", "2010-03-31": "", "2009-12-31": "", "2009-09-30": "", "2009-06-30": "", "2009-03-31": "", "2008-12-31": "", "2008-09-30": "", "2008-06-30": "", "2008-03-31": "", "2007-12-31": "", "2007-09-30": "", "2007-06-30": "", "2007-03-31": "", "2006-12-31": "", "2006-09-30": "", "2006-06-30": "", "2006-03-31": "", "2005-12-31": "", "2005-09-30": "", "2005-06-30": "", "2005-03-31": ""}, "Basic Shares Outstanding": {"2020-12-31": "139.33330", "2020-09-30": "139.00000", "2020-06-30": "139.00000", "2020-03-31": "141.00000", "2019-12-31": "150.00000", "2019-09-30": "147.00000", "2019-06-30": "152.00000", "2019-03-31": "158.00000", "2018-12-31": "168.00000", "2018-09-30": "167.00000", "2018-06-30": "171.00000", "2018-03-31": "172.00000", "2017-12-31": "174.00000", "2017-09-30": "174.00000", "2017-06-30": "175.00000", "2017-03-31": "175.00000", "2016-12-31": "172.00000", "2016-09-30": "171.00000", "2016-06-30": "173.00000", "2016-03-31": "173.00000", "2015-12-31": "176.00000", "2015-09-30": "176.00000", "2015-06-30": "176.00000", "2015-03-31": "176.00000", "2014-12-31": "179.00000", "2014-09-30": "179.00000", "2014-06-30": "179.00000", "2014-03-31": "180.00000", "2013-12-31": "183.00000", "2013-09-30": "182.00000", "2013-06-30": "183.00000", "2013-03-31": "185.00000", "2012-12-31": "191.00000", "2012-09-30": "190.00000", "2012-06-30": "194.00000", "2012-03-31": "195.00000", "2011-12-31": "185.00000", "2011-09-30": "192.00000", "2011-06-30": "175.00000", "2011-03-31": "175.00000", "2010-12-31": "170.00000", "2010-09-30": "175.00000", "2010-06-30": "175.00000", "2010-03-31": "155.00000", "2009-12-31": "149.00000", "2009-09-30": "149.00000", "2009-06-30": "149.00000", "2009-03-31": "149.00000", "2008-12-31": "149.00000", "2008-09-30": "151.00000", "2008-06-30": "151.00000", "2008-03-31": "151.00000", "2007-12-31": "153.00000", "2007-09-30": "151.00000", "2007-06-30": "154.00000", "2007-03-31": "156.00000", "2006-12-31": "160.00000", "2006-09-30": "160.00000", "2006-06-30": "161.00000", "2006-03-31": "162.00000", "2005-12-31": "167.00000", "2005-09-30": "166.00000", "2005-06-30": "168.00000", "2005-03-31": "169.00000"}, "Shares Outstanding": {"2020-12-31": "140.15900", "2020-09-30": "140.00000", "2020-06-30": "139.00000", "2020-03-31": "141.00000", "2019-12-31": "151.00000", "2019-09-30": "148.00000", "2019-06-30": "153.00000", "2019-03-31": "160.00000", "2018-12-31": "171.00000", "2018-09-30": "170.00000", "2018-06-30": "174.00000", "2018-03-31": "175.00000", "2017-12-31": "178.00000", "2017-09-30": "177.00000", "2017-06-30": "179.00000", "2017-03-31": "180.00000", "2016-12-31": "177.00000", "2016-09-30": "176.00000", "2016-06-30": "177.00000", "2016-03-31": "176.00000", "2015-12-31": "181.00000", "2015-09-30": "181.00000", "2015-06-30": "182.00000", "2015-03-31": "182.00000", "2014-12-31": "185.00000", "2014-09-30": "185.00000", "2014-06-30": "186.00000", "2014-03-31": "187.00000", "2013-12-31": "187.00000", "2013-09-30": "187.00000", "2013-06-30": "187.00000", "2013-03-31": "187.00000", "2012-12-31": "192.00000", "2012-09-30": "191.00000", "2012-06-30": "194.00000", "2012-03-31": "196.00000", "2011-12-31": "186.00000", "2011-09-30": "192.00000", "2011-06-30": "178.00000", "2011-03-31": "178.00000", "2010-12-31": "173.00000", "2010-09-30": "178.00000", "2010-06-30": "178.00000", "2010-03-31": "155.00000", "2009-12-31": "149.00000", "2009-09-30": "149.00000", "2009-06-30": "149.00000", "2009-03-31": "149.00000", "2008-12-31": "149.00000", "2008-09-30": "151.00000", "2008-06-30": "151.00000", "2008-03-31": "151.00000", "2007-12-31": "154.00000", "2007-09-30": "153.00000", "2007-06-30": "157.00000", "2007-03-31": "159.00000", "2006-12-31": "162.00000", "2006-09-30": "162.00000", "2006-06-30": "163.00000", "2006-03-31": "164.00000", "2005-12-31": "169.00000", "2005-09-30": "168.00000", "2005-06-30": "170.00000", "2005-03-31": "171.00000"}, "Basic EPS": {"2020-12-31": "1.50000", "2020-09-30": "1.45000", "2020-06-30": "0.81000", "2020-03-31": "-0.46000", "2019-12-31": "1.88000", "2019-09-30": "1.98000", "2019-06-30": "1.95000", "2019-03-31": "2.14000", "2018-12-31": "1.90000", "2018-09-30": "1.89000", "2018-06-30": "1.90000", "2018-03-31": "1.62000", "2017-12-31": "0.64000", "2017-09-30": "1.29000", "2017-06-30": "1.15000", "2017-03-31": "1.15000", "2016-12-31": "0.93000", "2016-09-30": "0.87000", "2016-06-30": "0.60000", "2016-03-31": "0.34000", "2015-12-31": "0.66000", "2015-09-30": "0.76000", "2015-06-30": "0.76000", "2015-03-31": "0.75000", "2014-12-31": "0.84000", "2014-09-30": "0.85000", "2014-06-30": "0.83000", "2014-03-31": "0.76000", "2013-12-31": "0.64000", "2013-09-30": "0.80000", "2013-06-30": "0.77000", "2013-03-31": "0.71000", "2012-12-31": "0.68000", "2012-09-30": "0.61000", "2012-06-30": "0.73000", "2012-03-31": "0.66000", "2011-12-31": "0.48000", "2011-09-30": "0.51000", "2011-06-30": "0.54000", "2011-03-31": "0.58000", "2010-12-31": "0.62000", "2010-09-30": "0.34000", "2010-06-30": "0.40000", "2010-03-31": "-0.46000", "2009-12-31": "-0.42000", "2009-09-30": "-0.10000", "2009-06-30": "-0.11000", "2009-03-31": "-0.16000", "2008-12-31": "0.00000", "2008-09-30": "0.19000", "2008-06-30": "0.37000", "2008-03-31": "0.73000", "2007-12-31": "0.76000", "2007-09-30": "1.20000", "2007-06-30": "1.28000", "2007-03-31": "1.21000", "2006-12-31": "1.88000", "2006-09-30": "1.25000", "2006-06-30": "1.24000", "2006-03-31": "1.20000", "2005-12-31": "1.27000", "2005-09-30": "1.43000", "2005-06-30": "1.29000", "2005-03-31": "1.18000"}, "EPS - Earnings Per Share": {"2020-12-31": "1.49000", "2020-09-30": "1.44000", "2020-06-30": "0.80000", "2020-03-31": "-0.46000", "2019-12-31": "1.86000", "2019-09-30": "1.96000", "2019-06-30": "1.94000", "2019-03-31": "2.11000", "2018-12-31": "1.88000", "2018-09-30": "1.86000", "2018-06-30": "1.87000", "2018-03-31": "1.59000", "2017-12-31": "0.64000", "2017-09-30": "1.26000", "2017-06-30": "1.13000", "2017-03-31": "1.11000", "2016-12-31": "0.92000", "2016-09-30": "0.84000", "2016-06-30": "0.58000", "2016-03-31": "0.34000", "2015-12-31": "0.64000", "2015-09-30": "0.74000", "2015-06-30": "0.73000", "2015-03-31": "0.73000", "2014-12-31": "0.81000", "2014-09-30": "0.82000", "2014-06-30": "0.80000", "2014-03-31": "0.73000", "2013-12-31": "0.61000", "2013-09-30": "0.78000", "2013-06-30": "0.76000", "2013-03-31": "0.70000", "2012-12-31": "0.67000", "2012-09-30": "0.61000", "2012-06-30": "0.73000", "2012-03-31": "0.66000", "2011-12-31": "0.48000", "2011-09-30": "0.51000", "2011-06-30": "0.53000", "2011-03-31": "0.57000", "2010-12-31": "0.62000", "2010-09-30": "0.33000", "2010-06-30": "0.39000", "2010-03-31": "-0.46000", "2009-12-31": "-0.42000", "2009-09-30": "-0.10000", "2009-06-30": "-0.11000", "2009-03-31": "-0.16000", "2008-12-31": "-0.01000", "2008-09-30": "0.19000", "2008-06-30": "0.37000", "2008-03-31": "0.73000", "2007-12-31": "0.81000", "2007-09-30": "1.18000", "2007-06-30": "1.25000", "2007-03-31": "1.19000", "2006-12-31": "1.86000", "2006-09-30": "1.23000", "2006-06-30": "1.22000", "2006-03-31": "1.18000", "2005-12-31": "1.26000", "2005-09-30": "1.41000", "2005-06-30": "1.28000", "2005-03-31": "1.16000"}}, "balance sheet": {"Cash On Hand": {"2020-12-31": "15939.00000", "2019-12-31": "5973.00000", "2018-12-31": "4695.00000", "2017-12-31": "5941.00000", "2016-12-31": "7310.00000", "2015-12-31": "6260.00000", "2014-12-31": "6170.00000", "2013-12-31": "6563.00000", "2012-12-31": "4659.00000", "2011-12-31": "3705.00000", "2010-12-31": "2224.00000", "2009-12-31": "5755.00000", "2008-12-31": "3581.00000", "2007-12-31": "1849.00000", "2006-12-31": "4393.00000", "2005-12-31": "2768.00000"}, "Receivables": {"2020-12-31": "", "2019-12-31": "", "2018-12-31": "", "2017-12-31": "", "2016-12-31": "", "2015-12-31": "", "2014-12-31": "", "2013-12-31": "", "2012-12-31": "", "2011-12-31": "", "2010-12-31": "", "2009-12-31": "", "2008-12-31": "", "2007-12-31": "", "2006-12-31": "", "2005-12-31": ""}, "Inventory": {"2020-12-31": "", "2019-12-31": "", "2018-12-31": "", "2017-12-31": "", "2016-12-31": "", "2015-12-31": "", "2014-12-31": "", "2013-12-31": "", "2012-12-31": "", "2011-12-31": "", "2010-12-31": "", "2009-12-31": "", "2008-12-31": "", "2007-12-31": "", "2006-12-31": "", "2005-12-31": ""}, "Pre-Paid Expenses": {"2020-12-31": "", "2019-12-31": "", "2018-12-31": "", "2017-12-31": "", "2016-12-31": "", "2015-12-31": "", "2014-12-31": "", "2013-12-31": "", "2012-12-31": "", "2011-12-31": "", "2010-12-31": "", "2009-12-31": "", "2008-12-31": "", "2007-12-31": "", "2006-12-31": "", "2005-12-31": ""}, "Other Current Assets": {"2020-12-31": "", "2019-12-31": "", "2018-12-31": "", "2017-12-31": "", "2016-12-31": "", "2015-12-31": "", "2014-12-31": "", "2013-12-31": "", "2012-12-31": "", "2011-12-31": "", "2010-12-31": "", "2009-12-31": "", "2008-12-31": "", "2007-12-31": "", "2006-12-31": "", "2005-12-31": ""}, "Total Current Assets": {"2020-12-31": "72642.00000", "2019-12-31": "60547.00000", "2018-12-31": "58298.00000", "2017-12-31": "58897.00000", "2016-12-31": "60108.00000", "2015-12-31": "58827.00000", "2014-12-31": "58603.00000", "2013-12-31": "55323.00000", "2012-12-31": "54150.00000", "2011-12-31": "50229.00000", "2010-12-31": "45477.00000", "2009-12-31": "51189.00000", "2008-12-31": "57664.00000", "2007-12-31": "55385.00000", "2006-12-31": "53771.00000", "2005-12-31": "48263.00000"}, "Property, Plant, And Equipment": {"2020-12-31": "459.00000", "2019-12-31": "457.00000", "2018-12-31": "475.00000", "2017-12-31": "466.00000", "2016-12-31": "501.00000", "2015-12-31": "550.00000", "2014-12-31": "532.00000", "2013-12-31": "594.00000", "2012-12-31": "622.00000", "2011-12-31": "675.00000", "2010-12-31": "630.00000", "2009-12-31": "644.00000", "2008-12-31": "683.00000", "2007-12-31": "650.00000", "2006-12-31": "568.00000", "2005-12-31": "510.00000"}, "Long-Term Investments": {"2020-12-31": "15028.00000", "2019-12-31": "12398.00000", "2018-12-31": "12045.00000", "2017-12-31": "12204.00000", "2016-12-31": "12369.00000", "2015-12-31": "12500.00000", "2014-12-31": "10051.00000", "2013-12-31": "9307.00000", "2012-12-31": "10297.00000", "2011-12-31": "10104.00000", "2010-12-31": "7560.00000", "2009-12-31": "7416.00000", "2008-12-31": "9201.00000", "2007-12-31": "6296.00000", "2006-12-31": "3662.00000", "2005-12-31": "4240.00000"}, "Goodwill And Intangible Assets": {"2020-12-31": "", "2019-12-31": "", "2018-12-31": "", "2017-12-31": "", "2016-12-31": "", "2015-12-31": "", "2014-12-31": "", "2013-12-31": "", "2012-12-31": "", "2011-12-31": "", "2010-12-31": "", "2009-12-31": "", "2008-12-31": "", "2007-12-31": "", "2006-12-31": "", "2005-12-31": ""}, "Other Long-Term Assets": {"2020-12-31": "", "2019-12-31": "", "2018-12-31": "", "2017-12-31": "", "2016-12-31": "", "2015-12-31": "", "2014-12-31": "", "2013-12-31": "", "2012-12-31": "", "2011-12-31": "", "2010-12-31": "", "2009-12-31": "", "2008-12-31": "", "2007-12-31": "", "2006-12-31": "", "2005-12-31": ""}, "Total Long-Term Assets": {"2020-12-31": "15487.00000", "2019-12-31": "12855.00000", "2018-12-31": "12520.00000", "2017-12-31": "12670.00000", "2016-12-31": "12870.00000", "2015-12-31": "13050.00000", "2014-12-31": "10583.00000", "2013-12-31": "9901.00000", "2012-12-31": "10919.00000", "2011-12-31": "10779.00000", "2010-12-31": "8190.00000", "2009-12-31": "8060.00000", "2008-12-31": "9884.00000", "2007-12-31": "6946.00000", "2006-12-31": "4230.00000", "2005-12-31": "4750.00000"}, "Total Assets": {"2020-12-31": "88129.00000", "2019-12-31": "73402.00000", "2018-12-31": "70818.00000", "2017-12-31": "71567.00000", "2016-12-31": "72978.00000", "2015-12-31": "71877.00000", "2014-12-31": "69186.00000", "2013-12-31": "65224.00000", "2012-12-31": "65069.00000", "2011-12-31": "61008.00000", "2010-12-31": "53667.00000", "2009-12-31": "59249.00000", "2008-12-31": "67548.00000", "2007-12-31": "62331.00000", "2006-12-31": "58001.00000", "2005-12-31": "53013.00000"}, "Total Current Liabilities": {"2020-12-31": "74351.00000", "2019-12-31": "58806.00000", "2018-12-31": "56848.00000", "2017-12-31": "58982.00000", "2016-12-31": "60022.00000", "2015-12-31": "61259.00000", "2014-12-31": "59109.00000", "2013-12-31": "54531.00000", "2012-12-31": "53407.00000", "2011-12-31": "49196.00000", "2010-12-31": "41736.00000", "2009-12-31": "41160.00000", "2008-12-31": "45343.00000", "2007-12-31": "48393.00000", "2006-12-31": "46899.00000", "2005-12-31": "43984.00000"}, "Long Term Debt": {"2020-12-31": "5728.00000", "2019-12-31": "7269.00000", "2018-12-31": "6463.00000", "2017-12-31": "4622.00000", "2016-12-31": "5160.00000", "2015-12-31": "3058.00000", "2014-12-31": "2675.00000", "2013-12-31": "3543.00000", "2012-12-31": "4720.00000", "2011-12-31": "4944.00000", "2010-12-31": "6138.00000", "2009-12-31": "11060.00000", "2008-12-31": "15053.00000", "2007-12-31": "8821.00000", "2006-12-31": "5949.00000", "2005-12-31": "3961.00000"}, "Other Non-Current Liabilities": {"2020-12-31": "", "2019-12-31": "", "2018-12-31": "", "2017-12-31": "", "2016-12-31": "", "2015-12-31": "", "2014-12-31": "", "2013-12-31": "", "2012-12-31": "", "2011-12-31": "", "2010-12-31": "", "2009-12-31": "", "2008-12-31": "", "2007-12-31": "", "2006-12-31": "", "2005-12-31": ""}, "Total Long Term Liabilities": {"2020-12-31": "5728.00000", "2019-12-31": "7269.00000", "2018-12-31": "6463.00000", "2017-12-31": "4622.00000", "2016-12-31": "5160.00000", "2015-12-31": "3058.00000", "2014-12-31": "2675.00000", "2013-12-31": "3543.00000", "2012-12-31": "4720.00000", "2011-12-31": "4944.00000", "2010-12-31": "6138.00000", "2009-12-31": "11060.00000", "2008-12-31": "15053.00000", "2007-12-31": "8821.00000", "2006-12-31": "5949.00000", "2005-12-31": "3961.00000"}, "Total Liabilities": {"2020-12-31": "80079.00000", "2019-12-31": "66075.00000", "2018-12-31": "63311.00000", "2017-12-31": "63604.00000", "2016-12-31": "65182.00000", "2015-12-31": "64317.00000", "2014-12-31": "61784.00000", "2013-12-31": "58074.00000", "2012-12-31": "58127.00000", "2011-12-31": "54140.00000", "2010-12-31": "47874.00000", "2009-12-31": "52220.00000", "2008-12-31": "60396.00000", "2007-12-31": "57214.00000", "2006-12-31": "52848.00000", "2005-12-31": "47945.00000"}, "Common Stock Net": {"2020-12-31": "1141.00000", "2019-12-31": "1141.00000", "2018-12-31": "1141.00000", "2017-12-31": "1141.00000", "2016-12-31": "1141.00000", "2015-12-31": "1141.00000", "2014-12-31": "1141.00000", "2013-12-31": "1141.00000", "2012-12-31": "1141.00000", "2011-12-31": "1141.00000", "2010-12-31": "1019.00000", "2009-12-31": "894.00000", "2008-12-31": "894.00000", "2007-12-31": "894.00000", "2006-12-31": "894.00000", "2005-12-31": "894.00000"}, "Retained Earnings (Accumulated Deficit)": {"2020-12-31": "9623.00000", "2019-12-31": "9538.00000", "2018-12-31": "8781.00000", "2017-12-31": "7887.00000", "2016-12-31": "7331.00000", "2015-12-31": "7084.00000", "2014-12-31": "6744.00000", "2013-12-31": "6318.00000", "2012-12-31": "5931.00000", "2011-12-31": "5546.00000", "2010-12-31": "5247.00000", "2009-12-31": "5161.00000", "2008-12-31": "5345.00000", "2007-12-31": "5497.00000", "2006-12-31": "5282.00000", "2005-12-31": "4796.00000"}, "Comprehensive Income": {"2020-12-31": "168.00000", "2019-12-31": "-235.00000", "2018-12-31": "-609.00000", "2017-12-31": "-451.00000", "2016-12-31": "-383.00000", "2015-12-31": "-429.00000", "2014-12-31": "-412.00000", "2013-12-31": "-391.00000", "2012-12-31": "-413.00000", "2011-12-31": "-356.00000", "2010-12-31": "-389.00000", "2009-12-31": "-336.00000", "2008-12-31": "-309.00000", "2007-12-31": "-177.00000", "2006-12-31": "-324.00000", "2005-12-31": "-170.00000"}, "Other Share Holders Equity": {"2020-12-31": "", "2019-12-31": "", "2018-12-31": "", "2017-12-31": "", "2016-12-31": "", "2015-12-31": "", "2014-12-31": "", "2013-12-31": "", "2012-12-31": "", "2011-12-31": "", "2010-12-31": "", "2009-12-31": "", "2008-12-31": "", "2007-12-31": "", "2006-12-31": "", "2005-12-31": ""}, "Share Holder Equity": {"2020-12-31": "8050.00000", "2019-12-31": "7327.00000", "2018-12-31": "7507.00000", "2017-12-31": "7963.00000", "2016-12-31": "7796.00000", "2015-12-31": "7560.00000", "2014-12-31": "7402.00000", "2013-12-31": "7150.00000", "2012-12-31": "6942.00000", "2011-12-31": "6868.00000", "2010-12-31": "5793.00000", "2009-12-31": "7029.00000", "2008-12-31": "7152.00000", "2007-12-31": "5117.00000", "2006-12-31": "5153.00000", "2005-12-31": "5068.00000"}, "Total Liabilities And Share Holders Equity": {"2020-12-31": "88129.00000", "2019-12-31": "73402.00000", "2018-12-31": "70818.00000", "2017-12-31": "71567.00000", "2016-12-31": "72978.00000", "2015-12-31": "71877.00000", "2014-12-31": "69186.00000", "2013-12-31": "65224.00000", "2012-12-31": "65069.00000", "2011-12-31": "61008.00000", "2010-12-31": "53667.00000", "2009-12-31": "59249.00000", "2008-12-31": "67548.00000", "2007-12-31": "62331.00000", "2006-12-31": "58001.00000", "2005-12-31": "53013.00000"}}, "balance sheet, quarterly": {"Cash On Hand": {"2020-12-31": "15939.00000", "2020-09-30": "11301.00000", "2020-06-30": "13464.00000", "2020-03-31": "4993.00000", "2019-12-31": "5973.00000", "2019-09-30": "4263.00000", "2019-06-30": "3721.00000", "2019-03-31": "3617.00000", "2018-12-31": "4695.00000", "2018-09-30": "5975.00000", "2018-06-30": "5794.00000", "2018-03-31": "6969.00000", "2017-12-31": "5941.00000", "2017-09-30": "6296.00000", "2017-06-30": "5721.00000", "2017-03-31": "8411.00000", "2016-12-31": "7310.00000", "2016-09-30": "8132.00000", "2016-06-30": "4210.00000", "2016-03-31": "3096.00000", "2015-12-31": "6260.00000", "2015-09-30": "7307.00000", "2015-06-30": "6084.00000", "2015-03-31": "6063.00000", "2014-12-31": "6170.00000", "2014-09-30": "7899.00000", "2014-06-30": "4003.00000", "2014-03-31": "5725.00000", "2013-12-31": "6563.00000", "2013-09-30": "7194.00000", "2013-06-30": "4044.00000", "2013-03-31": "5712.00000", "2012-12-31": "4659.00000", "2012-09-30": "4084.00000", "2012-06-30": "4311.00000", "2012-03-31": "4140.00000", "2011-12-31": "3705.00000", "2011-09-30": "5335.00000", "2011-06-30": "3590.00000", "2011-03-31": "4599.00000", "2010-12-31": "2224.00000", "2010-09-30": "4109.00000", "2010-06-30": "4359.00000", "2010-03-31": "4794.00000", "2009-12-31": "5755.00000", "2009-09-30": "3160.00000", "2009-06-30": "5269.00000", "2009-03-31": "3758.00000", "2008-12-31": "3581.00000", "2008-09-30": "1654.00000", "2008-06-30": "2024.00000", "2008-03-31": "2330.00000", "2007-12-31": "1849.00000", "2007-09-30": "1693.00000", "2007-06-30": "2840.00000", "2007-03-31": "3011.00000", "2006-12-31": "4393.00000", "2006-09-30": "5188.00000", "2006-06-30": "4045.00000", "2006-03-31": "4712.00000", "2005-12-31": "2768.00000", "2005-09-30": "5414.00000", "2005-06-30": "5089.00000", "2005-03-31": "5629.00000"}, "Receivables": {"2020-12-31": "", "2020-09-30": "", "2020-06-30": "", "2020-03-31": "", "2019-12-31": "", "2019-09-30": "", "2019-06-30": "", "2019-03-31": "", "2018-12-31": "", "2018-09-30": "", "2018-06-30": "", "2018-03-31": "", "2017-12-31": "", "2017-09-30": "", "2017-06-30": "", "2017-03-31": "", "2016-12-31": "", "2016-09-30": "", "2016-06-30": "", "2016-03-31": "", "2015-12-31": "", "2015-09-30": "", "2015-06-30": "", "2015-03-31": "", "2014-12-31": "", "2014-09-30": "", "2014-06-30": "", "2014-03-31": "", "2013-12-31": "", "2013-09-30": "", "2013-06-30": "", "2013-03-31": "", "2012-12-31": "", "2012-09-30": "", "2012-06-30": "", "2012-03-31": "", "2011-12-31": "", "2011-09-30": "", "2011-06-30": "", "2011-03-31": "", "2010-12-31": "", "2010-09-30": "", "2010-06-30": "", "2010-03-31": "", "2009-12-31": "", "2009-09-30": "", "2009-06-30": "", "2009-03-31": "", "2008-12-31": "", "2008-09-30": "", "2008-06-30": "", "2008-03-31": "", "2007-12-31": "", "2007-09-30": "", "2007-06-30": "", "2007-03-31": "", "2006-12-31": "", "2006-09-30": "", "2006-06-30": "", "2006-03-31": "", "2005-12-31": "", "2005-09-30": "", "2005-06-30": "", "2005-03-31": ""}, "Inventory": {"2020-12-31": "", "2020-09-30": "", "2020-06-30": "", "2020-03-31": "", "2019-12-31": "", "2019-09-30": "", "2019-06-30": "", "2019-03-31": "", "2018-12-31": "", "2018-09-30": "", "2018-06-30": "", "2018-03-31": "", "2017-12-31": "", "2017-09-30": "", "2017-06-30": "", "2017-03-31": "", "2016-12-31": "", "2016-09-30": "", "2016-06-30": "", "2016-03-31": "", "2015-12-31": "", "2015-09-30": "", "2015-06-30": "", "2015-03-31": "", "2014-12-31": "", "2014-09-30": "", "2014-06-30": "", "2014-03-31": "", "2013-12-31": "", "2013-09-30": "", "2013-06-30": "", "2013-03-31": "", "2012-12-31": "", "2012-09-30": "", "2012-06-30": "", "2012-03-31": "", "2011-12-31": "", "2011-09-30": "", "2011-06-30": "", "2011-03-31": "", "2010-12-31": "", "2010-09-30": "", "2010-06-30": "", "2010-03-31": "", "2009-12-31": "", "2009-09-30": "", "2009-06-30": "", "2009-03-31": "", "2008-12-31": "", "2008-09-30": "", "2008-06-30": "", "2008-03-31": "", "2007-12-31": "", "2007-09-30": "", "2007-06-30": "", "2007-03-31": "", "2006-12-31": "", "2006-09-30": "", "2006-06-30": "", "2006-03-31": "", "2005-12-31": "", "2005-09-30": "", "2005-06-30": "", "2005-03-31": ""}, "Pre-Paid Expenses": {"2020-12-31": "", "2020-09-30": "", "2020-06-30": "", "2020-03-31": "", "2019-12-31": "", "2019-09-30": "", "2019-06-30": "", "2019-03-31": "", "2018-12-31": "", "2018-09-30": "", "2018-06-30": "", "2018-03-31": "", "2017-12-31": "", "2017-09-30": "", "2017-06-30": "", "2017-03-31": "", "2016-12-31": "", "2016-09-30": "", "2016-06-30": "", "2016-03-31": "", "2015-12-31": "", "2015-09-30": "", "2015-06-30": "", "2015-03-31": "", "2014-12-31": "", "2014-09-30": "", "2014-06-30": "", "2014-03-31": "", "2013-12-31": "", "2013-09-30": "", "2013-06-30": "", "2013-03-31": "", "2012-12-31": "", "2012-09-30": "", "2012-06-30": "", "2012-03-31": "", "2011-12-31": "", "2011-09-30": "", "2011-06-30": "", "2011-03-31": "", "2010-12-31": "", "2010-09-30": "", "2010-06-30": "", "2010-03-31": "", "2009-12-31": "", "2009-09-30": "", "2009-06-30": "", "2009-03-31": "", "2008-12-31": "", "2008-09-30": "", "2008-06-30": "", "2008-03-31": "", "2007-12-31": "", "2007-09-30": "", "2007-06-30": "", "2007-03-31": "", "2006-12-31": "", "2006-09-30": "", "2006-06-30": "", "2006-03-31": "", "2005-12-31": "", "2005-09-30": "", "2005-06-30": "", "2005-03-31": ""}, "Other Current Assets": {"2020-12-31": "", "2020-09-30": "", "2020-06-30": "", "2020-03-31": "", "2019-12-31": "", "2019-09-30": "", "2019-06-30": "", "2019-03-31": "", "2018-12-31": "", "2018-09-30": "", "2018-06-30": "", "2018-03-31": "", "2017-12-31": "", "2017-09-30": "", "2017-06-30": "", "2017-03-31": "", "2016-12-31": "", "2016-09-30": "", "2016-06-30": "", "2016-03-31": "", "2015-12-31": "", "2015-09-30": "", "2015-06-30": "", "2015-03-31": "", "2014-12-31": "", "2014-09-30": "", "2014-06-30": "", "2014-03-31": "", "2013-12-31": "", "2013-09-30": "", "2013-06-30": "", "2013-03-31": "", "2012-12-31": "", "2012-09-30": "", "2012-06-30": "", "2012-03-31": "", "2011-12-31": "", "2011-09-30": "", "2011-06-30": "", "2011-03-31": "", "2010-12-31": "", "2010-09-30": "", "2010-06-30": "", "2010-03-31": "", "2009-12-31": "", "2009-09-30": "", "2009-06-30": "", "2009-03-31": "", "2008-12-31": "", "2008-09-30": "", "2008-06-30": "", "2008-03-31": "", "2007-12-31": "", "2007-09-30": "", "2007-06-30": "", "2007-03-31": "", "2006-12-31": "", "2006-09-30": "", "2006-06-30": "", "2006-03-31": "", "2005-12-31": "", "2005-09-30": "", "2005-06-30": "", "2005-03-31": ""}, "Total Current Assets": {"2020-12-31": "72642.00000", "2020-09-30": "68085.00000", "2020-06-30": "71188.00000", "2020-03-31": "62842.00000", "2019-12-31": "60547.00000", "2019-09-30": "59952.00000", "2019-06-30": "59729.00000", "2019-03-31": "58004.00000", "2018-12-31": "58298.00000", "2018-09-30": "59114.00000", "2018-06-30": "59605.00000", "2018-03-31": "59896.00000", "2017-12-31": "58897.00000", "2017-09-30": "59208.00000", "2017-06-30": "58589.00000", "2017-03-31": "60150.00000", "2016-12-31": "60108.00000", "2016-09-30": "61112.00000", "2016-06-30": "58217.00000", "2016-03-31": "55952.00000", "2015-12-31": "58827.00000", "2015-09-30": "59859.00000", "2015-06-30": "59185.00000", "2015-03-31": "58720.00000", "2014-12-31": "58603.00000", "2014-09-30": "58895.00000", "2014-06-30": "55229.00000", "2014-03-31": "55611.00000", "2013-12-31": "55323.00000", "2013-09-30": "54578.00000", "2013-06-30": "52712.00000", "2013-03-31": "53981.00000", "2012-12-31": "54150.00000", "2012-09-30": "52120.00000", "2012-06-30": "52043.00000", "2012-03-31": "51862.00000", "2011-12-31": "50229.00000", "2011-09-30": "50471.00000", "2011-06-30": "45963.00000", "2011-03-31": "46974.00000", "2010-12-31": "45477.00000", "2010-09-30": "47549.00000", "2010-06-30": "48063.00000", "2010-03-31": "49123.00000", "2009-12-31": "51189.00000", "2009-09-30": "50051.00000", "2009-06-30": "55206.00000", "2009-03-31": "55850.00000", "2008-12-31": "57664.00000", "2008-09-30": "56327.00000", "2008-06-30": "57086.00000", "2008-03-31": "57784.00000", "2007-12-31": "55385.00000", "2007-09-30": "54445.00000", "2007-06-30": "53586.00000", "2007-03-31": "52942.00000", "2006-12-31": "53771.00000", "2006-09-30": "54003.00000", "2006-06-30": "52578.00000", "2006-03-31": "51674.00000", "2005-12-31": "48263.00000", "2005-09-30": "49762.00000", "2005-06-30": "50261.00000", "2005-03-31": "49360.00000"}, "Property, Plant, And Equipment": {"2020-12-31": "459.00000", "2020-09-30": "456.00000", "2020-06-30": "450.00000", "2020-03-31": "454.00000", "2019-12-31": "457.00000", "2019-09-30": "467.00000", "2019-06-30": "470.00000", "2019-03-31": "474.00000", "2018-12-31": "475.00000", "2018-09-30": "472.00000", "2018-06-30": "467.00000", "2018-03-31": "468.00000", "2017-12-31": "466.00000", "2017-09-30": "467.00000", "2017-06-30": "484.00000", "2017-03-31": "488.00000", "2016-12-31": "501.00000", "2016-09-30": "528.00000", "2016-06-30": "544.00000", "2016-03-31": "541.00000", "2015-12-31": "550.00000", "2015-09-30": "541.00000", "2015-06-30": "541.00000", "2015-03-31": "531.00000", "2014-12-31": "532.00000", "2014-09-30": "524.00000", "2014-06-30": "562.00000", "2014-03-31": "583.00000", "2013-12-31": "594.00000", "2013-09-30": "604.00000", "2013-06-30": "604.00000", "2013-03-31": "618.00000", "2012-12-31": "622.00000", "2012-09-30": "625.00000", "2012-06-30": "667.00000", "2012-03-31": "670.00000", "2011-12-31": "675.00000", "2011-09-30": "685.00000", "2011-06-30": "641.00000", "2011-03-31": "637.00000", "2010-12-31": "630.00000", "2010-09-30": "639.00000", "2010-06-30": "634.00000", "2010-03-31": "637.00000", "2009-12-31": "644.00000", "2009-09-30": "657.00000", "2009-06-30": "667.00000", "2009-03-31": "676.00000", "2008-12-31": "683.00000", "2008-09-30": "668.00000", "2008-06-30": "674.00000", "2008-03-31": "670.00000", "2007-12-31": "650.00000", "2007-09-30": "635.00000", "2007-06-30": "616.00000", "2007-03-31": "596.00000", "2006-12-31": "568.00000", "2006-09-30": "540.00000", "2006-06-30": "522.00000", "2006-03-31": "516.00000", "2005-12-31": "510.00000", "2005-09-30": "499.00000", "2005-06-30": "481.00000", "2005-03-31": "463.00000"}, "Long-Term Investments": {"2020-12-31": "15028.00000", "2020-09-30": "15090.00000", "2020-06-30": "12759.00000", "2020-03-31": "13041.00000", "2019-12-31": "12398.00000", "2019-09-30": "12429.00000", "2019-06-30": "12338.00000", "2019-03-31": "12212.00000", "2018-12-31": "12045.00000", "2018-09-30": "11862.00000", "2018-06-30": "11915.00000", "2018-03-31": "11971.00000", "2017-12-31": "12204.00000", "2017-09-30": "12342.00000", "2017-06-30": "12374.00000", "2017-03-31": "12338.00000", "2016-12-31": "12369.00000", "2016-09-30": "12484.00000", "2016-06-30": "12519.00000", "2016-03-31": "12514.00000", "2015-12-31": "12500.00000", "2015-09-30": "10612.00000", "2015-06-30": "10219.00000", "2015-03-31": "10085.00000", "2014-12-31": "10051.00000", "2014-09-30": "9468.00000", "2014-06-30": "9534.00000", "2014-03-31": "9487.00000", "2013-12-31": "9307.00000", "2013-09-30": "9488.00000", "2013-06-30": "9631.00000", "2013-03-31": "10286.00000", "2012-12-31": "10297.00000", "2012-09-30": "10569.00000", "2012-06-30": "9940.00000", "2012-03-31": "10061.00000", "2011-12-31": "10104.00000", "2011-09-30": "9732.00000", "2011-06-30": "7537.00000", "2011-03-31": "7406.00000", "2010-12-31": "7560.00000", "2010-09-30": "6816.00000", "2010-06-30": "7188.00000", "2010-03-31": "7346.00000", "2009-12-31": "7416.00000", "2009-09-30": "8882.00000", "2009-06-30": "7757.00000", "2009-03-31": "10844.00000", "2008-12-31": "9201.00000", "2008-09-30": "8158.00000", "2008-06-30": "8243.00000", "2008-03-31": "8563.00000", "2007-12-31": "6296.00000", "2007-09-30": "4942.00000", "2007-06-30": "4368.00000", "2007-03-31": "3989.00000", "2006-12-31": "3662.00000", "2006-09-30": "3931.00000", "2006-06-30": "3980.00000", "2006-03-31": "4251.00000", "2005-12-31": "4240.00000", "2005-09-30": "4088.00000", "2005-06-30": "3947.00000", "2005-03-31": "3687.00000"}, "Goodwill And Intangible Assets": {"2020-12-31": "", "2020-09-30": "", "2020-06-30": "", "2020-03-31": "", "2019-12-31": "", "2019-09-30": "", "2019-06-30": "", "2019-03-31": "", "2018-12-31": "", "2018-09-30": "", "2018-06-30": "", "2018-03-31": "", "2017-12-31": "", "2017-09-30": "", "2017-06-30": "", "2017-03-31": "", "2016-12-31": "", "2016-09-30": "", "2016-06-30": "", "2016-03-31": "", "2015-12-31": "", "2015-09-30": "", "2015-06-30": "", "2015-03-31": "", "2014-12-31": "", "2014-09-30": "", "2014-06-30": "", "2014-03-31": "", "2013-12-31": "", "2013-09-30": "", "2013-06-30": "", "2013-03-31": "", "2012-12-31": "", "2012-09-30": "", "2012-06-30": "", "2012-03-31": "", "2011-12-31": "", "2011-09-30": "", "2011-06-30": "", "2011-03-31": "", "2010-12-31": "", "2010-09-30": "", "2010-06-30": "", "2010-03-31": "", "2009-12-31": "", "2009-09-30": "", "2009-06-30": "", "2009-03-31": "", "2008-12-31": "", "2008-09-30": "", "2008-06-30": "", "2008-03-31": "", "2007-12-31": "", "2007-09-30": "", "2007-06-30": "", "2007-03-31": "", "2006-12-31": "", "2006-09-30": "", "2006-06-30": "", "2006-03-31": "", "2005-12-31": "", "2005-09-30": "", "2005-06-30": "", "2005-03-31": ""}, "Other Long-Term Assets": {"2020-12-31": "", "2020-09-30": "", "2020-06-30": "", "2020-03-31": "", "2019-12-31": "", "2019-09-30": "", "2019-06-30": "", "2019-03-31": "", "2018-12-31": "", "2018-09-30": "", "2018-06-30": "", "2018-03-31": "", "2017-12-31": "", "2017-09-30": "", "2017-06-30": "", "2017-03-31": "", "2016-12-31": "", "2016-09-30": "", "2016-06-30": "", "2016-03-31": "", "2015-12-31": "", "2015-09-30": "", "2015-06-30": "", "2015-03-31": "", "2014-12-31": "", "2014-09-30": "", "2014-06-30": "", "2014-03-31": "", "2013-12-31": "", "2013-09-30": "", "2013-06-30": "", "2013-03-31": "", "2012-12-31": "", "2012-09-30": "", "2012-06-30": "", "2012-03-31": "", "2011-12-31": "", "2011-09-30": "", "2011-06-30": "", "2011-03-31": "", "2010-12-31": "", "2010-09-30": "", "2010-06-30": "", "2010-03-31": "", "2009-12-31": "", "2009-09-30": "", "2009-06-30": "", "2009-03-31": "", "2008-12-31": "", "2008-09-30": "", "2008-06-30": "", "2008-03-31": "", "2007-12-31": "", "2007-09-30": "", "2007-06-30": "", "2007-03-31": "", "2006-12-31": "", "2006-09-30": "", "2006-06-30": "", "2006-03-31": "", "2005-12-31": "", "2005-09-30": "", "2005-06-30": "", "2005-03-31": ""}, "Total Long-Term Assets": {"2020-12-31": "15487.00000", "2020-09-30": "15546.00000", "2020-06-30": "13209.00000", "2020-03-31": "13495.00000", "2019-12-31": "12855.00000", "2019-09-30": "12896.00000", "2019-06-30": "12808.00000", "2019-03-31": "12686.00000", "2018-12-31": "12520.00000", "2018-09-30": "12334.00000", "2018-06-30": "12382.00000", "2018-03-31": "12439.00000", "2017-12-31": "12670.00000", "2017-09-30": "12809.00000", "2017-06-30": "12858.00000", "2017-03-31": "12826.00000", "2016-12-31": "12870.00000", "2016-09-30": "13012.00000", "2016-06-30": "13063.00000", "2016-03-31": "13055.00000", "2015-12-31": "13050.00000", "2015-09-30": "11153.00000", "2015-06-30": "10760.00000", "2015-03-31": "10616.00000", "2014-12-31": "10583.00000", "2014-09-30": "9992.00000", "2014-06-30": "10096.00000", "2014-03-31": "10070.00000", "2013-12-31": "9901.00000", "2013-09-30": "10092.00000", "2013-06-30": "10235.00000", "2013-03-31": "10904.00000", "2012-12-31": "10919.00000", "2012-09-30": "11194.00000", "2012-06-30": "10607.00000", "2012-03-31": "10731.00000", "2011-12-31": "10779.00000", "2011-09-30": "10417.00000", "2011-06-30": "8178.00000", "2011-03-31": "8043.00000", "2010-12-31": "8190.00000", "2010-09-30": "7455.00000", "2010-06-30": "7822.00000", "2010-03-31": "7983.00000", "2009-12-31": "8060.00000", "2009-09-30": "9539.00000", "2009-06-30": "8424.00000", "2009-03-31": "11520.00000", "2008-12-31": "9884.00000", "2008-09-30": "8826.00000", "2008-06-30": "8917.00000", "2008-03-31": "9233.00000", "2007-12-31": "6946.00000", "2007-09-30": "5577.00000", "2007-06-30": "4984.00000", "2007-03-31": "4585.00000", "2006-12-31": "4230.00000", "2006-09-30": "4471.00000", "2006-06-30": "4502.00000", "2006-03-31": "4767.00000", "2005-12-31": "4750.00000", "2005-09-30": "4587.00000", "2005-06-30": "4428.00000", "2005-03-31": "4150.00000"}, "Total Assets": {"2020-12-31": "88129.00000", "2020-09-30": "83631.00000", "2020-06-30": "84397.00000", "2020-03-31": "76337.00000", "2019-12-31": "73402.00000", "2019-09-30": "72848.00000", "2019-06-30": "72537.00000", "2019-03-31": "70690.00000", "2018-12-31": "70818.00000", "2018-09-30": "71448.00000", "2018-06-30": "71987.00000", "2018-03-31": "72335.00000", "2017-12-31": "71567.00000", "2017-09-30": "72017.00000", "2017-06-30": "71447.00000", "2017-03-31": "72976.00000", "2016-12-31": "72978.00000", "2016-09-30": "74124.00000", "2016-06-30": "71280.00000", "2016-03-31": "69007.00000", "2015-12-31": "71877.00000", "2015-09-30": "71012.00000", "2015-06-30": "69945.00000", "2015-03-31": "69336.00000", "2014-12-31": "69186.00000", "2014-09-30": "68887.00000", "2014-06-30": "65325.00000", "2014-03-31": "65681.00000", "2013-12-31": "65224.00000", "2013-09-30": "64670.00000", "2013-06-30": "62947.00000", "2013-03-31": "64885.00000", "2012-12-31": "65069.00000", "2012-09-30": "63314.00000", "2012-06-30": "62650.00000", "2012-03-31": "62593.00000", "2011-12-31": "61008.00000", "2011-09-30": "60888.00000", "2011-06-30": "54141.00000", "2011-03-31": "55017.00000", "2010-12-31": "53667.00000", "2010-09-30": "55004.00000", "2010-06-30": "55885.00000", "2010-03-31": "57106.00000", "2009-12-31": "59249.00000", "2009-09-30": "59590.00000", "2009-06-30": "63630.00000", "2009-03-31": "67370.00000", "2008-12-31": "67548.00000", "2008-09-30": "65153.00000", "2008-06-30": "66003.00000", "2008-03-31": "67017.00000", "2007-12-31": "62331.00000", "2007-09-30": "60022.00000", "2007-06-30": "58570.00000", "2007-03-31": "57527.00000", "2006-12-31": "58001.00000", "2006-09-30": "58474.00000", "2006-06-30": "57080.00000", "2006-03-31": "56441.00000", "2005-12-31": "53013.00000", "2005-09-30": "54349.00000", "2005-06-30": "54689.00000", "2005-03-31": "53510.00000"}, "Total Current Liabilities": {"2020-12-31": "74351.00000", "2020-09-30": "70003.00000", "2020-06-30": "70074.00000", "2020-03-31": "61501.00000", "2019-12-31": "58806.00000", "2019-09-30": "58337.00000", "2019-06-30": "58656.00000", "2019-03-31": "56433.00000", "2018-12-31": "56848.00000", "2018-09-30": "57244.00000", "2018-06-30": "58325.00000", "2018-03-31": "58741.00000", "2017-12-31": "58982.00000", "2017-09-30": "59346.00000", "2017-06-30": "58319.00000", "2017-03-31": "59893.00000", "2016-12-31": "60022.00000", "2016-09-30": "60507.00000", "2016-06-30": "57665.00000", "2016-03-31": "58254.00000", "2015-12-31": "61259.00000", "2015-09-30": "60290.00000", "2015-06-30": "59581.00000", "2015-03-31": "59150.00000", "2014-12-31": "59109.00000", "2014-09-30": "58785.00000", "2014-06-30": "55336.00000", "2014-03-31": "54864.00000", "2013-12-31": "54531.00000", "2013-09-30": "54136.00000", "2013-06-30": "52435.00000", "2013-03-31": "53198.00000", "2012-12-31": "53407.00000", "2012-09-30": "51490.00000", "2012-06-30": "50880.00000", "2012-03-31": "50689.00000", "2011-12-31": "49196.00000", "2011-09-30": "48928.00000", "2011-06-30": "42897.00000", "2011-03-31": "43024.00000", "2010-12-31": "41736.00000", "2010-09-30": "41908.00000", "2010-06-30": "41052.00000", "2010-03-31": "41523.00000", "2009-12-31": "41160.00000", "2009-09-30": "41303.00000", "2009-06-30": "42966.00000", "2009-03-31": "45575.00000", "2008-12-31": "45343.00000", "2008-09-30": "44677.00000", "2008-06-30": "48063.00000", "2008-03-31": "50960.00000", "2007-12-31": "48393.00000", "2007-09-30": "46048.00000", "2007-06-30": "44813.00000", "2007-03-31": "45268.00000", "2006-12-31": "46899.00000", "2006-09-30": "46511.00000", "2006-06-30": "45804.00000", "2006-03-31": "47285.00000", "2005-12-31": "43984.00000", "2005-09-30": "45192.00000", "2005-06-30": "45263.00000", "2005-03-31": "44197.00000"}, "Long Term Debt": {"2020-12-31": "5728.00000", "2020-09-30": "5754.00000", "2020-06-30": "6521.00000", "2020-03-31": "7434.00000", "2019-12-31": "7269.00000", "2019-09-30": "7311.00000", "2019-06-30": "6558.00000", "2019-03-31": "6848.00000", "2018-12-31": "6463.00000", "2018-09-30": "6418.00000", "2018-06-30": "5583.00000", "2018-03-31": "5594.00000", "2017-12-31": "4622.00000", "2017-09-30": "4637.00000", "2017-06-30": "5143.00000", "2017-03-31": "5153.00000", "2016-12-31": "5160.00000", "2016-09-30": "5890.00000", "2016-06-30": "5921.00000", "2016-03-31": "3109.00000", "2015-12-31": "3058.00000", "2015-09-30": "3100.00000", "2015-06-30": "2841.00000", "2015-03-31": "2686.00000", "2014-12-31": "2675.00000", "2014-09-30": "2669.00000", "2014-06-30": "2620.00000", "2014-03-31": "3534.00000", "2013-12-31": "3543.00000", "2013-09-30": "3565.00000", "2013-06-30": "3601.00000", "2013-03-31": "4699.00000", "2012-12-31": "4720.00000", "2012-09-30": "4740.00000", "2012-06-30": "4742.00000", "2012-03-31": "4919.00000", "2011-12-31": "4944.00000", "2011-09-30": "5009.00000", "2011-06-30": "5206.00000", "2011-03-31": "6116.00000", "2010-12-31": "6138.00000", "2010-09-30": "7239.00000", "2010-06-30": "9041.00000", "2010-03-31": "9915.00000", "2009-12-31": "11060.00000", "2009-09-30": "11252.00000", "2009-06-30": "13571.00000", "2009-03-31": "14612.00000", "2008-12-31": "15053.00000", "2008-09-30": "15376.00000", "2008-06-30": "12858.00000", "2008-03-31": "10800.00000", "2007-12-31": "8821.00000", "2007-09-30": "8906.00000", "2007-06-30": "8748.00000", "2007-03-31": "7148.00000", "2006-12-31": "5949.00000", "2006-09-30": "6755.00000", "2006-06-30": "6087.00000", "2006-03-31": "4062.00000", "2005-12-31": "3961.00000", "2005-09-30": "4066.00000", "2005-06-30": "4309.00000", "2005-03-31": "4283.00000"}, "Other Non-Current Liabilities": {"2020-12-31": "", "2020-09-30": "", "2020-06-30": "", "2020-03-31": "", "2019-12-31": "", "2019-09-30": "", "2019-06-30": "", "2019-03-31": "", "2018-12-31": "", "2018-09-30": "", "2018-06-30": "", "2018-03-31": "", "2017-12-31": "", "2017-09-30": "", "2017-06-30": "", "2017-03-31": "", "2016-12-31": "", "2016-09-30": "", "2016-06-30": "", "2016-03-31": "", "2015-12-31": "", "2015-09-30": "", "2015-06-30": "", "2015-03-31": "", "2014-12-31": "", "2014-09-30": "", "2014-06-30": "", "2014-03-31": "", "2013-12-31": "", "2013-09-30": "", "2013-06-30": "", "2013-03-31": "", "2012-12-31": "", "2012-09-30": "", "2012-06-30": "", "2012-03-31": "", "2011-12-31": "", "2011-09-30": "", "2011-06-30": "", "2011-03-31": "", "2010-12-31": "", "2010-09-30": "", "2010-06-30": "", "2010-03-31": "", "2009-12-31": "", "2009-09-30": "", "2009-06-30": "", "2009-03-31": "", "2008-12-31": "", "2008-09-30": "", "2008-06-30": "", "2008-03-31": "", "2007-12-31": "", "2007-09-30": "", "2007-06-30": "", "2007-03-31": "", "2006-12-31": "", "2006-09-30": "", "2006-06-30": "", "2006-03-31": "", "2005-12-31": "", "2005-09-30": "", "2005-06-30": "", "2005-03-31": ""}, "Total Long Term Liabilities": {"2020-12-31": "5728.00000", "2020-09-30": "5754.00000", "2020-06-30": "6521.00000", "2020-03-31": "7434.00000", "2019-12-31": "7269.00000", "2019-09-30": "7311.00000", "2019-06-30": "6558.00000", "2019-03-31": "6848.00000", "2018-12-31": "6463.00000", "2018-09-30": "6418.00000", "2018-06-30": "5583.00000", "2018-03-31": "5594.00000", "2017-12-31": "4622.00000", "2017-09-30": "4637.00000", "2017-06-30": "5143.00000", "2017-03-31": "5153.00000", "2016-12-31": "5160.00000", "2016-09-30": "5890.00000", "2016-06-30": "5921.00000", "2016-03-31": "3109.00000", "2015-12-31": "3058.00000", "2015-09-30": "3100.00000", "2015-06-30": "2841.00000", "2015-03-31": "2686.00000", "2014-12-31": "2675.00000", "2014-09-30": "2669.00000", "2014-06-30": "2620.00000", "2014-03-31": "3534.00000", "2013-12-31": "3543.00000", "2013-09-30": "3565.00000", "2013-06-30": "3601.00000", "2013-03-31": "4699.00000", "2012-12-31": "4720.00000", "2012-09-30": "4740.00000", "2012-06-30": "4742.00000", "2012-03-31": "4919.00000", "2011-12-31": "4944.00000", "2011-09-30": "5009.00000", "2011-06-30": "5206.00000", "2011-03-31": "6116.00000", "2010-12-31": "6138.00000", "2010-09-30": "7239.00000", "2010-06-30": "9041.00000", "2010-03-31": "9915.00000", "2009-12-31": "11060.00000", "2009-09-30": "11252.00000", "2009-06-30": "13571.00000", "2009-03-31": "14612.00000", "2008-12-31": "15053.00000", "2008-09-30": "15376.00000", "2008-06-30": "12858.00000", "2008-03-31": "10800.00000", "2007-12-31": "8821.00000", "2007-09-30": "8906.00000", "2007-06-30": "8748.00000", "2007-03-31": "7148.00000", "2006-12-31": "5949.00000", "2006-09-30": "6755.00000", "2006-06-30": "6087.00000", "2006-03-31": "4062.00000", "2005-12-31": "3961.00000", "2005-09-30": "4066.00000", "2005-06-30": "4309.00000", "2005-03-31": "4283.00000"}, "Total Liabilities": {"2020-12-31": "80079.00000", "2020-09-30": "75757.00000", "2020-06-30": "76595.00000", "2020-03-31": "68935.00000", "2019-12-31": "66075.00000", "2019-09-30": "65648.00000", "2019-06-30": "65214.00000", "2019-03-31": "63281.00000", "2018-12-31": "63311.00000", "2018-09-30": "63662.00000", "2018-06-30": "63908.00000", "2018-03-31": "64335.00000", "2017-12-31": "63604.00000", "2017-09-30": "63983.00000", "2017-06-30": "63462.00000", "2017-03-31": "65046.00000", "2016-12-31": "65182.00000", "2016-09-30": "66397.00000", "2016-06-30": "63586.00000", "2016-03-31": "61363.00000", "2015-12-31": "64317.00000", "2015-09-30": "63390.00000", "2015-06-30": "62422.00000", "2015-03-31": "61836.00000", "2014-12-31": "61784.00000", "2014-09-30": "61454.00000", "2014-06-30": "57956.00000", "2014-03-31": "58398.00000", "2013-12-31": "58074.00000", "2013-09-30": "57701.00000", "2013-06-30": "56036.00000", "2013-03-31": "57897.00000", "2012-12-31": "58127.00000", "2012-09-30": "56230.00000", "2012-06-30": "55622.00000", "2012-03-31": "55608.00000", "2011-12-31": "54140.00000", "2011-09-30": "53937.00000", "2011-06-30": "48103.00000", "2011-03-31": "49140.00000", "2010-12-31": "47874.00000", "2010-09-30": "49147.00000", "2010-06-30": "50093.00000", "2010-03-31": "51438.00000", "2009-12-31": "52220.00000", "2009-09-30": "52555.00000", "2009-06-30": "56537.00000", "2009-03-31": "60187.00000", "2008-12-31": "60396.00000", "2008-09-30": "60053.00000", "2008-06-30": "60921.00000", "2008-03-31": "61760.00000", "2007-12-31": "57214.00000", "2007-09-30": "54954.00000", "2007-06-30": "53561.00000", "2007-03-31": "52416.00000", "2006-12-31": "52848.00000", "2006-09-30": "53266.00000", "2006-06-30": "51891.00000", "2006-03-31": "51347.00000", "2005-12-31": "47945.00000", "2005-09-30": "49258.00000", "2005-06-30": "49572.00000", "2005-03-31": "48480.00000"}, "Common Stock Net": {"2020-12-31": "1141.00000", "2020-09-30": "1141.00000", "2020-06-30": "1141.00000", "2020-03-31": "1141.00000", "2019-12-31": "1141.00000", "2019-09-30": "1141.00000", "2019-06-30": "1141.00000", "2019-03-31": "1141.00000", "2018-12-31": "1141.00000", "2018-09-30": "1141.00000", "2018-06-30": "1141.00000", "2018-03-31": "1141.00000", "2017-12-31": "1141.00000", "2017-09-30": "1141.00000", "2017-06-30": "2110.00000", "2017-03-31": "1141.00000", "2016-12-31": "1141.00000", "2016-09-30": "1141.00000", "2016-06-30": "1141.00000", "2016-03-31": "1141.00000", "2015-12-31": "1141.00000", "2015-09-30": "1141.00000", "2015-06-30": "1141.00000", "2015-03-31": "1141.00000", "2014-12-31": "1141.00000", "2014-09-30": "1141.00000", "2014-06-30": "1141.00000", "2014-03-31": "1141.00000", "2013-12-31": "1141.00000", "2013-09-30": "1141.00000", "2013-06-30": "1141.00000", "2013-03-31": "1141.00000", "2012-12-31": "1141.00000", "2012-09-30": "1141.00000", "2012-06-30": "1141.00000", "2012-03-31": "1141.00000", "2011-12-31": "1141.00000", "2011-09-30": "1141.00000", "2011-06-30": "1019.00000", "2011-03-31": "1019.00000", "2010-12-31": "1019.00000", "2010-09-30": "1019.00000", "2010-06-30": "1019.00000", "2010-03-31": "1019.00000", "2009-12-31": "894.00000", "2009-09-30": "894.00000", "2009-06-30": "894.00000", "2009-03-31": "894.00000", "2008-12-31": "894.00000", "2008-09-30": "894.00000", "2008-06-30": "894.00000", "2008-03-31": "894.00000", "2007-12-31": "894.00000", "2007-09-30": "894.00000", "2007-06-30": "894.00000", "2007-03-31": "894.00000", "2006-12-31": "894.00000", "2006-09-30": "894.00000", "2006-06-30": "894.00000", "2006-03-31": "894.00000", "2005-12-31": "894.00000", "2005-09-30": "894.00000", "2005-06-30": "894.00000", "2005-03-31": "894.00000"}, "Retained Earnings (Accumulated Deficit)": {"2020-12-31": "9623.00000", "2020-09-30": "9511.00000", "2020-06-30": "9404.00000", "2020-03-31": "9389.00000", "2019-12-31": "9538.00000", "2019-09-30": "9369.00000", "2019-06-30": "9176.00000", "2019-03-31": "8979.00000", "2018-12-31": "8781.00000", "2018-09-30": "8587.00000", "2018-06-30": "8374.00000", "2018-03-31": "8110.00000", "2017-12-31": "7887.00000", "2017-09-30": "7746.00000", "2017-06-30": "7580.00000", "2017-03-31": "7431.00000", "2016-12-31": "7331.00000", "2016-09-30": "7262.00000", "2016-06-30": "7157.00000", "2016-03-31": "7097.00000", "2015-12-31": "7084.00000", "2015-09-30": "7007.00000", "2015-06-30": "6908.00000", "2015-03-31": "6841.00000", "2014-12-31": "6744.00000", "2014-09-30": "6631.00000", "2014-06-30": "6520.00000", "2014-03-31": "6414.00000", "2013-12-31": "6318.00000", "2013-09-30": "6239.00000", "2013-06-30": "6127.00000", "2013-03-31": "6020.00000", "2012-12-31": "5931.00000", "2012-09-30": "5831.00000", "2012-06-30": "5744.00000", "2012-03-31": "5630.00000", "2011-12-31": "5546.00000", "2011-09-30": "5471.00000", "2011-06-30": "5395.00000", "2011-03-31": "5317.00000", "2010-12-31": "5247.00000", "2010-09-30": "5171.00000", "2010-06-30": "5124.00000", "2010-03-31": "5064.00000", "2009-12-31": "5161.00000", "2009-09-30": "5205.00000", "2009-06-30": "5257.00000", "2009-03-31": "5252.00000", "2008-12-31": "5345.00000", "2008-09-30": "5379.00000", "2008-06-30": "5451.00000", "2008-03-31": "5496.00000", "2007-12-31": "5497.00000", "2007-09-30": "5475.00000", "2007-06-30": "5391.00000", "2007-03-31": "5302.00000", "2006-12-31": "5282.00000", "2006-09-30": "5079.00000", "2006-06-30": "4978.00000", "2006-03-31": "4880.00000", "2005-12-31": "4796.00000", "2005-09-30": "4683.00000", "2005-06-30": "4546.00000", "2005-03-31": "4427.00000"}, "Comprehensive Income": {"2020-12-31": "168.00000", "2020-09-30": "116.00000", "2020-06-30": "158.00000", "2020-03-31": "174.00000", "2019-12-31": "-235.00000", "2019-09-30": "-336.00000", "2019-06-30": "-382.00000", "2019-03-31": "-513.00000", "2018-12-31": "-609.00000", "2018-09-30": "-611.00000", "2018-06-30": "-589.00000", "2018-03-31": "-553.00000", "2017-12-31": "-451.00000", "2017-09-30": "-359.00000", "2017-06-30": "-361.00000", "2017-03-31": "-379.00000", "2016-12-31": "-383.00000", "2016-09-30": "-292.00000", "2016-06-30": "-295.00000", "2016-03-31": "-328.00000", "2015-12-31": "-429.00000", "2015-09-30": "-345.00000", "2015-06-30": "-396.00000", "2015-03-31": "-370.00000", "2014-12-31": "-412.00000", "2014-09-30": "-317.00000", "2014-06-30": "-304.00000", "2014-03-31": "-325.00000", "2013-12-31": "-391.00000", "2013-09-30": "-541.00000", "2013-06-30": "-538.00000", "2013-03-31": "-410.00000", "2012-12-31": "-413.00000", "2012-09-30": "-253.00000", "2012-06-30": "-301.00000", "2012-03-31": "-326.00000", "2011-12-31": "-356.00000", "2011-09-30": "-230.00000", "2011-06-30": "-308.00000", "2011-03-31": "-382.00000", "2010-12-31": "-389.00000", "2010-09-30": "-238.00000", "2010-06-30": "-240.00000", "2010-03-31": "-303.00000", "2009-12-31": "-336.00000", "2009-09-30": "-361.00000", "2009-06-30": "-342.00000", "2009-03-31": "-238.00000", "2008-12-31": "-309.00000", "2008-09-30": "-129.00000", "2008-06-30": "-207.00000", "2008-03-31": "-67.00000", "2007-12-31": "-177.00000", "2007-09-30": "-238.00000", "2007-06-30": "-308.00000", "2007-03-31": "-284.00000", "2006-12-31": "-324.00000", "2006-09-30": "-128.00000", "2006-06-30": "-226.00000", "2006-03-31": "-198.00000", "2005-12-31": "-170.00000", "2005-09-30": "-158.00000", "2005-06-30": "-99.00000", "2005-03-31": "-154.00000"}, "Other Share Holders Equity": {"2020-12-31": "", "2020-09-30": "", "2020-06-30": "", "2020-03-31": "", "2019-12-31": "", "2019-09-30": "", "2019-06-30": "", "2019-03-31": "", "2018-12-31": "", "2018-09-30": "", "2018-06-30": "", "2018-03-31": "", "2017-12-31": "", "2017-09-30": "", "2017-06-30": "", "2017-03-31": "", "2016-12-31": "", "2016-09-30": "", "2016-06-30": "", "2016-03-31": "", "2015-12-31": "", "2015-09-30": "", "2015-06-30": "", "2015-03-31": "", "2014-12-31": "", "2014-09-30": "", "2014-06-30": "", "2014-03-31": "", "2013-12-31": "", "2013-09-30": "", "2013-06-30": "", "2013-03-31": "", "2012-12-31": "", "2012-09-30": "", "2012-06-30": "", "2012-03-31": "", "2011-12-31": "", "2011-09-30": "", "2011-06-30": "", "2011-03-31": "", "2010-12-31": "", "2010-09-30": "", "2010-06-30": "", "2010-03-31": "", "2009-12-31": "", "2009-09-30": "", "2009-06-30": "", "2009-03-31": "", "2008-12-31": "", "2008-09-30": "", "2008-06-30": "", "2008-03-31": "", "2007-12-31": "", "2007-09-30": "", "2007-06-30": "", "2007-03-31": "", "2006-12-31": "", "2006-09-30": "", "2006-06-30": "", "2006-03-31": "", "2005-12-31": "", "2005-09-30": "", "2005-06-30": "", "2005-03-31": ""}, "Share Holder Equity": {"2020-12-31": "8050.00000", "2020-09-30": "7874.00000", "2020-06-30": "7802.00000", "2020-03-31": "7402.00000", "2019-12-31": "7327.00000", "2019-09-30": "7200.00000", "2019-06-30": "7323.00000", "2019-03-31": "7409.00000", "2018-12-31": "7507.00000", "2018-09-30": "7786.00000", "2018-06-30": "8079.00000", "2018-03-31": "8000.00000", "2017-12-31": "7963.00000", "2017-09-30": "8034.00000", "2017-06-30": "7985.00000", "2017-03-31": "7930.00000", "2016-12-31": "7796.00000", "2016-09-30": "7727.00000", "2016-06-30": "7694.00000", "2016-03-31": "7644.00000", "2015-12-31": "7560.00000", "2015-09-30": "7622.00000", "2015-06-30": "7523.00000", "2015-03-31": "7500.00000", "2014-12-31": "7402.00000", "2014-09-30": "7433.00000", "2014-06-30": "7369.00000", "2014-03-31": "7283.00000", "2013-12-31": "7150.00000", "2013-09-30": "6969.00000", "2013-06-30": "6911.00000", "2013-03-31": "6988.00000", "2012-12-31": "6942.00000", "2012-09-30": "7084.00000", "2012-06-30": "7028.00000", "2012-03-31": "6985.00000", "2011-12-31": "6868.00000", "2011-09-30": "6951.00000", "2011-06-30": "6038.00000", "2011-03-31": "5877.00000", "2010-12-31": "5793.00000", "2010-09-30": "5857.00000", "2010-06-30": "5792.00000", "2010-03-31": "5668.00000", "2009-12-31": "7029.00000", "2009-09-30": "7035.00000", "2009-06-30": "7093.00000", "2009-03-31": "7183.00000", "2008-12-31": "7152.00000", "2008-09-30": "5100.00000", "2008-06-30": "5082.00000", "2008-03-31": "5257.00000", "2007-12-31": "5117.00000", "2007-09-30": "5068.00000", "2007-06-30": "5009.00000", "2007-03-31": "5111.00000", "2006-12-31": "5153.00000", "2006-09-30": "5208.00000", "2006-06-30": "5189.00000", "2006-03-31": "5094.00000", "2005-12-31": "5068.00000", "2005-09-30": "5091.00000", "2005-06-30": "5117.00000", "2005-03-31": "5030.00000"}, "Total Liabilities And Share Holders Equity": {"2020-12-31": "88129.00000", "2020-09-30": "83631.00000", "2020-06-30": "84397.00000", "2020-03-31": "76337.00000", "2019-12-31": "73402.00000", "2019-09-30": "72848.00000", "2019-06-30": "72537.00000", "2019-03-31": "70690.00000", "2018-12-31": "70818.00000", "2018-09-30": "71448.00000", "2018-06-30": "71987.00000", "2018-03-31": "72335.00000", "2017-12-31": "71567.00000", "2017-09-30": "72017.00000", "2017-06-30": "71447.00000", "2017-03-31": "72976.00000", "2016-12-31": "72978.00000", "2016-09-30": "74124.00000", "2016-06-30": "71280.00000", "2016-03-31": "69007.00000", "2015-12-31": "71877.00000", "2015-09-30": "71012.00000", "2015-06-30": "69945.00000", "2015-03-31": "69336.00000", "2014-12-31": "69186.00000", "2014-09-30": "68887.00000", "2014-06-30": "65325.00000", "2014-03-31": "65681.00000", "2013-12-31": "65224.00000", "2013-09-30": "64670.00000", "2013-06-30": "62947.00000", "2013-03-31": "64885.00000", "2012-12-31": "65069.00000", "2012-09-30": "63314.00000", "2012-06-30": "62650.00000", "2012-03-31": "62593.00000", "2011-12-31": "61008.00000", "2011-09-30": "60888.00000", "2011-06-30": "54141.00000", "2011-03-31": "55017.00000", "2010-12-31": "53667.00000", "2010-09-30": "55004.00000", "2010-06-30": "55885.00000", "2010-03-31": "57106.00000", "2009-12-31": "59249.00000", "2009-09-30": "59590.00000", "2009-06-30": "63630.00000", "2009-03-31": "67370.00000", "2008-12-31": "67548.00000", "2008-09-30": "65153.00000", "2008-06-30": "66003.00000", "2008-03-31": "67017.00000", "2007-12-31": "62331.00000", "2007-09-30": "60022.00000", "2007-06-30": "58570.00000", "2007-03-31": "57527.00000", "2006-12-31": "58001.00000", "2006-09-30": "58474.00000", "2006-06-30": "57080.00000", "2006-03-31": "56441.00000", "2005-12-31": "53013.00000", "2005-09-30": "54349.00000", "2005-06-30": "54689.00000", "2005-03-31": "53510.00000"}}, "cash flow statement": {"Net Income/Loss": {"2020-12-31": "0.00000", "2019-12-31": "1198.00000", "2018-12-31": "1235.00000", "2017-12-31": "743.00000", "2016-12-31": "477.00000", "2015-12-31": "521.00000", "2014-12-31": "593.00000", "2013-12-31": "541.00000", "2012-12-31": "521.00000", "2011-12-31": "393.00000", "2010-12-31": "277.00000", "2009-12-31": "17.00000", "2008-12-31": "213.00000", "2007-12-31": "686.00000", "2006-12-31": "893.00000", "2005-12-31": "861.00000"}, "Total Depreciation And Amortization - Cash Flow": {"2020-12-31": "", "2019-12-31": "116.00000", "2018-12-31": "123.00000", "2017-12-31": "127.00000", "2016-12-31": "129.00000", "2015-12-31": "131.00000", "2014-12-31": "136.00000", "2013-12-31": "145.00000", "2012-12-31": "181.00000", "2011-12-31": "161.00000", "2010-12-31": "150.00000", "2009-12-31": "117.00000", "2008-12-31": "103.00000", "2007-12-31": "93.00000", "2006-12-31": "82.00000", "2005-12-31": "80.00000"}, "Other Non-Cash Items": {"2020-12-31": "", "2019-12-31": "104.00000", "2018-12-31": "70.00000", "2017-12-31": "168.00000", "2016-12-31": "229.00000", "2015-12-31": "155.00000", "2014-12-31": "158.00000", "2013-12-31": "101.00000", "2012-12-31": "271.00000", "2011-12-31": "258.00000", "2010-12-31": "341.00000", "2009-12-31": "631.00000", "2008-12-31": "540.00000", "2007-12-31": "198.00000", "2006-12-31": "78.00000", "2005-12-31": "-104.00000"}, "Total Non-Cash Items": {"2020-12-31": "", "2019-12-31": "220.00000", "2018-12-31": "193.00000", "2017-12-31": "295.00000", "2016-12-31": "358.00000", "2015-12-31": "286.00000", "2014-12-31": "294.00000", "2013-12-31": "246.00000", "2012-12-31": "452.00000", "2011-12-31": "419.00000", "2010-12-31": "491.00000", "2009-12-31": "748.00000", "2008-12-31": "643.00000", "2007-12-31": "291.00000", "2006-12-31": "160.00000", "2005-12-31": "-24.00000"}, "Change In Accounts Receivable": {"2020-12-31": "", "2019-12-31": "17.00000", "2018-12-31": "-45.00000", "2017-12-31": "-33.00000", "2016-12-31": "-20.00000", "2015-12-31": "-12.00000", "2014-12-31": "-4.00000", "2013-12-31": "7.00000", "2012-12-31": "5.00000", "2011-12-31": "-8.00000", "2010-12-31": "15.00000", "2009-12-31": "66.00000", "2008-12-31": "181.00000", "2007-12-31": "15.00000", "2006-12-31": "13.00000", "2005-12-31": "94.00000"}, "Change In Inventories": {"2020-12-31": "", "2019-12-31": "", "2018-12-31": "", "2017-12-31": "", "2016-12-31": "", "2015-12-31": "", "2014-12-31": "13.00000", "2013-12-31": "6.00000", "2012-12-31": "1.00000", "2011-12-31": "3.00000", "2010-12-31": "-10.00000", "2009-12-31": "16.00000", "2008-12-31": "-6.00000", "2007-12-31": "61.00000", "2006-12-31": "-50.00000", "2005-12-31": ""}, "Change In Accounts Payable": {"2020-12-31": "", "2019-12-31": "", "2018-12-31": "", "2017-12-31": "", "2016-12-31": "", "2015-12-31": "", "2014-12-31": "", "2013-12-31": "", "2012-12-31": "", "2011-12-31": "", "2010-12-31": "", "2009-12-31": "", "2008-12-31": "", "2007-12-31": "", "2006-12-31": "", "2005-12-31": ""}, "Change In Assets/Liabilities": {"2020-12-31": "", "2019-12-31": "", "2018-12-31": "", "2017-12-31": "", "2016-12-31": "", "2015-12-31": "", "2014-12-31": "", "2013-12-31": "", "2012-12-31": "", "2011-12-31": "", "2010-12-31": "", "2009-12-31": "", "2008-12-31": "", "2007-12-31": "", "2006-12-31": "", "2005-12-31": ""}, "Total Change In Assets/Liabilities": {"2020-12-31": "", "2019-12-31": "-10.00000", "2018-12-31": "4.00000", "2017-12-31": "8.00000", "2016-12-31": "17.00000", "2015-12-31": "-47.00000", "2014-12-31": "-5.00000", "2013-12-31": "51.00000", "2012-12-31": "41.00000", "2011-12-31": "54.00000", "2010-12-31": "62.00000", "2009-12-31": "-229.00000", "2008-12-31": "-131.00000", "2007-12-31": "112.00000", "2006-12-31": "-12.00000", "2005-12-31": "10.00000"}, "Cash Flow From Operating Activities": {"2020-12-31": "", "2019-12-31": "1090.00000", "2018-12-31": "1616.00000", "2017-12-31": "1085.00000", "2016-12-31": "486.00000", "2015-12-31": "865.00000", "2014-12-31": "639.00000", "2013-12-31": "836.00000", "2012-12-31": "692.00000", "2011-12-31": "796.00000", "2010-12-31": "1286.00000", "2009-12-31": "91.00000", "2008-12-31": "862.00000", "2007-12-31": "1014.00000", "2006-12-31": "975.00000", "2005-12-31": "846.00000"}, "Net Change In Property, Plant, And Equipment": {"2020-12-31": "", "2019-12-31": "-86.00000", "2018-12-31": "-90.00000", "2017-12-31": "-69.00000", "2016-12-31": "-95.00000", "2015-12-31": "-119.00000", "2014-12-31": "-70.00000", "2013-12-31": "-102.00000", "2012-12-31": "-75.00000", "2011-12-31": "-121.00000", "2010-12-31": "", "2009-12-31": "-74.00000", "2008-12-31": "-166.00000", "2007-12-31": "-189.00000", "2006-12-31": "-163.00000", "2005-12-31": "-132.00000"}, "Net Change In Intangible Assets": {"2020-12-31": "", "2019-12-31": "", "2018-12-31": "", "2017-12-31": "", "2016-12-31": "", "2015-12-31": "", "2014-12-31": "", "2013-12-31": "", "2012-12-31": "", "2011-12-31": "", "2010-12-31": "", "2009-12-31": "", "2008-12-31": "", "2007-12-31": "", "2006-12-31": "", "2005-12-31": ""}, "Net Acquisitions/Divestitures": {"2020-12-31": "", "2019-12-31": "", "2018-12-31": "", "2017-12-31": "", "2016-12-31": "", "2015-12-31": "", "2014-12-31": "", "2013-12-31": "", "2012-12-31": "", "2011-12-31": "721.00000", "2010-12-31": "", "2009-12-31": "7.00000", "2008-12-31": "", "2007-12-31": "3.00000", "2006-12-31": "43.00000", "2005-12-31": "1.00000"}, "Net Change In Short-term Investments": {"2020-12-31": "", "2019-12-31": "", "2018-12-31": "", "2017-12-31": "", "2016-12-31": "", "2015-12-31": "", "2014-12-31": "", "2013-12-31": "", "2012-12-31": "", "2011-12-31": "33.00000", "2010-12-31": "0.00000", "2009-12-31": "0.00000", "2008-12-31": "", "2007-12-31": "", "2006-12-31": "", "2005-12-31": "2115.00000"}, "Net Change In Long-Term Investments": {"2020-12-31": "", "2019-12-31": "-97.00000", "2018-12-31": "-36.00000", "2017-12-31": "81.00000", "2016-12-31": "-59.00000", "2015-12-31": "-2509.00000", "2014-12-31": "-550.00000", "2013-12-31": "665.00000", "2012-12-31": "-190.00000", "2011-12-31": "-880.00000", "2010-12-31": "37.00000", "2009-12-31": "2109.00000", "2008-12-31": "-3026.00000", "2007-12-31": "-2630.00000", "2006-12-31": "591.00000", "2005-12-31": "-345.00000"}, "Net Change In Investments - Total": {"2020-12-31": "", "2019-12-31": "-97.00000", "2018-12-31": "-36.00000", "2017-12-31": "81.00000", "2016-12-31": "-59.00000", "2015-12-31": "-2509.00000", "2014-12-31": "-550.00000", "2013-12-31": "665.00000", "2012-12-31": "-190.00000", "2011-12-31": "-847.00000", "2010-12-31": "37.00000", "2009-12-31": "2109.00000", "2008-12-31": "-3026.00000", "2007-12-31": "-2630.00000", "2006-12-31": "591.00000", "2005-12-31": "1770.00000"}, "Investing Activities - Other": {"2020-12-31": "", "2019-12-31": "-311.00000", "2018-12-31": "-1030.00000", "2017-12-31": "-132.00000", "2016-12-31": "-100.00000", "2015-12-31": "-627.00000", "2014-12-31": "-3123.00000", "2013-12-31": "611.00000", "2012-12-31": "-3411.00000", "2011-12-31": "-602.00000", "2010-12-31": "1169.00000", "2009-12-31": "7427.00000", "2008-12-31": "-225.00000", "2007-12-31": "-3553.00000", "2006-12-31": "-4100.00000", "2005-12-31": "-2517.00000"}, "Cash Flow From Investing Activities": {"2020-12-31": "", "2019-12-31": "-494.00000", "2018-12-31": "-1156.00000", "2017-12-31": "-120.00000", "2016-12-31": "-254.00000", "2015-12-31": "-3255.00000", "2014-12-31": "-3743.00000", "2013-12-31": "1174.00000", "2012-12-31": "-3676.00000", "2011-12-31": "-849.00000", "2010-12-31": "1206.00000", "2009-12-31": "9469.00000", "2008-12-31": "-3417.00000", "2007-12-31": "-6369.00000", "2006-12-31": "-3629.00000", "2005-12-31": "-878.00000"}, "Net Long-Term Debt": {"2020-12-31": "", "2019-12-31": "700.00000", "2018-12-31": "1850.00000", "2017-12-31": "-516.00000", "2016-12-31": "2150.00000", "2015-12-31": "410.00000", "2014-12-31": "-810.00000", "2013-12-31": "-1080.00000", "2012-12-31": "-193.00000", "2011-12-31": "-1517.00000", "2010-12-31": "-4992.00000", "2009-12-31": "-3880.00000", "2008-12-31": "6000.00000", "2007-12-31": "2806.00000", "2006-12-31": "2023.00000", "2005-12-31": "-293.00000"}, "Net Current Debt": {"2020-12-31": "", "2019-12-31": "27.00000", "2018-12-31": "34.00000", "2017-12-31": "-15.00000", "2016-12-31": "2.00000", "2015-12-31": "-93.00000", "2014-12-31": "-137.00000", "2013-12-31": "143.00000", "2012-12-31": "40.00000", "2011-12-31": "-82.00000", "2010-12-31": "-332.00000", "2009-12-31": "-1290.00000", "2008-12-31": "-1092.00000", "2007-12-31": "2164.00000", "2006-12-31": "330.00000", "2005-12-31": "111.00000"}, "Debt Issuance/Retirement Net - Total": {"2020-12-31": "", "2019-12-31": "727.00000", "2018-12-31": "1884.00000", "2017-12-31": "-531.00000", "2016-12-31": "2152.00000", "2015-12-31": "317.00000", "2014-12-31": "-947.00000", "2013-12-31": "-937.00000", "2012-12-31": "-153.00000", "2011-12-31": "-1599.00000", "2010-12-31": "-5324.00000", "2009-12-31": "-5170.00000", "2008-12-31": "4908.00000", "2007-12-31": "4970.00000", "2006-12-31": "2353.00000", "2005-12-31": "-182.00000"}, "Net Common Equity Issued/Repurchased": {"2020-12-31": "", "2019-12-31": "-1376.00000", "2018-12-31": "-1286.00000", "2017-12-31": "-442.00000", "2016-12-31": "-163.00000", "2015-12-31": "-228.00000", "2014-12-31": "-211.00000", "2013-12-31": "-258.00000", "2012-12-31": "-305.00000", "2011-12-31": "-112.00000", "2010-12-31": "845.00000", "2009-12-31": "-1.00000", "2008-12-31": "", "2007-12-31": "-491.00000", "2006-12-31": "-339.00000", "2005-12-31": "-474.00000"}, "Net Total Equity Issued/Repurchased": {"2020-12-31": "", "2019-12-31": "-1376.00000", "2018-12-31": "-1286.00000", "2017-12-31": "-442.00000", "2016-12-31": "-163.00000", "2015-12-31": "-228.00000", "2014-12-31": "-211.00000", "2013-12-31": "-258.00000", "2012-12-31": "-305.00000", "2011-12-31": "-112.00000", "2010-12-31": "-1405.00000", "2009-12-31": "-1.00000", "2008-12-31": "2250.00000", "2007-12-31": "-491.00000", "2006-12-31": "-339.00000", "2005-12-31": "-474.00000"}, "Total Common And Preferred Stock Dividends Paid": {"2020-12-31": "", "2019-12-31": "-402.00000", "2018-12-31": "-263.00000", "2017-12-31": "-180.00000", "2016-12-31": "-152.00000", "2015-12-31": "-147.00000", "2014-12-31": "-137.00000", "2013-12-31": "-123.00000", "2012-12-31": "-97.00000", "2011-12-31": "-73.00000", "2010-12-31": "-72.00000", "2009-12-31": "-185.00000", "2008-12-31": "-395.00000", "2007-12-31": "-390.00000", "2006-12-31": "-377.00000", "2005-12-31": "-366.00000"}, "Financial Activities - Other": {"2020-12-31": "", "2019-12-31": "1712.00000", "2018-12-31": "-2079.00000", "2017-12-31": "-1185.00000", "2016-12-31": "-998.00000", "2015-12-31": "2524.00000", "2014-12-31": "4019.00000", "2013-12-31": "1225.00000", "2012-12-31": "4517.00000", "2011-12-31": "3310.00000", "2010-12-31": "775.00000", "2009-12-31": "-2010.00000", "2008-12-31": "-2299.00000", "2007-12-31": "-1286.00000", "2006-12-31": "2505.00000", "2005-12-31": "1524.00000"}, "Cash Flow From Financial Activities": {"2020-12-31": "", "2019-12-31": "661.00000", "2018-12-31": "-1744.00000", "2017-12-31": "-2338.00000", "2016-12-31": "839.00000", "2015-12-31": "2466.00000", "2014-12-31": "2724.00000", "2013-12-31": "-93.00000", "2012-12-31": "3962.00000", "2011-12-31": "1526.00000", "2010-12-31": "-6026.00000", "2009-12-31": "-7366.00000", "2008-12-31": "4464.00000", "2007-12-31": "2803.00000", "2006-12-31": "4142.00000", "2005-12-31": "502.00000"}, "Net Cash Flow": {"2020-12-31": "", "2019-12-31": "1257.00000", "2018-12-31": "-1284.00000", "2017-12-31": "-1373.00000", "2016-12-31": "1071.00000", "2015-12-31": "76.00000", "2014-12-31": "-380.00000", "2013-12-31": "1917.00000", "2012-12-31": "978.00000", "2011-12-31": "1473.00000", "2010-12-31": "-3534.00000", "2009-12-31": "2194.00000", "2008-12-31": "1909.00000", "2007-12-31": "-2552.00000", "2006-12-31": "1488.00000", "2005-12-31": "470.00000"}, "Stock-Based Compensation": {"2020-12-31": "", "2019-12-31": "39.00000", "2018-12-31": "48.00000", "2017-12-31": "39.00000", "2016-12-31": "34.00000", "2015-12-31": "38.00000", "2014-12-31": "38.00000", "2013-12-31": "35.00000", "2012-12-31": "37.00000", "2011-12-31": "37.00000", "2010-12-31": "32.00000", "2009-12-31": "32.00000", "2008-12-31": "51.00000", "2007-12-31": "59.00000", "2006-12-31": "57.00000", "2005-12-31": "43.00000"}, "Common Stock Dividends Paid": {"2020-12-31": "", "2019-12-31": "-402.00000", "2018-12-31": "-263.00000", "2017-12-31": "-180.00000", "2016-12-31": "-152.00000", "2015-12-31": "-147.00000", "2014-12-31": "-137.00000", "2013-12-31": "-123.00000", "2012-12-31": "-97.00000", "2011-12-31": "-73.00000", "2010-12-31": "-34.00000", "2009-12-31": "-72.00000", "2008-12-31": "-395.00000", "2007-12-31": "-390.00000", "2006-12-31": "-377.00000", "2005-12-31": "-366.00000"}}, "cash flow statement, quarterly": {"Net Income/Loss": {"2020-12-31": -259, "2020-09-30": 211, "2020-06-30": 113, "2020-03-31": "-65.00000", "2019-12-31": 269, "2019-09-30": 292, "2019-06-30": 298, "2019-03-31": "339.00000", "2018-12-31": 310, "2018-09-30": 318, "2018-06-30": 326, "2018-03-31": "281.00000", "2017-12-31": 112, "2017-09-30": 226, "2017-06-30": 203, "2017-03-31": "202.00000", "2016-12-31": 164, "2016-09-30": 149, "2016-06-30": 104, "2016-03-31": "60.00000", "2015-12-31": 116, "2015-09-30": 136, "2015-06-30": 135, "2015-03-31": "134.00000", "2014-12-31": 149, "2014-09-30": 154, "2014-06-30": 151, "2014-03-31": "139.00000", "2013-12-31": 117, "2013-09-30": 147, "2013-06-30": 143, "2013-03-31": "134.00000", "2012-12-31": 130, "2012-09-30": 117, "2012-06-30": 144, "2012-03-31": "130.00000", "2011-12-31": 96, "2011-09-30": 98, "2011-06-30": 96, "2011-03-31": "103.00000", "2010-12-31": 96, "2010-09-30": 59, "2010-06-30": 70, "2010-03-31": "52.00000", "2009-12-31": -29, "2009-09-30": 19, "2009-06-30": 18, "2009-03-31": "9.00000", "2008-12-31": 20, "2008-09-30": 28, "2008-06-30": 56, "2008-03-31": "109.00000", "2007-12-31": 119, "2007-09-30": 181, "2007-06-30": 196, "2007-03-31": "190.00000", "2006-12-31": 299, "2006-09-30": 200, "2006-06-30": 200, "2006-03-31": "194.00000", "2005-12-31": 207, "2005-09-30": 238, "2005-06-30": 217, "2005-03-31": "199.00000"}, "Total Depreciation And Amortization - Cash Flow": {"2020-12-31": -89, "2020-09-30": 33, "2020-06-30": 29, "2020-03-31": "27.00000", "2019-12-31": 30, "2019-09-30": 28, "2019-06-30": 29, "2019-03-31": "29.00000", "2018-12-31": 30, "2018-09-30": 31, "2018-06-30": 30, "2018-03-31": "32.00000", "2017-12-31": 31, "2017-09-30": 33, "2017-06-30": 30, "2017-03-31": "33.00000", "2016-12-31": 31, "2016-09-30": 35, "2016-06-30": 31, "2016-03-31": "32.00000", "2015-12-31": 30, "2015-09-30": 33, "2015-06-30": 34, "2015-03-31": "34.00000", "2014-12-31": 35, "2014-09-30": 35, "2014-06-30": 35, "2014-03-31": "31.00000", "2013-12-31": 32, "2013-09-30": 33, "2013-06-30": 40, "2013-03-31": "40.00000", "2012-12-31": 46, "2012-09-30": 45, "2012-06-30": 47, "2012-03-31": "43.00000", "2011-12-31": 44, "2011-09-30": 46, "2011-06-30": 35, "2011-03-31": "36.00000", "2010-12-31": 42, "2010-09-30": 38, "2010-06-30": 34, "2010-03-31": "36.00000", "2009-12-31": 31, "2009-09-30": 30, "2009-06-30": 29, "2009-03-31": "27.00000", "2008-12-31": 27, "2008-09-30": 28, "2008-06-30": 26, "2008-03-31": "22.00000", "2007-12-31": 26, "2007-09-30": 23, "2007-06-30": 22, "2007-03-31": "22.00000", "2006-12-31": 22, "2006-09-30": 18, "2006-06-30": 23, "2006-03-31": "19.00000", "2005-12-31": 19, "2005-09-30": 20, "2005-06-30": 21, "2005-03-31": "20.00000"}, "Other Non-Cash Items": {"2020-12-31": -448, "2020-09-30": -5, "2020-06-30": 111, "2020-03-31": "342.00000", "2019-12-31": 12, "2019-09-30": 39, "2019-06-30": 45, "2019-03-31": "8.00000", "2018-12-31": 6, "2018-09-30": 45, "2018-06-30": -18, "2018-03-31": "37.00000", "2017-12-31": 149, "2017-09-30": -7, "2017-06-30": -3, "2017-03-31": "29.00000", "2016-12-31": 56, "2016-09-30": 1, "2016-06-30": 41, "2016-03-31": "131.00000", "2015-12-31": 66, "2015-09-30": 12, "2015-06-30": 60, "2015-03-31": "17.00000", "2014-12-31": 132, "2014-09-30": 9, "2014-06-30": 9, "2014-03-31": "8.00000", "2013-12-31": 11, "2013-09-30": -14, "2013-06-30": 41, "2013-03-31": "63.00000", "2012-12-31": 120, "2012-09-30": 39, "2012-06-30": 67, "2012-03-31": "45.00000", "2011-12-31": 97, "2011-09-30": 33, "2011-06-30": 56, "2011-03-31": "72.00000", "2010-12-31": -99, "2010-09-30": 124, "2010-06-30": 258, "2010-03-31": "58.00000", "2009-12-31": 262, "2009-09-30": 195, "2009-06-30": 89, "2009-03-31": "85.00000", "2008-12-31": -14, "2008-09-30": 266, "2008-06-30": 155, "2008-03-31": "133.00000", "2007-12-31": 68, "2007-09-30": 52, "2007-06-30": 42, "2007-03-31": "36.00000", "2006-12-31": -25, "2006-09-30": 49, "2006-06-30": 43, "2006-03-31": "11.00000", "2005-12-31": -50, "2005-09-30": -33, "2005-06-30": 12, "2005-03-31": "-33.00000"}, "Total Non-Cash Items": {"2020-12-31": -537, "2020-09-30": 28, "2020-06-30": 140, "2020-03-31": "369.00000", "2019-12-31": 42, "2019-09-30": 67, "2019-06-30": 74, "2019-03-31": "37.00000", "2018-12-31": 36, "2018-09-30": 76, "2018-06-30": 12, "2018-03-31": "69.00000", "2017-12-31": 180, "2017-09-30": 26, "2017-06-30": 27, "2017-03-31": "62.00000", "2016-12-31": 87, "2016-09-30": 36, "2016-06-30": 72, "2016-03-31": "163.00000", "2015-12-31": 96, "2015-09-30": 45, "2015-06-30": 94, "2015-03-31": "51.00000", "2014-12-31": 167, "2014-09-30": 44, "2014-06-30": 44, "2014-03-31": "39.00000", "2013-12-31": 43, "2013-09-30": 19, "2013-06-30": 81, "2013-03-31": "103.00000", "2012-12-31": 166, "2012-09-30": 84, "2012-06-30": 114, "2012-03-31": "88.00000", "2011-12-31": 141, "2011-09-30": 79, "2011-06-30": 91, "2011-03-31": "108.00000", "2010-12-31": -57, "2010-09-30": 162, "2010-06-30": 292, "2010-03-31": "94.00000", "2009-12-31": 293, "2009-09-30": 225, "2009-06-30": 118, "2009-03-31": "112.00000", "2008-12-31": 13, "2008-09-30": 294, "2008-06-30": 181, "2008-03-31": "155.00000", "2007-12-31": 94, "2007-09-30": 75, "2007-06-30": 64, "2007-03-31": "58.00000", "2006-12-31": -3, "2006-09-30": 67, "2006-06-30": 66, "2006-03-31": "30.00000", "2005-12-31": -31, "2005-09-30": -13, "2005-06-30": 33, "2005-03-31": "-13.00000"}, "Change In Accounts Receivable": {"2020-12-31": -32, "2020-09-30": -11, "2020-06-30": 35, "2020-03-31": "8.00000", "2019-12-31": 16, "2019-09-30": 13, "2019-06-30": 8, "2019-03-31": "-20.00000", "2018-12-31": -9, "2018-09-30": 2, "2018-06-30": -12, "2018-03-31": "-26.00000", "2017-12-31": -12, "2017-09-30": -20, "2017-06-30": -4, "2017-03-31": "3.00000", "2016-12-31": -12, "2016-09-30": -1, "2016-06-30": -3, "2016-03-31": "-4.00000", "2015-12-31": -3, "2015-09-30": -5, "2015-06-30": 2, "2015-03-31": "-6.00000", "2014-12-31": -2, "2014-09-30": -1, "2014-06-30": -1, "2014-03-31": "", "2013-12-31": -2, "2013-09-30": 14, "2013-06-30": 5, "2013-03-31": "-10.00000", "2012-12-31": 2, "2012-09-30": 2, "2012-06-30": 2, "2012-03-31": "-1.00000", "2011-12-31": -10, "2011-09-30": -3, "2011-06-30": 7, "2011-03-31": "-2.00000", "2010-12-31": -6, "2010-09-30": 13, "2010-06-30": 4, "2010-03-31": "4.00000", "2009-12-31": 2, "2009-09-30": 111, "2009-06-30": -73, "2009-03-31": "26.00000", "2008-12-31": 64, "2008-09-30": 21, "2008-06-30": 58, "2008-03-31": "38.00000", "2007-12-31": -23, "2007-09-30": 1, "2007-06-30": -11, "2007-03-31": "48.00000", "2006-12-31": 5, "2006-09-30": 34, "2006-06-30": -34, "2006-03-31": "8.00000", "2005-12-31": 141, "2005-09-30": -12, "2005-06-30": -28, "2005-03-31": "-7.00000"}, "Change In Inventories": {"2020-12-31": 0, "2020-09-30": 0, "2020-06-30": 0, "2020-03-31": "", "2019-12-31": 0, "2019-09-30": 0, "2019-06-30": 0, "2019-03-31": "", "2018-12-31": 0, "2018-09-30": 0, "2018-06-30": 0, "2018-03-31": "", "2017-12-31": 0, "2017-09-30": 0, "2017-06-30": 0, "2017-03-31": "", "2016-12-31": 0, "2016-09-30": 0, "2016-06-30": 0, "2016-03-31": "", "2015-12-31": 0, "2015-09-30": 0, "2015-06-30": 0, "2015-03-31": "", "2014-12-31": 12, "2014-09-30": -4, "2014-06-30": 0, "2014-03-31": "5.00000", "2013-12-31": -9, "2013-09-30": 11, "2013-06-30": -6, "2013-03-31": "10.00000", "2012-12-31": -13, "2012-09-30": 37, "2012-06-30": 10, "2012-03-31": "-33.00000", "2011-12-31": -11, "2011-09-30": 0, "2011-06-30": 27, "2011-03-31": "-13.00000", "2010-12-31": -24, "2010-09-30": 9, "2010-06-30": 31, "2010-03-31": "-26.00000", "2009-12-31": 4, "2009-09-30": -20, "2009-06-30": 119, "2009-03-31": "-87.00000", "2008-12-31": 24, "2008-09-30": -29, "2008-06-30": 10, "2008-03-31": "-11.00000", "2007-12-31": 60, "2007-09-30": -59, "2007-06-30": 6, "2007-03-31": "54.00000", "2006-12-31": -75, "2006-09-30": 2, "2006-06-30": 17, "2006-03-31": "6.00000", "2005-12-31": 0, "2005-09-30": -9, "2005-06-30": 33, "2005-03-31": "-24.00000"}, "Change In Accounts Payable": {"2020-12-31": 0, "2020-09-30": 0, "2020-06-30": 0, "2020-03-31": "", "2019-12-31": 0, "2019-09-30": 0, "2019-06-30": 0, "2019-03-31": "", "2018-12-31": 0, "2018-09-30": 0, "2018-06-30": 0, "2018-03-31": "", "2017-12-31": 0, "2017-09-30": 0, "2017-06-30": 0, "2017-03-31": "", "2016-12-31": 0, "2016-09-30": 0, "2016-06-30": 0, "2016-03-31": "", "2015-12-31": 0, "2015-09-30": 0, "2015-06-30": 0, "2015-03-31": "", "2014-12-31": 0, "2014-09-30": 0, "2014-06-30": 0, "2014-03-31": "", "2013-12-31": 0, "2013-09-30": 0, "2013-06-30": 0, "2013-03-31": "", "2012-12-31": 0, "2012-09-30": 0, "2012-06-30": 0, "2012-03-31": "", "2011-12-31": 0, "2011-09-30": 0, "2011-06-30": 0, "2011-03-31": "", "2010-12-31": 0, "2010-09-30": 0, "2010-06-30": 0, "2010-03-31": "", "2009-12-31": 0, "2009-09-30": 0, "2009-06-30": 0, "2009-03-31": "", "2008-12-31": 0, "2008-09-30": 0, "2008-06-30": 0, "2008-03-31": "", "2007-12-31": 0, "2007-09-30": 0, "2007-06-30": 0, "2007-03-31": "", "2006-12-31": 0, "2006-09-30": 0, "2006-06-30": 0, "2006-03-31": "", "2005-12-31": 0, "2005-09-30": 0, "2005-06-30": 0, "2005-03-31": ""}, "Change In Assets/Liabilities": {"2020-12-31": 0, "2020-09-30": 0, "2020-06-30": 0, "2020-03-31": "", "2019-12-31": 0, "2019-09-30": 0, "2019-06-30": 0, "2019-03-31": "", "2018-12-31": 0, "2018-09-30": 0, "2018-06-30": 0, "2018-03-31": "", "2017-12-31": 0, "2017-09-30": 0, "2017-06-30": 0, "2017-03-31": "", "2016-12-31": 0, "2016-09-30": 0, "2016-06-30": 0, "2016-03-31": "", "2015-12-31": 0, "2015-09-30": 0, "2015-06-30": 0, "2015-03-31": "", "2014-12-31": 0, "2014-09-30": 0, "2014-06-30": 0, "2014-03-31": "", "2013-12-31": 0, "2013-09-30": 0, "2013-06-30": 0, "2013-03-31": "", "2012-12-31": 0, "2012-09-30": 0, "2012-06-30": 0, "2012-03-31": "", "2011-12-31": 0, "2011-09-30": 0, "2011-06-30": 0, "2011-03-31": "", "2010-12-31": 0, "2010-09-30": 0, "2010-06-30": 0, "2010-03-31": "", "2009-12-31": 0, "2009-09-30": 0, "2009-06-30": 0, "2009-03-31": "", "2008-12-31": 0, "2008-09-30": 0, "2008-06-30": 0, "2008-03-31": "", "2007-12-31": 0, "2007-09-30": 0, "2007-06-30": 0, "2007-03-31": "", "2006-12-31": 0, "2006-09-30": 0, "2006-06-30": 0, "2006-03-31": "", "2005-12-31": 0, "2005-09-30": 0, "2005-06-30": 0, "2005-03-31": ""}, "Total Change In Assets/Liabilities": {"2020-12-31": 18, "2020-09-30": 3, "2020-06-30": -17, "2020-03-31": "-4.00000", "2019-12-31": 28, "2019-09-30": 60, "2019-06-30": -51, "2019-03-31": "-47.00000", "2018-12-31": 21, "2018-09-30": 72, "2018-06-30": -41, "2018-03-31": "-48.00000", "2017-12-31": 1, "2017-09-30": 25, "2017-06-30": -26, "2017-03-31": "8.00000", "2016-12-31": -46, "2016-09-30": 30, "2016-06-30": 27, "2016-03-31": "6.00000", "2015-12-31": 32, "2015-09-30": 8, "2015-06-30": -50, "2015-03-31": "-37.00000", "2014-12-31": 40, "2014-09-30": 11, "2014-06-30": 0, "2014-03-31": "-56.00000", "2013-12-31": 40, "2013-09-30": 47, "2013-06-30": 36, "2013-03-31": "-72.00000", "2012-12-31": 45, "2012-09-30": 65, "2012-06-30": 50, "2012-03-31": "-119.00000", "2011-12-31": 37, "2011-09-30": 38, "2011-06-30": 53, "2011-03-31": "-74.00000", "2010-12-31": 11, "2010-09-30": 47, "2010-06-30": 42, "2010-03-31": "-38.00000", "2009-12-31": -88, "2009-09-30": -4, "2009-06-30": -23, "2009-03-31": "-114.00000", "2008-12-31": -166, "2008-09-30": 49, "2008-06-30": -67, "2008-03-31": "53.00000", "2007-12-31": 114, "2007-09-30": -31, "2007-06-30": -109, "2007-03-31": "138.00000", "2006-12-31": -130, "2006-09-30": 161, "2006-06-30": -22, "2006-03-31": "-21.00000", "2005-12-31": 8, "2005-09-30": 28, "2005-06-30": 43, "2005-03-31": "-69.00000"}, "Cash Flow From Operating Activities": {"2020-12-31": -720, "2020-09-30": -24, "2020-06-30": 45, "2020-03-31": "699.00000", "2019-12-31": 221, "2019-09-30": 444, "2019-06-30": 385, "2019-03-31": "40.00000", "2018-12-31": 649, "2018-09-30": 353, "2018-06-30": 256, "2018-03-31": "358.00000", "2017-12-31": 235, "2017-09-30": 200, "2017-06-30": 246, "2017-03-31": "404.00000", "2016-12-31": 84, "2016-09-30": 158, "2016-06-30": -4, "2016-03-31": "248.00000", "2015-12-31": 202, "2015-09-30": 269, "2015-06-30": 56, "2015-03-31": "338.00000", "2014-12-31": 74, "2014-09-30": 219, "2014-06-30": 132, "2014-03-31": "214.00000", "2013-12-31": 426, "2013-09-30": 154, "2013-06-30": -3, "2013-03-31": "259.00000", "2012-12-31": -53, "2012-09-30": 299, "2012-06-30": 289, "2012-03-31": "157.00000", "2011-12-31": 40, "2011-09-30": 294, "2011-06-30": 312, "2011-03-31": "150.00000", "2010-12-31": 291, "2010-09-30": 255, "2010-06-30": 431, "2010-03-31": "309.00000", "2009-12-31": -25, "2009-09-30": 173, "2009-06-30": 192, "2009-03-31": "-249.00000", "2008-12-31": 65, "2008-09-30": 333, "2008-06-30": 232, "2008-03-31": "232.00000", "2007-12-31": 297, "2007-09-30": 229, "2007-06-30": 246, "2007-03-31": "242.00000", "2006-12-31": 131, "2006-09-30": 353, "2006-06-30": 191, "2006-03-31": "300.00000", "2005-12-31": 200, "2005-09-30": 188, "2005-06-30": 232, "2005-03-31": "226.00000"}, "Net Change In Property, Plant, And Equipment": {"2020-12-31": 51, "2020-09-30": -22, "2020-06-30": -14, "2020-03-31": "-15.00000", "2019-12-31": -24, "2019-09-30": -33, "2019-06-30": -13, "2019-03-31": "-16.00000", "2018-12-31": -25, "2018-09-30": -24, "2018-06-30": -21, "2018-03-31": "-20.00000", "2017-12-31": -26, "2017-09-30": -16, "2017-06-30": -15, "2017-03-31": "-12.00000", "2016-12-31": -24, "2016-09-30": -17, "2016-06-30": -27, "2016-03-31": "-27.00000", "2015-12-31": -41, "2015-09-30": -24, "2015-06-30": -29, "2015-03-31": "-25.00000", "2014-12-31": -32, "2014-09-30": -7, "2014-06-30": -15, "2014-03-31": "-16.00000", "2013-12-31": -32, "2013-09-30": -28, "2013-06-30": -23, "2013-03-31": "-19.00000", "2012-12-31": -75, "2012-09-30": 0, "2012-06-30": 0, "2012-03-31": "", "2011-12-31": -121, "2011-09-30": 0, "2011-06-30": 0, "2011-03-31": "", "2010-12-31": 65, "2010-09-30": -29, "2010-06-30": -19, "2010-03-31": "-17.00000", "2009-12-31": -20, "2009-09-30": -17, "2009-06-30": -18, "2009-03-31": "-19.00000", "2008-12-31": -40, "2008-09-30": -39, "2008-06-30": -45, "2008-03-31": "-42.00000", "2007-12-31": -63, "2007-09-30": -39, "2007-06-30": -41, "2007-03-31": "-46.00000", "2006-12-31": -57, "2006-09-30": -37, "2006-06-30": -40, "2006-03-31": "-29.00000", "2005-12-31": -43, "2005-09-30": -33, "2005-06-30": -33, "2005-03-31": "-23.00000"}, "Net Change In Intangible Assets": {"2020-12-31": 0, "2020-09-30": 0, "2020-06-30": 0, "2020-03-31": "", "2019-12-31": 0, "2019-09-30": 0, "2019-06-30": 0, "2019-03-31": "", "2018-12-31": 0, "2018-09-30": 0, "2018-06-30": 0, "2018-03-31": "", "2017-12-31": 0, "2017-09-30": 0, "2017-06-30": 0, "2017-03-31": "", "2016-12-31": 0, "2016-09-30": 0, "2016-06-30": 0, "2016-03-31": "", "2015-12-31": 0, "2015-09-30": 0, "2015-06-30": 0, "2015-03-31": "", "2014-12-31": 0, "2014-09-30": 0, "2014-06-30": 0, "2014-03-31": "", "2013-12-31": 0, "2013-09-30": 0, "2013-06-30": 0, "2013-03-31": "", "2012-12-31": 0, "2012-09-30": 0, "2012-06-30": 0, "2012-03-31": "", "2011-12-31": 0, "2011-09-30": 0, "2011-06-30": 0, "2011-03-31": "", "2010-12-31": 0, "2010-09-30": 0, "2010-06-30": 0, "2010-03-31": "", "2009-12-31": 0, "2009-09-30": 0, "2009-06-30": 0, "2009-03-31": "", "2008-12-31": 0, "2008-09-30": 0, "2008-06-30": 0, "2008-03-31": "", "2007-12-31": 0, "2007-09-30": 0, "2007-06-30": 0, "2007-03-31": "", "2006-12-31": 0, "2006-09-30": 0, "2006-06-30": 0, "2006-03-31": "", "2005-12-31": 0, "2005-09-30": 0, "2005-06-30": 0, "2005-03-31": ""}, "Net Acquisitions/Divestitures": {"2020-12-31": 0, "2020-09-30": 0, "2020-06-30": 0, "2020-03-31": "", "2019-12-31": 0, "2019-09-30": 0, "2019-06-30": 0, "2019-03-31": "", "2018-12-31": 0, "2018-09-30": 0, "2018-06-30": 0, "2018-03-31": "", "2017-12-31": 0, "2017-09-30": 0, "2017-06-30": 0, "2017-03-31": "", "2016-12-31": 0, "2016-09-30": 0, "2016-06-30": 0, "2016-03-31": "", "2015-12-31": 0, "2015-09-30": 0, "2015-06-30": 0, "2015-03-31": "", "2014-12-31": 0, "2014-09-30": 0, "2014-06-30": 0, "2014-03-31": "", "2013-12-31": 0, "2013-09-30": 0, "2013-06-30": 0, "2013-03-31": "", "2012-12-31": 0, "2012-09-30": 0, "2012-06-30": 0, "2012-03-31": "", "2011-12-31": 0, "2011-09-30": 721, "2011-06-30": 0, "2011-03-31": "", "2010-12-31": 0, "2010-09-30": 0, "2010-06-30": 0, "2010-03-31": "", "2009-12-31": 0, "2009-09-30": 0, "2009-06-30": 7, "2009-03-31": "", "2008-12-31": 0, "2008-09-30": 0, "2008-06-30": 0, "2008-03-31": "", "2007-12-31": 0, "2007-09-30": 0, "2007-06-30": 1, "2007-03-31": "2.00000", "2006-12-31": 0, "2006-09-30": 43, "2006-06-30": 0, "2006-03-31": "", "2005-12-31": 0, "2005-09-30": 1, "2005-06-30": 0, "2005-03-31": ""}, "Net Change In Short-term Investments": {"2020-12-31": 0, "2020-09-30": 0, "2020-06-30": 0, "2020-03-31": "", "2019-12-31": 0, "2019-09-30": 0, "2019-06-30": 0, "2019-03-31": "", "2018-12-31": 0, "2018-09-30": 0, "2018-06-30": 0, "2018-03-31": "", "2017-12-31": 0, "2017-09-30": 0, "2017-06-30": 0, "2017-03-31": "", "2016-12-31": 0, "2016-09-30": 0, "2016-06-30": 0, "2016-03-31": "", "2015-12-31": 0, "2015-09-30": 0, "2015-06-30": 0, "2015-03-31": "", "2014-12-31": 0, "2014-09-30": 0, "2014-06-30": 0, "2014-03-31": "", "2013-12-31": 0, "2013-09-30": 0, "2013-06-30": 0, "2013-03-31": "", "2012-12-31": 0, "2012-09-30": -1, "2012-06-30": 1, "2012-03-31": "", "2011-12-31": 0, "2011-09-30": 0, "2011-06-30": 33, "2011-03-31": "", "2010-12-31": 0, "2010-09-30": 0, "2010-06-30": 0, "2010-03-31": "0.00000", "2009-12-31": 0, "2009-09-30": 0, "2009-06-30": 0, "2009-03-31": "", "2008-12-31": 0, "2008-09-30": 0, "2008-06-30": 0, "2008-03-31": "", "2007-12-31": -2488, "2007-09-30": 1103, "2007-06-30": 210, "2007-03-31": "1175.00000", "2006-12-31": 2629, "2006-09-30": -1462, "2006-06-30": 734, "2006-03-31": "-1901.00000", "2005-12-31": 2428, "2005-09-30": -145, "2005-06-30": 381, "2005-03-31": "-549.00000"}, "Net Change In Long-Term Investments": {"2020-12-31": 2411, "2020-09-30": -2314, "2020-06-30": 256, "2020-03-31": "-353.00000", "2019-12-31": 22, "2019-09-30": -5, "2019-06-30": -40, "2019-03-31": "-74.00000", "2018-12-31": 1, "2018-09-30": -5, "2018-06-30": 1, "2018-03-31": "-33.00000", "2017-12-31": 59, "2017-09-30": 30, "2017-06-30": -37, "2017-03-31": "29.00000", "2016-12-31": -95, "2016-09-30": -18, "2016-06-30": -59, "2016-03-31": "113.00000", "2015-12-31": -1987, "2015-09-30": -333, "2015-06-30": -198, "2015-03-31": "9.00000", "2014-12-31": -506, "2014-09-30": 30, "2014-06-30": 14, "2014-03-31": "-88.00000", "2013-12-31": 105, "2013-09-30": 113, "2013-06-30": 464, "2013-03-31": "-17.00000", "2012-12-31": 184, "2012-09-30": -581, "2012-06-30": 139, "2012-03-31": "68.00000", "2011-12-31": -436, "2011-09-30": -488, "2011-06-30": -100, "2011-03-31": "144.00000", "2010-12-31": -857, "2010-09-30": 484, "2010-06-30": 295, "2010-03-31": "115.00000", "2009-12-31": 1437, "2009-09-30": -979, "2009-06-30": 3138, "2009-03-31": "-1487.00000", "2008-12-31": -976, "2008-09-30": 74, "2008-06-30": 40, "2008-03-31": "-2164.00000", "2007-12-31": -1380, "2007-09-30": -508, "2007-06-30": -445, "2007-03-31": "-297.00000", "2006-12-31": 288, "2006-09-30": 124, "2006-06-30": 223, "2006-03-31": "-44.00000", "2005-12-31": -161, "2005-09-30": -177, "2005-06-30": -218, "2005-03-31": "211.00000"}, "Net Change In Investments - Total": {"2020-12-31": 2411, "2020-09-30": -2314, "2020-06-30": 256, "2020-03-31": "-353.00000", "2019-12-31": 22, "2019-09-30": -5, "2019-06-30": -40, "2019-03-31": "-74.00000", "2018-12-31": 1, "2018-09-30": -5, "2018-06-30": 1, "2018-03-31": "-33.00000", "2017-12-31": 59, "2017-09-30": 30, "2017-06-30": -37, "2017-03-31": "29.00000", "2016-12-31": -95, "2016-09-30": -18, "2016-06-30": -59, "2016-03-31": "113.00000", "2015-12-31": -1987, "2015-09-30": -333, "2015-06-30": -198, "2015-03-31": "9.00000", "2014-12-31": -506, "2014-09-30": 30, "2014-06-30": 14, "2014-03-31": "-88.00000", "2013-12-31": 105, "2013-09-30": 113, "2013-06-30": 464, "2013-03-31": "-17.00000", "2012-12-31": 184, "2012-09-30": -582, "2012-06-30": 140, "2012-03-31": "68.00000", "2011-12-31": -436, "2011-09-30": -488, "2011-06-30": -67, "2011-03-31": "144.00000", "2010-12-31": -857, "2010-09-30": 484, "2010-06-30": 295, "2010-03-31": "115.00000", "2009-12-31": 1437, "2009-09-30": -979, "2009-06-30": 3138, "2009-03-31": "-1487.00000", "2008-12-31": -976, "2008-09-30": 74, "2008-06-30": 40, "2008-03-31": "-2164.00000", "2007-12-31": -3868, "2007-09-30": 595, "2007-06-30": -235, "2007-03-31": "878.00000", "2006-12-31": 2917, "2006-09-30": -1338, "2006-06-30": 957, "2006-03-31": "-1945.00000", "2005-12-31": 2267, "2005-09-30": -322, "2005-06-30": 163, "2005-03-31": "-338.00000"}, "Investing Activities - Other": {"2020-12-31": 2168, "2020-09-30": 1050, "2020-06-30": -52, "2020-03-31": "-3166.00000", "2019-12-31": 1098, "2019-09-30": 269, "2019-06-30": -1529, "2019-03-31": "-149.00000", "2018-12-31": -1159, "2018-09-30": 772, "2018-06-30": -549, "2018-03-31": "-94.00000", "2017-12-31": 33, "2017-09-30": 193, "2017-06-30": -1117, "2017-03-31": "759.00000", "2016-12-31": 172, "2016-09-30": 1108, "2016-06-30": -1036, "2016-03-31": "-344.00000", "2015-12-31": -204, "2015-09-30": 758, "2015-06-30": -696, "2015-03-31": "-485.00000", "2014-12-31": -878, "2014-09-30": 167, "2014-06-30": -1388, "2014-03-31": "-1024.00000", "2013-12-31": -1303, "2013-09-30": 1317, "2013-06-30": -397, "2013-03-31": "994.00000", "2012-12-31": -1762, "2012-09-30": -236, "2012-06-30": -1042, "2012-03-31": "-371.00000", "2011-12-31": -1330, "2011-09-30": -36, "2011-06-30": -178, "2011-03-31": "942.00000", "2010-12-31": -179, "2010-09-30": 161, "2010-06-30": 62, "2010-03-31": "1125.00000", "2009-12-31": 1154, "2009-09-30": 2708, "2009-06-30": 1867, "2009-03-31": "1698.00000", "2008-12-31": 856, "2008-09-30": 43, "2008-06-30": 586, "2008-03-31": "-1710.00000", "2007-12-31": -1309, "2007-09-30": -876, "2007-06-30": -791, "2007-03-31": "-577.00000", "2006-12-31": -776, "2006-09-30": -123, "2006-06-30": -1690, "2006-03-31": "-1511.00000", "2005-12-31": -1021, "2005-09-30": 783, "2005-06-30": -1330, "2005-03-31": "-949.00000"}, "Cash Flow From Investing Activities": {"2020-12-31": 4630, "2020-09-30": -1286, "2020-06-30": 190, "2020-03-31": "-3534.00000", "2019-12-31": 1096, "2019-09-30": 231, "2019-06-30": -1582, "2019-03-31": "-239.00000", "2018-12-31": -1183, "2018-09-30": 743, "2018-06-30": -569, "2018-03-31": "-147.00000", "2017-12-31": 66, "2017-09-30": 207, "2017-06-30": -1169, "2017-03-31": "776.00000", "2016-12-31": 53, "2016-09-30": 1073, "2016-06-30": -1122, "2016-03-31": "-258.00000", "2015-12-31": -2232, "2015-09-30": 401, "2015-06-30": -923, "2015-03-31": "-501.00000", "2014-12-31": -1416, "2014-09-30": 190, "2014-06-30": -1389, "2014-03-31": "-1128.00000", "2013-12-31": -1230, "2013-09-30": 1402, "2013-06-30": 44, "2013-03-31": "958.00000", "2012-12-31": -1653, "2012-09-30": -818, "2012-06-30": -902, "2012-03-31": "-303.00000", "2011-12-31": -1887, "2011-09-30": 197, "2011-06-30": -245, "2011-03-31": "1086.00000", "2010-12-31": -971, "2010-09-30": 616, "2010-06-30": 338, "2010-03-31": "1223.00000", "2009-12-31": 2571, "2009-09-30": 1712, "2009-06-30": 4994, "2009-03-31": "192.00000", "2008-12-31": -160, "2008-09-30": 78, "2008-06-30": 581, "2008-03-31": "-3916.00000", "2007-12-31": -5240, "2007-09-30": -320, "2007-06-30": -1066, "2007-03-31": "257.00000", "2006-12-31": 2084, "2006-09-30": -1455, "2006-06-30": -773, "2006-03-31": "-3485.00000", "2005-12-31": 1203, "2005-09-30": 429, "2005-06-30": -1200, "2005-03-31": "-1310.00000"}, "Net Long-Term Debt": {"2020-12-31": 1675, "2020-09-30": -750, "2020-06-30": -925, "2020-03-31": "", "2019-12-31": 0, "2019-09-30": 700, "2019-06-30": -350, "2019-03-31": "350.00000", "2018-12-31": 0, "2018-09-30": 850, "2018-06-30": 0, "2018-03-31": "1000.00000", "2017-12-31": 0, "2017-09-30": -500, "2017-06-30": -16, "2017-03-31": "", "2016-12-31": -650, "2016-09-30": 0, "2016-06-30": 2800, "2016-03-31": "", "2015-12-31": 0, "2015-09-30": 219, "2015-06-30": 191, "2015-03-31": "", "2014-12-31": 0, "2014-09-30": 97, "2014-06-30": -907, "2014-03-31": "", "2013-12-31": 0, "2013-09-30": -25, "2013-06-30": -1055, "2013-03-31": "", "2012-12-31": 0, "2012-09-30": 0, "2012-06-30": -189, "2012-03-31": "-4.00000", "2011-12-31": -53, "2011-09-30": -524, "2011-06-30": -940, "2011-03-31": "", "2010-12-31": -1024, "2010-09-30": -1852, "2010-06-30": -951, "2010-03-31": "-1165.00000", "2009-12-31": -133, "2009-09-30": -2347, "2009-06-30": -1000, "2009-03-31": "-400.00000", "2008-12-31": -550, "2008-09-30": 2500, "2008-06-30": 2150, "2008-03-31": "1900.00000", "2007-12-31": -150, "2007-09-30": 100, "2007-06-30": 1656, "2007-03-31": "1200.00000", "2006-12-31": -803, "2006-09-30": 610, "2006-06-30": 2063, "2006-03-31": "153.00000", "2005-12-31": -88, "2005-09-30": -187, "2005-06-30": -24, "2005-03-31": "6.00000"}, "Net Current Debt": {"2020-12-31": 61, "2020-09-30": -742, "2020-06-30": -1511, "2020-03-31": "2192.00000", "2019-12-31": 20, "2019-09-30": -1682, "2019-06-30": 798, "2019-03-31": "891.00000", "2018-12-31": -40, "2018-09-30": 26, "2018-06-30": 10, "2018-03-31": "38.00000", "2017-12-31": -499, "2017-09-30": -32, "2017-06-30": 500, "2017-03-31": "16.00000", "2016-12-31": 13, "2016-09-30": 0, "2016-06-30": -502, "2016-03-31": "491.00000", "2015-12-31": -86, "2015-09-30": 53, "2015-06-30": -24, "2015-03-31": "-36.00000", "2014-12-31": -86, "2014-09-30": 26, "2014-06-30": 16, "2014-03-31": "-93.00000", "2013-12-31": 27, "2013-09-30": 95, "2013-06-30": 73, "2013-03-31": "-52.00000", "2012-12-31": 47, "2012-09-30": -20, "2012-06-30": 1, "2012-03-31": "12.00000", "2011-12-31": -94, "2011-09-30": 75, "2011-06-30": 6, "2011-03-31": "-69.00000", "2010-12-31": -51, "2010-09-30": -32, "2010-06-30": -286, "2010-03-31": "37.00000", "2009-12-31": 36, "2009-09-30": -60, "2009-06-30": -1720, "2009-03-31": "454.00000", "2008-12-31": -1883, "2008-09-30": -444, "2008-06-30": 1628, "2008-03-31": "-393.00000", "2007-12-31": 3, "2007-09-30": 2515, "2007-06-30": -47, "2007-03-31": "-307.00000", "2006-12-31": 402, "2006-09-30": -227, "2006-06-30": -1445, "2006-03-31": "1600.00000", "2005-12-31": 81, "2005-09-30": 137, "2005-06-30": -305, "2005-03-31": "198.00000"}, "Debt Issuance/Retirement Net - Total": {"2020-12-31": 1736, "2020-09-30": -1492, "2020-06-30": -2436, "2020-03-31": "2192.00000", "2019-12-31": 20, "2019-09-30": -982, "2019-06-30": 448, "2019-03-31": "1241.00000", "2018-12-31": -40, "2018-09-30": 876, "2018-06-30": 10, "2018-03-31": "1038.00000", "2017-12-31": -499, "2017-09-30": -532, "2017-06-30": 484, "2017-03-31": "16.00000", "2016-12-31": -637, "2016-09-30": 0, "2016-06-30": 2298, "2016-03-31": "491.00000", "2015-12-31": -86, "2015-09-30": 272, "2015-06-30": 167, "2015-03-31": "-36.00000", "2014-12-31": -86, "2014-09-30": 123, "2014-06-30": -891, "2014-03-31": "-93.00000", "2013-12-31": 27, "2013-09-30": 70, "2013-06-30": -982, "2013-03-31": "-52.00000", "2012-12-31": 47, "2012-09-30": -20, "2012-06-30": -188, "2012-03-31": "8.00000", "2011-12-31": -147, "2011-09-30": -449, "2011-06-30": -934, "2011-03-31": "-69.00000", "2010-12-31": -1075, "2010-09-30": -1884, "2010-06-30": -1237, "2010-03-31": "-1128.00000", "2009-12-31": -97, "2009-09-30": -2407, "2009-06-30": -2720, "2009-03-31": "54.00000", "2008-12-31": -2433, "2008-09-30": 2056, "2008-06-30": 3778, "2008-03-31": "1507.00000", "2007-12-31": -147, "2007-09-30": 2615, "2007-06-30": 1609, "2007-03-31": "893.00000", "2006-12-31": -401, "2006-09-30": 383, "2006-06-30": 618, "2006-03-31": "1753.00000", "2005-12-31": -7, "2005-09-30": -50, "2005-06-30": -329, "2005-03-31": "204.00000"}, "Net Common Equity Issued/Repurchased": {"2020-12-31": 197, "2020-09-30": -3, "2020-06-30": 2, "2020-03-31": "-196.00000", "2019-12-31": -146, "2019-09-30": -369, "2019-06-30": -424, "2019-03-31": "-437.00000", "2018-12-31": -499, "2018-09-30": -496, "2018-06-30": -163, "2018-03-31": "-128.00000", "2017-12-31": -136, "2017-09-30": -131, "2017-06-30": -126, "2017-03-31": "-49.00000", "2016-12-31": 27, "2016-09-30": -84, "2016-06-30": -55, "2016-03-31": "-51.00000", "2015-12-31": -64, "2015-09-30": -57, "2015-06-30": -47, "2015-03-31": "-60.00000", "2014-12-31": -56, "2014-09-30": -50, "2014-06-30": -51, "2014-03-31": "-54.00000", "2013-12-31": -62, "2013-09-30": -62, "2013-06-30": -65, "2013-03-31": "-69.00000", "2012-12-31": -90, "2012-09-30": -90, "2012-06-30": -89, "2012-03-31": "-36.00000", "2011-12-31": -37, "2011-09-30": -54, "2011-06-30": 0, "2011-03-31": "-21.00000", "2010-12-31": -4, "2010-09-30": 0, "2010-06-30": 1, "2010-03-31": "848.00000", "2009-12-31": 0, "2009-09-30": 0, "2009-06-30": -1, "2009-03-31": "", "2008-12-31": 0, "2008-09-30": 0, "2008-06-30": 0, "2008-03-31": "", "2007-12-31": -47, "2007-09-30": -107, "2007-06-30": -189, "2007-03-31": "-148.00000", "2006-12-31": -76, "2006-09-30": -198, "2006-06-30": 7, "2006-03-31": "-72.00000", "2005-12-31": -140, "2005-09-30": -124, "2005-06-30": -105, "2005-03-31": "-105.00000"}, "Net Total Equity Issued/Repurchased": {"2020-12-31": -197, "2020-09-30": -4, "2020-06-30": 397, "2020-03-31": "-196.00000", "2019-12-31": -146, "2019-09-30": -369, "2019-06-30": -424, "2019-03-31": "-437.00000", "2018-12-31": -499, "2018-09-30": -496, "2018-06-30": -163, "2018-03-31": "-128.00000", "2017-12-31": -136, "2017-09-30": -131, "2017-06-30": -126, "2017-03-31": "-49.00000", "2016-12-31": 27, "2016-09-30": -84, "2016-06-30": -55, "2016-03-31": "-51.00000", "2015-12-31": -64, "2015-09-30": -57, "2015-06-30": -47, "2015-03-31": "-60.00000", "2014-12-31": -56, "2014-09-30": -50, "2014-06-30": -51, "2014-03-31": "-54.00000", "2013-12-31": -62, "2013-09-30": -62, "2013-06-30": -65, "2013-03-31": "-69.00000", "2012-12-31": -90, "2012-09-30": -90, "2012-06-30": -89, "2012-03-31": "-36.00000", "2011-12-31": -37, "2011-09-30": -54, "2011-06-30": 0, "2011-03-31": "-21.00000", "2010-12-31": -4, "2010-09-30": 0, "2010-06-30": 1, "2010-03-31": "-1402.00000", "2009-12-31": 0, "2009-09-30": 0, "2009-06-30": -1, "2009-03-31": "", "2008-12-31": 2250, "2008-09-30": 0, "2008-06-30": 0, "2008-03-31": "", "2007-12-31": -47, "2007-09-30": -107, "2007-06-30": -189, "2007-03-31": "-148.00000", "2006-12-31": -76, "2006-09-30": -198, "2006-06-30": 7, "2006-03-31": "-72.00000", "2005-12-31": -140, "2005-09-30": -124, "2005-06-30": -105, "2005-03-31": "-105.00000"}, "Total Common And Preferred Stock Dividends Paid": {"2020-12-31": 282, "2020-09-30": -91, "2020-06-30": -96, "2020-03-31": "-95.00000", "2019-12-31": -99, "2019-09-30": -100, "2019-06-30": -104, "2019-03-31": "-99.00000", "2018-12-31": -102, "2018-09-30": -57, "2018-06-30": -51, "2018-03-31": "-53.00000", "2017-12-31": -52, "2017-09-30": -47, "2017-06-30": -41, "2017-03-31": "-40.00000", "2016-12-31": -40, "2016-09-30": -38, "2016-06-30": -37, "2016-03-31": "-37.00000", "2015-12-31": -38, "2015-09-30": -37, "2015-06-30": -36, "2015-03-31": "-36.00000", "2014-12-31": -36, "2014-09-30": -36, "2014-06-30": -34, "2014-03-31": "-31.00000", "2013-12-31": -31, "2013-09-30": -31, "2013-06-30": -32, "2013-03-31": "-29.00000", "2012-12-31": -28, "2012-09-30": -29, "2012-06-30": -20, "2012-03-31": "-20.00000", "2011-12-31": -20, "2011-09-30": -18, "2011-06-30": -17, "2011-03-31": "-18.00000", "2010-12-31": -9, "2010-09-30": -9, "2010-06-30": -8, "2010-03-31": "-46.00000", "2009-12-31": -35, "2009-09-30": -36, "2009-06-30": -36, "2009-03-31": "-78.00000", "2008-12-31": -100, "2008-09-30": -99, "2008-06-30": -100, "2008-03-31": "-96.00000", "2007-12-31": -97, "2007-09-30": -99, "2007-06-30": -101, "2007-03-31": "-93.00000", "2006-12-31": -95, "2006-09-30": -96, "2006-06-30": -96, "2006-03-31": "-90.00000", "2005-12-31": -92, "2005-09-30": -92, "2005-06-30": -93, "2005-03-31": "-89.00000"}, "Financial Activities - Other": {"2020-12-31": -11054, "2020-09-30": 727, "2020-06-30": 10356, "2020-03-31": "-29.00000", "2019-12-31": 609, "2019-09-30": 1312, "2019-06-30": 1377, "2019-03-31": "-1586.00000", "2018-12-31": -103, "2018-09-30": -1240, "2018-06-30": -659, "2018-03-31": "-77.00000", "2017-12-31": 27, "2017-09-30": 876, "2017-06-30": -2082, "2017-03-31": "-6.00000", "2016-12-31": -309, "2016-09-30": 2821, "2016-06-30": 28, "2016-03-31": "-3538.00000", "2015-12-31": 1165, "2015-09-30": 387, "2015-06-30": 786, "2015-03-31": "186.00000", "2014-12-31": -196, "2014-09-30": 3447, "2014-06-30": 507, "2014-03-31": "261.00000", "2013-12-31": 233, "2013-09-30": 1630, "2013-06-30": -634, "2013-03-31": "-4.00000", "2012-12-31": 2373, "2012-09-30": 456, "2012-06-30": 1091, "2012-03-31": "597.00000", "2011-12-31": 409, "2011-09-30": 1762, "2011-06-30": -95, "2011-03-31": "1234.00000", "2010-12-31": -143, "2010-09-30": 791, "2010-06-30": 71, "2010-03-31": "56.00000", "2009-12-31": 185, "2009-09-30": -1564, "2009-06-30": -799, "2009-03-31": "168.00000", "2008-12-31": 2369, "2008-09-30": -2741, "2008-06-30": -4672, "2008-03-31": "2745.00000", "2007-12-31": 2845, "2007-09-30": -2419, "2007-06-30": -461, "2007-03-31": "-1251.00000", "2006-12-31": -2, "2006-09-30": 805, "2006-06-30": 32, "2006-03-31": "1670.00000", "2005-12-31": -1350, "2005-09-30": -243, "2005-06-30": 1347, "2005-03-31": "1770.00000"}, "Cash Flow From Financial Activities": {"2020-12-31": -9233, "2020-09-30": -860, "2020-06-30": 8221, "2020-03-31": "1872.00000", "2019-12-31": 384, "2019-09-30": -139, "2019-06-30": 1297, "2019-03-31": "-881.00000", "2018-12-31": -744, "2018-09-30": -917, "2018-06-30": -863, "2018-03-31": "780.00000", "2017-12-31": -660, "2017-09-30": 166, "2017-06-30": -1765, "2017-03-31": "-79.00000", "2016-12-31": -959, "2016-09-30": 2699, "2016-06-30": 2234, "2016-03-31": "-3135.00000", "2015-12-31": 977, "2015-09-30": 565, "2015-06-30": 870, "2015-03-31": "54.00000", "2014-12-31": -374, "2014-09-30": 3484, "2014-06-30": -469, "2014-03-31": "83.00000", "2013-12-31": 167, "2013-09-30": 1607, "2013-06-30": -1713, "2013-03-31": "-154.00000", "2012-12-31": 2302, "2012-09-30": 317, "2012-06-30": 794, "2012-03-31": "549.00000", "2011-12-31": 205, "2011-09-30": 1241, "2011-06-30": -1046, "2011-03-31": "1126.00000", "2010-12-31": -1231, "2010-09-30": -1102, "2010-06-30": -1173, "2010-03-31": "-2520.00000", "2009-12-31": 53, "2009-09-30": -4007, "2009-06-30": -3556, "2009-03-31": "144.00000", "2008-12-31": 2086, "2008-09-30": -784, "2008-06-30": -994, "2008-03-31": "4156.00000", "2007-12-31": 2554, "2007-09-30": -10, "2007-06-30": 858, "2007-03-31": "-599.00000", "2006-12-31": -574, "2006-09-30": 894, "2006-06-30": 561, "2006-03-31": "3261.00000", "2005-12-31": -1589, "2005-09-30": -509, "2005-06-30": 820, "2005-03-31": "1780.00000"}, "Net Cash Flow": {"2020-12-31": -5323, "2020-09-30": -2170, "2020-06-30": 8456, "2020-03-31": "-963.00000", "2019-12-31": 1701, "2019-09-30": 536, "2019-06-30": 100, "2019-03-31": "-1080.00000", "2018-12-31": -1278, "2018-09-30": 179, "2018-06-30": -1176, "2018-03-31": "991.00000", "2017-12-31": -359, "2017-09-30": 573, "2017-06-30": -2688, "2017-03-31": "1101.00000", "2016-12-31": -822, "2016-09-30": 3930, "2016-06-30": 1108, "2016-03-31": "-3145.00000", "2015-12-31": -1053, "2015-09-30": 1235, "2015-06-30": 3, "2015-03-31": "-109.00000", "2014-12-31": -1716, "2014-09-30": 3893, "2014-06-30": -1726, "2014-03-31": "-831.00000", "2013-12-31": -637, "2013-09-30": 3163, "2013-06-30": -1672, "2013-03-31": "1063.00000", "2012-12-31": 596, "2012-09-30": -202, "2012-06-30": 181, "2012-03-31": "403.00000", "2011-12-31": -1642, "2011-09-30": 1732, "2011-06-30": -979, "2011-03-31": "2362.00000", "2010-12-31": -1911, "2010-09-30": -231, "2010-06-30": -363, "2010-03-31": "-1029.00000", "2009-12-31": 2599, "2009-09-30": -2122, "2009-06-30": 1630, "2009-03-31": "87.00000", "2008-12-31": 1991, "2008-09-30": -373, "2008-06-30": -181, "2008-03-31": "472.00000", "2007-12-31": -2389, "2007-09-30": -101, "2007-06-30": 38, "2007-03-31": "-100.00000", "2006-12-31": 1641, "2006-09-30": -208, "2006-06-30": -21, "2006-03-31": "76.00000", "2005-12-31": -186, "2005-09-30": 108, "2005-06-30": -148, "2005-03-31": "696.00000"}, "Stock-Based Compensation": {"2020-12-31": -18, "2020-09-30": 6, "2020-06-30": 4, "2020-03-31": "8.00000", "2019-12-31": 2, "2019-09-30": 5, "2019-06-30": 8, "2019-03-31": "24.00000", "2018-12-31": 7, "2018-09-30": 7, "2018-06-30": 10, "2018-03-31": "24.00000", "2017-12-31": 10, "2017-09-30": 5, "2017-06-30": 6, "2017-03-31": "18.00000", "2016-12-31": 4, "2016-09-30": 5, "2016-06-30": 5, "2016-03-31": "20.00000", "2015-12-31": 9, "2015-09-30": 5, "2015-06-30": 8, "2015-03-31": "16.00000", "2014-12-31": 7, "2014-09-30": 9, "2014-06-30": 8, "2014-03-31": "14.00000", "2013-12-31": 8, "2013-09-30": 9, "2013-06-30": 8, "2013-03-31": "10.00000", "2012-12-31": 8, "2012-09-30": 8, "2012-06-30": 8, "2012-03-31": "13.00000", "2011-12-31": 8, "2011-09-30": 8, "2011-06-30": 8, "2011-03-31": "13.00000", "2010-12-31": 8, "2010-09-30": 13, "2010-06-30": 7, "2010-03-31": "4.00000", "2009-12-31": 7, "2009-09-30": 7, "2009-06-30": 7, "2009-03-31": "11.00000", "2008-12-31": 10, "2008-09-30": 10, "2008-06-30": 11, "2008-03-31": "20.00000", "2007-12-31": 13, "2007-09-30": 11, "2007-06-30": 12, "2007-03-31": "23.00000", "2006-12-31": 12, "2006-09-30": 12, "2006-06-30": 15, "2006-03-31": "18.00000", "2005-12-31": 12, "2005-09-30": 9, "2005-06-30": 13, "2005-03-31": "9.00000"}, "Common Stock Dividends Paid": {"2020-12-31": 282, "2020-09-30": -91, "2020-06-30": -96, "2020-03-31": "-95.00000", "2019-12-31": -99, "2019-09-30": -100, "2019-06-30": -104, "2019-03-31": "-99.00000", "2018-12-31": -102, "2018-09-30": -57, "2018-06-30": -51, "2018-03-31": "-53.00000", "2017-12-31": -52, "2017-09-30": -47, "2017-06-30": -41, "2017-03-31": "-40.00000", "2016-12-31": -40, "2016-09-30": -38, "2016-06-30": -37, "2016-03-31": "-37.00000", "2015-12-31": -38, "2015-09-30": -37, "2015-06-30": -36, "2015-03-31": "-36.00000", "2014-12-31": -36, "2014-09-30": -36, "2014-06-30": -34, "2014-03-31": "-31.00000", "2013-12-31": -31, "2013-09-30": -31, "2013-06-30": -32, "2013-03-31": "-29.00000", "2012-12-31": -28, "2012-09-30": -29, "2012-06-30": -20, "2012-03-31": "-20.00000", "2011-12-31": -20, "2011-09-30": -18, "2011-06-30": -17, "2011-03-31": "-18.00000", "2010-12-31": -9, "2010-09-30": -9, "2010-06-30": -8, "2010-03-31": "-8.00000", "2009-12-31": -7, "2009-09-30": -8, "2009-06-30": -7, "2009-03-31": "-50.00000", "2008-12-31": -100, "2008-09-30": -99, "2008-06-30": -100, "2008-03-31": "-96.00000", "2007-12-31": -97, "2007-09-30": -99, "2007-06-30": -101, "2007-03-31": "-93.00000", "2006-12-31": -95, "2006-09-30": -96, "2006-06-30": -96, "2006-03-31": "-90.00000", "2005-12-31": -92, "2005-09-30": -92, "2005-06-30": -93, "2005-03-31": "-89.00000"}}, "financial ratios": {"Current Ratio": {"2019-12-31": "", "2018-12-31": "", "2017-12-31": "", "2016-12-31": "", "2015-12-31": "", "2014-12-31": "", "2013-12-31": "", "2012-12-31": "", "2011-12-31": "", "2010-12-31": "", "2009-12-31": "", "2008-12-31": "", "2007-12-31": "", "2006-12-31": "", "2005-12-31": ""}, "Long-term Debt / Capital": {"2019-12-31": "0.49800", "2018-12-31": "0.46260", "2017-12-31": "0.36730", "2016-12-31": "0.39830", "2015-12-31": "0.28800", "2014-12-31": "0.26550", "2013-12-31": "0.33130", "2012-12-31": "0.40470", "2011-12-31": "0.41860", "2010-12-31": "0.51450", "2009-12-31": "0.61140", "2008-12-31": "0.67790", "2007-12-31": "0.63290", "2006-12-31": "0.53580", "2005-12-31": "0.43870"}, "Debt/Equity Ratio": {"2019-12-31": "1.00180", "2018-12-31": "0.86680", "2017-12-31": "0.58170", "2016-12-31": "0.66510", "2015-12-31": "0.40750", "2014-12-31": "0.37710", "2013-12-31": "0.53090", "2012-12-31": "0.69580", "2011-12-31": "0.73010", "2010-12-31": "1.08200", "2009-12-31": "1.64080", "2008-12-31": "2.35120", "2007-12-31": "2.28180", "2006-12-31": "1.28860", "2005-12-31": "0.85280"}, "Gross Margin": {"2019-12-31": "", "2018-12-31": "", "2017-12-31": "", "2016-12-31": "", "2015-12-31": "", "2014-12-31": "", "2013-12-31": "", "2012-12-31": "", "2011-12-31": "", "2010-12-31": "", "2009-12-31": "", "2008-12-31": "", "2007-12-31": "", "2006-12-31": "", "2005-12-31": ""}, "Operating Margin": {"2019-12-31": "", "2018-12-31": "", "2017-12-31": "", "2016-12-31": "", "2015-12-31": "", "2014-12-31": "", "2013-12-31": "", "2012-12-31": "", "2011-12-31": "", "2010-12-31": "", "2009-12-31": "", "2008-12-31": "", "2007-12-31": "", "2006-12-31": "", "2005-12-31": ""}, "EBIT Margin": {"2019-12-31": "", "2018-12-31": "", "2017-12-31": "", "2016-12-31": "", "2015-12-31": "", "2014-12-31": "", "2013-12-31": "", "2012-12-31": "", "2011-12-31": "", "2010-12-31": "", "2009-12-31": "", "2008-12-31": "", "2007-12-31": "", "2006-12-31": "", "2005-12-31": ""}, "EBITDA Margin": {"2019-12-31": "", "2018-12-31": "", "2017-12-31": "", "2016-12-31": "", "2015-12-31": "", "2014-12-31": "", "2013-12-31": "", "2012-12-31": "", "2011-12-31": "", "2010-12-31": "", "2009-12-31": "", "2008-12-31": "", "2007-12-31": "", "2006-12-31": "", "2005-12-31": ""}, "Pre-Tax Profit Margin": {"2019-12-31": "46.77860", "2018-12-31": "46.10990", "2017-12-31": "39.88370", "2016-12-31": "25.76920", "2015-12-31": "29.10360", "2014-12-31": "35.01010", "2013-12-31": "31.33970", "2012-12-31": "30.25010", "2011-12-31": "23.03350", "2010-12-31": "16.09610", "2009-12-31": "-7.49190", "2008-12-31": "13.40260", "2007-12-31": "36.87940", "2006-12-31": "40.23560", "2005-12-31": "42.84200"}, "Net Profit Margin": {"2019-12-31": "36.36640", "2018-12-31": "36.85790", "2017-12-31": "23.85260", "2016-12-31": "18.19230", "2015-12-31": "19.98450", "2014-12-31": "23.58150", "2013-12-31": "21.25200", "2012-12-31": "20.44460", "2011-12-31": "16.90570", "2010-12-31": "7.81810", "2009-12-31": "-7.68730", "2008-12-31": "9.49550", "2007-12-31": "25.38260", "2006-12-31": "31.88150", "2005-12-31": "30.51030"}, "Asset Turnover": {"2019-12-31": "0.04460", "2018-12-31": "0.04700", "2017-12-31": "0.04320", "2016-12-31": "0.03560", "2015-12-31": "0.03590", "2014-12-31": "0.03590", "2013-12-31": "0.03850", "2012-12-31": "0.03870", "2011-12-31": "0.03770", "2010-12-31": "0.03650", "2009-12-31": "0.02590", "2008-12-31": "0.02990", "2007-12-31": "0.04300", "2006-12-31": "0.04830", "2005-12-31": "0.05320"}, "Inventory Turnover Ratio": {"2019-12-31": "", "2018-12-31": "", "2017-12-31": "", "2016-12-31": "", "2015-12-31": "", "2014-12-31": "", "2013-12-31": "", "2012-12-31": "", "2011-12-31": "", "2010-12-31": "", "2009-12-31": "", "2008-12-31": "", "2007-12-31": "", "2006-12-31": "", "2005-12-31": ""}, "Receiveable Turnover": {"2019-12-31": "", "2018-12-31": "", "2017-12-31": "", "2016-12-31": "", "2015-12-31": "", "2014-12-31": "", "2013-12-31": "", "2012-12-31": "", "2011-12-31": "", "2010-12-31": "", "2009-12-31": "", "2008-12-31": "", "2007-12-31": "", "2006-12-31": "", "2005-12-31": ""}, "Days Sales In Receivables": {"2019-12-31": "", "2018-12-31": "", "2017-12-31": "", "2016-12-31": "", "2015-12-31": "", "2014-12-31": "", "2013-12-31": "", "2012-12-31": "", "2011-12-31": "", "2010-12-31": "", "2009-12-31": "", "2008-12-31": "", "2007-12-31": "", "2006-12-31": "", "2005-12-31": ""}, "ROE - Return On Equity": {"2019-12-31": "16.35050", "2018-12-31": "16.45130", "2017-12-31": "9.33070", "2016-12-31": "6.11850", "2015-12-31": "6.89150", "2014-12-31": "8.01130", "2013-12-31": "7.56640", "2012-12-31": "7.50500", "2011-12-31": "5.72220", "2010-12-31": "4.48820", "2009-12-31": "0.32800", "2008-12-31": "4.22060", "2007-12-31": "13.32810", "2006-12-31": "15.17560", "2005-12-31": "16.10100"}, "Return On Tangible Equity": {"2019-12-31": "16.35050", "2018-12-31": "16.45130", "2017-12-31": "9.33070", "2016-12-31": "6.11850", "2015-12-31": "6.89150", "2014-12-31": "8.01130", "2013-12-31": "7.56640", "2012-12-31": "7.50500", "2011-12-31": "5.72220", "2010-12-31": "4.48820", "2009-12-31": "0.22760", "2008-12-31": "2.96420", "2007-12-31": "13.32810", "2006-12-31": "15.17560", "2005-12-31": "16.10100"}, "ROA - Return On Assets": {"2019-12-31": "1.63210", "2018-12-31": "1.74390", "2017-12-31": "1.03820", "2016-12-31": "0.65360", "2015-12-31": "0.72480", "2014-12-31": "0.85710", "2013-12-31": "0.82940", "2012-12-31": "0.80070", "2011-12-31": "0.64420", "2010-12-31": "0.48450", "2009-12-31": "0.02700", "2008-12-31": "0.31390", "2007-12-31": "1.09420", "2006-12-31": "1.34830", "2005-12-31": "1.53920"}, "ROI - Return On Investment": {"2019-12-31": "8.20770", "2018-12-31": "8.84040", "2017-12-31": "5.90390", "2016-12-31": "3.68170", "2015-12-31": "4.90680", "2014-12-31": "5.88470", "2013-12-31": "5.05940", "2012-12-31": "4.46750", "2011-12-31": "3.32710", "2010-12-31": "2.17920", "2009-12-31": "0.08850", "2008-12-31": "0.95470", "2007-12-31": "4.89310", "2006-12-31": "7.04380", "2005-12-31": "9.03750"}, "Book Value Per Share": {"2019-12-31": "51.56370", "2018-12-31": "46.89410", "2017-12-31": "46.06670", "2016-12-31": "44.46880", "2015-12-31": "43.02590", "2014-12-31": "41.34760", "2013-12-31": "39.22020", "2012-12-31": "36.87160", "2011-12-31": "34.80390", "2010-12-31": "32.81480", "2009-12-31": "46.49430", "2008-12-31": "47.52480", "2007-12-31": "34.11610", "2006-12-31": "32.70210", "2005-12-31": "31.11110"}, "Operating Cash Flow Per Share": {"2019-12-31": -2.2318, "2018-12-31": 3.3548, "2017-12-31": 3.3497, "2016-12-31": -2.0332, "2015-12-31": 1.3249, "2014-12-31": -1.0165, "2013-12-31": 0.8664, "2012-12-31": -0.6754, "2011-12-31": -3.1539, "2010-12-31": 6.8228, "2009-12-31": -5.1745, "2008-12-31": -0.7992, "2007-12-31": 0.5659, "2006-12-31": 1.0126, "2005-12-31": 5.0059}, "Free Cash Flow Per Share": {"2019-12-31": -2.275, "2018-12-31": 3.2161, "2017-12-31": 3.4989, "2016-12-31": -1.9125, "2015-12-31": 1.0458, "2014-12-31": -0.8494, "2013-12-31": 0.7116, "2012-12-31": -0.4155, "2011-12-31": -3.8045, "2010-12-31": 7.3194, "2009-12-31": -4.557, "2008-12-31": -0.686, "2007-12-31": 0.3448, "2006-12-31": 0.7874, "2005-12-31": 4.2249}}, "financial ratios, quarterly": {"Current Ratio": {"2020-09-30": "", "2020-06-30": "", "2020-03-31": "", "2019-12-31": "", "2019-09-30": "", "2019-06-30": "", "2019-03-31": "", "2018-12-31": "", "2018-09-30": "", "2018-06-30": "", "2018-03-31": "", "2017-12-31": "", "2017-09-30": "", "2017-06-30": "", "2017-03-31": "", "2016-12-31": "", "2016-09-30": "", "2016-06-30": "", "2016-03-31": "", "2015-12-31": "", "2015-09-30": "", "2015-06-30": "", "2015-03-31": "", "2014-12-31": "", "2014-09-30": "", "2014-06-30": "", "2014-03-31": "", "2013-12-31": "", "2013-09-30": "", "2013-06-30": "", "2013-03-31": "", "2012-12-31": "", "2012-09-30": "", "2012-06-30": "", "2012-03-31": "", "2011-12-31": "", "2011-09-30": "", "2011-06-30": "", "2011-03-31": "", "2010-12-31": "", "2010-09-30": "", "2010-06-30": "", "2010-03-31": "", "2009-12-31": "", "2009-09-30": "", "2009-06-30": "", "2009-03-31": "", "2008-12-31": "", "2008-09-30": "", "2008-06-30": "", "2008-03-31": "", "2007-12-31": "", "2007-09-30": "", "2007-06-30": "", "2007-03-31": "", "2006-12-31": "", "2006-09-30": "", "2006-06-30": "", "2006-03-31": "", "2005-12-31": "", "2005-09-30": "", "2005-06-30": "", "2005-03-31": ""}, "Long-term Debt / Capital": {"2020-09-30": "0.42220", "2020-06-30": "0.45530", "2020-03-31": "0.50110", "2019-12-31": "0.49800", "2019-09-30": "0.50380", "2019-06-30": "0.47240", "2019-03-31": "0.48030", "2018-12-31": "0.46260", "2018-09-30": "0.45180", "2018-06-30": "0.40870", "2018-03-31": "0.41150", "2017-12-31": "0.36730", "2017-09-30": "0.36600", "2017-06-30": "0.39180", "2017-03-31": "0.39390", "2016-12-31": "0.39830", "2016-09-30": "0.43250", "2016-06-30": "0.43490", "2016-03-31": "0.28910", "2015-12-31": "0.28800", "2015-09-30": "0.28910", "2015-06-30": "0.27410", "2015-03-31": "0.26370", "2014-12-31": "0.26550", "2014-09-30": "0.26420", "2014-06-30": "0.26230", "2014-03-31": "0.32670", "2013-12-31": "0.33130", "2013-09-30": "0.33840", "2013-06-30": "0.34260", "2013-03-31": "0.40210", "2012-12-31": "0.40470", "2012-09-30": "0.40090", "2012-06-30": "0.40290", "2012-03-31": "0.41320", "2011-12-31": "0.41860", "2011-09-30": "0.41880", "2011-06-30": "0.46300", "2011-03-31": "0.51000", "2010-12-31": "0.51450", "2010-09-30": "0.55280", "2010-06-30": "0.60950", "2010-03-31": "0.63630", "2009-12-31": "0.61140", "2009-09-30": "0.61530", "2009-06-30": "0.65670", "2009-03-31": "0.67040", "2008-12-31": "0.67790", "2008-09-30": "0.75090", "2008-06-30": "0.71670", "2008-03-31": "0.67260", "2007-12-31": "0.63290", "2007-09-30": "0.63730", "2007-06-30": "0.63590", "2007-03-31": "0.58310", "2006-12-31": "0.53580", "2006-09-30": "0.56470", "2006-06-30": "0.53980", "2006-03-31": "0.44360", "2005-12-31": "0.43870", "2005-09-30": "0.44400", "2005-06-30": "0.45710", "2005-03-31": "0.45990"}, "Debt/Equity Ratio": {"2020-09-30": "0.73200", "2020-06-30": "0.93220", "2020-03-31": "1.31010", "2019-12-31": "1.00180", "2019-09-30": "1.02250", "2019-06-30": "1.13220", "2019-03-31": "1.05050", "2018-12-31": "0.86680", "2018-09-30": "0.83510", "2018-06-30": "0.69820", "2018-03-31": "0.70530", "2017-12-31": "0.58170", "2017-09-30": "0.64050", "2017-06-30": "0.71180", "2017-03-31": "0.65500", "2016-12-31": "0.66510", "2016-09-30": "0.76380", "2016-06-30": "0.77110", "2016-03-31": "0.47400", "2015-12-31": "0.40750", "2015-09-30": "0.42100", "2015-06-30": "0.38510", "2015-03-31": "0.36880", "2014-12-31": "0.37710", "2014-09-30": "0.38630", "2014-06-30": "0.37940", "2014-03-31": "0.50720", "2013-12-31": "0.53090", "2013-09-30": "0.54400", "2013-06-30": "0.54000", "2013-03-31": "0.68070", "2012-12-31": "0.69580", "2012-09-30": "0.67800", "2012-06-30": "0.68650", "2012-03-31": "0.71600", "2011-12-31": "0.73010", "2011-09-30": "0.74420", "2011-06-30": "0.87330", "2011-03-31": "1.05100", "2010-12-31": "1.08200", "2010-09-30": "1.26870", "2010-06-30": "1.59960", "2010-03-31": "1.83930", "2009-12-31": "1.64080", "2009-09-30": "1.66150", "2009-06-30": "1.98340", "2009-03-31": "2.34290", "2008-12-31": "2.35120", "2008-09-30": "3.72980", "2008-06-30": "3.33490", "2008-03-31": "2.52270", "2007-12-31": "2.28180", "2007-09-30": "2.32000", "2007-06-30": "1.81370", "2007-03-31": "1.47370", "2006-12-31": "1.28860", "2006-09-30": "1.35250", "2006-06-30": "1.27250", "2006-03-31": "1.18240", "2005-12-31": "0.85280", "2005-09-30": "0.85370", "2005-06-30": "0.87000", "2005-03-31": "0.94060"}, "Gross Margin": {"2020-09-30": "", "2020-06-30": "", "2020-03-31": "", "2019-12-31": "", "2019-09-30": "", "2019-06-30": "", "2019-03-31": "", "2018-12-31": "", "2018-09-30": "", "2018-06-30": "", "2018-03-31": "", "2017-12-31": "", "2017-09-30": "", "2017-06-30": "", "2017-03-31": "", "2016-12-31": "", "2016-09-30": "", "2016-06-30": "", "2016-03-31": "", "2015-12-31": "", "2015-09-30": "", "2015-06-30": "", "2015-03-31": "", "2014-12-31": "", "2014-09-30": "", "2014-06-30": "", "2014-03-31": "", "2013-12-31": "", "2013-09-30": "", "2013-06-30": "", "2013-03-31": "", "2012-12-31": "", "2012-09-30": "", "2012-06-30": "", "2012-03-31": "", "2011-12-31": "", "2011-09-30": "", "2011-06-30": "", "2011-03-31": "", "2010-12-31": "", "2010-09-30": "", "2010-06-30": "", "2010-03-31": "", "2009-12-31": "", "2009-09-30": "", "2009-06-30": "", "2009-03-31": "", "2008-12-31": "", "2008-09-30": "", "2008-06-30": "", "2008-03-31": "", "2007-12-31": "", "2007-09-30": "", "2007-06-30": "", "2007-03-31": "", "2006-12-31": "", "2006-09-30": "", "2006-06-30": "", "2006-03-31": "", "2005-12-31": "", "2005-09-30": "", "2005-06-30": "", "2005-03-31": ""}, "Operating Margin": {"2020-09-30": "", "2020-06-30": "", "2020-03-31": "", "2019-12-31": "", "2019-09-30": "", "2019-06-30": "", "2019-03-31": "", "2018-12-31": "", "2018-09-30": "", "2018-06-30": "", "2018-03-31": "", "2017-12-31": "", "2017-09-30": "", "2017-06-30": "", "2017-03-31": "", "2016-12-31": "", "2016-09-30": "", "2016-06-30": "", "2016-03-31": "", "2015-12-31": "", "2015-09-30": "", "2015-06-30": "", "2015-03-31": "", "2014-12-31": "", "2014-09-30": "", "2014-06-30": "", "2014-03-31": "", "2013-12-31": "", "2013-09-30": "", "2013-06-30": "", "2013-03-31": "", "2012-12-31": "", "2012-09-30": "", "2012-06-30": "", "2012-03-31": "", "2011-12-31": "", "2011-09-30": "", "2011-06-30": "", "2011-03-31": "", "2010-12-31": "", "2010-09-30": "", "2010-06-30": "", "2010-03-31": "", "2009-12-31": "", "2009-09-30": "", "2009-06-30": "", "2009-03-31": "", "2008-12-31": "", "2008-09-30": "", "2008-06-30": "", "2008-03-31": "", "2007-12-31": "", "2007-09-30": "", "2007-06-30": "", "2007-03-31": "", "2006-12-31": "", "2006-09-30": "", "2006-06-30": "", "2006-03-31": "", "2005-12-31": "", "2005-09-30": "", "2005-06-30": "", "2005-03-31": ""}, "EBIT Margin": {"2020-09-30": "", "2020-06-30": "", "2020-03-31": "", "2019-12-31": "", "2019-09-30": "", "2019-06-30": "", "2019-03-31": "", "2018-12-31": "", "2018-09-30": "", "2018-06-30": "", "2018-03-31": "", "2017-12-31": "", "2017-09-30": "", "2017-06-30": "", "2017-03-31": "", "2016-12-31": "", "2016-09-30": "", "2016-06-30": "", "2016-03-31": "", "2015-12-31": "", "2015-09-30": "", "2015-06-30": "", "2015-03-31": "", "2014-12-31": "", "2014-09-30": "", "2014-06-30": "", "2014-03-31": "", "2013-12-31": "", "2013-09-30": "", "2013-06-30": "", "2013-03-31": "", "2012-12-31": "", "2012-09-30": "", "2012-06-30": "", "2012-03-31": "", "2011-12-31": "", "2011-09-30": "", "2011-06-30": "", "2011-03-31": "", "2010-12-31": "", "2010-09-30": "", "2010-06-30": "", "2010-03-31": "", "2009-12-31": "", "2009-09-30": "", "2009-06-30": "", "2009-03-31": "", "2008-12-31": "", "2008-09-30": "", "2008-06-30": "", "2008-03-31": "", "2007-12-31": "", "2007-09-30": "", "2007-06-30": "", "2007-03-31": "", "2006-12-31": "", "2006-09-30": "", "2006-06-30": "", "2006-03-31": "", "2005-12-31": "", "2005-09-30": "", "2005-06-30": "", "2005-03-31": ""}, "EBITDA Margin": {"2020-09-30": "", "2020-06-30": "", "2020-03-31": "", "2019-12-31": "", "2019-09-30": "", "2019-06-30": "", "2019-03-31": "", "2018-12-31": "", "2018-09-30": "", "2018-06-30": "", "2018-03-31": "", "2017-12-31": "", "2017-09-30": "", "2017-06-30": "", "2017-03-31": "", "2016-12-31": "", "2016-09-30": "", "2016-06-30": "", "2016-03-31": "", "2015-12-31": "", "2015-09-30": "", "2015-06-30": "", "2015-03-31": "", "2014-12-31": "", "2014-09-30": "", "2014-06-30": "", "2014-03-31": "", "2013-12-31": "", "2013-09-30": "", "2013-06-30": "", "2013-03-31": "", "2012-12-31": "", "2012-09-30": "", "2012-06-30": "", "2012-03-31": "", "2011-12-31": "", "2011-09-30": "", "2011-06-30": "", "2011-03-31": "", "2010-12-31": "", "2010-09-30": "", "2010-06-30": "", "2010-03-31": "", "2009-12-31": "", "2009-09-30": "", "2009-06-30": "", "2009-03-31": "", "2008-12-31": "", "2008-09-30": "", "2008-06-30": "", "2008-03-31": "", "2007-12-31": "", "2007-09-30": "", "2007-06-30": "", "2007-03-31": "", "2006-12-31": "", "2006-09-30": "", "2006-06-30": "", "2006-03-31": "", "2005-12-31": "", "2005-09-30": "", "2005-06-30": "", "2005-03-31": ""}, "Pre-Tax Profit Margin": {"2020-09-30": "36.73760", "2020-06-30": "24.13790", "2020-03-31": "-25.36870", "2019-12-31": "43.76560", "2019-09-30": "46.09670", "2019-06-30": "47.58960", "2019-03-31": "49.47490", "2018-12-31": "47.16980", "2018-09-30": "45.73830", "2018-06-30": "48.32760", "2018-03-31": "42.89370", "2017-12-31": "40.59040", "2017-09-30": "41.90720", "2017-06-30": "39.78920", "2017-03-31": "36.96550", "2016-12-31": "32.89670", "2016-09-30": "30.17000", "2016-06-30": "21.98800", "2016-03-31": "15.65380", "2015-12-31": "24.60820", "2015-09-30": "30.33540", "2015-06-30": "31.48730", "2015-03-31": "29.95390", "2014-12-31": "34.92820", "2014-09-30": "36.37820", "2014-06-30": "35.36000", "2014-03-31": "33.33330", "2013-12-31": "26.09380", "2013-09-30": "34.01900", "2013-06-30": "33.22630", "2013-03-31": "32.13700", "2012-12-31": "35.84340", "2012-09-30": "25.41530", "2012-06-30": "30.78150", "2012-03-31": "28.43450", "2011-12-31": "21.11290", "2011-09-30": "21.39220", "2011-06-30": "25.00000", "2011-03-31": "24.95480", "2010-12-31": "22.30090", "2010-09-30": "14.10260", "2010-06-30": "18.97960", "2010-03-31": "6.91240", "2009-12-31": "-20.05650", "2009-09-30": "-2.57070", "2009-06-30": "-10.56700", "2009-03-31": "1.73270", "2008-12-31": "0.48430", "2008-09-30": "4.99080", "2008-06-30": "17.70430", "2008-03-31": "27.25630", "2007-12-31": "26.35020", "2007-09-30": "38.51740", "2007-06-30": "41.11750", "2007-03-31": "40.32260", "2006-12-31": "38.40970", "2006-09-30": "41.49560", "2006-06-30": "42.45560", "2006-03-31": "38.80170", "2005-12-31": "36.06320", "2005-09-30": "45.70670", "2005-06-30": "45.28570", "2005-03-31": "44.09570"}, "Net Profit Margin": {"2020-09-30": "28.79430", "2020-06-30": "19.31030", "2020-03-31": "-19.17400", "2019-12-31": "33.29180", "2019-09-30": "35.93560", "2019-06-30": "36.71200", "2019-03-31": "39.32320", "2018-12-31": "36.32080", "2018-09-30": "37.93520", "2018-06-30": "37.37020", "2018-03-31": "35.72340", "2017-12-31": "13.77610", "2017-09-30": "28.10540", "2017-06-30": "26.61400", "2017-03-31": "27.58620", "2016-12-31": "23.72640", "2016-09-30": "20.96320", "2016-06-30": "15.51210", "2016-03-31": "10.86560", "2015-12-31": "18.02510", "2015-09-30": "20.42680", "2015-06-30": "21.20250", "2015-03-31": "20.27650", "2014-12-31": "23.60450", "2014-09-30": "24.35900", "2014-06-30": "23.84000", "2014-03-31": "22.49590", "2013-12-31": "17.96880", "2013-09-30": "22.94300", "2013-06-30": "22.63240", "2013-03-31": "21.53340", "2012-12-31": "19.42770", "2012-09-30": "19.26910", "2012-06-30": "22.48800", "2012-03-31": "20.60700", "2011-12-31": "15.54830", "2011-09-30": "16.46860", "2011-06-30": "17.33580", "2011-03-31": "18.44490", "2010-12-31": "16.99120", "2010-09-30": "12.60680", "2010-06-30": "14.08160", "2010-03-31": "-16.35950", "2009-12-31": "-17.51410", "2009-09-30": "-4.11310", "2009-06-30": "-4.12370", "2009-03-31": "-5.94060", "2008-12-31": "-0.24210", "2008-09-30": "5.17560", "2008-06-30": "10.89490", "2008-03-31": "19.67510", "2007-12-31": "18.49430", "2007-09-30": "26.30810", "2007-06-30": "28.08020", "2007-03-31": "27.85920", "2006-12-31": "40.29650", "2006-09-30": "29.32550", "2006-06-30": "29.58580", "2006-03-31": "27.67480", "2005-12-31": "29.74140", "2005-09-30": "31.43990", "2005-06-30": "31.00000", "2005-03-31": "29.74590"}, "Asset Turnover": {"2020-09-30": "0.00840", "2020-06-30": "0.00690", "2020-03-31": "0.00440", "2019-12-31": "0.01090", "2019-09-30": "0.01110", "2019-06-30": "0.01120", "2019-03-31": "0.01210", "2018-12-31": "0.01200", "2018-09-30": "0.01170", "2018-06-30": "0.01200", "2018-03-31": "0.01080", "2017-12-31": "0.01140", "2017-09-30": "0.01110", "2017-06-30": "0.01060", "2017-03-31": "0.00990", "2016-12-31": "0.00940", "2016-09-30": "0.00950", "2016-06-30": "0.00930", "2016-03-31": "0.00790", "2015-12-31": "0.00890", "2015-09-30": "0.00920", "2015-06-30": "0.00900", "2015-03-31": "0.00940", "2014-12-31": "0.00910", "2014-09-30": "0.00910", "2014-06-30": "0.00960", "2014-03-31": "0.00930", "2013-12-31": "0.00980", "2013-09-30": "0.00980", "2013-06-30": "0.00990", "2013-03-31": "0.00940", "2012-12-31": "0.01020", "2012-09-30": "0.00950", "2012-06-30": "0.01000", "2012-03-31": "0.01000", "2011-12-31": "0.01000", "2011-09-30": "0.00970", "2011-06-30": "0.01010", "2011-03-31": "0.01010", "2010-12-31": "0.01050", "2010-09-30": "0.00850", "2010-06-30": "0.00880", "2010-03-31": "0.00760", "2009-12-31": "0.00600", "2009-09-30": "0.00650", "2009-06-30": "0.00610", "2009-03-31": "0.00600", "2008-12-31": "0.00610", "2008-09-30": "0.00830", "2008-06-30": "0.00780", "2008-03-31": "0.00830", "2007-12-31": "0.00980", "2007-09-30": "0.01150", "2007-06-30": "0.01190", "2007-03-31": "0.01190", "2006-12-31": "0.01280", "2006-09-30": "0.01170", "2006-06-30": "0.01180", "2006-03-31": "0.01240", "2005-12-31": "0.01310", "2005-09-30": "0.01390", "2005-06-30": "0.01280", "2005-03-31": "0.01250"}, "Inventory Turnover Ratio": {"2020-09-30": "", "2020-06-30": "", "2020-03-31": "", "2019-12-31": "", "2019-09-30": "", "2019-06-30": "", "2019-03-31": "", "2018-12-31": "", "2018-09-30": "", "2018-06-30": "", "2018-03-31": "", "2017-12-31": "", "2017-09-30": "", "2017-06-30": "", "2017-03-31": "", "2016-12-31": "", "2016-09-30": "", "2016-06-30": "", "2016-03-31": "", "2015-12-31": "", "2015-09-30": "", "2015-06-30": "", "2015-03-31": "", "2014-12-31": "", "2014-09-30": "", "2014-06-30": "", "2014-03-31": "", "2013-12-31": "", "2013-09-30": "", "2013-06-30": "", "2013-03-31": "", "2012-12-31": "", "2012-09-30": "", "2012-06-30": "", "2012-03-31": "", "2011-12-31": "", "2011-09-30": "", "2011-06-30": "", "2011-03-31": "", "2010-12-31": "", "2010-09-30": "", "2010-06-30": "", "2010-03-31": "", "2009-12-31": "", "2009-09-30": "", "2009-06-30": "", "2009-03-31": "", "2008-12-31": "", "2008-09-30": "", "2008-06-30": "", "2008-03-31": "", "2007-12-31": "", "2007-09-30": "", "2007-06-30": "", "2007-03-31": "", "2006-12-31": "", "2006-09-30": "", "2006-06-30": "", "2006-03-31": "", "2005-12-31": "", "2005-09-30": "", "2005-06-30": "", "2005-03-31": ""}, "Receiveable Turnover": {"2020-09-30": "", "2020-06-30": "", "2020-03-31": "", "2019-12-31": "", "2019-09-30": "", "2019-06-30": "", "2019-03-31": "", "2018-12-31": "", "2018-09-30": "", "2018-06-30": "", "2018-03-31": "", "2017-12-31": "", "2017-09-30": "", "2017-06-30": "", "2017-03-31": "", "2016-12-31": "", "2016-09-30": "", "2016-06-30": "", "2016-03-31": "", "2015-12-31": "", "2015-09-30": "", "2015-06-30": "", "2015-03-31": "", "2014-12-31": "", "2014-09-30": "", "2014-06-30": "", "2014-03-31": "", "2013-12-31": "", "2013-09-30": "", "2013-06-30": "", "2013-03-31": "", "2012-12-31": "", "2012-09-30": "", "2012-06-30": "", "2012-03-31": "", "2011-12-31": "", "2011-09-30": "", "2011-06-30": "", "2011-03-31": "", "2010-12-31": "", "2010-09-30": "", "2010-06-30": "", "2010-03-31": "", "2009-12-31": "", "2009-09-30": "", "2009-06-30": "", "2009-03-31": "", "2008-12-31": "", "2008-09-30": "", "2008-06-30": "", "2008-03-31": "", "2007-12-31": "", "2007-09-30": "", "2007-06-30": "", "2007-03-31": "", "2006-12-31": "", "2006-09-30": "", "2006-06-30": "", "2006-03-31": "", "2005-12-31": "", "2005-09-30": "", "2005-06-30": "", "2005-03-31": ""}, "Days Sales In Receivables": {"2020-09-30": "", "2020-06-30": "", "2020-03-31": "", "2019-12-31": "", "2019-09-30": "", "2019-06-30": "", "2019-03-31": "", "2018-12-31": "", "2018-09-30": "", "2018-06-30": "", "2018-03-31": "", "2017-12-31": "", "2017-09-30": "", "2017-06-30": "", "2017-03-31": "", "2016-12-31": "", "2016-09-30": "", "2016-06-30": "", "2016-03-31": "", "2015-12-31": "", "2015-09-30": "", "2015-06-30": "", "2015-03-31": "", "2014-12-31": "", "2014-09-30": "", "2014-06-30": "", "2014-03-31": "", "2013-12-31": "", "2013-09-30": "", "2013-06-30": "", "2013-03-31": "", "2012-12-31": "", "2012-09-30": "", "2012-06-30": "", "2012-03-31": "", "2011-12-31": "", "2011-09-30": "", "2011-06-30": "", "2011-03-31": "", "2010-12-31": "", "2010-09-30": "", "2010-06-30": "", "2010-03-31": "", "2009-12-31": "", "2009-09-30": "", "2009-06-30": "", "2009-03-31": "", "2008-12-31": "", "2008-09-30": "", "2008-06-30": "", "2008-03-31": "", "2007-12-31": "", "2007-09-30": "", "2007-06-30": "", "2007-03-31": "", "2006-12-31": "", "2006-09-30": "", "2006-06-30": "", "2006-03-31": "", "2005-12-31": "", "2005-09-30": "", "2005-06-30": "", "2005-03-31": ""}, "ROE - Return On Equity": {"2020-09-30": "2.82090", "2020-06-30": "1.52560", "2020-03-31": "-0.87810", "2019-12-31": "3.67140", "2019-09-30": "4.05560", "2019-06-30": "4.06940", "2019-03-31": "4.57550", "2018-12-31": "4.12950", "2018-09-30": "4.08430", "2018-06-30": "4.03520", "2018-03-31": "3.51250", "2017-12-31": "1.40650", "2017-09-30": "2.81300", "2017-06-30": "2.96610", "2017-03-31": "2.54730", "2016-12-31": "2.10360", "2016-09-30": "1.92830", "2016-06-30": "1.35170", "2016-03-31": "0.78490", "2015-12-31": "1.53440", "2015-09-30": "1.78430", "2015-06-30": "1.79450", "2015-03-31": "1.78670", "2014-12-31": "2.01300", "2014-09-30": "2.07180", "2014-06-30": "2.04910", "2014-03-31": "1.90860", "2013-12-31": "1.63640", "2013-09-30": "2.10930", "2013-06-30": "2.06920", "2013-03-31": "1.91760", "2012-12-31": "1.88710", "2012-09-30": "1.65160", "2012-06-30": "2.03470", "2012-03-31": "1.86110", "2011-12-31": "1.39780", "2011-09-30": "1.40990", "2011-06-30": "1.58990", "2011-03-31": "1.75260", "2010-12-31": "1.65720", "2010-09-30": "1.00730", "2010-06-30": "1.20860", "2010-03-31": "0.61750", "2009-12-31": "-0.59450", "2009-09-30": "0.38850", "2009-06-30": "0.36340", "2009-03-31": "0.15840", "2008-12-31": "0.37830", "2008-09-30": "0.52940", "2008-06-30": "1.10190", "2008-03-31": "2.09240", "2007-12-31": "2.28650", "2007-09-30": "3.55170", "2007-06-30": "3.91300", "2007-03-31": "3.69790", "2006-12-31": "3.59010", "2006-09-30": "3.74420", "2006-06-30": "3.75800", "2006-03-31": "4.06360", "2005-12-31": "3.29520", "2005-09-30": "4.57670", "2005-06-30": "4.24080", "2005-03-31": "3.95630"}, "Return On Tangible Equity": {"2020-09-30": "2.67970", "2020-06-30": "1.44830", "2020-03-31": "-0.87810", "2019-12-31": "3.67140", "2019-09-30": "4.05560", "2019-06-30": "4.06940", "2019-03-31": "4.57550", "2018-12-31": "4.12950", "2018-09-30": "4.08430", "2018-06-30": "4.03520", "2018-03-31": "3.51250", "2017-12-31": "1.40650", "2017-09-30": "2.81300", "2017-06-30": "2.54230", "2017-03-31": "2.54730", "2016-12-31": "2.10360", "2016-09-30": "1.92830", "2016-06-30": "1.35170", "2016-03-31": "0.78490", "2015-12-31": "1.53440", "2015-09-30": "1.78430", "2015-06-30": "1.79450", "2015-03-31": "1.78670", "2014-12-31": "2.01300", "2014-09-30": "2.07180", "2014-06-30": "2.04910", "2014-03-31": "1.90860", "2013-12-31": "1.63640", "2013-09-30": "2.10930", "2013-06-30": "2.06920", "2013-03-31": "1.91760", "2012-12-31": "1.88710", "2012-09-30": "1.65160", "2012-06-30": "2.03470", "2012-03-31": "1.86110", "2011-12-31": "1.39780", "2011-09-30": "1.40990", "2011-06-30": "1.58990", "2011-03-31": "1.75260", "2010-12-31": "1.65720", "2010-09-30": "1.00730", "2010-06-30": "1.20860", "2010-03-31": "0.61750", "2009-12-31": "-0.41260", "2009-09-30": "0.27010", "2009-06-30": "0.25380", "2009-03-31": "0.11140", "2008-12-31": "0.26570", "2008-09-30": "0.52940", "2008-06-30": "1.10190", "2008-03-31": "2.09240", "2007-12-31": "2.28650", "2007-09-30": "3.55170", "2007-06-30": "3.91300", "2007-03-31": "3.69790", "2006-12-31": "3.59010", "2006-09-30": "3.74420", "2006-06-30": "3.75800", "2006-03-31": "4.06360", "2005-12-31": "3.29520", "2005-09-30": "4.57670", "2005-06-30": "4.24080", "2005-03-31": "3.95630"}, "ROA - Return On Assets": {"2020-09-30": "0.25230", "2020-06-30": "0.13390", "2020-03-31": "-0.08510", "2019-12-31": "0.36650", "2019-09-30": "0.40080", "2019-06-30": "0.41080", "2019-03-31": "0.47960", "2018-12-31": "0.43770", "2018-09-30": "0.44510", "2018-06-30": "0.45290", "2018-03-31": "0.38850", "2017-12-31": "0.15650", "2017-09-30": "0.31380", "2017-06-30": "0.28410", "2017-03-31": "0.27680", "2016-12-31": "0.22470", "2016-09-30": "0.20100", "2016-06-30": "0.14590", "2016-03-31": "0.08690", "2015-12-31": "0.16140", "2015-09-30": "0.19150", "2015-06-30": "0.19300", "2015-03-31": "0.19330", "2014-12-31": "0.21540", "2014-09-30": "0.22360", "2014-06-30": "0.23120", "2014-03-31": "0.21160", "2013-12-31": "0.17940", "2013-09-30": "0.22730", "2013-06-30": "0.22720", "2013-03-31": "0.20650", "2012-12-31": "0.20130", "2012-09-30": "0.18480", "2012-06-30": "0.22830", "2012-03-31": "0.20770", "2011-12-31": "0.15740", "2011-09-30": "0.16100", "2011-06-30": "0.17730", "2011-03-31": "0.18720", "2010-12-31": "0.17890", "2010-09-30": "0.10730", "2010-06-30": "0.12530", "2010-03-31": "0.06130", "2009-12-31": "-0.04890", "2009-09-30": "0.03190", "2009-06-30": "0.02830", "2009-03-31": "0.01190", "2008-12-31": "0.02810", "2008-09-30": "0.04140", "2008-06-30": "0.08480", "2008-03-31": "0.16410", "2007-12-31": "0.18770", "2007-09-30": "0.29990", "2007-06-30": "0.33460", "2007-03-31": "0.32850", "2006-12-31": "0.31900", "2006-09-30": "0.33350", "2006-06-30": "0.34160", "2006-03-31": "0.36680", "2005-12-31": "0.31500", "2005-09-30": "0.42870", "2005-06-30": "0.39680", "2005-03-31": "0.37190"}, "ROI - Return On Investment": {"2020-09-30": "1.54830", "2020-06-30": "0.78890", "2020-03-31": "-0.43810", "2019-12-31": "1.84300", "2019-09-30": "2.01230", "2019-06-30": "2.14680", "2019-03-31": "2.37780", "2018-12-31": "2.21900", "2018-09-30": "2.23880", "2018-06-30": "2.38620", "2018-03-31": "2.06710", "2017-12-31": "0.88990", "2017-09-30": "1.78360", "2017-06-30": "1.54630", "2017-03-31": "1.54400", "2016-12-31": "1.26580", "2016-09-30": "1.09420", "2016-06-30": "0.76390", "2016-03-31": "0.55800", "2015-12-31": "1.09250", "2015-09-30": "1.26840", "2015-06-30": "1.30260", "2015-03-31": "1.31550", "2014-12-31": "1.47860", "2014-09-30": "1.52450", "2014-06-30": "1.51170", "2014-03-31": "1.28500", "2013-12-31": "1.09420", "2013-09-30": "1.39550", "2013-06-30": "1.36040", "2013-03-31": "1.14660", "2012-12-31": "1.12330", "2012-09-30": "0.98950", "2012-06-30": "1.21500", "2012-03-31": "1.09210", "2011-12-31": "0.81270", "2011-09-30": "0.81940", "2011-06-30": "0.85380", "2011-03-31": "0.85880", "2010-12-31": "0.80460", "2010-09-30": "0.45050", "2010-06-30": "0.47190", "2010-03-31": "0.22460", "2009-12-31": "-0.16030", "2009-09-30": "0.10390", "2009-06-30": "0.08710", "2009-03-31": "0.03670", "2008-12-31": "0.08560", "2008-09-30": "0.13190", "2008-06-30": "0.31220", "2008-03-31": "0.68510", "2007-12-31": "0.83940", "2007-09-30": "1.28810", "2007-06-30": "1.42470", "2007-03-31": "1.54170", "2006-12-31": "1.66640", "2006-09-30": "1.63000", "2006-06-30": "1.72930", "2006-03-31": "2.26080", "2005-12-31": "1.84960", "2005-09-30": "2.54450", "2005-06-30": "2.30210", "2005-03-31": "2.13680"}, "Book Value Per Share": {"2020-09-30": "56.61940", "2020-06-30": "56.11340", "2020-03-31": "53.23760", "2019-12-31": "51.56370", "2019-09-30": "49.95280", "2019-06-30": "48.88620", "2019-03-31": "47.67140", "2018-12-31": "46.89410", "2018-09-30": "46.92030", "2018-06-30": "47.27050", "2018-03-31": "46.38380", "2017-12-31": "46.06670", "2017-09-30": "46.09290", "2017-06-30": "45.39180", "2017-03-31": "44.69320", "2016-12-31": "44.46880", "2016-09-30": "44.90670", "2016-06-30": "44.23950", "2016-03-31": "43.66050", "2015-12-31": "43.02590", "2015-09-30": "43.02470", "2015-06-30": "42.17850", "2015-03-31": "42.12300", "2014-12-31": "41.34760", "2014-09-30": "41.25500", "2014-06-30": "40.71950", "2014-03-31": "40.08870", "2013-12-31": "39.22020", "2013-09-30": "37.94080", "2013-06-30": "37.32330", "2013-03-31": "37.40840", "2012-12-31": "36.87160", "2012-09-30": "37.01630", "2012-06-30": "36.17550", "2012-03-31": "35.43310", "2011-12-31": "34.80390", "2011-09-30": "34.94260", "2011-06-30": "34.15430", "2011-03-31": "33.24580", "2010-12-31": "32.81480", "2010-09-30": "33.18730", "2010-06-30": "32.84990", "2010-03-31": "32.14920", "2009-12-31": "46.49430", "2009-09-30": "46.55400", "2009-06-30": "46.93780", "2009-03-31": "47.52110", "2008-12-31": "47.52480", "2008-09-30": "33.89020", "2008-06-30": "33.77780", "2008-03-31": "34.93000", "2007-12-31": "34.11610", "2007-09-30": "33.56070", "2007-06-30": "32.73640", "2007-03-31": "32.78360", "2006-12-31": "32.70210", "2006-09-30": "32.78710", "2006-06-30": "31.99120", "2006-03-31": "31.39140", "2005-12-31": "31.11110", "2005-09-30": "30.80490", "2005-06-30": "30.60000", "2005-03-31": "29.80790"}, "Operating Cash Flow Per Share": {"2020-09-30": -0.2096, "2020-06-30": 0.3951, "2020-03-31": "4.95740", "2019-12-31": 1.3469, "2019-09-30": 3.0938, "2019-06-30": 2.5278, "2019-03-31": "0.25000", "2018-12-31": 3.7621, "2018-09-30": 2.1595, "2018-06-30": 1.483, "2018-03-31": "2.04570", "2017-12-31": 1.2932, "2017-09-30": 1.171, "2017-06-30": 1.3869, "2017-03-31": "2.24440", "2016-12-31": 0.4617, "2016-09-30": 0.9056, "2016-06-30": -0.0306, "2016-03-31": "1.40910", "2015-12-31": 1.116, "2015-09-30": 1.4982, "2015-06-30": 0.3077, "2015-03-31": "1.85710", "2014-12-31": 0.4, "2014-09-30": 1.1939, "2014-06-30": 0.7158, "2014-03-31": "1.14440", "2013-12-31": 2.2781, "2013-09-30": 0.8235, "2013-06-30": -0.016, "2013-03-31": "1.38500", "2012-12-31": -0.2963, "2012-09-30": 1.6015, "2012-06-30": 1.498, "2012-03-31": "0.80100", "2011-12-31": 0.3421, "2011-09-30": 1.342, "2011-06-30": 1.7528, "2011-03-31": "0.84270", "2010-12-31": 1.8436, "2010-09-30": 1.4326, "2010-06-30": 2.1638, "2010-03-31": "1.99350", "2009-12-31": -0.1678, "2009-09-30": 1.1611, "2009-06-30": 1.2885, "2009-03-31": "-1.67110", "2008-12-31": 0.5071, "2008-09-30": 2.2053, "2008-06-30": 1.5364, "2008-03-31": "1.53640", "2007-12-31": 1.8981, "2007-09-30": 1.578, "2007-06-30": 1.5863, "2007-03-31": "1.52200", "2006-12-31": 0.8086, "2006-09-30": 2.1976, "2006-06-30": 1.183, "2006-03-31": "1.82930", "2005-12-31": 1.1607, "2005-09-30": 1.1511, "2005-06-30": 1.3725, "2005-03-31": "1.32160"}, "Free Cash Flow Per Share": {"2020-09-30": -0.3653, "2020-06-30": 0.2928, "2020-03-31": "4.85110", "2019-12-31": 1.1963, "2019-09-30": 2.8645, "2019-06-30": 2.4382, "2019-03-31": "0.15000", "2018-12-31": 3.6181, "2018-09-30": 2.0128, "2018-06-30": 1.3617, "2018-03-31": "1.93140", "2017-12-31": 1.1486, "2017-09-30": 1.0789, "2017-06-30": 1.3026, "2017-03-31": "2.17780", "2016-12-31": 0.3283, "2016-09-30": 0.8073, "2016-06-30": -0.1823, "2016-03-31": "1.25570", "2015-12-31": 0.8895, "2015-09-30": 1.3639, "2015-06-30": 0.1483, "2015-03-31": "1.71980", "2014-12-31": 0.2271, "2014-09-30": 1.1551, "2014-06-30": 0.6347, "2014-03-31": "1.05880", "2013-12-31": 2.1069, "2013-09-30": 0.6738, "2013-06-30": -0.139, "2013-03-31": "1.28340", "2012-12-31": -0.687, "2012-09-30": 1.6015, "2012-06-30": 1.498, "2012-03-31": "0.80100", "2011-12-31": -0.3085, "2011-09-30": 1.342, "2011-06-30": 1.7528, "2011-03-31": "0.84270", "2010-12-31": 2.2088, "2010-09-30": 1.2696, "2010-06-30": 2.0712, "2010-03-31": "1.88390", "2009-12-31": -0.302, "2009-09-30": 1.047, "2009-06-30": 1.1678, "2009-03-31": "-1.79870", "2008-12-31": 0.2274, "2008-09-30": 1.947, "2008-06-30": 1.2384, "2008-03-31": "1.25830", "2007-12-31": 1.4944, "2007-09-30": 1.3086, "2007-06-30": 1.3214, "2007-03-31": "1.23270", "2006-12-31": 0.4567, "2006-09-30": 1.9666, "2006-06-30": 0.9366, "2006-03-31": "1.65240", "2005-12-31": 0.9094, "2005-09-30": 0.9508, "2005-06-30": 1.1776, "2005-03-31": "1.18710"}}, "revenue": {"Comerica Annual Revenue (Millions of US $)": {"2020": "$3,094", "2019": "$3,817", "2018": "$3,595", "2017": "$3,289", "2016": "$2,960", "2015": "$2,819", "2014": "$2,607", "2013": "$2,666", "2012": "$2,733", "2011": "$2,601", "2010": "$2,642", "2009": "$3,155", "2008": "$3,944", "2007": "$4,618", "2006": "$4,277", "2005": "$3,545"}, "Comerica Quarterly Revenue (Millions of US $)": {"2020-12-31": "$754", "2020-09-30": "$736", "2020-06-30": "$758", "2020-03-31": "$846", "2019-12-31": "$925", "2019-09-30": "$967", "2019-06-30": "$977", "2019-03-31": "$948", "2018-12-31": "$954", "2018-09-30": "$909", "2018-06-30": "$898", "2018-03-31": "$834", "2017-12-31": "$863", "2017-09-30": "$854", "2017-06-30": "$805", "2017-03-31": "$767", "2016-12-31": "$751", "2016-09-30": "$752", "2016-06-30": "$741", "2016-03-31": "$716", "2015-12-31": "$722", "2015-09-30": "$708", "2015-06-30": "$702", "2015-03-31": "$687", "2014-12-31": "$652", "2014-09-30": "$651", "2014-06-30": "$661", "2014-03-31": "$643", "2013-12-31": "$675", "2013-09-30": "$667", "2013-06-30": "$665", "2013-03-31": "$659", "2012-12-31": "$712", "2012-09-30": "$657", "2012-06-30": "$681", "2012-03-31": "$683", "2011-12-31": "$663", "2011-09-30": "$664", "2011-06-30": "$633", "2011-03-31": "$641", "2010-12-31": "$660", "2010-09-30": "$642", "2010-06-30": "$670", "2010-03-31": "$670", "2009-12-31": "$693", "2009-09-30": "$826", "2009-06-30": "$850", "2009-03-31": "$786", "2008-12-31": "$890", "2008-09-30": "$975", "2008-06-30": "$979", "2008-03-31": "$1,100", "2007-12-31": "$1,174", "2007-09-30": "$1,182", "2007-06-30": "$1,158", "2007-03-31": "$1,104", "2006-12-31": "$1,174", "2006-09-30": "$1,088", "2006-06-30": "$1,048", "2006-03-31": "$967", "2005-12-31": "$920", "2005-09-30": "$934", "2005-06-30": "$874", "2005-03-31": "$817"}}, "gross-profit": {"Comerica Annual Gross Profit (Millions of US $)": {"2020": "$2,912", "2019": "$3,349", "2018": "$3,328", "2017": "$3,168", "2016": "$2,848", "2015": "$2,724", "2014": "$2,512", "2013": "$2,554", "2012": "$2,598", "2011": "$2,445", "2010": "$2,435", "2009": "$2,617", "2008": "$2,708", "2007": "$2,891", "2006": "$2,838", "2005": "$2,775"}, "Comerica Quarterly Gross Profit (Millions of US $)": {"2020-12-31": "$734", "2020-09-30": "$710", "2020-06-30": "$718", "2020-03-31": "$750", "2019-12-31": "$810", "2019-09-30": "$842", "2019-06-30": "$853", "2019-03-31": "$844", "2018-12-31": "$864", "2018-09-30": "$833", "2018-06-30": "$838", "2018-03-31": "$793", "2017-12-31": "$830", "2017-09-30": "$821", "2017-06-30": "$776", "2017-03-31": "$741", "2016-12-31": "$722", "2016-09-30": "$722", "2016-06-30": "$713", "2016-03-31": "$691", "2015-12-31": "$698", "2015-09-30": "$682", "2015-06-30": "$679", "2015-03-31": "$665", "2014-12-31": "$629", "2014-09-30": "$629", "2014-06-30": "$636", "2014-03-31": "$618", "2013-12-31": "$649", "2013-09-30": "$640", "2013-06-30": "$636", "2013-03-31": "$629", "2012-12-31": "$680", "2012-09-30": "$624", "2012-06-30": "$646", "2012-03-31": "$648", "2011-12-31": "$626", "2011-09-30": "$624", "2011-06-30": "$593", "2011-03-31": "$602", "2010-12-31": "$620", "2010-09-30": "$590", "2010-06-30": "$616", "2010-03-31": "$609", "2009-12-31": "$610", "2009-09-30": "$700", "2009-06-30": "$700", "2009-03-31": "$607", "2008-12-31": "$605", "2008-09-30": "$706", "2008-06-30": "$684", "2008-03-31": "$713", "2007-12-31": "$719", "2007-09-30": "$733", "2007-06-30": "$734", "2007-03-31": "$705", "2006-12-31": "$764", "2006-09-30": "$697", "2006-06-30": "$703", "2006-03-31": "$674", "2005-12-31": "$676", "2005-09-30": "$727", "2005-06-30": "$702", "2005-03-31": "$670"}}, "operating-income": {"Comerica Annual Operating Income (Millions of US $)": {"2020": "$591", "2019": "$1,532", "2018": "$1,588", "2017": "$1,279", "2016": "$763", "2015": "$750", "2014": "$870", "2013": "$786", "2012": "$797", "2011": "$605", "2010": "$315", "2009": "$-115", "2008": "$271", "2007": "$988", "2006": "$1,127", "2005": "$1,209"}, "Comerica Quarterly Operating Income (Millions of US $)": {"2020-12-31": "$278", "2020-09-30": "$259", "2020-06-30": "$140", "2020-03-31": "$-86", "2019-12-31": "$351", "2019-09-30": "$372", "2019-06-30": "$385", "2019-03-31": "$424", "2018-12-31": "$414", "2018-09-30": "$393", "2018-06-30": "$430", "2018-03-31": "$351", "2017-12-31": "$343", "2017-09-30": "$341", "2017-06-30": "$316", "2017-03-31": "$279", "2016-12-31": "$246", "2016-09-30": "$233", "2016-06-30": "$199", "2016-03-31": "$85", "2015-12-31": "$157", "2015-09-30": "$199", "2015-06-30": "$199", "2015-03-31": "$195", "2014-12-31": "$219", "2014-09-30": "$227", "2014-06-30": "$221", "2014-03-31": "$203", "2013-12-31": "$167", "2013-09-30": "$215", "2013-06-30": "$207", "2013-03-31": "$197", "2012-12-31": "$233", "2012-09-30": "$178", "2012-06-30": "$201", "2012-03-31": "$178", "2011-12-31": "$166", "2011-09-30": "$159", "2011-06-30": "$142", "2011-03-31": "$138", "2010-12-31": "$126", "2010-09-30": "$66", "2010-06-30": "$93", "2010-03-31": "$30", "2009-12-31": "$-71", "2009-09-30": "$-10", "2009-06-30": "$-41", "2009-03-31": "$7", "2008-12-31": "$12", "2008-09-30": "$27", "2008-06-30": "$91", "2008-03-31": "$151", "2007-12-31": "$173", "2007-09-30": "$265", "2007-06-30": "$287", "2007-03-31": "$275", "2006-12-31": "$285", "2006-09-30": "$283", "2006-06-30": "$287", "2006-03-31": "$272", "2005-12-31": "$251", "2005-09-30": "$346", "2005-06-30": "$317", "2005-03-31": "$295"}}, "ebitda": {"Comerica Annual EBITDA (Millions of US $)": {"2019": "$", "2018": "$", "2017": "$", "2016": "$", "2015": "$", "2014": "$", "2013": "$", "2012": "$", "2011": "$", "2010": "$", "2009": "$", "2008": "$", "2007": "$", "2006": "$", "2005": "$"}, "Comerica Quarterly EBITDA (Millions of US $)": {"2020-09-30": "", "2020-06-30": "", "2020-03-31": "", "2019-12-31": "", "2019-09-30": "", "2019-06-30": "", "2019-03-31": "", "2018-12-31": "", "2018-09-30": "", "2018-06-30": "", "2018-03-31": "", "2017-12-31": "", "2017-09-30": "", "2017-06-30": "", "2017-03-31": "", "2016-12-31": "", "2016-09-30": "", "2016-06-30": "", "2016-03-31": "", "2015-12-31": "", "2015-09-30": "", "2015-06-30": "", "2015-03-31": "", "2014-12-31": "", "2014-09-30": "", "2014-06-30": "", "2014-03-31": "", "2013-12-31": "", "2013-09-30": "", "2013-06-30": "", "2013-03-31": "", "2012-12-31": "", "2012-09-30": "", "2012-06-30": "", "2012-03-31": "", "2011-12-31": "", "2011-09-30": "", "2011-06-30": "", "2011-03-31": "", "2010-12-31": "", "2010-09-30": "", "2010-06-30": "", "2010-03-31": "", "2009-12-31": "", "2009-09-30": "", "2009-06-30": "", "2009-03-31": "", "2008-12-31": "", "2008-09-30": "", "2008-06-30": "", "2008-03-31": "", "2007-12-31": "", "2007-09-30": "", "2007-06-30": "", "2007-03-31": "", "2006-12-31": "", "2006-09-30": "", "2006-06-30": "", "2006-03-31": "", "2005-12-31": "", "2005-09-30": "", "2005-06-30": "", "2005-03-31": ""}}, "net-income": {"Comerica Annual Net Income (Millions of US $)": {"2020": "$459", "2019": "$1,191", "2018": "$1,227", "2017": "$738", "2016": "$473", "2015": "$515", "2014": "$586", "2013": "$533", "2012": "$515", "2011": "$389", "2010": "$153", "2009": "$-118", "2008": "$192", "2007": "$680", "2006": "$893", "2005": "$861"}, "Comerica Quarterly Net Income (Millions of US $)": {"2020-12-31": "$209", "2020-09-30": "$203", "2020-06-30": "$112", "2020-03-31": "$-65", "2019-12-31": "$267", "2019-09-30": "$290", "2019-06-30": "$297", "2019-03-31": "$337", "2018-12-31": "$308", "2018-09-30": "$316", "2018-06-30": "$324", "2018-03-31": "$279", "2017-12-31": "$112", "2017-09-30": "$224", "2017-06-30": "$202", "2017-03-31": "$200", "2016-12-31": "$163", "2016-09-30": "$148", "2016-06-30": "$103", "2016-03-31": "$59", "2015-12-31": "$115", "2015-09-30": "$134", "2015-06-30": "$134", "2015-03-31": "$132", "2014-12-31": "$148", "2014-09-30": "$152", "2014-06-30": "$149", "2014-03-31": "$137", "2013-12-31": "$115", "2013-09-30": "$145", "2013-06-30": "$141", "2013-03-31": "$132", "2012-12-31": "$129", "2012-09-30": "$116", "2012-06-30": "$141", "2012-03-31": "$129", "2011-12-31": "$95", "2011-09-30": "$97", "2011-06-30": "$95", "2011-03-31": "$102", "2010-12-31": "$96", "2010-09-30": "$59", "2010-06-30": "$69", "2010-03-31": "$-71", "2009-12-31": "$-62", "2009-09-30": "$-16", "2009-06-30": "$-16", "2009-03-31": "$-24", "2008-12-31": "$-1", "2008-09-30": "$28", "2008-06-30": "$56", "2008-03-31": "$109", "2007-12-31": "$113", "2007-09-30": "$181", "2007-06-30": "$196", "2007-03-31": "$190", "2006-12-31": "$299", "2006-09-30": "$200", "2006-06-30": "$200", "2006-03-31": "$194", "2005-12-31": "$207", "2005-09-30": "$238", "2005-06-30": "$217", "2005-03-31": "$199"}}, "eps-earnings-per-share-diluted": {"Comerica Annual EPS": {"2020": "$3.27", "2019": "$7.87", "2018": "$7.20", "2017": "$4.14", "2016": "$2.68", "2015": "$2.84", "2014": "$3.16", "2013": "$2.85", "2012": "$2.67", "2011": "$2.09", "2010": "$0.88", "2009": "$-0.79", "2008": "$1.28", "2007": "$4.43", "2006": "$5.49", "2005": "$5.11"}, "Comerica Quarterly EPS": {"2020-12-31": "$1.49", "2020-09-30": "$1.44", "2020-06-30": "$0.80", "2020-03-31": "$-0.46", "2019-12-31": "$1.86", "2019-09-30": "$1.96", "2019-06-30": "$1.94", "2019-03-31": "$2.11", "2018-12-31": "$1.88", "2018-09-30": "$1.86", "2018-06-30": "$1.87", "2018-03-31": "$1.59", "2017-12-31": "$0.64", "2017-09-30": "$1.26", "2017-06-30": "$1.13", "2017-03-31": "$1.11", "2016-12-31": "$0.92", "2016-09-30": "$0.84", "2016-06-30": "$0.58", "2016-03-31": "$0.34", "2015-12-31": "$0.64", "2015-09-30": "$0.74", "2015-06-30": "$0.73", "2015-03-31": "$0.73", "2014-12-31": "$0.81", "2014-09-30": "$0.82", "2014-06-30": "$0.80", "2014-03-31": "$0.73", "2013-12-31": "$0.61", "2013-09-30": "$0.78", "2013-06-30": "$0.76", "2013-03-31": "$0.70", "2012-12-31": "$0.67", "2012-09-30": "$0.61", "2012-06-30": "$0.73", "2012-03-31": "$0.66", "2011-12-31": "$0.48", "2011-09-30": "$0.51", "2011-06-30": "$0.53", "2011-03-31": "$0.57", "2010-12-31": "$0.62", "2010-09-30": "$0.33", "2010-06-30": "$0.39", "2010-03-31": "$-0.46", "2009-12-31": "$-0.42", "2009-09-30": "$-0.10", "2009-06-30": "$-0.11", "2009-03-31": "$-0.16", "2008-12-31": "$-0.01", "2008-09-30": "$0.19", "2008-06-30": "$0.37", "2008-03-31": "$0.73", "2007-12-31": "$0.81", "2007-09-30": "$1.18", "2007-06-30": "$1.25", "2007-03-31": "$1.19", "2006-12-31": "$1.86", "2006-09-30": "$1.23", "2006-06-30": "$1.22", "2006-03-31": "$1.18", "2005-12-31": "$1.26", "2005-09-30": "$1.41", "2005-06-30": "$1.28", "2005-03-31": "$1.16"}}, "shares-outstanding": {"Comerica Annual Shares Outstanding (Millions of Shares)": {"2020": "140", "2019": "151", "2018": "171", "2017": "178", "2016": "177", "2015": "181", "2014": "185", "2013": "187", "2012": "192", "2011": "186", "2010": "173", "2009": "149", "2008": "149", "2007": "154", "2006": "162", "2005": "169"}, "Comerica Quarterly Shares Outstanding (Millions of Shares)": {"2020-12-31": "140", "2020-09-30": "140", "2020-06-30": "139", "2020-03-31": "141", "2019-12-31": "151", "2019-09-30": "148", "2019-06-30": "153", "2019-03-31": "160", "2018-12-31": "171", "2018-09-30": "170", "2018-06-30": "174", "2018-03-31": "175", "2017-12-31": "178", "2017-09-30": "177", "2017-06-30": "179", "2017-03-31": "180", "2016-12-31": "177", "2016-09-30": "176", "2016-06-30": "177", "2016-03-31": "176", "2015-12-31": "181", "2015-09-30": "181", "2015-06-30": "182", "2015-03-31": "182", "2014-12-31": "185", "2014-09-30": "185", "2014-06-30": "186", "2014-03-31": "187", "2013-12-31": "187", "2013-09-30": "187", "2013-06-30": "187", "2013-03-31": "187", "2012-12-31": "192", "2012-09-30": "191", "2012-06-30": "194", "2012-03-31": "196", "2011-12-31": "186", "2011-09-30": "192", "2011-06-30": "178", "2011-03-31": "178", "2010-12-31": "173", "2010-09-30": "178", "2010-06-30": "178", "2010-03-31": "155", "2009-12-31": "149", "2009-09-30": "149", "2009-06-30": "149", "2009-03-31": "149", "2008-12-31": "149", "2008-09-30": "151", "2008-06-30": "151", "2008-03-31": "151", "2007-12-31": "154", "2007-09-30": "153", "2007-06-30": "157", "2007-03-31": "159", "2006-12-31": "162", "2006-09-30": "162", "2006-06-30": "163", "2006-03-31": "164", "2005-12-31": "169", "2005-09-30": "168", "2005-06-30": "170", "2005-03-31": "171"}}, "total-assets": {"Comerica Annual Total Assets (Millions of US $)": {"2019": "$73,402", "2018": "$70,818", "2017": "$71,567", "2016": "$72,978", "2015": "$71,877", "2014": "$69,186", "2013": "$65,224", "2012": "$65,069", "2011": "$61,008", "2010": "$53,667", "2009": "$59,249", "2008": "$67,548", "2007": "$62,331", "2006": "$58,001", "2005": "$53,013"}, "Comerica Quarterly Total Assets (Millions of US $)": {"2020-09-30": "$83,631", "2020-06-30": "$84,397", "2020-03-31": "$76,337", "2019-12-31": "$73,402", "2019-09-30": "$72,848", "2019-06-30": "$72,537", "2019-03-31": "$70,690", "2018-12-31": "$70,818", "2018-09-30": "$71,448", "2018-06-30": "$71,987", "2018-03-31": "$72,335", "2017-12-31": "$71,567", "2017-09-30": "$72,017", "2017-06-30": "$71,447", "2017-03-31": "$72,976", "2016-12-31": "$72,978", "2016-09-30": "$74,124", "2016-06-30": "$71,280", "2016-03-31": "$69,007", "2015-12-31": "$71,877", "2015-09-30": "$71,012", "2015-06-30": "$69,945", "2015-03-31": "$69,336", "2014-12-31": "$69,186", "2014-09-30": "$68,887", "2014-06-30": "$65,325", "2014-03-31": "$65,681", "2013-12-31": "$65,224", "2013-09-30": "$64,670", "2013-06-30": "$62,947", "2013-03-31": "$64,885", "2012-12-31": "$65,069", "2012-09-30": "$63,314", "2012-06-30": "$62,650", "2012-03-31": "$62,593", "2011-12-31": "$61,008", "2011-09-30": "$60,888", "2011-06-30": "$54,141", "2011-03-31": "$55,017", "2010-12-31": "$53,667", "2010-09-30": "$55,004", "2010-06-30": "$55,885", "2010-03-31": "$57,106", "2009-12-31": "$59,249", "2009-09-30": "$59,590", "2009-06-30": "$63,630", "2009-03-31": "$67,370", "2008-12-31": "$67,548", "2008-09-30": "$65,153", "2008-06-30": "$66,003", "2008-03-31": "$67,017", "2007-12-31": "$62,331", "2007-09-30": "$60,022", "2007-06-30": "$58,570", "2007-03-31": "$57,527", "2006-12-31": "$58,001", "2006-09-30": "$58,474", "2006-06-30": "$57,080", "2006-03-31": "$56,441", "2005-12-31": "$53,013", "2005-09-30": "$54,349", "2005-06-30": "$54,689", "2005-03-31": "$53,510"}}, "cash-on-hand": {"Comerica Annual Cash on Hand (Millions of US $)": {"2019": "$5,973", "2018": "$4,695", "2017": "$5,941", "2016": "$7,310", "2015": "$6,260", "2014": "$6,170", "2013": "$6,563", "2012": "$4,659", "2011": "$3,705", "2010": "$2,224", "2009": "$5,755", "2008": "$3,581", "2007": "$1,849", "2006": "$4,393", "2005": "$2,768"}, "Comerica Quarterly Cash on Hand (Millions of US $)": {"2020-09-30": "$11,301", "2020-06-30": "$13,464", "2020-03-31": "$4,993", "2019-12-31": "$5,973", "2019-09-30": "$4,263", "2019-06-30": "$3,721", "2019-03-31": "$3,617", "2018-12-31": "$4,695", "2018-09-30": "$5,975", "2018-06-30": "$5,794", "2018-03-31": "$6,969", "2017-12-31": "$5,941", "2017-09-30": "$6,296", "2017-06-30": "$5,721", "2017-03-31": "$8,411", "2016-12-31": "$7,310", "2016-09-30": "$8,132", "2016-06-30": "$4,210", "2016-03-31": "$3,096", "2015-12-31": "$6,260", "2015-09-30": "$7,307", "2015-06-30": "$6,084", "2015-03-31": "$6,063", "2014-12-31": "$6,170", "2014-09-30": "$7,899", "2014-06-30": "$4,003", "2014-03-31": "$5,725", "2013-12-31": "$6,563", "2013-09-30": "$7,194", "2013-06-30": "$4,044", "2013-03-31": "$5,712", "2012-12-31": "$4,659", "2012-09-30": "$4,084", "2012-06-30": "$4,311", "2012-03-31": "$4,140", "2011-12-31": "$3,705", "2011-09-30": "$5,335", "2011-06-30": "$3,590", "2011-03-31": "$4,599", "2010-12-31": "$2,224", "2010-09-30": "$4,109", "2010-06-30": "$4,359", "2010-03-31": "$4,794", "2009-12-31": "$5,755", "2009-09-30": "$3,160", "2009-06-30": "$5,269", "2009-03-31": "$3,758", "2008-12-31": "$3,581", "2008-09-30": "$1,654", "2008-06-30": "$2,024", "2008-03-31": "$2,330", "2007-12-31": "$1,849", "2007-09-30": "$1,693", "2007-06-30": "$2,840", "2007-03-31": "$3,011", "2006-12-31": "$4,393", "2006-09-30": "$5,188", "2006-06-30": "$4,045", "2006-03-31": "$4,712", "2005-12-31": "$2,768", "2005-09-30": "$5,414", "2005-06-30": "$5,089", "2005-03-31": "$5,629"}}, "long-term-debt": {"Comerica Annual Long Term Debt (Millions of US $)": {"2019": "$7,269", "2018": "$6,463", "2017": "$4,622", "2016": "$5,160", "2015": "$3,058", "2014": "$2,675", "2013": "$3,543", "2012": "$4,720", "2011": "$4,944", "2010": "$6,138", "2009": "$11,060", "2008": "$15,053", "2007": "$8,821", "2006": "$5,949", "2005": "$3,961"}, "Comerica Quarterly Long Term Debt (Millions of US $)": {"2020-09-30": "$5,754", "2020-06-30": "$6,521", "2020-03-31": "$7,434", "2019-12-31": "$7,269", "2019-09-30": "$7,311", "2019-06-30": "$6,558", "2019-03-31": "$6,848", "2018-12-31": "$6,463", "2018-09-30": "$6,418", "2018-06-30": "$5,583", "2018-03-31": "$5,594", "2017-12-31": "$4,622", "2017-09-30": "$4,637", "2017-06-30": "$5,143", "2017-03-31": "$5,153", "2016-12-31": "$5,160", "2016-09-30": "$5,890", "2016-06-30": "$5,921", "2016-03-31": "$3,109", "2015-12-31": "$3,058", "2015-09-30": "$3,100", "2015-06-30": "$2,841", "2015-03-31": "$2,686", "2014-12-31": "$2,675", "2014-09-30": "$2,669", "2014-06-30": "$2,620", "2014-03-31": "$3,534", "2013-12-31": "$3,543", "2013-09-30": "$3,565", "2013-06-30": "$3,601", "2013-03-31": "$4,699", "2012-12-31": "$4,720", "2012-09-30": "$4,740", "2012-06-30": "$4,742", "2012-03-31": "$4,919", "2011-12-31": "$4,944", "2011-09-30": "$5,009", "2011-06-30": "$5,206", "2011-03-31": "$6,116", "2010-12-31": "$6,138", "2010-09-30": "$7,239", "2010-06-30": "$9,041", "2010-03-31": "$9,915", "2009-12-31": "$11,060", "2009-09-30": "$11,252", "2009-06-30": "$13,571", "2009-03-31": "$14,612", "2008-12-31": "$15,053", "2008-09-30": "$15,376", "2008-06-30": "$12,858", "2008-03-31": "$10,800", "2007-12-31": "$8,821", "2007-09-30": "$8,906", "2007-06-30": "$8,748", "2007-03-31": "$7,148", "2006-12-31": "$5,949", "2006-09-30": "$6,755", "2006-06-30": "$6,087", "2006-03-31": "$4,062", "2005-12-31": "$3,961", "2005-09-30": "$4,066", "2005-06-30": "$4,309", "2005-03-31": "$4,283"}}, "total-liabilities": {"Comerica Annual Total Liabilities (Millions of US $)": {"2019": "$66,075", "2018": "$63,311", "2017": "$63,604", "2016": "$65,182", "2015": "$64,317", "2014": "$61,784", "2013": "$58,074", "2012": "$58,127", "2011": "$54,140", "2010": "$47,874", "2009": "$52,220", "2008": "$60,396", "2007": "$57,214", "2006": "$52,848", "2005": "$47,945"}, "Comerica Quarterly Total Liabilities (Millions of US $)": {"2020-09-30": "$75,757", "2020-06-30": "$76,595", "2020-03-31": "$68,935", "2019-12-31": "$66,075", "2019-09-30": "$65,648", "2019-06-30": "$65,214", "2019-03-31": "$63,281", "2018-12-31": "$63,311", "2018-09-30": "$63,662", "2018-06-30": "$63,908", "2018-03-31": "$64,335", "2017-12-31": "$63,604", "2017-09-30": "$63,983", "2017-06-30": "$63,462", "2017-03-31": "$65,046", "2016-12-31": "$65,182", "2016-09-30": "$66,397", "2016-06-30": "$63,586", "2016-03-31": "$61,363", "2015-12-31": "$64,317", "2015-09-30": "$63,390", "2015-06-30": "$62,422", "2015-03-31": "$61,836", "2014-12-31": "$61,784", "2014-09-30": "$61,454", "2014-06-30": "$57,956", "2014-03-31": "$58,398", "2013-12-31": "$58,074", "2013-09-30": "$57,701", "2013-06-30": "$56,036", "2013-03-31": "$57,897", "2012-12-31": "$58,127", "2012-09-30": "$56,230", "2012-06-30": "$55,622", "2012-03-31": "$55,608", "2011-12-31": "$54,140", "2011-09-30": "$53,937", "2011-06-30": "$48,103", "2011-03-31": "$49,140", "2010-12-31": "$47,874", "2010-09-30": "$49,147", "2010-06-30": "$50,093", "2010-03-31": "$51,438", "2009-12-31": "$52,220", "2009-09-30": "$52,555", "2009-06-30": "$56,537", "2009-03-31": "$60,187", "2008-12-31": "$60,396", "2008-09-30": "$60,053", "2008-06-30": "$60,921", "2008-03-31": "$61,760", "2007-12-31": "$57,214", "2007-09-30": "$54,954", "2007-06-30": "$53,561", "2007-03-31": "$52,416", "2006-12-31": "$52,848", "2006-09-30": "$53,266", "2006-06-30": "$51,891", "2006-03-31": "$51,347", "2005-12-31": "$47,945", "2005-09-30": "$49,258", "2005-06-30": "$49,572", "2005-03-31": "$48,480"}}, "total-share-holder-equity": {"Comerica Annual Share Holder Equity (Millions of US $)": {"2019": "$7,327", "2018": "$7,507", "2017": "$7,963", "2016": "$7,796", "2015": "$7,560", "2014": "$7,402", "2013": "$7,150", "2012": "$6,942", "2011": "$6,868", "2010": "$5,793", "2009": "$7,029", "2008": "$7,152", "2007": "$5,117", "2006": "$5,153", "2005": "$5,068"}, "Comerica Quarterly Share Holder Equity (Millions of US $)": {"2020-09-30": "$7,874", "2020-06-30": "$7,802", "2020-03-31": "$7,402", "2019-12-31": "$7,327", "2019-09-30": "$7,200", "2019-06-30": "$7,323", "2019-03-31": "$7,409", "2018-12-31": "$7,507", "2018-09-30": "$7,786", "2018-06-30": "$8,079", "2018-03-31": "$8,000", "2017-12-31": "$7,963", "2017-09-30": "$8,034", "2017-06-30": "$7,985", "2017-03-31": "$7,930", "2016-12-31": "$7,796", "2016-09-30": "$7,727", "2016-06-30": "$7,694", "2016-03-31": "$7,644", "2015-12-31": "$7,560", "2015-09-30": "$7,622", "2015-06-30": "$7,523", "2015-03-31": "$7,500", "2014-12-31": "$7,402", "2014-09-30": "$7,433", "2014-06-30": "$7,369", "2014-03-31": "$7,283", "2013-12-31": "$7,150", "2013-09-30": "$6,969", "2013-06-30": "$6,911", "2013-03-31": "$6,988", "2012-12-31": "$6,942", "2012-09-30": "$7,084", "2012-06-30": "$7,028", "2012-03-31": "$6,985", "2011-12-31": "$6,868", "2011-09-30": "$6,951", "2011-06-30": "$6,038", "2011-03-31": "$5,877", "2010-12-31": "$5,793", "2010-09-30": "$5,857", "2010-06-30": "$5,792", "2010-03-31": "$5,668", "2009-12-31": "$7,029", "2009-09-30": "$7,035", "2009-06-30": "$7,093", "2009-03-31": "$7,183", "2008-12-31": "$7,152", "2008-09-30": "$5,100", "2008-06-30": "$5,082", "2008-03-31": "$5,257", "2007-12-31": "$5,117", "2007-09-30": "$5,068", "2007-06-30": "$5,009", "2007-03-31": "$5,111", "2006-12-31": "$5,153", "2006-09-30": "$5,208", "2006-06-30": "$5,189", "2006-03-31": "$5,094", "2005-12-31": "$5,068", "2005-09-30": "$5,091", "2005-06-30": "$5,117", "2005-03-31": "$5,030"}}, "profit-margins": {"current": "15.32%"}, "gross margin": {"2020-12-31": "94.12%", "2020-09-30": "91.52%", "2020-06-30": "89.24%", "2020-03-31": "87.62%", "2019-12-31": "87.74%", "2019-09-30": "88.48%", "2019-06-30": "89.60%", "2019-03-31": "91.10%", "2018-12-31": "92.57%", "2018-09-30": "94.01%", "2018-06-30": "95.16%", "2018-03-31": "95.95%", "2017-12-31": "96.32%", "2017-09-30": "96.32%", "2017-06-30": "96.29%", "2017-03-31": "96.25%", "2016-12-31": "96.22%", "2016-09-30": "96.35%", "2016-06-30": "96.43%", "2016-03-31": "96.56%", "2015-12-31": "96.63%", "2015-09-30": "96.58%", "2015-06-30": "96.66%", "2015-03-31": "96.53%", "2014-12-31": "96.36%", "2014-09-30": "96.27%", "2014-06-30": "96.11%", "2014-03-31": "95.96%", "2013-12-31": "95.80%", "2013-09-30": "95.63%", "2013-06-30": "95.40%", "2013-03-31": "95.20%", "2012-12-31": "95.06%", "2012-09-30": "94.78%", "2012-06-30": "94.54%", "2012-03-31": "94.25%", "2011-12-31": "94.00%", "2011-09-30": "93.88%", "2011-06-30": "93.36%", "2011-03-31": "92.92%", "2010-12-31": "92.17%", "2010-09-30": "90.65%", "2010-06-30": "88.67%", "2010-03-31": "86.18%", "2009-12-31": "82.95%", "2009-09-30": "77.92%", "2009-06-30": "74.78%", "2009-03-31": "71.68%", "2008-12-31": "68.66%", "2008-09-30": "66.75%", "2008-06-30": "64.24%", "2008-03-31": "62.83%", "2007-12-31": "62.60%", "2007-09-30": "63.58%", "2007-06-30": "64.10%", "2007-03-31": "65.00%", "2006-12-31": "66.35%", "2006-09-30": "68.36%", "2006-06-30": "71.85%", "2006-03-31": "75.21%", "2005-12-31": "78.28%"}, "operating margin": {"2020-12-31": "19.10%", "2020-09-30": "20.34%", "2020-06-30": "22.23%", "2020-03-31": "27.51%", "2019-12-31": "40.14%", "2019-09-30": "41.47%", "2019-06-30": "42.66%", "2019-03-31": "44.78%", "2018-12-31": "44.17%", "2018-09-30": "43.29%", "2018-06-30": "42.48%", "2018-03-31": "40.26%", "2017-12-31": "38.89%", "2017-09-30": "37.20%", "2017-06-30": "34.93%", "2017-03-31": "31.78%", "2016-12-31": "25.78%", "2016-09-30": "23.00%", "2016-06-30": "22.17%", "2016-03-31": "22.47%", "2015-12-31": "26.61%", "2015-09-30": "29.54%", "2015-06-30": "31.20%", "2015-03-31": "32.52%", "2014-12-31": "33.37%", "2014-09-30": "31.10%", "2014-06-30": "30.46%", "2014-03-31": "29.89%", "2013-12-31": "29.48%", "2013-09-30": "31.52%", "2013-06-30": "30.26%", "2013-03-31": "29.86%", "2012-12-31": "28.91%", "2012-09-30": "26.94%", "2012-06-30": "26.16%", "2012-03-31": "24.40%", "2011-12-31": "23.26%", "2011-09-30": "21.75%", "2011-06-30": "18.32%", "2011-03-31": "16.19%", "2010-12-31": "11.92%", "2010-09-30": "4.41%", "2010-06-30": "1.47%", "2010-03-31": "-3.03%", "2009-12-31": "-3.65%", "2009-09-30": "-0.95%", "2009-06-30": "0.14%", "2009-03-31": "3.77%", "2008-12-31": "7.12%", "2008-09-30": "10.45%", "2008-06-30": "15.33%", "2008-03-31": "18.99%", "2007-12-31": "21.65%", "2007-09-30": "24.08%", "2007-06-30": "24.98%", "2007-03-31": "25.60%", "2006-12-31": "26.35%", "2006-09-30": "27.17%", "2006-06-30": "29.88%", "2006-03-31": "32.10%", "2005-12-31": "34.10%"}, "ebitda margin": {"2020-09-30": "0.00%", "2020-06-30": "0.00%", "2020-03-31": "0.00%", "2019-12-31": "0.00%", "2019-09-30": "0.00%", "2019-06-30": "0.00%", "2019-03-31": "0.00%", "2018-12-31": "0.00%", "2018-09-30": "0.00%", "2018-06-30": "0.00%", "2018-03-31": "0.00%", "2017-12-31": "0.00%", "2017-09-30": "0.00%", "2017-06-30": "0.00%", "2017-03-31": "0.00%", "2016-12-31": "0.00%", "2016-09-30": "0.00%", "2016-06-30": "0.00%", "2016-03-31": "0.00%", "2015-12-31": "0.00%", "2015-09-30": "0.00%", "2015-06-30": "0.00%", "2015-03-31": "0.00%", "2014-12-31": "0.00%", "2014-09-30": "0.00%", "2014-06-30": "0.00%", "2014-03-31": "0.00%", "2013-12-31": "0.00%", "2013-09-30": "0.00%", "2013-06-30": "0.00%", "2013-03-31": "0.00%", "2012-12-31": "0.00%", "2012-09-30": "0.00%", "2012-06-30": "0.00%", "2012-03-31": "0.00%", "2011-12-31": "0.00%", "2011-09-30": "0.00%", "2011-06-30": "0.00%", "2011-03-31": "0.00%", "2010-12-31": "0.00%", "2010-09-30": "0.00%", "2010-06-30": "0.00%", "2010-03-31": "0.00%", "2009-12-31": "0.00%", "2009-09-30": "0.00%", "2009-06-30": "0.00%", "2009-03-31": "0.00%", "2008-12-31": "0.00%", "2008-09-30": "0.00%", "2008-06-30": "0.00%", "2008-03-31": "0.00%", "2007-12-31": "0.00%", "2007-09-30": "0.00%", "2007-06-30": "0.00%", "2007-03-31": "0.00%", "2006-12-31": "0.00%", "2006-09-30": "0.00%", "2006-06-30": "0.00%", "2006-03-31": "0.00%", "2005-12-31": "0.00%"}, "pre tax profit margin": {"2020-12-31": "19.10%", "2020-09-30": "20.34%", "2020-06-30": "22.23%", "2020-03-31": "27.51%", "2019-12-31": "40.14%", "2019-09-30": "41.11%", "2019-06-30": "41.97%", "2019-03-31": "43.79%", "2018-12-31": "42.70%", "2018-09-30": "41.81%", "2018-06-30": "41.11%", "2018-03-31": "38.77%", "2017-12-31": "37.52%", "2017-09-30": "35.57%", "2017-06-30": "32.81%", "2017-03-31": "28.33%", "2016-12-31": "22.64%", "2016-09-30": "20.50%", "2016-06-30": "20.33%", "2016-03-31": "22.47%", "2015-12-31": "26.61%", "2015-09-30": "29.54%", "2015-06-30": "31.20%", "2015-03-31": "32.52%", "2014-12-31": "33.37%", "2014-09-30": "31.10%", "2014-06-30": "30.46%", "2014-03-31": "29.89%", "2013-12-31": "29.48%", "2013-09-30": "31.71%", "2013-06-30": "29.52%", "2013-03-31": "28.83%", "2012-12-31": "27.88%", "2012-09-30": "24.33%", "2012-06-30": "23.26%", "2012-03-31": "21.57%", "2011-12-31": "20.38%", "2011-09-30": "20.28%", "2011-06-30": "18.13%", "2011-03-31": "16.19%", "2010-12-31": "11.92%", "2010-09-30": "4.41%", "2010-06-30": "1.47%", "2010-03-31": "-3.03%", "2009-12-31": "-3.65%", "2009-09-30": "-1.25%", "2009-06-30": "-0.14%", "2009-03-31": "3.50%", "2008-12-31": "6.87%", "2008-09-30": "10.17%", "2008-06-30": "15.06%", "2008-03-31": "18.73%", "2007-12-31": "21.39%", "2007-09-30": "24.08%", "2007-06-30": "24.98%", "2007-03-31": "25.60%", "2006-12-31": "26.35%", "2006-09-30": "27.17%", "2006-06-30": "29.88%", "2006-03-31": "32.10%", "2005-12-31": "34.10%"}, "net profit margin": {"2020-12-31": "14.84%", "2020-09-30": "15.83%", "2020-06-30": "17.28%", "2020-03-31": "21.24%", "2019-12-31": "31.20%", "2019-09-30": "32.03%", "2019-06-30": "33.21%", "2019-03-31": "34.65%", "2018-12-31": "34.13%", "2018-09-30": "29.42%", "2018-06-30": "27.23%", "2018-03-31": "24.34%", "2017-12-31": "22.44%", "2017-09-30": "24.83%", "2017-06-30": "23.19%", "2017-03-31": "20.39%", "2016-12-31": "15.98%", "2016-09-30": "14.50%", "2016-06-30": "14.24%", "2016-03-31": "15.52%", "2015-12-31": "18.27%", "2015-09-30": "19.93%", "2015-06-30": "21.03%", "2015-03-31": "21.92%", "2014-12-31": "22.48%", "2014-09-30": "21.03%", "2014-06-30": "20.63%", "2014-03-31": "20.30%", "2013-12-31": "19.99%", "2013-09-30": "20.24%", "2013-06-30": "19.24%", "2013-03-31": "19.12%", "2012-12-31": "18.84%", "2012-09-30": "17.92%", "2012-06-30": "17.17%", "2012-03-31": "15.74%", "2011-12-31": "14.96%", "2011-09-30": "15.01%", "2011-06-30": "13.66%", "2011-03-31": "12.48%", "2010-12-31": "5.79%", "2010-09-30": "-0.19%", "2010-06-30": "-2.80%", "2010-03-31": "-5.43%", "2009-12-31": "-3.74%", "2009-09-30": "-1.70%", "2009-06-30": "-0.37%", "2009-03-31": "1.63%", "2008-12-31": "4.87%", "2008-09-30": "7.24%", "2008-06-30": "10.35%", "2008-03-31": "12.98%", "2007-12-31": "14.72%", "2007-09-30": "18.75%", "2007-06-30": "19.56%", "2007-03-31": "20.14%", "2006-12-31": "20.88%", "2006-09-30": "19.91%", "2006-06-30": "21.69%", "2006-03-31": "23.17%", "2005-12-31": "24.29%"}, "pe ratio": {"current": "19.22", "2021-02-11": "34.54", "2020-12-31": "31.38", "2020-09-30": "10.40", "2020-06-30": "8.91", "2020-03-31": "5.29", "2019-12-31": "8.55", "2019-09-30": "7.76", "2019-06-30": "8.56", "2019-03-31": "8.64", "2018-12-31": "8.60", "2018-09-30": "13.56", "2018-06-30": "15.10", "2018-03-31": "18.42", "2017-12-31": "18.55", "2017-09-30": "15.17", "2017-06-30": "16.03", "2017-03-31": "17.34", "2016-12-31": "22.10", "2016-09-30": "16.61", "2016-06-30": "14.97", "2016-03-31": "12.90", "2015-12-31": "12.27", "2015-09-30": "11.63", "2015-06-30": "14.08", "2015-03-31": "12.06", "2014-12-31": "12.46", "2014-09-30": "14.00", "2014-06-30": "14.22", "2014-03-31": "14.83", "2013-12-31": "13.70", "2013-09-30": "11.06", "2013-06-30": "11.85", "2013-03-31": "10.76", "2012-12-31": "9.17", "2012-09-30": "10.10", "2012-06-30": "10.36", "2012-03-31": "11.85", "2011-12-31": "9.83", "2011-09-30": "8.51", "2011-06-30": "13.92", "2011-03-31": "15.88", "2010-12-31": "41.98", "2010-09-30": "0.00", "2010-06-30": "0.00", "2010-03-31": "0.00", "2009-12-31": "0.00", "2009-09-30": "0.00", "2009-06-30": "0.00", "2009-03-31": "33.81", "2008-12-31": "11.72", "2008-09-30": "11.98", "2008-06-30": "6.21", "2008-03-31": "6.48", "2007-12-31": "7.07", "2007-09-30": "6.59", "2007-06-30": "7.49", "2007-03-31": "7.41", "2006-12-31": "7.29"}, "price sales": {"2021-02-11": "2.78", "2020-12-31": "2.53", "2020-09-30": "1.65", "2020-06-30": "1.53", "2020-03-31": "1.12", "2019-12-31": "2.69", "2019-09-30": "2.51", "2019-06-30": "2.87", "2019-03-31": "3.03", "2018-12-31": "2.97", "2018-09-30": "4.01", "2018-06-30": "4.12", "2018-03-31": "4.48", "2017-12-31": "4.16", "2017-09-30": "3.76", "2017-06-30": "3.71", "2017-03-31": "3.53", "2016-12-31": "3.53", "2016-09-30": "2.48", "2016-06-30": "2.20", "2016-03-31": "2.05", "2015-12-31": "2.30", "2015-09-30": "2.32", "2015-06-30": "2.95", "2015-03-31": "2.64", "2014-12-31": "2.80", "2014-09-30": "2.95", "2014-06-30": "2.94", "2014-03-31": "3.03", "2013-12-31": "2.75", "2013-09-30": "2.25", "2013-06-30": "2.29", "2013-03-31": "2.06", "2012-12-31": "1.74", "2012-09-30": "1.79", "2012-06-30": "1.76", "2012-03-31": "1.84", "2011-12-31": "1.45", "2011-09-30": "1.26", "2011-06-30": "1.87", "2011-03-31": "1.95", "2010-12-31": "2.14", "2010-09-30": "1.78", "2010-06-30": "1.58", "2010-03-31": "1.47", "2009-12-31": "1.09", "2009-09-30": "1.03", "2009-06-30": "0.70", "2009-03-31": "0.59", "2008-12-31": "0.59", "2008-09-30": "0.89", "2008-06-30": "0.66", "2008-03-31": "0.85", "2007-12-31": "1.05", "2007-09-30": "1.24", "2007-06-30": "1.47", "2007-03-31": "1.49", "2006-12-31": "1.52"}, "price book": {"current": "1.14", "2021-02-11": "1.09", "2020-09-30": "0.67", "2020-06-30": "0.66", "2020-03-31": "0.53", "2019-12-31": "1.30", "2019-09-30": "1.23", "2019-06-30": "1.36", "2019-03-31": "1.40", "2018-12-31": "1.32", "2018-09-30": "1.72", "2018-06-30": "1.71", "2018-03-31": "1.83", "2017-12-31": "1.66", "2017-09-30": "1.46", "2017-06-30": "1.41", "2017-03-31": "1.34", "2016-12-31": "1.33", "2016-09-30": "0.91", "2016-06-30": "0.80", "2016-03-31": "0.74", "2015-12-31": "0.83", "2015-09-30": "0.81", "2015-06-30": "1.03", "2015-03-31": "0.90", "2014-12-31": "0.95", "2014-09-30": "1.01", "2014-06-30": "1.02", "2014-03-31": "1.07", "2013-12-31": "1.00", "2013-09-30": "0.85", "2013-06-30": "0.87", "2013-03-31": "0.78", "2012-12-31": "0.67", "2012-09-30": "0.68", "2012-06-30": "0.68", "2012-03-31": "0.73", "2011-12-31": "0.59", "2011-09-30": "0.52", "2011-06-30": "0.80", "2011-03-31": "0.87", "2010-12-31": "1.01", "2010-09-30": "0.88", "2010-06-30": "0.88", "2010-03-31": "0.92", "2009-12-31": "0.50", "2009-09-30": "0.50", "2009-06-30": "0.35", "2009-03-31": "0.30", "2008-12-31": "0.32", "2008-09-30": "0.74", "2008-06-30": "0.56", "2008-03-31": "0.73", "2007-12-31": "0.91", "2007-09-30": "1.08", "2007-06-30": "1.27", "2007-03-31": "1.25", "2006-12-31": "1.23", "2006-09-30": "1.17", "2006-06-30": "1.09", "2006-03-31": "1.22"}, "price fcf": {"2021-02-11": "", "2020-09-30": "$5.97", "2020-06-30": "$9.20", "2020-03-31": "$11.35", "2019-12-31": "$6.65", "2019-09-30": "$9.07", "2019-06-30": "$8.22", "2019-03-31": "$7.14", "2018-12-31": "$8.92", "2018-09-30": "$6.45", "2018-06-30": "$5.52", "2018-03-31": "$5.46", "2017-12-31": "$5.71", "2017-09-30": "$4.89", "2017-06-30": "$4.62", "2017-03-31": "$3.13", "2016-12-31": "$2.21", "2016-09-30": "$2.77", "2016-06-30": "$3.33", "2016-03-31": "$3.66", "2015-12-31": "$4.12", "2015-09-30": "$3.46", "2015-06-30": "$3.25", "2015-03-31": "$3.74", "2014-12-31": "$3.08", "2014-09-30": "$4.96", "2014-06-30": "$4.47", "2014-03-31": "$3.70", "2013-12-31": "$3.93", "2013-09-30": "$1.13", "2013-06-30": "$2.06", "2013-03-31": "$3.70", "2012-12-31": "$3.21", "2012-09-30": "$3.59", "2012-06-30": "$3.33", "2012-03-31": "$3.59", "2011-12-31": "$3.63", "2011-09-30": "$6.15", "2011-06-30": "$6.07", "2011-03-31": "$6.39", "2010-12-31": "$7.43", "2010-09-30": "$4.92", "2010-06-30": "$4.70", "2010-03-31": "$3.80", "2009-12-31": "$0.11", "2009-09-30": "$0.64", "2009-06-30": "$1.54", "2009-03-31": "$1.61", "2008-12-31": "$4.67", "2008-09-30": "$5.94", "2008-06-30": "$5.30", "2008-03-31": "$5.38", "2007-12-31": "$5.36", "2007-09-30": "$4.32", "2007-06-30": "$4.98", "2007-03-31": "$4.59", "2006-12-31": "$5.01"}, "net worth": {"value": "$8.74B"}, "current ratio": {"2020-12-31": "0.98", "2020-09-30": "0.97", "2020-06-30": "1.02", "2020-03-31": "1.02", "2019-12-31": "1.03", "2019-09-30": "1.03", "2019-06-30": "1.02", "2019-03-31": "1.03", "2018-12-31": "1.03", "2018-09-30": "1.03", "2018-06-30": "1.02", "2018-03-31": "1.02", "2017-12-31": "1.00", "2017-09-30": "1.00", "2017-06-30": "1.01", "2017-03-31": "1.00", "2016-12-31": "1.00", "2016-09-30": "1.01", "2016-06-30": "1.01", "2016-03-31": "0.96", "2015-12-31": "0.96", "2015-09-30": "0.99", "2015-06-30": "0.99", "2015-03-31": "0.99", "2014-12-31": "0.99", "2014-09-30": "1.00", "2014-06-30": "1.00", "2014-03-31": "1.01", "2013-12-31": "1.02", "2013-09-30": "1.01", "2013-06-30": "1.01", "2013-03-31": "1.02", "2012-12-31": "1.01", "2012-09-30": "1.01", "2012-06-30": "1.02", "2012-03-31": "1.02", "2011-12-31": "1.02", "2011-09-30": "1.03", "2011-06-30": "1.07", "2011-03-31": "1.09", "2010-12-31": "1.09", "2010-09-30": "1.14", "2010-06-30": "1.17", "2010-03-31": "1.18", "2009-12-31": "1.24", "2009-09-30": "1.21", "2009-06-30": "1.29", "2009-03-31": "1.23", "2008-12-31": "1.27", "2008-09-30": "1.26", "2008-06-30": "1.19", "2008-03-31": "1.13", "2007-12-31": "1.14", "2007-09-30": "1.18", "2007-06-30": "1.20", "2007-03-31": "1.17", "2006-12-31": "1.15", "2006-09-30": "1.16", "2006-06-30": "1.15", "2006-03-31": "1.09", "2005-12-31": "1.10", "2005-09-30": "1.10", "2005-06-30": "1.11", "2005-03-31": "1.12"}, "quick ratio": {"2020-12-31": "0.00", "2020-09-30": "0.00", "2020-06-30": "0.00", "2020-03-31": "0.00", "2019-12-31": "0.00", "2019-09-30": "0.00", "2019-06-30": "0.00", "2019-03-31": "0.00", "2018-12-31": "0.00", "2018-09-30": "0.00", "2018-06-30": "0.00", "2018-03-31": "0.00", "2017-12-31": "0.00", "2017-09-30": "0.00", "2017-06-30": "0.00", "2017-03-31": "0.00", "2016-12-31": "0.00", "2016-09-30": "0.00", "2016-06-30": "0.00", "2016-03-31": "0.00", "2015-12-31": "0.00", "2015-09-30": "0.00", "2015-06-30": "0.00", "2015-03-31": "0.00", "2014-12-31": "0.00", "2014-09-30": "0.00", "2014-06-30": "0.00", "2014-03-31": "0.00", "2013-12-31": "0.00", "2013-09-30": "0.00", "2013-06-30": "0.00", "2013-03-31": "0.00", "2012-12-31": "0.00", "2012-09-30": "0.00", "2012-06-30": "0.00", "2012-03-31": "0.00", "2011-12-31": "0.00", "2011-09-30": "0.00", "2011-06-30": "0.00", "2011-03-31": "0.00", "2010-12-31": "0.00", "2010-09-30": "0.00", "2010-06-30": "0.00", "2010-03-31": "0.00", "2009-12-31": "0.00", "2009-09-30": "0.00", "2009-06-30": "0.00", "2009-03-31": "0.00", "2008-12-31": "0.00", "2008-09-30": "0.00", "2008-06-30": "0.00", "2008-03-31": "0.00", "2007-12-31": "0.00", "2007-09-30": "0.00", "2007-06-30": "0.00", "2007-03-31": "0.00", "2006-12-31": "0.00", "2006-09-30": "0.00", "2006-06-30": "0.00", "2006-03-31": "0.00", "2005-12-31": "0.00", "2005-09-30": "0.00", "2005-06-30": "0.00", "2005-03-31": "0.00"}, "debt equity ratio": {"current": "0.75", "2020-12-31": "9.95", "2020-09-30": "9.62", "2020-06-30": "9.82", "2020-03-31": "9.31", "2019-12-31": "9.02", "2019-09-30": "9.12", "2019-06-30": "8.91", "2019-03-31": "8.54", "2018-12-31": "8.43", "2018-09-30": "8.18", "2018-06-30": "7.91", "2018-03-31": "8.04", "2017-12-31": "7.99", "2017-09-30": "7.96", "2017-06-30": "7.95", "2017-03-31": "8.20", "2016-12-31": "8.36", "2016-09-30": "8.59", "2016-06-30": "8.26", "2016-03-31": "8.03", "2015-12-31": "8.51", "2015-09-30": "8.32", "2015-06-30": "8.30", "2015-03-31": "8.25", "2014-12-31": "8.35", "2014-09-30": "8.27", "2014-06-30": "7.87", "2014-03-31": "8.02", "2013-12-31": "8.12", "2013-09-30": "8.28", "2013-06-30": "8.11", "2013-03-31": "8.29", "2012-12-31": "8.37", "2012-09-30": "7.94", "2012-06-30": "7.91", "2012-03-31": "7.96", "2011-12-31": "7.88", "2011-09-30": "7.76", "2011-06-30": "7.97", "2011-03-31": "8.36", "2010-12-31": "8.26", "2010-09-30": "8.39", "2010-06-30": "8.65", "2010-03-31": "9.08", "2009-12-31": "7.43", "2009-09-30": "7.47", "2009-06-30": "7.97", "2009-03-31": "8.38", "2008-12-31": "8.45", "2008-09-30": "11.78", "2008-06-30": "11.99", "2008-03-31": "11.75", "2007-12-31": "11.18", "2007-09-30": "10.84", "2007-06-30": "10.69", "2007-03-31": "10.26", "2006-12-31": "10.26", "2006-09-30": "10.23", "2006-06-30": "10.00", "2006-03-31": "10.08", "2005-12-31": "9.46", "2005-09-30": "9.68", "2005-06-30": "9.69", "2005-03-31": "9.64"}, "return on equity": {"2020-12-31": "5.90%", "2020-09-30": "6.80%", "2020-06-30": "8.13%", "2020-03-31": "10.79%", "2019-12-31": "16.28%", "2019-09-30": "16.74%", "2019-06-30": "16.76%", "2019-03-31": "16.70%", "2018-12-31": "15.64%", "2018-09-30": "12.96%", "2018-06-30": "11.71%", "2018-03-31": "10.22%", "2017-12-31": "9.25%", "2017-09-30": "9.94%", "2017-06-30": "9.07%", "2017-03-31": "7.89%", "2016-12-31": "6.13%", "2016-09-30": "5.55%", "2016-06-30": "5.39%", "2016-03-31": "5.83%", "2015-12-31": "6.82%", "2015-09-30": "7.30%", "2015-06-30": "7.58%", "2015-03-31": "7.82%", "2014-12-31": "7.95%", "2014-09-30": "7.57%", "2014-06-30": "7.59%", "2014-03-31": "7.60%", "2013-12-31": "7.61%", "2013-09-30": "7.87%", "2013-06-30": "7.42%", "2013-03-31": "7.39%", "2012-12-31": "7.35%", "2012-09-30": "6.88%", "2012-06-30": "6.64%", "2012-03-31": "6.20%", "2011-12-31": "6.05%", "2011-09-30": "6.33%", "2011-06-30": "5.97%", "2011-03-31": "5.59%", "2010-12-31": "2.65%", "2010-09-30": "-0.08%", "2010-06-30": "-1.25%", "2010-03-31": "-2.46%", "2009-12-31": "-1.67%", "2009-09-30": "-0.80%", "2009-06-30": "-0.20%", "2009-03-31": "0.96%", "2008-12-31": "3.40%", "2008-09-30": "5.95%", "2008-06-30": "8.95%", "2008-03-31": "11.72%", "2007-12-31": "13.40%", "2007-09-30": "17.03%", "2007-06-30": "17.28%", "2007-03-31": "17.21%", "2006-12-31": "17.30%", "2006-09-30": "15.58%", "2006-06-30": "16.42%", "2006-03-31": "16.81%", "2005-12-31": "16.96%"}, "return on assets": {"2020-12-31": "0.55%", "2020-09-30": "0.65%", "2020-06-30": "0.79%", "2020-03-31": "1.07%", "2019-12-31": "1.65%", "2019-09-30": "1.72%", "2019-06-30": "1.76%", "2019-03-31": "1.80%", "2018-12-31": "1.71%", "2018-09-30": "1.44%", "2018-06-30": "1.30%", "2018-03-31": "1.14%", "2017-12-31": "1.02%", "2017-09-30": "1.09%", "2017-06-30": "0.98%", "2017-03-31": "0.84%", "2016-12-31": "0.66%", "2016-09-30": "0.59%", "2016-06-30": "0.58%", "2016-03-31": "0.63%", "2015-12-31": "0.73%", "2015-09-30": "0.78%", "2015-06-30": "0.82%", "2015-03-31": "0.85%", "2014-12-31": "0.87%", "2014-09-30": "0.83%", "2014-06-30": "0.84%", "2014-03-31": "0.83%", "2013-12-31": "0.83%", "2013-09-30": "0.85%", "2013-06-30": "0.81%", "2013-03-31": "0.81%", "2012-12-31": "0.81%", "2012-09-30": "0.77%", "2012-06-30": "0.75%", "2012-03-31": "0.70%", "2011-12-31": "0.67%", "2011-09-30": "0.70%", "2011-06-30": "0.65%", "2011-03-31": "0.59%", "2010-12-31": "0.28%", "2010-09-30": "-0.01%", "2010-06-30": "-0.14%", "2010-03-31": "-0.28%", "2009-12-31": "-0.19%", "2009-09-30": "-0.09%", "2009-06-30": "-0.02%", "2009-03-31": "0.09%", "2008-12-31": "0.29%", "2008-09-30": "0.47%", "2008-06-30": "0.72%", "2008-03-31": "0.97%", "2007-12-31": "1.14%", "2007-09-30": "1.48%", "2007-06-30": "1.52%", "2007-03-31": "1.54%", "2006-12-31": "1.55%", "2006-09-30": "1.42%", "2006-06-30": "1.52%", "2006-03-31": "1.57%", "2005-12-31": "1.60%"}, "return on investments": {"2020-12-31": "4.18%", "2020-09-30": "4.63%", "2020-06-30": "5.33%", "2020-03-31": "7.07%", "2019-12-31": "10.70%", "2019-09-30": "11.27%", "2019-06-30": "11.48%", "2019-03-31": "11.84%", "2018-12-31": "11.46%", "2018-09-30": "11.23%", "2018-06-30": "11.16%", "2018-03-31": "10.40%", "2017-12-31": "9.94%", "2017-09-30": "9.12%", "2017-06-30": "8.14%", "2017-03-31": "7.19%", "2016-12-31": "5.99%", "2016-09-30": "5.55%", "2016-06-30": "5.60%", "2016-03-31": "6.03%", "2015-12-31": "7.16%", "2015-09-30": "7.86%", "2015-06-30": "8.25%", "2015-03-31": "8.54%", "2014-12-31": "8.49%", "2014-09-30": "7.87%", "2014-06-30": "7.67%", "2014-03-31": "7.44%", "2013-12-31": "7.24%", "2013-09-30": "7.68%", "2013-06-30": "7.14%", "2013-03-31": "6.89%", "2012-12-31": "6.70%", "2012-09-30": "6.11%", "2012-06-30": "5.94%", "2012-03-31": "5.50%", "2011-12-31": "5.15%", "2011-09-30": "4.80%", "2011-06-30": "3.91%", "2011-03-31": "3.26%", "2010-12-31": "2.27%", "2010-09-30": "0.77%", "2010-06-30": "0.25%", "2010-03-31": "-0.51%", "2009-12-31": "-0.58%", "2009-09-30": "-0.15%", "2009-06-30": "0.02%", "2009-03-31": "0.66%", "2008-12-31": "1.47%", "2008-09-30": "2.58%", "2008-06-30": "4.39%", "2008-03-31": "6.07%", "2007-12-31": "7.42%", "2007-09-30": "8.71%", "2007-06-30": "9.21%", "2007-03-31": "9.70%", "2006-12-31": "10.36%", "2006-09-30": "10.55%", "2006-06-30": "11.97%", "2006-03-31": "12.90%", "2005-12-31": "13.10%"}, "return on tangible equity": {"2020-09-30": "6.80%", "2020-06-30": "8.13%", "2020-03-31": "10.79%", "2019-12-31": "16.28%", "2019-09-30": "16.74%", "2019-06-30": "16.76%", "2019-03-31": "16.70%", "2018-12-31": "15.64%", "2018-09-30": "12.96%", "2018-06-30": "11.71%", "2018-03-31": "10.22%", "2017-12-31": "9.25%", "2017-09-30": "9.94%", "2017-06-30": "9.07%", "2017-03-31": "7.89%", "2016-12-31": "6.13%", "2016-09-30": "5.55%", "2016-06-30": "5.39%", "2016-03-31": "5.83%", "2015-12-31": "6.82%", "2015-09-30": "7.30%", "2015-06-30": "7.58%", "2015-03-31": "7.82%", "2014-12-31": "7.95%", "2014-09-30": "7.57%", "2014-06-30": "7.59%", "2014-03-31": "7.60%", "2013-12-31": "7.61%", "2013-09-30": "7.87%", "2013-06-30": "7.42%", "2013-03-31": "7.39%", "2012-12-31": "7.35%", "2012-09-30": "6.88%", "2012-06-30": "6.64%", "2012-03-31": "6.20%", "2011-12-31": "6.05%", "2011-09-30": "6.33%", "2011-06-30": "5.97%", "2011-03-31": "5.59%", "2010-12-31": "2.65%", "2010-09-30": "-0.08%", "2010-06-30": "-1.25%", "2010-03-31": "-2.46%", "2009-12-31": "-1.67%", "2009-09-30": "-0.80%", "2009-06-30": "-0.20%", "2009-03-31": "0.96%", "2008-12-31": "3.40%", "2008-09-30": "5.95%", "2008-06-30": "8.95%", "2008-03-31": "11.72%", "2007-12-31": "13.40%", "2007-09-30": "17.03%", "2007-06-30": "17.28%", "2007-03-31": "17.21%", "2006-12-31": "17.30%", "2006-09-30": "15.58%", "2006-06-30": "16.42%", "2006-03-31": "16.81%", "2005-12-31": "16.96%"}, "dividend yield history": {"last payout": "$2.72", "last yield": "4.33%"}}