{"ticker": "CME", "price": {"title": "CME Group Historical Annual Stock Price Data", "value": 191.39, "historical": {"2020": {"Average Stock Price": "179.0369", "Year Open": "201.8500", "Year High": "223.6300", "Year Low": "139.5400", "Year Close": "182.0500", "Annual % Change": "-9.30%"}, "2019": {"Average Stock Price": "194.0465", "Year Open": "185.5800", "Year High": "223.0700", "Year Low": "162.5800", "Year Close": "200.7200", "Annual % Change": "6.70%"}, "2018": {"Average Stock Price": "168.9396", "Year Open": "144.7900", "Year High": "195.6100", "Year Low": "144.7900", "Year Close": "188.1200", "Annual % Change": "28.81%"}, "2017": {"Average Stock Price": "127.1804", "Year Open": "114.4000", "Year High": "153.4100", "Year Low": "114.4000", "Year Close": "146.0500", "Annual % Change": "26.61%"}, "2016": {"Average Stock Price": "100.3560", "Year Open": "88.6700", "Year High": "123.4300", "Year Low": "81.9900", "Year Close": "115.3500", "Annual % Change": "27.32%"}, "2015": {"Average Stock Price": "93.7890", "Year Open": "88.1400", "Year High": "100.0600", "Year Low": "84.8700", "Year Close": "90.6000", "Annual % Change": "2.20%"}, "2014": {"Average Stock Price": "76.5171", "Year Open": "77.9600", "Year High": "92.9050", "Year Low": "66.9500", "Year Close": "88.6500", "Annual % Change": "12.99%"}, "2013": {"Average Stock Price": "69.1446", "Year Open": "51.3400", "Year High": "84.6400", "Year Low": "51.3400", "Year Close": "78.4600", "Annual % Change": "54.85%"}, "2012": {"Average Stock Price": "54.2152", "Year Open": "49.1260", "Year High": "59.7340", "Year Low": "45.2000", "Year Close": "50.6700", "Annual % Change": "3.97%"}, "2011": {"Average Stock Price": "55.8334", "Year Open": "63.2880", "Year High": "63.3980", "Year Low": "47.4340", "Year Close": "48.7340", "Annual % Change": "-24.27%"}, "2010": {"Average Stock Price": "59.1677", "Year Open": "68.4820", "Year High": "69.8640", "Year Low": "47.5380", "Year Close": "64.3500", "Annual % Change": "-4.23%"}, "2009": {"Average Stock Price": "53.7548", "Year Open": "42.5160", "Year High": "68.4180", "Year Low": "31.8140", "Year Close": "67.1920", "Annual % Change": "61.43%"}, "2008": {"Average Stock Price": "79.9483", "Year Open": "134.7980", "Year High": "134.7980", "Year Low": "31.3100", "Year Close": "41.6220", "Annual % Change": "-69.66%"}, "2007": {"Average Stock Price": "115.5199", "Year Open": "104.6000", "Year High": "142.1500", "Year Low": "99.5900", "Year Close": "137.2000", "Annual % Change": "34.58%"}, "2006": {"Average Stock Price": "92.7446", "Year Open": "72.6060", "Year High": "110.7720", "Year Low": "71.5600", "Year Close": "101.9500", "Annual % Change": "38.71%"}, "2005": {"Average Stock Price": "53.9664", "Year Open": "43.5820", "Year High": "79.3800", "Year Low": "34.0240", "Year Close": "73.4980", "Annual % Change": "60.69%"}, "2004": {"Average Stock Price": "27.1165", "Year Open": "14.5800", "Year High": "45.7400", "Year Low": "14.5800", "Year Close": "45.7400", "Annual % Change": "216.06%"}, "2003": {"Average Stock Price": "12.3322", "Year Open": "8.7440", "Year High": "15.7960", "Year Low": "8.3000", "Year Close": "14.4720", "Annual % Change": "65.74%"}, "2002": {"Average Stock Price": "8.6248", "Year Open": "8.5800", "Year High": "9.0120", "Year Low": "8.4000", "Year Close": "8.7320", "Annual % Change": "0.00%"}}}, "market cap": {"value": "$68.71B"}, "income statement": {"Revenue": {"2019-12-31": "4868.00000", "2018-12-31": "4309.40000", "2017-12-31": "3644.70000", "2016-12-31": "3595.20000", "2015-12-31": "3326.80000", "2014-12-31": "3112.50000", "2013-12-31": "2936.30000", "2012-12-31": "2914.60000", "2011-12-31": "3280.60000", "2010-12-31": "3003.70000", "2009-12-31": "2612.80000", "2008-12-31": "2561.00000", "2007-12-31": "1756.10000", "2006-12-31": "1089.94700", "2005-12-31": "889.76600"}, "Cost Of Goods Sold": {"2019-12-31": "", "2018-12-31": "", "2017-12-31": "", "2016-12-31": "", "2015-12-31": "", "2014-12-31": "", "2013-12-31": "", "2012-12-31": "", "2011-12-31": "", "2010-12-31": "", "2009-12-31": "", "2008-12-31": "", "2007-12-31": "", "2006-12-31": "", "2005-12-31": ""}, "Gross Profit": {"2019-12-31": "4868.00000", "2018-12-31": "4309.40000", "2017-12-31": "3644.70000", "2016-12-31": "3595.20000", "2015-12-31": "3326.80000", "2014-12-31": "3112.50000", "2013-12-31": "2936.30000", "2012-12-31": "2914.60000", "2011-12-31": "3280.60000", "2010-12-31": "3003.70000", "2009-12-31": "2612.80000", "2008-12-31": "2561.00000", "2007-12-31": "1756.10000", "2006-12-31": "1089.94700", "2005-12-31": "889.76600"}, "Research And Development Expenses": {"2019-12-31": "", "2018-12-31": "", "2017-12-31": "", "2016-12-31": "", "2015-12-31": "", "2014-12-31": "", "2013-12-31": "", "2012-12-31": "", "2011-12-31": "", "2010-12-31": "", "2009-12-31": "", "2008-12-31": "", "2007-12-31": "", "2006-12-31": "", "2005-12-31": ""}, "SG&A Expenses": {"2019-12-31": "1446.50000", "2018-12-31": "1126.10000", "2017-12-31": "929.40000", "2016-12-31": "921.00000", "2015-12-31": "892.60000", "2014-12-31": "885.50000", "2013-12-31": "836.00000", "2012-12-31": "796.90000", "2011-12-31": "781.10000", "2010-12-31": "723.30000", "2009-12-31": "618.50000", "2008-12-31": "571.70000", "2007-12-31": "446.00000", "2006-12-31": "324.68400", "2005-12-31": "281.62900"}, "Other Operating Income Or Expenses": {"2019-12-31": "-360.40000", "2018-12-31": "-327.00000", "2017-12-31": "-196.20000", "2016-12-31": "-248.40000", "2015-12-31": "-216.90000", "2014-12-31": "-225.40000", "2013-12-31": "-225.20000", "2012-12-31": "-172.60000", "2011-12-31": "-217.90000", "2010-12-31": "-191.30000", "2009-12-31": "-153.80000", "2008-12-31": "-166.30000", "2007-12-31": "-109.70000", "2006-12-31": "-69.75000", "2005-12-31": "-64.54200"}, "Operating Expenses": {"2019-12-31": "2280.20000", "2018-12-31": "1701.80000", "2017-12-31": "1334.10000", "2016-12-31": "1394.70000", "2015-12-31": "1338.10000", "2014-12-31": "1344.10000", "2013-12-31": "1299.30000", "2012-12-31": "1222.60000", "2011-12-31": "1259.50000", "2010-12-31": "1172.60000", "2009-12-31": "1023.70000", "2008-12-31": "978.80000", "2007-12-31": "704.20000", "2006-12-31": "468.48400", "2005-12-31": "411.82000"}, "Operating Income": {"2019-12-31": "2587.80000", "2018-12-31": "2607.60000", "2017-12-31": "2310.60000", "2016-12-31": "2200.50000", "2015-12-31": "1988.70000", "2014-12-31": "1768.40000", "2013-12-31": "1637.00000", "2012-12-31": "1692.00000", "2011-12-31": "2021.10000", "2010-12-31": "1831.10000", "2009-12-31": "1589.10000", "2008-12-31": "1582.20000", "2007-12-31": "1051.90000", "2006-12-31": "621.46300", "2005-12-31": "477.94600"}, "Total Non-Operating Income/Expense": {"2019-12-31": "101.80000", "2018-12-31": "170.20000", "2017-12-31": "215.70000", "2016-12-31": "87.10000", "2015-12-31": "-31.90000", "2014-12-31": "3.00000", "2013-12-31": "-36.00000", "2012-12-31": "1.40000", "2011-12-31": "-84.60000", "2010-12-31": "-109.20000", "2009-12-31": "-151.60000", "2008-12-31": "-334.20000", "2007-12-31": "43.90000", "2006-12-31": "50.19400", "2005-12-31": "30.43300"}, "Pre-Tax Income": {"2019-12-31": "2689.60000", "2018-12-31": "2777.80000", "2017-12-31": "2526.30000", "2016-12-31": "2287.60000", "2015-12-31": "1956.80000", "2014-12-31": "1771.40000", "2013-12-31": "1601.00000", "2012-12-31": "1693.40000", "2011-12-31": "1936.50000", "2010-12-31": "1721.90000", "2009-12-31": "1437.50000", "2008-12-31": "1248.00000", "2007-12-31": "1095.80000", "2006-12-31": "671.65700", "2005-12-31": "508.37900"}, "Income Taxes": {"2019-12-31": "573.80000", "2018-12-31": "814.10000", "2017-12-31": "-1537.10000", "2016-12-31": "753.50000", "2015-12-31": "709.80000", "2014-12-31": "644.50000", "2013-12-31": "622.90000", "2012-12-31": "786.70000", "2011-12-31": "122.10000", "2010-12-31": "769.80000", "2009-12-31": "611.70000", "2008-12-31": "532.50000", "2007-12-31": "437.30000", "2006-12-31": "264.30900", "2005-12-31": "201.52200"}, "Income After Taxes": {"2019-12-31": "2115.80000", "2018-12-31": "1963.70000", "2017-12-31": "4063.40000", "2016-12-31": "1534.10000", "2015-12-31": "1247.00000", "2014-12-31": "1126.90000", "2013-12-31": "978.10000", "2012-12-31": "906.70000", "2011-12-31": "1814.40000", "2010-12-31": "952.10000", "2009-12-31": "825.80000", "2008-12-31": "715.50000", "2007-12-31": "658.50010", "2006-12-31": "407.34800", "2005-12-31": "306.85700"}, "Other Income": {"2019-12-31": "", "2018-12-31": "", "2017-12-31": "", "2016-12-31": "", "2015-12-31": "", "2014-12-31": "", "2013-12-31": "", "2012-12-31": "", "2011-12-31": "", "2010-12-31": "", "2009-12-31": "", "2008-12-31": "", "2007-12-31": "", "2006-12-31": "", "2005-12-31": ""}, "Income From Continuous Operations": {"2019-12-31": "2115.80000", "2018-12-31": "1963.70000", "2017-12-31": "4063.40000", "2016-12-31": "1534.10000", "2015-12-31": "1247.00000", "2014-12-31": "1126.90000", "2013-12-31": "978.10000", "2012-12-31": "906.70000", "2011-12-31": "1814.40000", "2010-12-31": "952.10000", "2009-12-31": "825.80000", "2008-12-31": "715.50000", "2007-12-31": "658.50010", "2006-12-31": "407.34800", "2005-12-31": "306.85700"}, "Income From Discontinued Operations": {"2019-12-31": "", "2018-12-31": "", "2017-12-31": "", "2016-12-31": "", "2015-12-31": "", "2014-12-31": "", "2013-12-31": "", "2012-12-31": "", "2011-12-31": "", "2010-12-31": "", "2009-12-31": "", "2008-12-31": "", "2007-12-31": "", "2006-12-31": "", "2005-12-31": ""}, "Net Income": {"2019-12-31": "2116.50000", "2018-12-31": "1962.20000", "2017-12-31": "4063.40000", "2016-12-31": "1534.10000", "2015-12-31": "1247.00000", "2014-12-31": "1127.10000", "2013-12-31": "976.80000", "2012-12-31": "896.30000", "2011-12-31": "1812.30000", "2010-12-31": "951.40000", "2009-12-31": "825.80000", "2008-12-31": "715.50000", "2007-12-31": "658.50000", "2006-12-31": "407.34800", "2005-12-31": "306.85700"}, "EBITDA": {"2019-12-31": "3061.10000", "2018-12-31": "2856.30000", "2017-12-31": "2519.10000", "2016-12-31": "2425.80000", "2015-12-31": "2217.30000", "2014-12-31": "2001.60000", "2013-12-31": "1875.10000", "2012-12-31": "1945.10000", "2011-12-31": "2281.60000", "2010-12-31": "2114.50000", "2009-12-31": "1853.20000", "2008-12-31": "1842.00000", "2007-12-31": "1193.60000", "2006-12-31": "696.78600", "2005-12-31": "546.16700"}, "EBIT": {"2019-12-31": "2587.80000", "2018-12-31": "2607.60000", "2017-12-31": "2310.60000", "2016-12-31": "2200.50000", "2015-12-31": "1988.70000", "2014-12-31": "1768.40000", "2013-12-31": "1637.00000", "2012-12-31": "1692.00000", "2011-12-31": "2021.10000", "2010-12-31": "1831.10000", "2009-12-31": "1589.10000", "2008-12-31": "1582.20000", "2007-12-31": "1051.90000", "2006-12-31": "621.46300", "2005-12-31": "477.94600"}, "Basic Shares Outstanding": {"2019-12-31": "357.15500", "2018-12-31": "342.34400", "2017-12-31": "338.70700", "2016-12-31": "337.49600", "2015-12-31": "336.22400", "2014-12-31": "334.40900", "2013-12-31": "332.67800", "2012-12-31": "331.25200", "2011-12-31": "332.73700", "2010-12-31": "331.49300", "2009-12-31": "331.83000", "2008-12-31": "293.69000", "2007-12-31": "218.77000", "2006-12-31": "173.48000", "2005-12-31": "171.57500"}, "Shares Outstanding": {"2019-12-31": "358.23900", "2018-12-31": "343.73700", "2017-12-31": "340.22600", "2016-12-31": "338.96600", "2015-12-31": "337.89400", "2014-12-31": "336.06300", "2013-12-31": "334.39800", "2012-12-31": "332.31900", "2011-12-31": "333.81100", "2010-12-31": "332.47500", "2009-12-31": "332.74000", "2008-12-31": "294.83500", "2007-12-31": "220.53500", "2006-12-31": "175.62000", "2005-12-31": "174.19500"}, "Basic EPS": {"2019-12-31": "5.93000", "2018-12-31": "5.73000", "2017-12-31": "12.00000", "2016-12-31": "4.55000", "2015-12-31": "3.71000", "2014-12-31": "3.37000", "2013-12-31": "2.94000", "2012-12-31": "2.71000", "2011-12-31": "5.45000", "2010-12-31": "2.87000", "2009-12-31": "2.48800", "2008-12-31": "2.43600", "2007-12-31": "3.01000", "2006-12-31": "2.34800", "2005-12-31": "1.78800"}, "EPS - Earnings Per Share": {"2019-12-31": "5.91000", "2018-12-31": "5.71000", "2017-12-31": "11.94000", "2016-12-31": "4.53000", "2015-12-31": "3.69000", "2014-12-31": "3.35000", "2013-12-31": "2.92000", "2012-12-31": "2.70000", "2011-12-31": "5.43000", "2010-12-31": "2.86000", "2009-12-31": "2.48200", "2008-12-31": "2.42600", "2007-12-31": "2.98600", "2006-12-31": "2.32000", "2005-12-31": "1.76200"}}, "income statement, quarterly": {"Revenue": {"2020-09-30": "1080.70000", "2020-06-30": "1182.30000", "2020-03-31": "1522.10000", "2019-12-31": "1138.40000", "2019-09-30": "1277.30000", "2019-06-30": "1272.70000", "2019-03-31": "1179.60000", "2018-12-31": "1236.60000", "2018-09-30": "904.20000", "2018-06-30": "1059.60000", "2018-03-31": "1109.00000", "2017-12-31": "899.99990", "2017-09-30": "890.80000", "2017-06-30": "924.60000", "2017-03-31": "929.30000", "2016-12-31": "912.90000", "2016-09-30": "841.70000", "2016-06-30": "906.40000", "2016-03-31": "934.20000", "2015-12-31": "813.80000", "2015-09-30": "850.30000", "2015-06-30": "820.00000", "2015-03-31": "842.70000", "2014-12-31": "841.10010", "2014-09-30": "762.40000", "2014-06-30": "731.60000", "2014-03-31": "777.40000", "2013-12-31": "687.00020", "2013-09-30": "714.60000", "2013-06-30": "816.10000", "2013-03-31": "718.60000", "2012-12-31": "660.90010", "2012-09-30": "683.20000", "2012-06-30": "795.90000", "2012-03-31": "774.60000", "2011-12-31": "736.50010", "2011-09-30": "874.20000", "2011-06-30": "838.30000", "2011-03-31": "831.60000", "2010-12-31": "763.19980", "2010-09-30": "733.40000", "2010-06-30": "813.90000", "2010-03-31": "693.20000", "2009-12-31": "667.50010", "2009-09-30": "650.40000", "2009-06-30": "647.80000", "2009-03-31": "647.10000", "2008-12-31": "691.79990", "2008-09-30": "680.90000", "2008-06-30": "563.20000", "2008-03-31": "625.10000", "2007-12-31": "529.53790", "2007-09-30": "565.22200", "2007-06-30": "329.00900", "2007-03-31": "332.33100", "2006-12-31": "281.31610", "2006-09-30": "274.70500", "2006-06-30": "282.20900", "2006-03-31": "251.71700", "2005-12-31": "187.96800", "2005-09-30": "225.70600", "2005-06-30": "252.18600", "2005-03-31": "223.90600"}, "Cost Of Goods Sold": {"2020-09-30": "", "2020-06-30": "", "2020-03-31": "", "2019-12-31": "", "2019-09-30": "", "2019-06-30": "", "2019-03-31": "", "2018-12-31": "", "2018-09-30": "", "2018-06-30": "", "2018-03-31": "", "2017-12-31": "", "2017-09-30": "", "2017-06-30": "", "2017-03-31": "", "2016-12-31": "", "2016-09-30": "", "2016-06-30": "", "2016-03-31": "", "2015-12-31": "", "2015-09-30": "", "2015-06-30": "", "2015-03-31": "", "2014-12-31": "", "2014-09-30": "", "2014-06-30": "", "2014-03-31": "", "2013-12-31": "", "2013-09-30": "", "2013-06-30": "", "2013-03-31": "", "2012-12-31": "", "2012-09-30": "", "2012-06-30": "", "2012-03-31": "", "2011-12-31": "", "2011-09-30": "", "2011-06-30": "", "2011-03-31": "", "2010-12-31": "", "2010-09-30": "", "2010-06-30": "", "2010-03-31": "", "2009-12-31": "", "2009-09-30": "", "2009-06-30": "", "2009-03-31": "", "2008-12-31": "", "2008-09-30": "", "2008-06-30": "", "2008-03-31": "", "2007-12-31": "", "2007-09-30": "", "2007-06-30": "", "2007-03-31": "", "2006-12-31": "", "2006-09-30": "", "2006-06-30": "", "2006-03-31": "", "2005-12-31": "", "2005-09-30": "", "2005-06-30": "", "2005-03-31": ""}, "Gross Profit": {"2020-09-30": "1080.70000", "2020-06-30": "1182.30000", "2020-03-31": "1522.10000", "2019-12-31": "1138.40000", "2019-09-30": "1277.30000", "2019-06-30": "1272.70000", "2019-03-31": "1179.60000", "2018-12-31": "1236.60000", "2018-09-30": "904.20000", "2018-06-30": "1059.60000", "2018-03-31": "1109.00000", "2017-12-31": "899.99990", "2017-09-30": "890.80000", "2017-06-30": "924.60000", "2017-03-31": "929.30000", "2016-12-31": "912.90000", "2016-09-30": "841.70000", "2016-06-30": "906.40000", "2016-03-31": "934.20000", "2015-12-31": "813.80000", "2015-09-30": "850.30000", "2015-06-30": "820.00000", "2015-03-31": "842.70000", "2014-12-31": "841.10010", "2014-09-30": "762.40000", "2014-06-30": "731.60000", "2014-03-31": "777.40000", "2013-12-31": "687.00020", "2013-09-30": "714.60000", "2013-06-30": "816.10000", "2013-03-31": "718.60000", "2012-12-31": "660.90010", "2012-09-30": "683.20000", "2012-06-30": "795.90000", "2012-03-31": "774.60000", "2011-12-31": "736.50010", "2011-09-30": "874.20000", "2011-06-30": "838.30000", "2011-03-31": "831.60000", "2010-12-31": "763.19980", "2010-09-30": "733.40000", "2010-06-30": "813.90000", "2010-03-31": "693.20000", "2009-12-31": "667.50010", "2009-09-30": "650.40000", "2009-06-30": "647.80000", "2009-03-31": "647.10000", "2008-12-31": "691.79990", "2008-09-30": "680.90000", "2008-06-30": "563.20000", "2008-03-31": "625.10000", "2007-12-31": "529.53790", "2007-09-30": "565.22200", "2007-06-30": "329.00900", "2007-03-31": "332.33100", "2006-12-31": "281.31610", "2006-09-30": "274.70500", "2006-06-30": "282.20900", "2006-03-31": "251.71700", "2005-12-31": "187.96800", "2005-09-30": "225.70600", "2005-06-30": "252.18600", "2005-03-31": "223.90600"}, "Research And Development Expenses": {"2020-09-30": "", "2020-06-30": "", "2020-03-31": "", "2019-12-31": "", "2019-09-30": "", "2019-06-30": "", "2019-03-31": "", "2018-12-31": "", "2018-09-30": "", "2018-06-30": "", "2018-03-31": "", "2017-12-31": "", "2017-09-30": "", "2017-06-30": "", "2017-03-31": "", "2016-12-31": "", "2016-09-30": "", "2016-06-30": "", "2016-03-31": "", "2015-12-31": "", "2015-09-30": "", "2015-06-30": "", "2015-03-31": "", "2014-12-31": "", "2014-09-30": "", "2014-06-30": "", "2014-03-31": "", "2013-12-31": "", "2013-09-30": "", "2013-06-30": "", "2013-03-31": "", "2012-12-31": "", "2012-09-30": "", "2012-06-30": "", "2012-03-31": "", "2011-12-31": "", "2011-09-30": "", "2011-06-30": "", "2011-03-31": "", "2010-12-31": "", "2010-09-30": "", "2010-06-30": "", "2010-03-31": "", "2009-12-31": "", "2009-09-30": "", "2009-06-30": "", "2009-03-31": "", "2008-12-31": "", "2008-09-30": "", "2008-06-30": "", "2008-03-31": "", "2007-12-31": "", "2007-09-30": "", "2007-06-30": "", "2007-03-31": "", "2006-12-31": "", "2006-09-30": "", "2006-06-30": "", "2006-03-31": "", "2005-12-31": "", "2005-09-30": "", "2005-06-30": "", "2005-03-31": ""}, "SG&A Expenses": {"2020-09-30": "370.60000", "2020-06-30": "372.70000", "2020-03-31": "370.80000", "2019-12-31": "361.80000", "2019-09-30": "365.00000", "2019-06-30": "362.40000", "2019-03-31": "357.30000", "2018-12-31": "373.70010", "2018-09-30": "234.30000", "2018-06-30": "247.80000", "2018-03-31": "270.30000", "2017-12-31": "239.60000", "2017-09-30": "234.40000", "2017-06-30": "225.40000", "2017-03-31": "230.00000", "2016-12-31": "247.00000", "2016-09-30": "219.80000", "2016-06-30": "227.50000", "2016-03-31": "226.70000", "2015-12-31": "221.90000", "2015-09-30": "225.80000", "2015-06-30": "220.70000", "2015-03-31": "224.20000", "2014-12-31": "232.10000", "2014-09-30": "211.40000", "2014-06-30": "225.80000", "2014-03-31": "216.20000", "2013-12-31": "218.20000", "2013-09-30": "217.90000", "2013-06-30": "206.10000", "2013-03-31": "193.80000", "2012-12-31": "183.30000", "2012-09-30": "185.00000", "2012-06-30": "217.50000", "2012-03-31": "211.10000", "2011-12-31": "195.90000", "2011-09-30": "195.80000", "2011-06-30": "191.00000", "2011-03-31": "198.40000", "2010-12-31": "197.50010", "2010-09-30": "179.30000", "2010-06-30": "173.10000", "2010-03-31": "173.40000", "2009-12-31": "156.20000", "2009-09-30": "149.20000", "2009-06-30": "155.30000", "2009-03-31": "157.80000", "2008-12-31": "161.60000", "2008-09-30": "144.20000", "2008-06-30": "132.50000", "2008-03-31": "133.40000", "2007-12-31": "129.52400", "2007-09-30": "132.77000", "2007-06-30": "93.12800", "2007-03-31": "90.57800", "2006-12-31": "77.50300", "2006-09-30": "80.88100", "2006-06-30": "84.19400", "2006-03-31": "82.10600", "2005-12-31": "63.94600", "2005-09-30": "75.50000", "2005-06-30": "73.43900", "2005-03-31": "68.74400"}, "Other Operating Income Or Expenses": {"2020-09-30": "-67.10000", "2020-06-30": "-58.80000", "2020-03-31": "-78.80000", "2019-12-31": "-87.50000", "2019-09-30": "-105.90000", "2019-06-30": "-89.30000", "2019-03-31": "-77.70000", "2018-12-31": "-121.10000", "2018-09-30": "-66.10000", "2018-06-30": "-93.80000", "2018-03-31": "-46.00000", "2017-12-31": "-71.90000", "2017-09-30": "-38.10000", "2017-06-30": "-41.20000", "2017-03-31": "-45.00000", "2016-12-31": "-70.10000", "2016-09-30": "-41.40000", "2016-06-30": "-61.20000", "2016-03-31": "-75.70000", "2015-12-31": "-65.70000", "2015-09-30": "-50.80000", "2015-06-30": "-45.90000", "2015-03-31": "-54.50000", "2014-12-31": "-81.10000", "2014-09-30": "-62.60000", "2014-06-30": "-34.30000", "2014-03-31": "-47.40000", "2013-12-31": "-85.70000", "2013-09-30": "-35.60000", "2013-06-30": "-43.10000", "2013-03-31": "-60.80000", "2012-12-31": "-42.20000", "2012-09-30": "-41.50000", "2012-06-30": "-44.30000", "2012-03-31": "-44.60000", "2011-12-31": "-84.00000", "2011-09-30": "-40.90000", "2011-06-30": "-48.10000", "2011-03-31": "-44.90000", "2010-12-31": "-42.90000", "2010-09-30": "-45.70000", "2010-06-30": "-60.60000", "2010-03-31": "-42.10000", "2009-12-31": "-50.50000", "2009-09-30": "-36.20000", "2009-06-30": "-31.70000", "2009-03-31": "-35.40000", "2008-12-31": "-39.70000", "2008-09-30": "-52.70000", "2008-06-30": "-34.40000", "2008-03-31": "-39.50000", "2007-12-31": "-31.60500", "2007-09-30": "-33.72900", "2007-06-30": "-23.20900", "2007-03-31": "-21.15700", "2006-12-31": "-24.89100", "2006-09-30": "-17.85400", "2006-06-30": "-13.62300", "2006-03-31": "-13.38200", "2005-12-31": "-25.35800", "2005-09-30": "-13.26400", "2005-06-30": "-13.40700", "2005-03-31": "-12.51300"}, "Operating Expenses": {"2020-09-30": "555.70000", "2020-06-30": "544.80000", "2020-03-31": "562.20000", "2019-12-31": "565.39980", "2019-09-30": "592.10000", "2019-06-30": "574.10000", "2019-03-31": "548.60000", "2018-12-31": "586.70000", "2018-09-30": "354.30000", "2018-06-30": "392.70000", "2018-03-31": "368.10000", "2017-12-31": "363.10000", "2017-09-30": "323.20000", "2017-06-30": "319.40000", "2017-03-31": "328.40000", "2016-12-31": "374.90010", "2016-09-30": "316.40000", "2016-06-30": "343.10000", "2016-03-31": "360.30000", "2015-12-31": "343.90000", "2015-09-30": "333.90000", "2015-06-30": "324.90000", "2015-03-31": "335.40000", "2014-12-31": "369.60000", "2014-09-30": "332.00000", "2014-06-30": "319.60000", "2014-03-31": "322.90000", "2013-12-31": "363.79990", "2013-09-30": "314.10000", "2013-06-30": "308.30000", "2013-03-31": "313.10000", "2012-12-31": "285.30000", "2012-09-30": "287.20000", "2012-06-30": "326.70000", "2012-03-31": "323.40000", "2011-12-31": "346.10010", "2011-09-30": "302.10000", "2011-06-30": "303.80000", "2011-03-31": "307.50000", "2010-12-31": "304.80000", "2010-09-30": "290.50000", "2010-06-30": "298.80000", "2010-03-31": "278.50000", "2009-12-31": "265.00000", "2009-09-30": "249.00000", "2009-06-30": "249.00000", "2009-03-31": "260.70000", "2008-12-31": "273.90000", "2008-09-30": "260.20000", "2008-06-30": "219.50000", "2008-03-31": "225.20000", "2007-12-31": "215.86400", "2007-09-30": "219.84700", "2007-06-30": "136.76500", "2007-03-31": "131.72400", "2006-12-31": "122.52800", "2006-09-30": "117.66800", "2006-06-30": "115.41300", "2006-03-31": "112.87500", "2005-12-31": "84.05400", "2005-09-30": "106.02000", "2005-06-30": "115.98200", "2005-03-31": "105.76400"}, "Operating Income": {"2020-09-30": "525.00000", "2020-06-30": "637.50010", "2020-03-31": "959.90000", "2019-12-31": "573.00020", "2019-09-30": "685.20000", "2019-06-30": "698.59990", "2019-03-31": "631.00000", "2018-12-31": "649.90010", "2018-09-30": "549.90000", "2018-06-30": "666.90000", "2018-03-31": "740.90000", "2017-12-31": "536.89990", "2017-09-30": "567.60000", "2017-06-30": "605.20000", "2017-03-31": "600.90000", "2016-12-31": "537.99990", "2016-09-30": "525.30000", "2016-06-30": "563.30000", "2016-03-31": "573.90000", "2015-12-31": "469.90000", "2015-09-30": "516.40000", "2015-06-30": "495.10000", "2015-03-31": "507.30000", "2014-12-31": "471.50010", "2014-09-30": "430.40000", "2014-06-30": "412.00000", "2014-03-31": "454.50000", "2013-12-31": "323.20030", "2013-09-30": "400.50000", "2013-06-30": "507.80000", "2013-03-31": "405.50000", "2012-12-31": "375.60020", "2012-09-30": "396.00000", "2012-06-30": "469.20000", "2012-03-31": "451.20000", "2011-12-31": "390.40010", "2011-09-30": "572.10000", "2011-06-30": "534.50000", "2011-03-31": "524.10000", "2010-12-31": "458.39970", "2010-09-30": "442.90000", "2010-06-30": "515.10000", "2010-03-31": "414.70000", "2009-12-31": "402.50010", "2009-09-30": "401.40000", "2009-06-30": "398.80000", "2009-03-31": "386.40000", "2008-12-31": "417.90000", "2008-09-30": "420.70000", "2008-06-30": "343.70000", "2008-03-31": "399.90000", "2007-12-31": "313.67390", "2007-09-30": "345.37500", "2007-06-30": "192.24400", "2007-03-31": "200.60700", "2006-12-31": "158.78810", "2006-09-30": "157.03700", "2006-06-30": "166.79600", "2006-03-31": "138.84200", "2005-12-31": "103.91400", "2005-09-30": "119.68600", "2005-06-30": "136.20400", "2005-03-31": "118.14200"}, "Total Non-Operating Income/Expense": {"2020-09-30": "11.50000", "2020-06-30": "23.80000", "2020-03-31": "29.40000", "2019-12-31": "51.10000", "2019-09-30": "38.00000", "2019-06-30": "3.50000", "2019-03-31": "9.20000", "2018-12-31": "20.60000", "2018-09-30": "11.90000", "2018-06-30": "89.90000", "2018-03-31": "47.80000", "2017-12-31": "37.80000", "2017-09-30": "39.70000", "2017-06-30": "32.10000", "2017-03-31": "106.10000", "2016-12-31": "56.20000", "2016-09-30": "23.50000", "2016-06-30": "2.80000", "2016-03-31": "4.60000", "2015-12-31": "-1.40000", "2015-09-30": "0.00000", "2015-06-30": "-47.00000", "2015-03-31": "16.50000", "2014-12-31": "2.30000", "2014-09-30": "-1.30000", "2014-06-30": "10.10000", "2014-03-31": "-8.10000", "2013-12-31": "-16.20000", "2013-09-30": "-1.60000", "2013-06-30": "-0.30000", "2013-03-31": "-17.90000", "2012-12-31": "-22.10000", "2012-09-30": "-0.20000", "2012-06-30": "41.50000", "2012-03-31": "-17.80000", "2011-12-31": "-20.70000", "2011-09-30": "-26.20000", "2011-06-30": "-25.20000", "2011-03-31": "-12.50000", "2010-12-31": "-31.20000", "2010-09-30": "-27.20000", "2010-06-30": "-35.00000", "2010-03-31": "-15.80000", "2009-12-31": "-46.20000", "2009-09-30": "-45.60000", "2009-06-30": "-23.90000", "2009-03-31": "-35.90000", "2008-12-31": "-306.70000", "2008-09-30": "-24.70000", "2008-06-30": "-10.10000", "2008-03-31": "7.30000", "2007-12-31": "23.01600", "2007-09-30": "-11.05500", "2007-06-30": "17.18900", "2007-03-31": "14.75000", "2006-12-31": "11.96000", "2006-09-30": "13.47700", "2006-06-30": "13.09800", "2006-03-31": "11.65900", "2005-12-31": "21.82800", "2005-09-30": "8.60500", "2005-06-30": "", "2005-03-31": ""}, "Pre-Tax Income": {"2020-09-30": "536.50000", "2020-06-30": "661.30000", "2020-03-31": "989.30000", "2019-12-31": "624.10020", "2019-09-30": "723.20000", "2019-06-30": "702.10000", "2019-03-31": "640.20000", "2018-12-31": "670.49990", "2018-09-30": "561.80000", "2018-06-30": "756.80000", "2018-03-31": "788.70000", "2017-12-31": "574.70000", "2017-09-30": "607.30000", "2017-06-30": "637.30000", "2017-03-31": "707.00000", "2016-12-31": "594.20010", "2016-09-30": "548.80000", "2016-06-30": "566.10000", "2016-03-31": "578.50000", "2015-12-31": "468.50010", "2015-09-30": "516.40000", "2015-06-30": "448.10000", "2015-03-31": "523.80000", "2014-12-31": "473.80010", "2014-09-30": "429.10000", "2014-06-30": "422.10000", "2014-03-31": "446.40000", "2013-12-31": "307.00000", "2013-09-30": "398.90000", "2013-06-30": "507.50000", "2013-03-31": "387.60000", "2012-12-31": "353.50010", "2012-09-30": "395.80000", "2012-06-30": "510.70000", "2012-03-31": "433.40000", "2011-12-31": "369.70000", "2011-09-30": "545.90000", "2011-06-30": "509.30000", "2011-03-31": "511.60000", "2010-12-31": "427.20000", "2010-09-30": "415.70000", "2010-06-30": "480.10000", "2010-03-31": "398.90000", "2009-12-31": "356.29990", "2009-09-30": "355.80000", "2009-06-30": "374.90000", "2009-03-31": "350.50000", "2008-12-31": "111.20000", "2008-09-30": "396.00000", "2008-06-30": "333.60000", "2008-03-31": "407.20000", "2007-12-31": "336.69010", "2007-09-30": "334.32000", "2007-06-30": "209.43300", "2007-03-31": "215.35700", "2006-12-31": "170.74800", "2006-09-30": "170.51400", "2006-06-30": "179.89400", "2006-03-31": "150.50100", "2005-12-31": "125.74200", "2005-09-30": "128.29100", "2005-06-30": "136.20400", "2005-03-31": "118.14200"}, "Income Taxes": {"2020-09-30": "125.00000", "2020-06-30": "158.00000", "2020-03-31": "222.50000", "2019-12-31": "155.10000", "2019-09-30": "86.90000", "2019-06-30": "187.50000", "2019-03-31": "144.30000", "2018-12-31": "283.50000", "2018-09-30": "150.00000", "2018-06-30": "190.70000", "2018-03-31": "189.90000", "2017-12-31": "-2364.50000", "2017-09-30": "298.70000", "2017-06-30": "221.50000", "2017-03-31": "307.20000", "2016-12-31": "220.80000", "2016-09-30": "76.00000", "2016-06-30": "246.00000", "2016-03-31": "210.70000", "2015-12-31": "176.80000", "2015-09-30": "156.50000", "2015-06-30": "183.10000", "2015-03-31": "193.40000", "2014-12-31": "167.30000", "2014-09-30": "139.10000", "2014-06-30": "158.30000", "2014-03-31": "179.80000", "2013-12-31": "113.90000", "2013-09-30": "162.60000", "2013-06-30": "196.20000", "2013-03-31": "150.20000", "2012-12-31": "185.40010", "2012-09-30": "176.90000", "2012-06-30": "257.30000", "2012-03-31": "167.10000", "2011-12-31": "-377.00000", "2011-09-30": "230.90000", "2011-06-30": "213.70000", "2011-03-31": "54.50000", "2010-12-31": "230.80000", "2010-09-30": "171.40000", "2010-06-30": "208.90000", "2010-03-31": "158.70000", "2009-12-31": "153.70000", "2009-09-30": "153.50000", "2009-06-30": "153.10000", "2009-03-31": "151.40000", "2008-12-31": "49.10000", "2008-09-30": "227.30000", "2008-06-30": "132.40000", "2008-03-31": "123.70000", "2007-12-31": "135.66500", "2007-09-30": "132.74800", "2007-06-30": "83.55800", "2007-03-31": "85.32900", "2006-12-31": "68.14600", "2006-09-30": "66.71400", "2006-06-30": "70.36100", "2006-03-31": "59.08800", "2005-12-31": "49.46200", "2005-09-30": "50.82500", "2005-06-30": "53.97800", "2005-03-31": "47.25700"}, "Income After Taxes": {"2020-09-30": "411.50000", "2020-06-30": "503.30000", "2020-03-31": "766.80000", "2019-12-31": "469.00000", "2019-09-30": "636.30000", "2019-06-30": "514.60000", "2019-03-31": "495.90000", "2018-12-31": "387.00010", "2018-09-30": "411.80000", "2018-06-30": "566.10000", "2018-03-31": "598.80000", "2017-12-31": "2939.20000", "2017-09-30": "308.60000", "2017-06-30": "415.80000", "2017-03-31": "399.80000", "2016-12-31": "373.40010", "2016-09-30": "472.80000", "2016-06-30": "320.10000", "2016-03-31": "367.80000", "2015-12-31": "291.70000", "2015-09-30": "359.90000", "2015-06-30": "265.00000", "2015-03-31": "330.40000", "2014-12-31": "306.50010", "2014-09-30": "290.00000", "2014-06-30": "263.80000", "2014-03-31": "266.60000", "2013-12-31": "193.10000", "2013-09-30": "236.30000", "2013-06-30": "311.30000", "2013-03-31": "237.40000", "2012-12-31": "168.10000", "2012-09-30": "218.90000", "2012-06-30": "253.40000", "2012-03-31": "266.30000", "2011-12-31": "746.70010", "2011-09-30": "315.00000", "2011-06-30": "295.60000", "2011-03-31": "457.10000", "2010-12-31": "196.40000", "2010-09-30": "244.30000", "2010-06-30": "271.20000", "2010-03-31": "240.20000", "2009-12-31": "202.60000", "2009-09-30": "202.30000", "2009-06-30": "221.80000", "2009-03-31": "199.10000", "2008-12-31": "62.10000", "2008-09-30": "168.70000", "2008-06-30": "201.20000", "2008-03-31": "283.50000", "2007-12-31": "201.02510", "2007-09-30": "201.57200", "2007-06-30": "125.87500", "2007-03-31": "130.02800", "2006-12-31": "102.60200", "2006-09-30": "103.80000", "2006-06-30": "109.53300", "2006-03-31": "91.41300", "2005-12-31": "76.28000", "2005-09-30": "77.46600", "2005-06-30": "82.22600", "2005-03-31": "70.88500"}, "Other Income": {"2020-09-30": "", "2020-06-30": "", "2020-03-31": "", "2019-12-31": "", "2019-09-30": "", "2019-06-30": "", "2019-03-31": "", "2018-12-31": "", "2018-09-30": "", "2018-06-30": "", "2018-03-31": "", "2017-12-31": "", "2017-09-30": "", "2017-06-30": "", "2017-03-31": "", "2016-12-31": "", "2016-09-30": "", "2016-06-30": "", "2016-03-31": "", "2015-12-31": "", "2015-09-30": "", "2015-06-30": "", "2015-03-31": "", "2014-12-31": "", "2014-09-30": "", "2014-06-30": "", "2014-03-31": "", "2013-12-31": "", "2013-09-30": "", "2013-06-30": "", "2013-03-31": "", "2012-12-31": "", "2012-09-30": "", "2012-06-30": "", "2012-03-31": "", "2011-12-31": "", "2011-09-30": "", "2011-06-30": "", "2011-03-31": "", "2010-12-31": "", "2010-09-30": "", "2010-06-30": "", "2010-03-31": "", "2009-12-31": "", "2009-09-30": "", "2009-06-30": "", "2009-03-31": "", "2008-12-31": "", "2008-09-30": "", "2008-06-30": "", "2008-03-31": "", "2007-12-31": "", "2007-09-30": "", "2007-06-30": "", "2007-03-31": "", "2006-12-31": "", "2006-09-30": "", "2006-06-30": "", "2006-03-31": "", "2005-12-31": "", "2005-09-30": "", "2005-06-30": "", "2005-03-31": ""}, "Income From Continuous Operations": {"2020-09-30": "411.50000", "2020-06-30": "503.30000", "2020-03-31": "766.80000", "2019-12-31": "469.00000", "2019-09-30": "636.30000", "2019-06-30": "514.60000", "2019-03-31": "495.90000", "2018-12-31": "387.00010", "2018-09-30": "411.80000", "2018-06-30": "566.10000", "2018-03-31": "598.80000", "2017-12-31": "2939.20000", "2017-09-30": "308.60000", "2017-06-30": "415.80000", "2017-03-31": "399.80000", "2016-12-31": "373.40010", "2016-09-30": "472.80000", "2016-06-30": "320.10000", "2016-03-31": "367.80000", "2015-12-31": "291.70000", "2015-09-30": "359.90000", "2015-06-30": "265.00000", "2015-03-31": "330.40000", "2014-12-31": "306.50010", "2014-09-30": "290.00000", "2014-06-30": "263.80000", "2014-03-31": "266.60000", "2013-12-31": "193.10000", "2013-09-30": "236.30000", "2013-06-30": "311.30000", "2013-03-31": "237.40000", "2012-12-31": "168.10000", "2012-09-30": "218.90000", "2012-06-30": "253.40000", "2012-03-31": "266.30000", "2011-12-31": "746.70010", "2011-09-30": "315.00000", "2011-06-30": "295.60000", "2011-03-31": "457.10000", "2010-12-31": "196.40000", "2010-09-30": "244.30000", "2010-06-30": "271.20000", "2010-03-31": "240.20000", "2009-12-31": "202.60000", "2009-09-30": "202.30000", "2009-06-30": "221.80000", "2009-03-31": "199.10000", "2008-12-31": "62.10000", "2008-09-30": "168.70000", "2008-06-30": "201.20000", "2008-03-31": "283.50000", "2007-12-31": "201.02510", "2007-09-30": "201.57200", "2007-06-30": "125.87500", "2007-03-31": "130.02800", "2006-12-31": "102.60200", "2006-09-30": "103.80000", "2006-06-30": "109.53300", "2006-03-31": "91.41300", "2005-12-31": "76.28000", "2005-09-30": "77.46600", "2005-06-30": "82.22600", "2005-03-31": "70.88500"}, "Income From Discontinued Operations": {"2020-09-30": "", "2020-06-30": "", "2020-03-31": "", "2019-12-31": "", "2019-09-30": "", "2019-06-30": "", "2019-03-31": "", "2018-12-31": "", "2018-09-30": "", "2018-06-30": "", "2018-03-31": "", "2017-12-31": "", "2017-09-30": "", "2017-06-30": "", "2017-03-31": "", "2016-12-31": "", "2016-09-30": "", "2016-06-30": "", "2016-03-31": "", "2015-12-31": "", "2015-09-30": "", "2015-06-30": "", "2015-03-31": "", "2014-12-31": "", "2014-09-30": "", "2014-06-30": "", "2014-03-31": "", "2013-12-31": "", "2013-09-30": "", "2013-06-30": "", "2013-03-31": "", "2012-12-31": "", "2012-09-30": "", "2012-06-30": "", "2012-03-31": "", "2011-12-31": "", "2011-09-30": "", "2011-06-30": "", "2011-03-31": "", "2010-12-31": "", "2010-09-30": "", "2010-06-30": "", "2010-03-31": "", "2009-12-31": "", "2009-09-30": "", "2009-06-30": "", "2009-03-31": "", "2008-12-31": "", "2008-09-30": "", "2008-06-30": "", "2008-03-31": "", "2007-12-31": "", "2007-09-30": "", "2007-06-30": "", "2007-03-31": "", "2006-12-31": "", "2006-09-30": "", "2006-06-30": "", "2006-03-31": "", "2005-12-31": "", "2005-09-30": "", "2005-06-30": "", "2005-03-31": ""}, "Net Income": {"2020-09-30": "411.70000", "2020-06-30": "503.30000", "2020-03-31": "766.20000", "2019-12-31": "469.50000", "2019-09-30": "636.30000", "2019-06-30": "513.80000", "2019-03-31": "496.90000", "2018-12-31": "385.49990", "2018-09-30": "411.80000", "2018-06-30": "566.10000", "2018-03-31": "598.80000", "2017-12-31": "2939.20000", "2017-09-30": "308.60000", "2017-06-30": "415.80000", "2017-03-31": "399.80000", "2016-12-31": "373.40010", "2016-09-30": "472.80000", "2016-06-30": "320.10000", "2016-03-31": "367.80000", "2015-12-31": "291.70000", "2015-09-30": "359.90000", "2015-06-30": "265.00000", "2015-03-31": "330.40000", "2014-12-31": "306.50000", "2014-09-30": "290.00000", "2014-06-30": "263.80000", "2014-03-31": "266.80000", "2013-12-31": "193.10000", "2013-09-30": "236.70000", "2013-06-30": "311.20000", "2013-03-31": "235.80000", "2012-12-31": "166.80000", "2012-09-30": "218.00000", "2012-06-30": "244.90000", "2012-03-31": "266.60000", "2011-12-31": "745.90000", "2011-09-30": "316.10000", "2011-06-30": "293.70000", "2011-03-31": "456.60000", "2010-12-31": "196.20000", "2010-09-30": "244.30000", "2010-06-30": "270.70000", "2010-03-31": "240.20000", "2009-12-31": "202.60000", "2009-09-30": "202.30000", "2009-06-30": "221.80000", "2009-03-31": "199.10000", "2008-12-31": "62.10000", "2008-09-30": "168.70000", "2008-06-30": "201.20000", "2008-03-31": "283.50000", "2007-12-31": "201.02500", "2007-09-30": "201.57200", "2007-06-30": "125.87500", "2007-03-31": "130.02800", "2006-12-31": "102.60200", "2006-09-30": "103.80000", "2006-06-30": "109.53300", "2006-03-31": "91.41300", "2005-12-31": "76.28000", "2005-09-30": "77.46600", "2005-06-30": "82.22600", "2005-03-31": "70.88500"}, "EBITDA": {"2020-09-30": "643.00000", "2020-06-30": "750.80000", "2020-03-31": "1072.50000", "2019-12-31": "689.10020", "2019-09-30": "806.40000", "2019-06-30": "820.99990", "2019-03-31": "744.60000", "2018-12-31": "741.80000", "2018-09-30": "603.80000", "2018-06-30": "717.99990", "2018-03-31": "792.70000", "2017-12-31": "588.49990", "2017-09-30": "618.30000", "2017-06-30": "657.99990", "2017-03-31": "654.30000", "2016-12-31": "595.79990", "2016-09-30": "580.50000", "2016-06-30": "617.70010", "2016-03-31": "631.80000", "2015-12-31": "526.20000", "2015-09-30": "573.70000", "2015-06-30": "553.40000", "2015-03-31": "564.00000", "2014-12-31": "527.90010", "2014-09-30": "488.40000", "2014-06-30": "471.50000", "2014-03-31": "513.80000", "2013-12-31": "383.10030", "2013-09-30": "461.10000", "2013-06-30": "566.90000", "2013-03-31": "464.00000", "2012-12-31": "435.40020", "2012-09-30": "456.70000", "2012-06-30": "534.10000", "2012-03-31": "518.90000", "2011-12-31": "452.70010", "2011-09-30": "638.40000", "2011-06-30": "600.30000", "2011-03-31": "590.20000", "2010-12-31": "544.39970", "2010-09-30": "509.80000", "2010-06-30": "581.50000", "2010-03-31": "478.80000", "2009-12-31": "467.10010", "2009-09-30": "465.60000", "2009-06-30": "461.00000", "2009-03-31": "459.50000", "2008-12-31": "493.80000", "2008-09-30": "501.30000", "2008-06-30": "396.80000", "2008-03-31": "450.10000", "2007-12-31": "365.50690", "2007-09-30": "394.50100", "2007-06-30": "212.78400", "2007-03-31": "220.80800", "2006-12-31": "178.80810", "2006-09-30": "176.20100", "2006-06-30": "184.98000", "2006-03-31": "156.79700", "2005-12-31": "121.64300", "2005-09-30": "137.68800", "2005-06-30": "166.16300", "2005-03-31": "143.45400"}, "EBIT": {"2020-09-30": "525.00000", "2020-06-30": "637.50010", "2020-03-31": "959.90000", "2019-12-31": "573.00020", "2019-09-30": "685.20000", "2019-06-30": "698.59990", "2019-03-31": "631.00000", "2018-12-31": "649.89980", "2018-09-30": "549.90000", "2018-06-30": "666.90000", "2018-03-31": "740.90000", "2017-12-31": "536.90010", "2017-09-30": "567.60000", "2017-06-30": "605.20000", "2017-03-31": "600.90000", "2016-12-31": "537.99990", "2016-09-30": "525.30000", "2016-06-30": "563.30000", "2016-03-31": "573.90000", "2015-12-31": "469.90010", "2015-09-30": "516.40000", "2015-06-30": "495.10000", "2015-03-31": "507.30000", "2014-12-31": "471.50000", "2014-09-30": "430.40000", "2014-06-30": "412.00000", "2014-03-31": "454.50000", "2013-12-31": "323.20020", "2013-09-30": "400.50000", "2013-06-30": "507.80000", "2013-03-31": "405.50000", "2012-12-31": "375.60010", "2012-09-30": "396.00000", "2012-06-30": "469.20000", "2012-03-31": "451.20000", "2011-12-31": "390.40010", "2011-09-30": "572.10000", "2011-06-30": "534.50000", "2011-03-31": "524.10000", "2010-12-31": "458.39980", "2010-09-30": "442.90000", "2010-06-30": "515.10000", "2010-03-31": "414.70000", "2009-12-31": "402.50010", "2009-09-30": "401.40000", "2009-06-30": "398.80000", "2009-03-31": "386.40000", "2008-12-31": "417.90000", "2008-09-30": "420.70000", "2008-06-30": "343.70000", "2008-03-31": "399.90000", "2007-12-31": "313.67390", "2007-09-30": "345.37500", "2007-06-30": "192.24400", "2007-03-31": "200.60700", "2006-12-31": "158.78800", "2006-09-30": "157.03700", "2006-06-30": "166.79600", "2006-03-31": "138.84200", "2005-12-31": "81.13300", "2005-09-30": "119.68600", "2005-06-30": "149.26900", "2005-03-31": "127.85800"}, "Basic Shares Outstanding": {"2020-09-30": "357.79100", "2020-06-30": "357.69100", "2020-03-31": "357.52400", "2019-12-31": "357.15500", "2019-09-30": "357.21100", "2019-06-30": "357.06000", "2019-03-31": "356.88600", "2018-12-31": "342.34400", "2018-09-30": "339.58600", "2018-06-30": "339.46500", "2018-03-31": "339.30500", "2017-12-31": "338.70700", "2017-09-30": "338.77100", "2017-06-30": "338.55600", "2017-03-31": "338.33900", "2016-12-31": "337.49600", "2016-09-30": "337.59200", "2016-06-30": "337.28900", "2016-03-31": "337.01400", "2015-12-31": "336.22400", "2015-09-30": "336.32300", "2015-06-30": "336.03600", "2015-03-31": "335.68000", "2014-12-31": "334.40900", "2014-09-30": "334.42400", "2014-06-30": "334.09700", "2014-03-31": "333.90500", "2013-12-31": "332.67800", "2013-09-30": "332.76300", "2013-06-30": "332.34100", "2013-03-31": "331.95300", "2012-12-31": "331.25200", "2012-09-30": "331.37700", "2012-06-30": "331.07800", "2012-03-31": "330.81400", "2011-12-31": "332.73700", "2011-09-30": "332.28900", "2011-06-30": "333.79400", "2011-03-31": "334.28500", "2010-12-31": "331.49300", "2010-09-30": "332.78000", "2010-06-30": "327.91000", "2010-03-31": "331.17000", "2009-12-31": "331.83000", "2009-09-30": "331.92000", "2009-06-30": "331.64500", "2009-03-31": "331.51000", "2008-12-31": "293.69000", "2008-09-30": "299.35000", "2008-06-30": "272.50000", "2008-03-31": "268.75500", "2007-12-31": "218.77000", "2007-09-30": "258.74000", "2007-06-30": "174.41000", "2007-03-31": "174.25500", "2006-12-31": "173.48000", "2006-09-30": "173.74500", "2006-06-30": "173.19500", "2006-03-31": "172.90500", "2005-12-31": "171.57500", "2005-09-30": "171.85000", "2005-06-30": "171.25500", "2005-03-31": "170.83000"}, "Shares Outstanding": {"2020-09-30": "358.59000", "2020-06-30": "358.45700", "2020-03-31": "358.45500", "2019-12-31": "358.23900", "2019-09-30": "358.36900", "2019-06-30": "358.15500", "2019-03-31": "358.04700", "2018-12-31": "343.73700", "2018-09-30": "341.03500", "2018-06-30": "340.87200", "2018-03-31": "340.74700", "2017-12-31": "340.22600", "2017-09-30": "340.32900", "2017-06-30": "340.02000", "2017-03-31": "339.94600", "2016-12-31": "338.96600", "2016-09-30": "339.14300", "2016-06-30": "338.70600", "2016-03-31": "338.54900", "2015-12-31": "337.89400", "2015-09-30": "338.13900", "2015-06-30": "337.79600", "2015-03-31": "337.41600", "2014-12-31": "336.06300", "2014-09-30": "336.17200", "2014-06-30": "335.80000", "2014-03-31": "335.64400", "2013-12-31": "334.39800", "2013-09-30": "334.67400", "2013-06-30": "334.07300", "2013-03-31": "333.37200", "2012-12-31": "332.31900", "2012-09-30": "332.45800", "2012-06-30": "332.16200", "2012-03-31": "331.85100", "2011-12-31": "333.81100", "2011-09-30": "333.33700", "2011-06-30": "334.87100", "2011-03-31": "335.31000", "2010-12-31": "332.47500", "2010-09-30": "333.72000", "2010-06-30": "328.92000", "2010-03-31": "332.14000", "2009-12-31": "332.74000", "2009-09-30": "333.71500", "2009-06-30": "332.63000", "2009-03-31": "332.19500", "2008-12-31": "294.83500", "2008-09-30": "300.43000", "2008-06-30": "273.76000", "2008-03-31": "270.14000", "2007-12-31": "220.53500", "2007-09-30": "260.51500", "2007-06-30": "176.21000", "2007-03-31": "176.14500", "2006-12-31": "175.62000", "2006-09-30": "175.76500", "2006-06-30": "175.48000", "2006-03-31": "175.22000", "2005-12-31": "174.19500", "2005-09-30": "174.45500", "2005-06-30": "173.86000", "2005-03-31": "173.59000"}, "Basic EPS": {"2020-09-30": "1.15000", "2020-06-30": "1.41000", "2020-03-31": "2.14000", "2019-12-31": "1.32000", "2019-09-30": "1.78000", "2019-06-30": "1.44000", "2019-03-31": "1.39000", "2018-12-31": "1.09000", "2018-09-30": "1.21000", "2018-06-30": "1.67000", "2018-03-31": "1.76000", "2017-12-31": "8.68000", "2017-09-30": "0.91000", "2017-06-30": "1.23000", "2017-03-31": "1.18000", "2016-12-31": "1.11000", "2016-09-30": "1.40000", "2016-06-30": "0.95000", "2016-03-31": "1.09000", "2015-12-31": "0.87000", "2015-09-30": "1.07000", "2015-06-30": "0.79000", "2015-03-31": "0.98000", "2014-12-31": "0.91000", "2014-09-30": "0.87000", "2014-06-30": "0.79000", "2014-03-31": "0.80000", "2013-12-31": "0.58000", "2013-09-30": "0.71000", "2013-06-30": "0.94000", "2013-03-31": "0.71000", "2012-12-31": "0.50000", "2012-09-30": "0.66000", "2012-06-30": "0.74000", "2012-03-31": "0.81000", "2011-12-31": "2.25400", "2011-09-30": "0.95000", "2011-06-30": "0.88000", "2011-03-31": "1.36600", "2010-12-31": "0.58400", "2010-09-30": "0.73400", "2010-06-30": "0.82600", "2010-03-31": "0.72600", "2009-12-31": "0.61000", "2009-09-30": "0.61000", "2009-06-30": "0.66800", "2009-03-31": "0.60000", "2008-12-31": "0.07800", "2008-09-30": "0.56400", "2008-06-30": "0.73800", "2008-03-31": "1.05600", "2007-12-31": "0.76200", "2007-09-30": "0.78000", "2007-06-30": "0.72200", "2007-03-31": "0.74600", "2006-12-31": "0.59000", "2006-09-30": "0.59800", "2006-06-30": "0.63200", "2006-03-31": "0.52800", "2005-12-31": "0.44400", "2005-09-30": "0.45000", "2005-06-30": "0.48000", "2005-03-31": "0.41400"}, "EPS - Earnings Per Share": {"2020-09-30": "1.15000", "2020-06-30": "1.40000", "2020-03-31": "2.14000", "2019-12-31": "1.31000", "2019-09-30": "1.78000", "2019-06-30": "1.43000", "2019-03-31": "1.39000", "2018-12-31": "1.08000", "2018-09-30": "1.21000", "2018-06-30": "1.66000", "2018-03-31": "1.76000", "2017-12-31": "8.63000", "2017-09-30": "0.91000", "2017-06-30": "1.22000", "2017-03-31": "1.18000", "2016-12-31": "1.10000", "2016-09-30": "1.39000", "2016-06-30": "0.95000", "2016-03-31": "1.09000", "2015-12-31": "0.87000", "2015-09-30": "1.06000", "2015-06-30": "0.78000", "2015-03-31": "0.98000", "2014-12-31": "0.91000", "2014-09-30": "0.86000", "2014-06-30": "0.79000", "2014-03-31": "0.79000", "2013-12-31": "0.57000", "2013-09-30": "0.71000", "2013-06-30": "0.93000", "2013-03-31": "0.71000", "2012-12-31": "0.50000", "2012-09-30": "0.66000", "2012-06-30": "0.74000", "2012-03-31": "0.80000", "2011-12-31": "2.23800", "2011-09-30": "0.95000", "2011-06-30": "0.88000", "2011-03-31": "1.36200", "2010-12-31": "0.58200", "2010-09-30": "0.73200", "2010-06-30": "0.82200", "2010-03-31": "0.72400", "2009-12-31": "0.60800", "2009-09-30": "0.60800", "2009-06-30": "0.66600", "2009-03-31": "0.60000", "2008-12-31": "0.08000", "2008-09-30": "0.56200", "2008-06-30": "0.73400", "2008-03-31": "1.05000", "2007-12-31": "0.76000", "2007-09-30": "0.77400", "2007-06-30": "0.71400", "2007-03-31": "0.73800", "2006-12-31": "0.58400", "2006-09-30": "0.59000", "2006-06-30": "0.62400", "2006-03-31": "0.52200", "2005-12-31": "0.43800", "2005-09-30": "0.44400", "2005-06-30": "0.47200", "2005-03-31": "0.40800"}}, "balance sheet": {"Cash On Hand": {"2019-12-31": "1634.60000", "2018-12-31": "1447.40000", "2017-12-31": "1993.70000", "2016-12-31": "1951.90000", "2015-12-31": "1765.10000", "2014-12-31": "1440.80000", "2013-12-31": "2538.10000", "2012-12-31": "1661.30000", "2011-12-31": "1089.90000", "2010-12-31": "905.40000", "2009-12-31": "303.20010", "2008-12-31": "607.99960", "2007-12-31": "1048.62000", "2006-12-31": "1239.02000", "2005-12-31": "903.75300"}, "Receivables": {"2019-12-31": "491.80000", "2018-12-31": "553.30000", "2017-12-31": "359.70000", "2016-12-31": "364.40000", "2015-12-31": "357.80000", "2014-12-31": "341.20000", "2013-12-31": "302.70000", "2012-12-31": "267.50000", "2011-12-31": "289.40000", "2010-12-31": "297.50000", "2009-12-31": "248.30000", "2008-12-31": "234.00000", "2007-12-31": "187.48700", "2006-12-31": "121.12800", "2005-12-31": "84.97400"}, "Inventory": {"2019-12-31": "", "2018-12-31": "", "2017-12-31": "", "2016-12-31": "", "2015-12-31": "", "2014-12-31": "", "2013-12-31": "", "2012-12-31": "", "2011-12-31": "", "2010-12-31": "", "2009-12-31": "", "2008-12-31": "", "2007-12-31": "", "2006-12-31": "", "2005-12-31": ""}, "Pre-Paid Expenses": {"2019-12-31": "", "2018-12-31": "", "2017-12-31": "", "2016-12-31": "", "2015-12-31": "", "2014-12-31": "", "2013-12-31": "", "2012-12-31": "", "2011-12-31": "", "2010-12-31": "", "2009-12-31": "", "2008-12-31": "", "2007-12-31": "", "2006-12-31": "", "2005-12-31": ""}, "Other Current Assets": {"2019-12-31": "37441.40000", "2018-12-31": "39886.00000", "2017-12-31": "44553.10000", "2016-12-31": "37715.20000", "2015-12-31": "35781.60000", "2014-12-31": "40763.30000", "2013-12-31": "21564.80000", "2012-12-31": "6789.10000", "2011-12-31": "9566.50000", "2010-12-31": "4184.60000", "2009-12-31": "6147.50000", "2008-12-31": "18269.50000", "2007-12-31": "3750.94800", "2006-12-31": "2688.90200", "2005-12-31": "2794.69500"}, "Total Current Assets": {"2019-12-31": "39567.80000", "2018-12-31": "41886.70000", "2017-12-31": "46906.50000", "2016-12-31": "40031.50000", "2015-12-31": "37904.50000", "2014-12-31": "42545.30000", "2013-12-31": "24405.60000", "2012-12-31": "8717.90000", "2011-12-31": "10945.80000", "2010-12-31": "5387.50000", "2009-12-31": "6699.00000", "2008-12-31": "19111.50000", "2007-12-31": "4987.05500", "2006-12-31": "4049.05000", "2005-12-31": "3783.42200"}, "Property, Plant, And Equipment": {"2019-12-31": "544.00000", "2018-12-31": "448.70000", "2017-12-31": "399.70000", "2016-12-31": "425.20000", "2015-12-31": "491.70000", "2014-12-31": "508.90000", "2013-12-31": "513.40000", "2012-12-31": "724.00000", "2011-12-31": "821.90000", "2010-12-31": "786.80000", "2009-12-31": "738.50000", "2008-12-31": "707.20000", "2007-12-31": "377.45200", "2006-12-31": "168.75500", "2005-12-31": "153.32900"}, "Long-Term Investments": {"2019-12-31": "", "2018-12-31": "", "2017-12-31": "", "2016-12-31": "", "2015-12-31": "", "2014-12-31": "", "2013-12-31": "", "2012-12-31": "", "2011-12-31": "", "2010-12-31": "", "2009-12-31": "", "2008-12-31": "", "2007-12-31": "", "2006-12-31": "", "2005-12-31": ""}, "Goodwill And Intangible Assets": {"2019-12-31": "33035.50000", "2018-12-31": "33480.70000", "2017-12-31": "27090.60000", "2016-12-31": "27186.10000", "2015-12-31": "27282.20000", "2014-12-31": "27381.70000", "2013-12-31": "27485.50000", "2012-12-31": "27595.90000", "2011-12-31": "28337.30000", "2010-12-31": "28477.40000", "2009-12-31": "27777.70000", "2008-12-31": "27870.60000", "2007-12-31": "14833.00000", "2006-12-31": "24.27200", "2005-12-31": ""}, "Other Long-Term Assets": {"2019-12-31": "2068.00000", "2018-12-31": "1659.60000", "2017-12-31": "1394.40000", "2016-12-31": "1726.60000", "2015-12-31": "1681.00000", "2014-12-31": "1805.60000", "2013-12-31": "1873.30000", "2012-12-31": "1825.40000", "2011-12-31": "653.70000", "2010-12-31": "394.40000", "2009-12-31": "435.80000", "2008-12-31": "469.40000", "2007-12-31": "108.69000", "2006-12-31": "64.42800", "2005-12-31": "32.64300"}, "Total Long-Term Assets": {"2019-12-31": "35647.50000", "2018-12-31": "35589.00000", "2017-12-31": "28884.70000", "2016-12-31": "29337.90000", "2015-12-31": "29454.90000", "2014-12-31": "29696.20000", "2013-12-31": "29872.20000", "2012-12-31": "30145.30000", "2011-12-31": "29812.90000", "2010-12-31": "29658.60000", "2009-12-31": "28952.00000", "2008-12-31": "29047.20000", "2007-12-31": "15319.14000", "2006-12-31": "257.45500", "2005-12-31": "185.97200"}, "Total Assets": {"2019-12-31": "75215.30000", "2018-12-31": "77475.70000", "2017-12-31": "75791.20000", "2016-12-31": "69369.40000", "2015-12-31": "67359.40000", "2014-12-31": "72241.50000", "2013-12-31": "54277.80000", "2012-12-31": "38863.20000", "2011-12-31": "40758.70000", "2010-12-31": "35046.10000", "2009-12-31": "35651.00000", "2008-12-31": "48158.70000", "2007-12-31": "20306.20000", "2006-12-31": "4306.50500", "2005-12-31": "3969.39400"}, "Total Current Liabilities": {"2019-12-31": "38522.50000", "2018-12-31": "41272.60000", "2017-12-31": "45672.90000", "2016-12-31": "38945.60000", "2015-12-31": "36824.50000", "2014-12-31": "41531.20000", "2013-12-31": "23311.00000", "2012-12-31": "7616.90000", "2011-12-31": "9615.20000", "2010-12-31": "4781.20000", "2009-12-31": "6523.60000", "2008-12-31": "18643.00000", "2007-12-31": "4076.06300", "2006-12-31": "2755.35400", "2005-12-31": "2829.92700"}, "Long Term Debt": {"2019-12-31": "3743.20000", "2018-12-31": "3826.80000", "2017-12-31": "2233.10000", "2016-12-31": "2231.20000", "2015-12-31": "2229.30000", "2014-12-31": "2107.90000", "2013-12-31": "2107.20000", "2012-12-31": "2106.80000", "2011-12-31": "2106.80000", "2010-12-31": "2104.80000", "2009-12-31": "2014.70000", "2008-12-31": "2966.10000", "2007-12-31": "", "2006-12-31": "", "2005-12-31": ""}, "Other Non-Current Liabilities": {"2019-12-31": "1155.10000", "2018-12-31": "745.10000", "2017-12-31": "615.70000", "2016-12-31": "560.90000", "2015-12-31": "395.50000", "2014-12-31": "376.20000", "2013-12-31": "449.40000", "2012-12-31": "220.50000", "2011-12-31": "187.60000", "2010-12-31": "191.50000", "2009-12-31": "165.80000", "2008-12-31": "132.70000", "2007-12-31": "76.25700", "2006-12-31": "32.05900", "2005-12-31": "20.78300"}, "Total Long Term Liabilities": {"2019-12-31": "10533.50000", "2018-12-31": "10237.80000", "2017-12-31": "7706.50000", "2016-12-31": "10083.10000", "2015-12-31": "9983.10000", "2014-12-31": "9786.80000", "2013-12-31": "9806.30100", "2012-12-31": "9821.39900", "2011-12-31": "9591.49900", "2010-12-31": "10204.80000", "2009-12-31": "9826.39900", "2008-12-31": "10827.10000", "2007-12-31": "3924.49700", "2006-12-31": "32.05900", "2005-12-31": "20.78300"}, "Total Liabilities": {"2019-12-31": "49056.00000", "2018-12-31": "51510.40000", "2017-12-31": "53379.40000", "2016-12-31": "49028.70000", "2015-12-31": "46807.60000", "2014-12-31": "51318.00000", "2013-12-31": "33117.30000", "2012-12-31": "17438.30000", "2011-12-31": "19206.70000", "2010-12-31": "14986.00000", "2009-12-31": "16350.00000", "2008-12-31": "29470.10000", "2007-12-31": "8000.56000", "2006-12-31": "2787.41300", "2005-12-31": "2850.71000"}, "Common Stock Net": {"2019-12-31": "3.60000", "2018-12-31": "3.60000", "2017-12-31": "3.40000", "2016-12-31": "3.40000", "2015-12-31": "3.40000", "2014-12-31": "3.40000", "2013-12-31": "3.30000", "2012-12-31": "3.30000", "2011-12-31": "3.30000", "2010-12-31": "0.70000", "2009-12-31": "0.70000", "2008-12-31": "0.70000", "2007-12-31": "0.53300", "2006-12-31": "0.34800", "2005-12-31": "0.34500"}, "Retained Earnings (Accumulated Deficit)": {"2019-12-31": "5008.70000", "2018-12-31": "4855.30000", "2017-12-31": "4497.20000", "2016-12-31": "2524.50000", "2015-12-31": "2907.60000", "2014-12-31": "3317.30000", "2013-12-31": "3494.60000", "2012-12-31": "3993.40000", "2011-12-31": "4324.60000", "2010-12-31": "2885.80000", "2009-12-31": "2239.90000", "2008-12-31": "1719.70000", "2007-12-31": "1619.44000", "2006-12-31": "1116.20900", "2005-12-31": "796.39800"}, "Comprehensive Income": {"2019-12-31": "3.40000", "2018-12-31": "5.30000", "2017-12-31": "14.30000", "2016-12-31": "-14.10000", "2015-12-31": "-80.80000", "2014-12-31": "6.20000", "2013-12-31": "152.00000", "2012-12-31": "209.30000", "2011-12-31": "111.60000", "2010-12-31": "-104.10000", "2009-12-31": "-126.20000", "2008-12-31": "-160.30000", "2007-12-31": "-3.10200", "2006-12-31": "-2.97900", "2005-12-31": "-2.90700"}, "Other Share Holders Equity": {"2019-12-31": "", "2018-12-31": "", "2017-12-31": "", "2016-12-31": "", "2015-12-31": "", "2014-12-31": "", "2013-12-31": "", "2012-12-31": "", "2011-12-31": "", "2010-12-31": "", "2009-12-31": "", "2008-12-31": "", "2007-12-31": "", "2006-12-31": "", "2005-12-31": ""}, "Share Holder Equity": {"2019-12-31": "26159.30000", "2018-12-31": "25965.30000", "2017-12-31": "22411.80000", "2016-12-31": "20340.70000", "2015-12-31": "20551.80000", "2014-12-31": "20923.50000", "2013-12-31": "21160.50000", "2012-12-31": "21424.90000", "2011-12-31": "21552.00000", "2010-12-31": "20060.10000", "2009-12-31": "19301.00000", "2008-12-31": "18688.60000", "2007-12-31": "12305.64000", "2006-12-31": "1519.09200", "2005-12-31": "1118.68400"}, "Total Liabilities And Share Holders Equity": {"2019-12-31": "75215.30000", "2018-12-31": "77475.70000", "2017-12-31": "75791.20000", "2016-12-31": "69369.40000", "2015-12-31": "67359.40000", "2014-12-31": "72241.50000", "2013-12-31": "54277.80000", "2012-12-31": "38863.20000", "2011-12-31": "40758.70000", "2010-12-31": "35046.10000", "2009-12-31": "35651.00000", "2008-12-31": "48158.70000", "2007-12-31": "20306.20000", "2006-12-31": "4306.50500", "2005-12-31": "3969.39400"}}, "balance sheet, quarterly": {"Cash On Hand": {"2020-09-30": "1424.50000", "2020-06-30": "1493.50000", "2020-03-31": "929.20000", "2019-12-31": "1634.60000", "2019-09-30": "1290.20000", "2019-06-30": "1019.50000", "2019-03-31": "1079.80000", "2018-12-31": "1447.40000", "2018-09-30": "1489.10000", "2018-06-30": "1179.80000", "2018-03-31": "875.00000", "2017-12-31": "1993.70000", "2017-09-30": "1719.10000", "2017-06-30": "1446.60000", "2017-03-31": "1374.90000", "2016-12-31": "1951.90000", "2016-09-30": "1503.80000", "2016-06-30": "1240.90000", "2016-03-31": "1225.20000", "2015-12-31": "1765.10000", "2015-09-30": "1506.70000", "2015-06-30": "1227.30000", "2015-03-31": "1773.60000", "2014-12-31": "1440.80000", "2014-09-30": "1160.70000", "2014-06-30": "1110.20000", "2014-03-31": "1125.90000", "2013-12-31": "2538.10000", "2013-09-30": "2130.00000", "2013-06-30": "2029.30000", "2013-03-31": "1904.10000", "2012-12-31": "1661.30000", "2012-09-30": "2078.90000", "2012-06-30": "1335.90000", "2012-03-31": "1107.10000", "2011-12-31": "1089.90000", "2011-09-30": "875.90000", "2011-06-30": "748.60000", "2011-03-31": "719.30000", "2010-12-31": "905.40000", "2010-09-30": "612.50010", "2010-06-30": "408.60000", "2010-03-31": "490.49980", "2009-12-31": "303.20010", "2009-09-30": "297.80020", "2009-06-30": "554.09940", "2009-03-31": "587.70000", "2008-12-31": "607.99960", "2008-09-30": "709.74330", "2008-06-30": "1206.12800", "2008-03-31": "1221.72900", "2007-12-31": "1048.62000", "2007-09-30": "897.55020", "2007-06-30": "1378.10600", "2007-03-31": "1359.07500", "2006-12-31": "1239.02000", "2006-09-30": "1137.55400", "2006-06-30": "1038.38200", "2006-03-31": "990.06800", "2005-12-31": "903.75300", "2005-09-30": "887.29110", "2005-06-30": "855.36310", "2005-03-31": "811.26990"}, "Receivables": {"2020-09-30": "490.90000", "2020-06-30": "532.10000", "2020-03-31": "799.70000", "2019-12-31": "491.80000", "2019-09-30": "545.70000", "2019-06-30": "593.70000", "2019-03-31": "559.50000", "2018-12-31": "553.30000", "2018-09-30": "386.30000", "2018-06-30": "433.90000", "2018-03-31": "444.10000", "2017-12-31": "359.70000", "2017-09-30": "390.30000", "2017-06-30": "416.40000", "2017-03-31": "426.60000", "2016-12-31": "364.40000", "2016-09-30": "395.70000", "2016-06-30": "427.00000", "2016-03-31": "389.30000", "2015-12-31": "357.80000", "2015-09-30": "363.80000", "2015-06-30": "399.90000", "2015-03-31": "383.40000", "2014-12-31": "341.20000", "2014-09-30": "344.80000", "2014-06-30": "334.90000", "2014-03-31": "344.60000", "2013-12-31": "302.70000", "2013-09-30": "311.90000", "2013-06-30": "359.10000", "2013-03-31": "309.20000", "2012-12-31": "267.50000", "2012-09-30": "296.90000", "2012-06-30": "336.90000", "2012-03-31": "360.00000", "2011-12-31": "289.40000", "2011-09-30": "369.50000", "2011-06-30": "385.80000", "2011-03-31": "394.00000", "2010-12-31": "297.50000", "2010-09-30": "333.40000", "2010-06-30": "330.80000", "2010-03-31": "316.90000", "2009-12-31": "248.30000", "2009-09-30": "264.00000", "2009-06-30": "282.40000", "2009-03-31": "279.50000", "2008-12-31": "234.00000", "2008-09-30": "339.94100", "2008-06-30": "237.34600", "2008-03-31": "251.98100", "2007-12-31": "187.48700", "2007-09-30": "198.85300", "2007-06-30": "158.30100", "2007-03-31": "162.08100", "2006-12-31": "121.12800", "2006-09-30": "125.99500", "2006-06-30": "128.68700", "2006-03-31": "115.98400", "2005-12-31": "84.97400", "2005-09-30": "107.18800", "2005-06-30": "96.87500", "2005-03-31": "98.97100"}, "Inventory": {"2020-09-30": "", "2020-06-30": "", "2020-03-31": "", "2019-12-31": "", "2019-09-30": "", "2019-06-30": "", "2019-03-31": "", "2018-12-31": "", "2018-09-30": "", "2018-06-30": "", "2018-03-31": "", "2017-12-31": "", "2017-09-30": "", "2017-06-30": "", "2017-03-31": "", "2016-12-31": "", "2016-09-30": "", "2016-06-30": "", "2016-03-31": "", "2015-12-31": "", "2015-09-30": "", "2015-06-30": "", "2015-03-31": "", "2014-12-31": "", "2014-09-30": "", "2014-06-30": "", "2014-03-31": "", "2013-12-31": "", "2013-09-30": "", "2013-06-30": "", "2013-03-31": "", "2012-12-31": "", "2012-09-30": "", "2012-06-30": "", "2012-03-31": "", "2011-12-31": "", "2011-09-30": "", "2011-06-30": "", "2011-03-31": "", "2010-12-31": "", "2010-09-30": "", "2010-06-30": "", "2010-03-31": "", "2009-12-31": "", "2009-09-30": "", "2009-06-30": "", "2009-03-31": "", "2008-12-31": "", "2008-09-30": "", "2008-06-30": "", "2008-03-31": "", "2007-12-31": "", "2007-09-30": "", "2007-06-30": "", "2007-03-31": "", "2006-12-31": "", "2006-09-30": "", "2006-06-30": "", "2006-03-31": "", "2005-12-31": "", "2005-09-30": "", "2005-06-30": "", "2005-03-31": ""}, "Pre-Paid Expenses": {"2020-09-30": "", "2020-06-30": "", "2020-03-31": "", "2019-12-31": "", "2019-09-30": "", "2019-06-30": "", "2019-03-31": "", "2018-12-31": "", "2018-09-30": "", "2018-06-30": "", "2018-03-31": "", "2017-12-31": "", "2017-09-30": "", "2017-06-30": "", "2017-03-31": "", "2016-12-31": "", "2016-09-30": "", "2016-06-30": "", "2016-03-31": "", "2015-12-31": "", "2015-09-30": "", "2015-06-30": "", "2015-03-31": "", "2014-12-31": "", "2014-09-30": "", "2014-06-30": "", "2014-03-31": "", "2013-12-31": "", "2013-09-30": "", "2013-06-30": "", "2013-03-31": "", "2012-12-31": "", "2012-09-30": "", "2012-06-30": "", "2012-03-31": "", "2011-12-31": "", "2011-09-30": "", "2011-06-30": "", "2011-03-31": "", "2010-12-31": "", "2010-09-30": "", "2010-06-30": "", "2010-03-31": "", "2009-12-31": "", "2009-09-30": "", "2009-06-30": "", "2009-03-31": "", "2008-12-31": "", "2008-09-30": "", "2008-06-30": "", "2008-03-31": "", "2007-12-31": "", "2007-09-30": "", "2007-06-30": "", "2007-03-31": "", "2006-12-31": "", "2006-09-30": "", "2006-06-30": "", "2006-03-31": "", "2005-12-31": "", "2005-09-30": "", "2005-06-30": "", "2005-03-31": ""}, "Other Current Assets": {"2020-09-30": "88433.90000", "2020-06-30": "79760.60000", "2020-03-31": "100687.70000", "2019-12-31": "37441.40000", "2019-09-30": "41856.40000", "2019-06-30": "32849.20000", "2019-03-31": "33965.90000", "2018-12-31": "39886.00000", "2018-09-30": "39639.40000", "2018-06-30": "38686.80000", "2018-03-31": "39735.70000", "2017-12-31": "44553.10000", "2017-09-30": "47283.10000", "2017-06-30": "47633.90000", "2017-03-31": "44567.00000", "2016-12-31": "37715.20000", "2016-09-30": "31876.50000", "2016-06-30": "36359.30000", "2016-03-31": "37638.80000", "2015-12-31": "35781.60000", "2015-09-30": "49588.30000", "2015-06-30": "42427.90000", "2015-03-31": "45329.00000", "2014-12-31": "40763.30000", "2014-09-30": "32660.90000", "2014-06-30": "20286.10000", "2014-03-31": "21839.20000", "2013-12-31": "21564.80000", "2013-09-30": "16606.20000", "2013-06-30": "14536.20000", "2013-03-31": "10084.50000", "2012-12-31": "6789.10000", "2012-09-30": "7641.00000", "2012-06-30": "6568.10000", "2012-03-31": "7887.50000", "2011-12-31": "9566.50000", "2011-09-30": "7845.90000", "2011-06-30": "4420.70000", "2011-03-31": "3474.30000", "2010-12-31": "4184.60000", "2010-09-30": "3103.30000", "2010-06-30": "3862.60000", "2010-03-31": "4675.60000", "2009-12-31": "6147.50000", "2009-09-30": "6944.40000", "2009-06-30": "8675.90000", "2009-03-31": "10033.70000", "2008-12-31": "18269.50000", "2008-09-30": "8508.65000", "2008-06-30": "1057.41800", "2008-03-31": "1708.41900", "2007-12-31": "3750.94800", "2007-09-30": "3305.73300", "2007-06-30": "3453.51800", "2007-03-31": "3080.91000", "2006-12-31": "2688.90200", "2006-09-30": "1984.79700", "2006-06-30": "2073.06100", "2006-03-31": "3082.13200", "2005-12-31": "2794.69500", "2005-09-30": "1780.28000", "2005-06-30": "2274.00700", "2005-03-31": "2215.18600"}, "Total Current Assets": {"2020-09-30": "90349.30000", "2020-06-30": "81786.20000", "2020-03-31": "102416.60000", "2019-12-31": "39567.80000", "2019-09-30": "43692.30000", "2019-06-30": "34462.40000", "2019-03-31": "35605.20000", "2018-12-31": "41886.70000", "2018-09-30": "41514.80000", "2018-06-30": "40300.50000", "2018-03-31": "41054.80000", "2017-12-31": "46906.50000", "2017-09-30": "49392.50000", "2017-06-30": "49496.90000", "2017-03-31": "46368.50000", "2016-12-31": "40031.50000", "2016-09-30": "33776.00000", "2016-06-30": "38027.20000", "2016-03-31": "39253.30000", "2015-12-31": "37904.50000", "2015-09-30": "51458.80000", "2015-06-30": "44055.10000", "2015-03-31": "47486.00000", "2014-12-31": "42545.30000", "2014-09-30": "34166.40000", "2014-06-30": "21731.20000", "2014-03-31": "23309.70000", "2013-12-31": "24405.60000", "2013-09-30": "19048.10000", "2013-06-30": "16924.60000", "2013-03-31": "12297.80000", "2012-12-31": "8717.90000", "2012-09-30": "10016.80000", "2012-06-30": "8240.90000", "2012-03-31": "9354.60000", "2011-12-31": "10945.80000", "2011-09-30": "9091.30000", "2011-06-30": "5555.10000", "2011-03-31": "4587.60000", "2010-12-31": "5387.50000", "2010-09-30": "4049.20000", "2010-06-30": "4602.00000", "2010-03-31": "5483.00000", "2009-12-31": "6699.00000", "2009-09-30": "7506.20000", "2009-06-30": "9512.40000", "2009-03-31": "10900.90000", "2008-12-31": "19111.50000", "2008-09-30": "9558.33400", "2008-06-30": "2500.89200", "2008-03-31": "3182.12900", "2007-12-31": "4987.05500", "2007-09-30": "4402.13600", "2007-06-30": "4989.92500", "2007-03-31": "4602.06600", "2006-12-31": "4049.05000", "2006-09-30": "3248.34600", "2006-06-30": "3240.13000", "2006-03-31": "4188.18400", "2005-12-31": "3783.42200", "2005-09-30": "2774.75900", "2005-06-30": "3226.24500", "2005-03-31": "3125.42700"}, "Property, Plant, And Equipment": {"2020-09-30": "547.20000", "2020-06-30": "538.60000", "2020-03-31": "538.40000", "2019-12-31": "544.00000", "2019-09-30": "517.30000", "2019-06-30": "500.40000", "2019-03-31": "467.70000", "2018-12-31": "448.70000", "2018-09-30": "362.70000", "2018-06-30": "380.00000", "2018-03-31": "387.20000", "2017-12-31": "399.70000", "2017-09-30": "388.90000", "2017-06-30": "399.50000", "2017-03-31": "411.60000", "2016-12-31": "425.20000", "2016-09-30": "426.70000", "2016-06-30": "437.90000", "2016-03-31": "449.80000", "2015-12-31": "491.70000", "2015-09-30": "496.10000", "2015-06-30": "499.20000", "2015-03-31": "503.30000", "2014-12-31": "508.90000", "2014-09-30": "498.70000", "2014-06-30": "503.40000", "2014-03-31": "508.40000", "2013-12-31": "513.40000", "2013-09-30": "714.20000", "2013-06-30": "713.20000", "2013-03-31": "709.90000", "2012-12-31": "724.00000", "2012-09-30": "705.40000", "2012-06-30": "703.70000", "2012-03-31": "816.50000", "2011-12-31": "821.90000", "2011-09-30": "813.80000", "2011-06-30": "812.80000", "2011-03-31": "797.00000", "2010-12-31": "786.80000", "2010-09-30": "740.60000", "2010-06-30": "729.50000", "2010-03-31": "734.70000", "2009-12-31": "738.50000", "2009-09-30": "726.90000", "2009-06-30": "725.30000", "2009-03-31": "711.40000", "2008-12-31": "707.20000", "2008-09-30": "660.79500", "2008-06-30": "389.82800", "2008-03-31": "379.26900", "2007-12-31": "377.45200", "2007-09-30": "347.91000", "2007-06-30": "179.45300", "2007-03-31": "165.50600", "2006-12-31": "168.75500", "2006-09-30": "158.06800", "2006-06-30": "157.82400", "2006-03-31": "152.56000", "2005-12-31": "153.32900", "2005-09-30": "144.86500", "2005-06-30": "143.24700", "2005-03-31": "132.22000"}, "Long-Term Investments": {"2020-09-30": "", "2020-06-30": "", "2020-03-31": "", "2019-12-31": "", "2019-09-30": "", "2019-06-30": "", "2019-03-31": "", "2018-12-31": "", "2018-09-30": "", "2018-06-30": "", "2018-03-31": "", "2017-12-31": "", "2017-09-30": "", "2017-06-30": "", "2017-03-31": "", "2016-12-31": "", "2016-09-30": "", "2016-06-30": "", "2016-03-31": "", "2015-12-31": "", "2015-09-30": "", "2015-06-30": "", "2015-03-31": "", "2014-12-31": "", "2014-09-30": "", "2014-06-30": "", "2014-03-31": "", "2013-12-31": "", "2013-09-30": "", "2013-06-30": "", "2013-03-31": "", "2012-12-31": "", "2012-09-30": "", "2012-06-30": "", "2012-03-31": "", "2011-12-31": "", "2011-09-30": "", "2011-06-30": "", "2011-03-31": "", "2010-12-31": "", "2010-09-30": "", "2010-06-30": "", "2010-03-31": "", "2009-12-31": "", "2009-09-30": "", "2009-06-30": "", "2009-03-31": "", "2008-12-31": "", "2008-09-30": "", "2008-06-30": "", "2008-03-31": "", "2007-12-31": "", "2007-09-30": "", "2007-06-30": "", "2007-03-31": "", "2006-12-31": "", "2006-09-30": "", "2006-06-30": "", "2006-03-31": "", "2005-12-31": "", "2005-09-30": "", "2005-06-30": "", "2005-03-31": ""}, "Goodwill And Intangible Assets": {"2020-09-30": "32824.90000", "2020-06-30": "32849.50000", "2020-03-31": "32915.70000", "2019-12-31": "33035.50000", "2019-09-30": "33110.90000", "2019-06-30": "33279.30000", "2019-03-31": "33406.20000", "2018-12-31": "33480.70000", "2018-09-30": "27012.70000", "2018-06-30": "27043.30000", "2018-03-31": "27066.90000", "2017-12-31": "27090.60000", "2017-09-30": "27114.30000", "2017-06-30": "27138.10000", "2017-03-31": "27162.10000", "2016-12-31": "27186.10000", "2016-09-30": "27210.20000", "2016-06-30": "27234.20000", "2016-03-31": "27258.20000", "2015-12-31": "27282.20000", "2015-09-30": "27307.00000", "2015-06-30": "27331.90000", "2015-03-31": "27356.80000", "2014-12-31": "27381.70000", "2014-09-30": "27406.60000", "2014-06-30": "27435.20000", "2014-03-31": "27460.40000", "2013-12-31": "27485.50000", "2013-09-30": "27520.50000", "2013-06-30": "27546.20000", "2013-03-31": "27572.10000", "2012-12-31": "27595.90000", "2012-09-30": "27458.30000", "2012-06-30": "27449.80000", "2012-03-31": "28305.50000", "2011-12-31": "28337.30000", "2011-09-30": "28370.70000", "2011-06-30": "28405.00000", "2011-03-31": "28446.10000", "2010-12-31": "28477.40000", "2010-09-30": "28469.50000", "2010-06-30": "28502.80000", "2010-03-31": "28551.60000", "2009-12-31": "27777.70000", "2009-09-30": "27808.40000", "2009-06-30": "27814.00000", "2009-03-31": "27834.30000", "2008-12-31": "27870.60000", "2008-09-30": "28167.38000", "2008-06-30": "14899.50000", "2008-03-31": "14902.18000", "2007-12-31": "14833.00000", "2007-09-30": "14790.40000", "2007-06-30": "", "2007-03-31": "", "2006-12-31": "24.27200", "2006-09-30": "", "2006-06-30": "", "2006-03-31": "", "2005-12-31": "", "2005-09-30": "", "2005-06-30": "", "2005-03-31": ""}, "Other Long-Term Assets": {"2020-09-30": "2037.40000", "2020-06-30": "2040.50000", "2020-03-31": "2061.60000", "2019-12-31": "2068.00000", "2019-09-30": "2097.10000", "2019-06-30": "2107.40000", "2019-03-31": "2135.40000", "2018-12-31": "1659.60000", "2018-09-30": "1473.90000", "2018-06-30": "1475.50000", "2018-03-31": "1410.40000", "2017-12-31": "1394.40000", "2017-09-30": "1427.30000", "2017-06-30": "1509.30000", "2017-03-31": "1533.80000", "2016-12-31": "1726.60000", "2016-09-30": "1838.40000", "2016-06-30": "1926.30000", "2016-03-31": "1806.90000", "2015-12-31": "1681.00000", "2015-09-30": "1687.70000", "2015-06-30": "1776.90000", "2015-03-31": "1782.30000", "2014-12-31": "1805.60000", "2014-09-30": "1898.60000", "2014-06-30": "1941.50000", "2014-03-31": "1888.60000", "2013-12-31": "1873.30000", "2013-09-30": "1697.10000", "2013-06-30": "1698.70000", "2013-03-31": "1842.00000", "2012-12-31": "1825.40000", "2012-09-30": "1677.50000", "2012-06-30": "1551.50000", "2012-03-31": "812.50000", "2011-12-31": "653.70000", "2011-09-30": "611.80000", "2011-06-30": "816.30000", "2011-03-31": "878.30000", "2010-12-31": "394.40000", "2010-09-30": "427.20000", "2010-06-30": "424.60000", "2010-03-31": "433.10000", "2009-12-31": "435.80000", "2009-09-30": "478.10000", "2009-06-30": "479.50000", "2009-03-31": "468.90000", "2008-12-31": "469.40000", "2008-09-30": "868.54300", "2008-06-30": "772.41100", "2008-03-31": "774.32900", "2007-12-31": "108.69000", "2007-09-30": "106.05100", "2007-06-30": "134.35500", "2007-03-31": "118.94700", "2006-12-31": "64.42800", "2006-09-30": "89.20700", "2006-06-30": "54.21000", "2006-03-31": "50.28200", "2005-12-31": "32.64300", "2005-09-30": "30.31700", "2005-06-30": "28.06300", "2005-03-31": "27.27900"}, "Total Long-Term Assets": {"2020-09-30": "35409.50000", "2020-06-30": "35428.60000", "2020-03-31": "35515.70000", "2019-12-31": "35647.50000", "2019-09-30": "35725.30000", "2019-06-30": "35887.10000", "2019-03-31": "36009.30000", "2018-12-31": "35589.00000", "2018-09-30": "28849.30000", "2018-06-30": "28898.80000", "2018-03-31": "28864.50000", "2017-12-31": "28884.70000", "2017-09-30": "28930.50000", "2017-06-30": "29046.90000", "2017-03-31": "29107.50000", "2016-12-31": "29337.90000", "2016-09-30": "29475.30000", "2016-06-30": "29598.40000", "2016-03-31": "29514.90000", "2015-12-31": "29454.90000", "2015-09-30": "29490.80000", "2015-06-30": "29608.00000", "2015-03-31": "29642.40000", "2014-12-31": "29696.20000", "2014-09-30": "29803.90000", "2014-06-30": "29880.10000", "2014-03-31": "29857.40000", "2013-12-31": "29872.20000", "2013-09-30": "29931.80000", "2013-06-30": "29958.10000", "2013-03-31": "30124.00000", "2012-12-31": "30145.30000", "2012-09-30": "29841.20000", "2012-06-30": "29705.00000", "2012-03-31": "29934.50000", "2011-12-31": "29812.90000", "2011-09-30": "29796.30000", "2011-06-30": "30034.10000", "2011-03-31": "30121.40000", "2010-12-31": "29658.60000", "2010-09-30": "29637.30000", "2010-06-30": "29656.90000", "2010-03-31": "29719.40000", "2009-12-31": "28952.00000", "2009-09-30": "29013.40000", "2009-06-30": "29018.80000", "2009-03-31": "29014.60000", "2008-12-31": "29047.20000", "2008-09-30": "29696.72000", "2008-06-30": "16061.74000", "2008-03-31": "16055.77000", "2007-12-31": "15319.14000", "2007-09-30": "15244.36000", "2007-06-30": "313.80800", "2007-03-31": "284.45300", "2006-12-31": "257.45500", "2006-09-30": "247.27500", "2006-06-30": "212.03400", "2006-03-31": "202.84200", "2005-12-31": "185.97200", "2005-09-30": "175.18200", "2005-06-30": "171.31000", "2005-03-31": "159.49900"}, "Total Assets": {"2020-09-30": "125758.80000", "2020-06-30": "117214.80000", "2020-03-31": "137932.30000", "2019-12-31": "75215.30000", "2019-09-30": "79417.60000", "2019-06-30": "70349.50000", "2019-03-31": "71614.50000", "2018-12-31": "77475.70000", "2018-09-30": "70364.10000", "2018-06-30": "69199.30000", "2018-03-31": "69919.30000", "2017-12-31": "75791.20000", "2017-09-30": "78323.00000", "2017-06-30": "78543.80000", "2017-03-31": "75476.00000", "2016-12-31": "69369.40000", "2016-09-30": "63251.30000", "2016-06-30": "67625.60000", "2016-03-31": "68768.20000", "2015-12-31": "67359.40000", "2015-09-30": "80949.60000", "2015-06-30": "73663.10000", "2015-03-31": "77128.40000", "2014-12-31": "72241.50000", "2014-09-30": "63970.30000", "2014-06-30": "51611.30000", "2014-03-31": "53167.10000", "2013-12-31": "54277.80000", "2013-09-30": "48979.90000", "2013-06-30": "46882.70000", "2013-03-31": "42421.80000", "2012-12-31": "38863.20000", "2012-09-30": "39858.00000", "2012-06-30": "37945.90000", "2012-03-31": "39289.10000", "2011-12-31": "40758.70000", "2011-09-30": "38887.60000", "2011-06-30": "35589.20000", "2011-03-31": "34709.00000", "2010-12-31": "35046.10000", "2010-09-30": "33686.50000", "2010-06-30": "34258.90000", "2010-03-31": "35202.40000", "2009-12-31": "35651.00000", "2009-09-30": "36519.60000", "2009-06-30": "38531.20000", "2009-03-31": "39915.50000", "2008-12-31": "48158.70000", "2008-09-30": "39255.05000", "2008-06-30": "18562.63000", "2008-03-31": "19237.90000", "2007-12-31": "20306.20000", "2007-09-30": "19646.49000", "2007-06-30": "5303.73300", "2007-03-31": "4886.51900", "2006-12-31": "4306.50500", "2006-09-30": "3495.62100", "2006-06-30": "3452.16400", "2006-03-31": "4391.02600", "2005-12-31": "3969.39400", "2005-09-30": "2949.94100", "2005-06-30": "3397.55500", "2005-03-31": "3284.92600"}, "Total Current Liabilities": {"2020-09-30": "88630.90000", "2020-06-30": "80201.40000", "2020-03-31": "101053.70000", "2019-12-31": "38522.50000", "2019-09-30": "41913.50000", "2019-06-30": "32934.70000", "2019-03-31": "34272.40000", "2018-12-31": "41272.60000", "2018-09-30": "38154.10000", "2018-06-30": "37179.60000", "2018-03-31": "39445.30000", "2017-12-31": "45672.90000", "2017-09-30": "47223.00000", "2017-06-30": "47669.60000", "2017-03-31": "44804.80000", "2016-12-31": "38945.60000", "2016-09-30": "31886.40000", "2016-06-30": "36419.80000", "2016-03-31": "37848.10000", "2015-12-31": "36824.50000", "2015-09-30": "49598.80000", "2015-06-30": "42432.60000", "2015-03-31": "45495.10000", "2014-12-31": "41531.20000", "2014-09-30": "32627.90000", "2014-06-30": "20376.70000", "2014-03-31": "22029.70000", "2013-12-31": "23311.00000", "2013-09-30": "17213.20000", "2013-06-30": "16192.90000", "2013-03-31": "11786.70000", "2012-12-31": "7616.90000", "2012-09-30": "8389.50000", "2012-06-30": "6659.50000", "2012-03-31": "8109.90000", "2011-12-31": "9615.20000", "2011-09-30": "7922.30000", "2011-06-30": "4522.70000", "2011-03-31": "3744.10000", "2010-12-31": "4781.20000", "2010-09-30": "3666.20000", "2010-06-30": "4334.30000", "2010-03-31": "5163.90000", "2009-12-31": "6523.60000", "2009-09-30": "7318.40000", "2009-06-30": "9006.70000", "2009-03-31": "10474.60000", "2008-12-31": "18643.00000", "2008-09-30": "9608.62400", "2008-06-30": "1346.77000", "2008-03-31": "2185.22800", "2007-12-31": "4076.06300", "2007-09-30": "3647.46900", "2007-06-30": "3512.75700", "2007-03-31": "3221.68700", "2006-12-31": "2755.35400", "2006-09-30": "2046.69000", "2006-06-30": "2114.16900", "2006-03-31": "3163.04100", "2005-12-31": "2829.92700", "2005-09-30": "1891.53100", "2005-06-30": "2417.37200", "2005-03-31": "2386.59900"}, "Long Term Debt": {"2020-09-30": "3442.20000", "2020-06-30": "3440.90000", "2020-03-31": "3539.80000", "2019-12-31": "3743.20000", "2019-09-30": "3873.30000", "2019-06-30": "4072.90000", "2019-03-31": "4292.00000", "2018-12-31": "3826.80000", "2018-09-30": "3419.60000", "2018-06-30": "3419.00000", "2018-03-31": "2233.50000", "2017-12-31": "2233.10000", "2017-09-30": "2232.60000", "2017-06-30": "2232.10000", "2017-03-31": "2231.60000", "2016-12-31": "2231.20000", "2016-09-30": "2230.70000", "2016-06-30": "2230.20000", "2016-03-31": "2229.80000", "2015-12-31": "2229.30000", "2015-09-30": "2241.20000", "2015-06-30": "2241.00000", "2015-03-31": "2851.90000", "2014-12-31": "2107.90000", "2014-09-30": "2107.70000", "2014-06-30": "2107.50000", "2014-03-31": "2107.40000", "2013-12-31": "2107.20000", "2013-09-30": "2107.00000", "2013-06-30": "1358.20000", "2013-03-31": "1358.00000", "2012-12-31": "2106.80000", "2012-09-30": "2106.40000", "2012-06-30": "2107.70000", "2012-03-31": "2107.20000", "2011-12-31": "2106.80000", "2011-09-30": "2106.30000", "2011-06-30": "2105.80000", "2011-03-31": "2105.30000", "2010-12-31": "2104.80000", "2010-09-30": "2104.40000", "2010-06-30": "2524.40000", "2010-03-31": "2823.80000", "2009-12-31": "2014.70000", "2009-09-30": "2239.30000", "2009-06-30": "2738.60000", "2009-03-31": "2848.20000", "2008-12-31": "2966.10000", "2008-09-30": "2412.81700", "2008-06-30": "", "2008-03-31": "", "2007-12-31": "", "2007-09-30": "", "2007-06-30": "", "2007-03-31": "", "2006-12-31": "", "2006-09-30": "", "2006-06-30": "", "2006-03-31": "", "2005-12-31": "", "2005-09-30": "", "2005-06-30": "", "2005-03-31": ""}, "Other Non-Current Liabilities": {"2020-09-30": "1054.50000", "2020-06-30": "1126.30000", "2020-03-31": "1118.00000", "2019-12-31": "1155.10000", "2019-09-30": "1203.10000", "2019-06-30": "1211.90000", "2019-03-31": "1200.90000", "2018-12-31": "745.10000", "2018-09-30": "612.00000", "2018-06-30": "614.00000", "2018-03-31": "621.10000", "2017-12-31": "615.70000", "2017-09-30": "566.50000", "2017-06-30": "546.50000", "2017-03-31": "577.00000", "2016-12-31": "560.90000", "2016-09-30": "551.60000", "2016-06-30": "549.00000", "2016-03-31": "518.10000", "2015-12-31": "395.50000", "2015-09-30": "391.30000", "2015-06-30": "390.90000", "2015-03-31": "386.20000", "2014-12-31": "376.20000", "2014-09-30": "389.20000", "2014-06-30": "389.80000", "2014-03-31": "443.80000", "2013-12-31": "449.40000", "2013-09-30": "375.30000", "2013-06-30": "228.80000", "2013-03-31": "227.00000", "2012-12-31": "220.50000", "2012-09-30": "254.10000", "2012-06-30": "218.10000", "2012-03-31": "196.40000", "2011-12-31": "187.60000", "2011-09-30": "190.00000", "2011-06-30": "201.10000", "2011-03-31": "192.40000", "2010-12-31": "191.50000", "2010-09-30": "177.40000", "2010-06-30": "172.90000", "2010-03-31": "170.30000", "2009-12-31": "165.80000", "2009-09-30": "161.70000", "2009-06-30": "142.30000", "2009-03-31": "133.10000", "2008-12-31": "132.70000", "2008-09-30": "114.50300", "2008-06-30": "77.56700", "2008-03-31": "70.24700", "2007-12-31": "76.25700", "2007-09-30": "90.93100", "2007-06-30": "50.22000", "2007-03-31": "39.04000", "2006-12-31": "32.05900", "2006-09-30": "27.84600", "2006-06-30": "26.15300", "2006-03-31": "22.80600", "2005-12-31": "20.78300", "2005-09-30": "19.33900", "2005-06-30": "19.75300", "2005-03-31": "20.41600"}, "Total Long Term Liabilities": {"2020-09-30": "10117.50000", "2020-06-30": "10174.50000", "2020-03-31": "10279.90000", "2019-12-31": "10533.50000", "2019-09-30": "10690.80000", "2019-06-30": "10929.90000", "2019-03-31": "11155.60000", "2018-12-31": "10237.80000", "2018-09-30": "8914.30100", "2018-06-30": "8896.10000", "2018-03-31": "7701.20000", "2017-12-31": "7706.50000", "2017-09-30": "10236.10000", "2017-06-30": "10097.40000", "2017-03-31": "10117.00000", "2016-12-31": "10083.10000", "2016-09-30": "10100.00000", "2016-06-30": "10131.90000", "2016-03-31": "10078.70000", "2015-12-31": "9983.10000", "2015-09-30": "9974.00000", "2015-06-30": "9971.70000", "2015-03-31": "10537.80000", "2014-12-31": "9786.80000", "2014-09-30": "9805.30000", "2014-06-30": "9769.20000", "2014-03-31": "9827.30000", "2013-12-31": "9806.30100", "2013-09-30": "9788.80000", "2013-06-30": "8835.20000", "2013-03-31": "9079.30000", "2012-12-31": "9821.39900", "2012-09-30": "9759.69900", "2012-06-30": "9666.40000", "2012-03-31": "9630.10100", "2011-12-31": "9591.49900", "2011-09-30": "10101.00000", "2011-06-30": "10164.00000", "2011-03-31": "10177.40000", "2010-12-31": "10204.80000", "2010-09-30": "10119.50000", "2010-06-30": "10541.10000", "2010-03-31": "10848.80000", "2009-12-31": "9826.39900", "2009-09-30": "10070.90000", "2009-06-30": "10543.20000", "2009-03-31": "10641.80000", "2008-12-31": "10827.10000", "2008-09-30": "10617.67000", "2008-06-30": "3887.49300", "2008-03-31": "3875.84500", "2007-12-31": "3924.49700", "2007-09-30": "3887.63000", "2007-06-30": "50.22000", "2007-03-31": "39.04000", "2006-12-31": "32.05900", "2006-09-30": "27.84600", "2006-06-30": "26.15300", "2006-03-31": "22.80600", "2005-12-31": "20.78300", "2005-09-30": "19.33900", "2005-06-30": "19.75300", "2005-03-31": "20.41600"}, "Total Liabilities": {"2020-09-30": "98748.40000", "2020-06-30": "90375.90000", "2020-03-31": "111333.60000", "2019-12-31": "49056.00000", "2019-09-30": "52604.30000", "2019-06-30": "43864.60000", "2019-03-31": "45428.00000", "2018-12-31": "51510.40000", "2018-09-30": "47068.40000", "2018-06-30": "46075.70000", "2018-03-31": "47146.50000", "2017-12-31": "53379.40000", "2017-09-30": "57459.10000", "2017-06-30": "57767.00000", "2017-03-31": "54921.80000", "2016-12-31": "49028.70000", "2016-09-30": "41986.40000", "2016-06-30": "46551.70000", "2016-03-31": "47926.80000", "2015-12-31": "46807.60000", "2015-09-30": "59572.80000", "2015-06-30": "52404.30000", "2015-03-31": "56032.90000", "2014-12-31": "51318.00000", "2014-09-30": "42433.20000", "2014-06-30": "30145.90000", "2014-03-31": "31857.00000", "2013-12-31": "33117.30000", "2013-09-30": "27002.00000", "2013-06-30": "25028.10000", "2013-03-31": "20866.00000", "2012-12-31": "17438.30000", "2012-09-30": "18149.20000", "2012-06-30": "16325.90000", "2012-03-31": "17740.00000", "2011-12-31": "19206.70000", "2011-09-30": "18023.30000", "2011-06-30": "14686.70000", "2011-03-31": "13921.50000", "2010-12-31": "14986.00000", "2010-09-30": "13785.70000", "2010-06-30": "14875.40000", "2010-03-31": "16012.70000", "2009-12-31": "16350.00000", "2009-09-30": "17389.30000", "2009-06-30": "19549.90000", "2009-03-31": "21116.40000", "2008-12-31": "29470.10000", "2008-09-30": "20226.29000", "2008-06-30": "5234.26300", "2008-03-31": "6061.07300", "2007-12-31": "8000.56000", "2007-09-30": "7535.09900", "2007-06-30": "3562.97700", "2007-03-31": "3260.72700", "2006-12-31": "2787.41300", "2006-09-30": "2074.53600", "2006-06-30": "2140.32200", "2006-03-31": "3185.84700", "2005-12-31": "2850.71000", "2005-09-30": "1910.87000", "2005-06-30": "2437.12500", "2005-03-31": "2407.01500"}, "Common Stock Net": {"2020-09-30": "3.60000", "2020-06-30": "3.60000", "2020-03-31": "3.60000", "2019-12-31": "3.60000", "2019-09-30": "3.70000", "2019-06-30": "3.60000", "2019-03-31": "3.60000", "2018-12-31": "3.60000", "2018-09-30": "3.40000", "2018-06-30": "3.40000", "2018-03-31": "3.40000", "2017-12-31": "3.40000", "2017-09-30": "3.40000", "2017-06-30": "3.40000", "2017-03-31": "3.40000", "2016-12-31": "3.40000", "2016-09-30": "3.40000", "2016-06-30": "3.40000", "2016-03-31": "3.40000", "2015-12-31": "3.40000", "2015-09-30": "3.40000", "2015-06-30": "3.40000", "2015-03-31": "3.40000", "2014-12-31": "3.40000", "2014-09-30": "3.30000", "2014-06-30": "3.30000", "2014-03-31": "3.30000", "2013-12-31": "3.30000", "2013-09-30": "3.30000", "2013-06-30": "3.30000", "2013-03-31": "3.30000", "2012-12-31": "3.30000", "2012-09-30": "3.30000", "2012-06-30": "3.30000", "2012-03-31": "0.70000", "2011-12-31": "3.30000", "2011-09-30": "0.70000", "2011-06-30": "0.70000", "2011-03-31": "0.70000", "2010-12-31": "0.70000", "2010-09-30": "0.70000", "2010-06-30": "0.70000", "2010-03-31": "0.70000", "2009-12-31": "0.70000", "2009-09-30": "0.70000", "2009-06-30": "0.70000", "2009-03-31": "0.70000", "2008-12-31": "0.70000", "2008-09-30": "0.67100", "2008-06-30": "0.54500", "2008-03-31": "0.54500", "2007-12-31": "0.53300", "2007-09-30": "0.53200", "2007-06-30": "0.34900", "2007-03-31": "0.34900", "2006-12-31": "0.34800", "2006-09-30": "0.34800", "2006-06-30": "0.34700", "2006-03-31": "0.34600", "2005-12-31": "0.34500", "2005-09-30": "0.34400", "2005-06-30": "0.34300", "2005-03-31": "0.34200"}, "Retained Earnings (Accumulated Deficit)": {"2020-09-30": "5775.10000", "2020-06-30": "5668.50000", "2020-03-31": "5469.90000", "2019-12-31": "5008.70000", "2019-09-30": "5704.20000", "2019-06-30": "5336.80000", "2019-03-31": "5091.10000", "2018-12-31": "4855.30000", "2018-09-30": "5346.40000", "2018-06-30": "5173.30000", "2018-03-31": "4845.40000", "2017-12-31": "4497.20000", "2017-09-30": "2973.80000", "2017-06-30": "2889.70000", "2017-03-31": "2697.90000", "2016-12-31": "2524.50000", "2016-09-30": "3458.60000", "2016-06-30": "3189.30000", "2016-03-31": "3072.30000", "2015-12-31": "2907.60000", "2015-09-30": "3771.80000", "2015-06-30": "3575.50000", "2015-03-31": "3479.30000", "2014-12-31": "3317.30000", "2014-09-30": "3842.00000", "2014-06-30": "3709.80000", "2014-03-31": "3603.90000", "2013-12-31": "3494.60000", "2013-09-30": "4326.50000", "2013-06-30": "4239.20000", "2013-03-31": "4079.00000", "2012-12-31": "3993.40000", "2012-09-30": "4408.60000", "2012-06-30": "4340.30000", "2012-03-31": "4243.60000", "2011-12-31": "4324.60000", "2011-09-30": "3671.60000", "2011-06-30": "3448.60000", "2011-03-31": "3248.80000", "2010-12-31": "2885.80000", "2010-09-30": "2766.80000", "2010-06-30": "2599.30000", "2010-03-31": "2404.20000", "2009-12-31": "2239.90000", "2009-09-30": "2113.90000", "2009-06-30": "1988.00000", "2009-03-31": "1842.50000", "2008-12-31": "1719.70000", "2008-09-30": "1734.40400", "2008-06-30": "1978.77900", "2008-03-31": "1840.30100", "2007-12-31": "1619.44000", "2007-09-30": "1464.21500", "2007-06-30": "1308.37500", "2007-03-31": "1212.52200", "2006-12-31": "1116.20900", "2006-09-30": "1035.56500", "2006-06-30": "953.68500", "2006-03-31": "865.99700", "2005-12-31": "796.39800", "2005-09-30": "736.00000", "2005-06-30": "674.37600", "2005-03-31": "607.93300"}, "Comprehensive Income": {"2020-09-30": "43.70000", "2020-06-30": "-13.10000", "2020-03-31": "-26.20000", "2019-12-31": "3.40000", "2019-09-30": "-32.20000", "2019-06-30": "5.60000", "2019-03-31": "0.80000", "2018-12-31": "5.30000", "2018-09-30": "18.70000", "2018-06-30": "18.60000", "2018-03-31": "19.90000", "2017-12-31": "14.30000", "2017-09-30": "12.10000", "2017-06-30": "13.30000", "2017-03-31": "10.80000", "2016-12-31": "-14.10000", "2016-09-30": "22.90000", "2016-06-30": "113.30000", "2016-03-31": "28.10000", "2015-12-31": "-80.80000", "2015-09-30": "-94.60000", "2015-06-30": "5.10000", "2015-03-31": "-25.80000", "2014-12-31": "6.20000", "2014-09-30": "130.50000", "2014-06-30": "206.70000", "2014-03-31": "176.30000", "2013-12-31": "152.00000", "2013-09-30": "177.20000", "2013-06-30": "153.20000", "2013-03-31": "230.00000", "2012-12-31": "209.30000", "2012-09-30": "119.70000", "2012-06-30": "114.30000", "2012-03-31": "164.80000", "2011-12-31": "111.60000", "2011-09-30": "91.90000", "2011-06-30": "208.30000", "2011-03-31": "244.90000", "2010-12-31": "-104.10000", "2010-09-30": "-124.80000", "2010-06-30": "-136.80000", "2010-03-31": "-133.80000", "2009-12-31": "-126.20000", "2009-09-30": "-128.70000", "2009-06-30": "-143.90000", "2009-03-31": "-157.00000", "2008-12-31": "-160.30000", "2008-09-30": "-20.48600", "2008-06-30": "-2.34900", "2008-03-31": "-2.46800", "2007-12-31": "-3.10200", "2007-09-30": "-2.20300", "2007-06-30": "-3.21600", "2007-03-31": "-3.79300", "2006-12-31": "-2.97900", "2006-09-30": "-2.08700", "2006-06-30": "-3.18400", "2006-03-31": "-3.20200", "2005-12-31": "-2.90700", "2005-09-30": "-2.86100", "2005-06-30": "-2.15100", "2005-03-31": "-3.23000"}, "Other Share Holders Equity": {"2020-09-30": "", "2020-06-30": "", "2020-03-31": "", "2019-12-31": "", "2019-09-30": "", "2019-06-30": "", "2019-03-31": "", "2018-12-31": "", "2018-09-30": "", "2018-06-30": "", "2018-03-31": "", "2017-12-31": "", "2017-09-30": "", "2017-06-30": "", "2017-03-31": "", "2016-12-31": "", "2016-09-30": "", "2016-06-30": "", "2016-03-31": "", "2015-12-31": "", "2015-09-30": "", "2015-06-30": "", "2015-03-31": "", "2014-12-31": "", "2014-09-30": "", "2014-06-30": "", "2014-03-31": "", "2013-12-31": "", "2013-09-30": "", "2013-06-30": "", "2013-03-31": "", "2012-12-31": "", "2012-09-30": "", "2012-06-30": "", "2012-03-31": "", "2011-12-31": "", "2011-09-30": "", "2011-06-30": "", "2011-03-31": "", "2010-12-31": "", "2010-09-30": "", "2010-06-30": "", "2010-03-31": "", "2009-12-31": "", "2009-09-30": "", "2009-06-30": "", "2009-03-31": "", "2008-12-31": "", "2008-09-30": "", "2008-06-30": "", "2008-03-31": "", "2007-12-31": "", "2007-09-30": "", "2007-06-30": "", "2007-03-31": "", "2006-12-31": "", "2006-09-30": "", "2006-06-30": "", "2006-03-31": "", "2005-12-31": "", "2005-09-30": "", "2005-06-30": "", "2005-03-31": ""}, "Share Holder Equity": {"2020-09-30": "27010.40000", "2020-06-30": "26838.90000", "2020-03-31": "26598.70000", "2019-12-31": "26159.30000", "2019-09-30": "26813.30000", "2019-06-30": "26484.90000", "2019-03-31": "26186.50000", "2018-12-31": "25965.30000", "2018-09-30": "23295.70000", "2018-06-30": "23123.60000", "2018-03-31": "22772.80000", "2017-12-31": "22411.80000", "2017-09-30": "20863.90000", "2017-06-30": "20776.80000", "2017-03-31": "20554.20000", "2016-12-31": "20340.70000", "2016-09-30": "21264.90000", "2016-06-30": "21073.90000", "2016-03-31": "20841.40000", "2015-12-31": "20551.80000", "2015-09-30": "21376.80000", "2015-06-30": "21258.80000", "2015-03-31": "21095.50000", "2014-12-31": "20923.50000", "2014-09-30": "21537.10000", "2014-06-30": "21465.40000", "2014-03-31": "21310.10000", "2013-12-31": "21160.50000", "2013-09-30": "21977.90000", "2013-06-30": "21854.60000", "2013-03-31": "21555.80000", "2012-12-31": "21424.90000", "2012-09-30": "21708.80000", "2012-06-30": "21620.00000", "2012-03-31": "21549.10000", "2011-12-31": "21552.00000", "2011-09-30": "20864.30000", "2011-06-30": "20902.50000", "2011-03-31": "20787.50000", "2010-12-31": "20060.10000", "2010-09-30": "19900.80000", "2010-06-30": "19383.50000", "2010-03-31": "19189.70000", "2009-12-31": "19301.00000", "2009-09-30": "19130.30000", "2009-06-30": "18981.30000", "2009-03-31": "18799.10000", "2008-12-31": "18688.60000", "2008-09-30": "19028.76000", "2008-06-30": "13328.37000", "2008-03-31": "13176.83000", "2007-12-31": "12305.64000", "2007-09-30": "12111.39000", "2007-06-30": "1740.75600", "2007-03-31": "1625.79200", "2006-12-31": "1519.09200", "2006-09-30": "1421.08500", "2006-06-30": "1311.84200", "2006-03-31": "1205.17900", "2005-12-31": "1118.68400", "2005-09-30": "1039.07100", "2005-06-30": "960.43000", "2005-03-31": "877.91100"}, "Total Liabilities And Share Holders Equity": {"2020-09-30": "125758.80000", "2020-06-30": "117214.80000", "2020-03-31": "137932.30000", "2019-12-31": "75215.30000", "2019-09-30": "79417.60000", "2019-06-30": "70349.50000", "2019-03-31": "71614.50000", "2018-12-31": "77475.70000", "2018-09-30": "70364.10000", "2018-06-30": "69199.30000", "2018-03-31": "69919.30000", "2017-12-31": "75791.20000", "2017-09-30": "78323.00000", "2017-06-30": "78543.80000", "2017-03-31": "75476.00000", "2016-12-31": "69369.40000", "2016-09-30": "63251.30000", "2016-06-30": "67625.60000", "2016-03-31": "68768.20000", "2015-12-31": "67359.40000", "2015-09-30": "80949.60000", "2015-06-30": "73663.10000", "2015-03-31": "77128.40000", "2014-12-31": "72241.50000", "2014-09-30": "63970.30000", "2014-06-30": "51611.30000", "2014-03-31": "53167.10000", "2013-12-31": "54277.80000", "2013-09-30": "48979.90000", "2013-06-30": "46882.70000", "2013-03-31": "42421.80000", "2012-12-31": "38863.20000", "2012-09-30": "39858.00000", "2012-06-30": "37945.90000", "2012-03-31": "39289.10000", "2011-12-31": "40758.70000", "2011-09-30": "38887.60000", "2011-06-30": "35589.20000", "2011-03-31": "34709.00000", "2010-12-31": "35046.10000", "2010-09-30": "33686.50000", "2010-06-30": "34258.90000", "2010-03-31": "35202.40000", "2009-12-31": "35651.00000", "2009-09-30": "36519.60000", "2009-06-30": "38531.20000", "2009-03-31": "39915.50000", "2008-12-31": "48158.70000", "2008-09-30": "39255.05000", "2008-06-30": "18562.63000", "2008-03-31": "19237.90000", "2007-12-31": "20306.20000", "2007-09-30": "19646.49000", "2007-06-30": "5303.73300", "2007-03-31": "4886.51900", "2006-12-31": "4306.50500", "2006-09-30": "3495.62100", "2006-06-30": "3452.16400", "2006-03-31": "4391.02600", "2005-12-31": "3969.39400", "2005-09-30": "2949.94100", "2005-06-30": "3397.55500", "2005-03-31": "3284.92600"}}, "cash flow statement": {"Net Income/Loss": {"2019-12-31": "2115.80000", "2018-12-31": "1963.70000", "2017-12-31": "4063.40000", "2016-12-31": "1534.10000", "2015-12-31": "1247.00000", "2014-12-31": "1126.90000", "2013-12-31": "978.10000", "2012-12-31": "906.70000", "2011-12-31": "1814.40000", "2010-12-31": "952.10000", "2009-12-31": "825.80000", "2008-12-31": "715.50000", "2007-12-31": "658.50000", "2006-12-31": "407.34800", "2005-12-31": "306.85700"}, "Total Depreciation And Amortization - Cash Flow": {"2019-12-31": "473.30000", "2018-12-31": "248.70000", "2017-12-31": "208.50000", "2016-12-31": "225.30000", "2015-12-31": "228.60000", "2014-12-31": "233.20000", "2013-12-31": "238.10000", "2012-12-31": "253.10000", "2011-12-31": "260.50000", "2010-12-31": "283.40000", "2009-12-31": "264.10000", "2008-12-31": "259.80000", "2007-12-31": "141.70000", "2006-12-31": "75.32300", "2005-12-31": "68.22100"}, "Other Non-Cash Items": {"2019-12-31": "106.40000", "2018-12-31": "167.40000", "2017-12-31": "-2415.40000", "2016-12-31": "-40.40000", "2015-12-31": "189.30000", "2014-12-31": "125.10000", "2013-12-31": "73.50000", "2012-12-31": "68.90000", "2011-12-31": "-591.20000", "2010-12-31": "80.40000", "2009-12-31": "25.00000", "2008-12-31": "251.80000", "2007-12-31": "3.90000", "2006-12-31": "-1.84900", "2005-12-31": "12.44200"}, "Total Non-Cash Items": {"2019-12-31": "579.70000", "2018-12-31": "416.10000", "2017-12-31": "-2206.90000", "2016-12-31": "184.90000", "2015-12-31": "417.90000", "2014-12-31": "358.30000", "2013-12-31": "311.60000", "2012-12-31": "322.00000", "2011-12-31": "-330.70000", "2010-12-31": "363.80000", "2009-12-31": "289.10000", "2008-12-31": "511.59990", "2007-12-31": "145.60000", "2006-12-31": "73.47400", "2005-12-31": "80.66300"}, "Change In Accounts Receivable": {"2019-12-31": "60.80000", "2018-12-31": "-65.50000", "2017-12-31": "6.00000", "2016-12-31": "-8.10000", "2015-12-31": "-17.30000", "2014-12-31": "-38.50000", "2013-12-31": "-35.50000", "2012-12-31": "-0.30000", "2011-12-31": "-13.20000", "2010-12-31": "-28.70000", "2009-12-31": "-14.40000", "2008-12-31": "81.30000", "2007-12-31": "-49.90000", "2006-12-31": "-35.87800", "2005-12-31": "-11.63400"}, "Change In Inventories": {"2019-12-31": "", "2018-12-31": "", "2017-12-31": "", "2016-12-31": "", "2015-12-31": "", "2014-12-31": "", "2013-12-31": "", "2012-12-31": "", "2011-12-31": "", "2010-12-31": "", "2009-12-31": "", "2008-12-31": "", "2007-12-31": "", "2006-12-31": "", "2005-12-31": ""}, "Change In Accounts Payable": {"2019-12-31": "-54.10000", "2018-12-31": "32.30000", "2017-12-31": "5.10000", "2016-12-31": "-2.60000", "2015-12-31": "-8.20000", "2014-12-31": "0.70000", "2013-12-31": "-5.50000", "2012-12-31": "11.20000", "2011-12-31": "-21.00000", "2010-12-31": "6.10000", "2009-12-31": "-24.30000", "2008-12-31": "24.00000", "2007-12-31": "4.60000", "2006-12-31": "1.62100", "2005-12-31": "0.50800"}, "Change In Assets/Liabilities": {"2019-12-31": "-0.80000", "2018-12-31": "-101.20000", "2017-12-31": "-120.00000", "2016-12-31": "-36.80000", "2015-12-31": "-30.40000", "2014-12-31": "-50.40000", "2013-12-31": "41.10000", "2012-12-31": "-91.80000", "2011-12-31": "-85.20000", "2010-12-31": "52.10000", "2009-12-31": "-6.90000", "2008-12-31": "-112.60000", "2007-12-31": "32.00000", "2006-12-31": "20.87200", "2005-12-31": "-28.16200"}, "Total Change In Assets/Liabilities": {"2019-12-31": "-22.70000", "2018-12-31": "61.00000", "2017-12-31": "-105.40000", "2016-12-31": "13.00000", "2015-12-31": "-138.00000", "2014-12-31": "-193.80000", "2013-12-31": "-9.20000", "2012-12-31": "-9.00000", "2011-12-31": "-137.40000", "2010-12-31": "41.90000", "2009-12-31": "-31.80000", "2008-12-31": "-30.10000", "2007-12-31": "10.30000", "2006-12-31": "-9.12600", "2005-12-31": "-39.28800"}, "Cash Flow From Operating Activities": {"2019-12-31": "2672.80000", "2018-12-31": "2440.80000", "2017-12-31": "1751.10000", "2016-12-31": "1732.00000", "2015-12-31": "1532.50000", "2014-12-31": "1291.40000", "2013-12-31": "1280.50000", "2012-12-31": "1219.70000", "2011-12-31": "1346.30000", "2010-12-31": "1359.60000", "2009-12-31": "1083.10000", "2008-12-31": "1197.20000", "2007-12-31": "814.40000", "2006-12-31": "471.69600", "2005-12-31": "348.23200"}, "Net Change In Property, Plant, And Equipment": {"2019-12-31": "-245.60000", "2018-12-31": "-116.70000", "2017-12-31": "-81.90000", "2016-12-31": "-91.80000", "2015-12-31": "-114.20000", "2014-12-31": "-132.80000", "2013-12-31": "66.80000", "2012-12-31": "6.80000", "2011-12-31": "-172.20000", "2010-12-31": "-160.00000", "2009-12-31": "-157.90000", "2008-12-31": "-200.10000", "2007-12-31": "-163.70000", "2006-12-31": "-87.81000", "2005-12-31": "-85.62700"}, "Net Change In Intangible Assets": {"2019-12-31": "", "2018-12-31": "", "2017-12-31": "", "2016-12-31": "", "2015-12-31": "", "2014-12-31": "", "2013-12-31": "", "2012-12-31": "", "2011-12-31": "", "2010-12-31": "39.70000", "2009-12-31": "", "2008-12-31": "", "2007-12-31": "-39.80000", "2006-12-31": "", "2005-12-31": ""}, "Net Acquisitions/Divestitures": {"2019-12-31": "89.60000", "2018-12-31": "-1774.70000", "2017-12-31": "267.60000", "2016-12-31": "8.80000", "2015-12-31": "", "2014-12-31": "", "2013-12-31": "", "2012-12-31": "-162.90000", "2011-12-31": "", "2010-12-31": "-19.60000", "2009-12-31": "", "2008-12-31": "-2864.00000", "2007-12-31": "113.00000", "2006-12-31": "-20.23100", "2005-12-31": "-1.03000"}, "Net Change In Short-term Investments": {"2019-12-31": "3.40000", "2018-12-31": "1.80000", "2017-12-31": "-0.50000", "2016-12-31": "-4.20000", "2015-12-31": "38.30000", "2014-12-31": "-0.80000", "2013-12-31": "-0.10000", "2012-12-31": "-3.00000", "2011-12-31": "1.10000", "2010-12-31": "1.70000", "2009-12-31": "279.90000", "2008-12-31": "-102.50000", "2007-12-31": "74.70000", "2006-12-31": "43.98700", "2005-12-31": "5.16800"}, "Net Change In Long-Term Investments": {"2019-12-31": "", "2018-12-31": "", "2017-12-31": "-5.30000", "2016-12-31": "140.90000", "2015-12-31": "86.80000", "2014-12-31": "-65.50000", "2013-12-31": "-4.00000", "2012-12-31": "-25.40000", "2011-12-31": "", "2010-12-31": "29.80000", "2009-12-31": "422.80000", "2008-12-31": "99.90000", "2007-12-31": "-19.00000", "2006-12-31": "-15.09100", "2005-12-31": "-0.84400"}, "Net Change In Investments - Total": {"2019-12-31": "3.40000", "2018-12-31": "1.80000", "2017-12-31": "-5.80000", "2016-12-31": "136.70000", "2015-12-31": "125.10000", "2014-12-31": "-66.30000", "2013-12-31": "-4.10000", "2012-12-31": "-28.40000", "2011-12-31": "1.10000", "2010-12-31": "31.50000", "2009-12-31": "702.70000", "2008-12-31": "-2.60000", "2007-12-31": "55.70000", "2006-12-31": "28.89600", "2005-12-31": "4.32400"}, "Investing Activities - Other": {"2019-12-31": "", "2018-12-31": "", "2017-12-31": "", "2016-12-31": "", "2015-12-31": "7.00000", "2014-12-31": "", "2013-12-31": "127.80000", "2012-12-31": "-24.40000", "2011-12-31": "17.50000", "2010-12-31": "-3.20000", "2009-12-31": "", "2008-12-31": "-682.40000", "2007-12-31": "-43.90000", "2006-12-31": "-6.71500", "2005-12-31": ""}, "Cash Flow From Investing Activities": {"2019-12-31": "-152.60000", "2018-12-31": "-1889.60000", "2017-12-31": "179.90000", "2016-12-31": "53.70000", "2015-12-31": "17.90000", "2014-12-31": "-199.10000", "2013-12-31": "190.50000", "2012-12-31": "-208.90000", "2011-12-31": "-153.60000", "2010-12-31": "-111.60000", "2009-12-31": "544.80000", "2008-12-31": "-3749.10000", "2007-12-31": "-78.70000", "2006-12-31": "-85.86000", "2005-12-31": "-82.33300"}, "Net Long-Term Debt": {"2019-12-31": "-92.50000", "2018-12-31": "386.90000", "2017-12-31": "", "2016-12-31": "130.00000", "2015-12-31": "", "2014-12-31": "", "2013-12-31": "", "2012-12-31": "", "2011-12-31": "", "2010-12-31": "-99.90000", "2009-12-31": "-1393.60000", "2008-12-31": "1330.30000", "2007-12-31": "162.90000", "2006-12-31": "", "2005-12-31": ""}, "Net Current Debt": {"2019-12-31": "-569.20000", "2018-12-31": "732.50000", "2017-12-31": "", "2016-12-31": "", "2015-12-31": "70.70000", "2014-12-31": "-750.00000", "2013-12-31": "-1.30000", "2012-12-31": "747.70000", "2011-12-31": "-420.50000", "2010-12-31": "308.00000", "2009-12-31": "493.50000", "2008-12-31": "1599.00000", "2007-12-31": "", "2006-12-31": "", "2005-12-31": ""}, "Debt Issuance/Retirement Net - Total": {"2019-12-31": "-661.70000", "2018-12-31": "1119.40000", "2017-12-31": "", "2016-12-31": "130.00000", "2015-12-31": "70.70000", "2014-12-31": "-750.00000", "2013-12-31": "-1.30000", "2012-12-31": "747.70000", "2011-12-31": "-420.50000", "2010-12-31": "208.10000", "2009-12-31": "-900.10000", "2008-12-31": "2929.30000", "2007-12-31": "162.90000", "2006-12-31": "", "2005-12-31": ""}, "Net Common Equity Issued/Repurchased": {"2019-12-31": "", "2018-12-31": "", "2017-12-31": "", "2016-12-31": "51.80000", "2015-12-31": "64.00000", "2014-12-31": "53.30000", "2013-12-31": "73.70000", "2012-12-31": "22.10000", "2011-12-31": "-214.60000", "2010-12-31": "44.40000", "2009-12-31": "-6.60000", "2008-12-31": "-203.50000", "2007-12-31": "-908.90000", "2006-12-31": "16.43200", "2005-12-31": "7.32900"}, "Net Total Equity Issued/Repurchased": {"2019-12-31": "", "2018-12-31": "", "2017-12-31": "", "2016-12-31": "51.80000", "2015-12-31": "64.00000", "2014-12-31": "53.30000", "2013-12-31": "73.70000", "2012-12-31": "22.10000", "2011-12-31": "-214.60000", "2010-12-31": "44.40000", "2009-12-31": "-6.60000", "2008-12-31": "-203.50000", "2007-12-31": "-908.90000", "2006-12-31": "16.43200", "2005-12-31": "7.32900"}, "Total Common And Preferred Stock Dividends Paid": {"2019-12-31": "-1695.90000", "2018-12-31": "-2149.90000", "2017-12-31": "-1993.50000", "2016-12-31": "-1787.20000", "2015-12-31": "-1343.40000", "2014-12-31": "-1496.80000", "2013-12-31": "-599.10000", "2012-12-31": "-1224.30000", "2011-12-31": "-372.80000", "2010-12-31": "-305.30000", "2009-12-31": "-305.60000", "2008-12-31": "-615.20000", "2007-12-31": "-151.60000", "2006-12-31": "-87.53700", "2005-12-31": "-63.26000"}, "Financial Activities - Other": {"2019-12-31": "16.80000", "2018-12-31": "-49.50000", "2017-12-31": "8.20000", "2016-12-31": "-15.10000", "2015-12-31": "-15.20000", "2014-12-31": "-2.40000", "2013-12-31": "-79.30000", "2012-12-31": "6.10000", "2011-12-31": "2.30000", "2010-12-31": "-600.60000", "2009-12-31": "-452.90000", "2008-12-31": "-106.10000", "2007-12-31": "37.70000", "2006-12-31": "43.88200", "2005-12-31": "43.36100"}, "Cash Flow From Financial Activities": {"2019-12-31": "-2340.80000", "2018-12-31": "-1080.00000", "2017-12-31": "-1985.30000", "2016-12-31": "-1620.50000", "2015-12-31": "-1223.90000", "2014-12-31": "-2195.90000", "2013-12-31": "-606.00000", "2012-12-31": "-448.40000", "2011-12-31": "-1005.60000", "2010-12-31": "-653.40000", "2009-12-31": "-1665.20000", "2008-12-31": "2004.50000", "2007-12-31": "-859.90000", "2006-12-31": "-27.22300", "2005-12-31": "-12.57000"}, "Net Cash Flow": {"2019-12-31": "179.40000", "2018-12-31": "-528.80000", "2017-12-31": "-54.30000", "2016-12-31": "165.20000", "2015-12-31": "326.50000", "2014-12-31": "-1103.60000", "2013-12-31": "865.00000", "2012-12-31": "562.40000", "2011-12-31": "187.10000", "2010-12-31": "594.60000", "2009-12-31": "-37.30000", "2008-12-31": "-547.40000", "2007-12-31": "-124.20000", "2006-12-31": "358.61300", "2005-12-31": "253.32900"}, "Stock-Based Compensation": {"2019-12-31": "73.10000", "2018-12-31": "96.50000", "2017-12-31": "58.00000", "2016-12-31": "66.20000", "2015-12-31": "60.80000", "2014-12-31": "54.80000", "2013-12-31": "54.40000", "2012-12-31": "61.40000", "2011-12-31": "51.30000", "2010-12-31": "40.90000", "2009-12-31": "33.40000", "2008-12-31": "37.60000", "2007-12-31": "22.90000", "2006-12-31": "16.35900", "2005-12-31": "12.63600"}, "Common Stock Dividends Paid": {"2019-12-31": "-1695.90000", "2018-12-31": "-2149.90000", "2017-12-31": "-1993.50000", "2016-12-31": "-1787.20000", "2015-12-31": "-1343.40000", "2014-12-31": "-1496.80000", "2013-12-31": "-599.10000", "2012-12-31": "-1224.30000", "2011-12-31": "-372.80000", "2010-12-31": "-305.30000", "2009-12-31": "-305.60000", "2008-12-31": "-615.20000", "2007-12-31": "-151.60000", "2006-12-31": "-87.53700", "2005-12-31": "-63.26000"}}, "cash flow statement, quarterly": {"Net Income/Loss": {"2020-09-30": 411.5, "2020-06-30": 503.3, "2020-03-31": "766.80000", "2019-12-31": 469, "2019-09-30": 636.3, "2019-06-30": 514.6, "2019-03-31": "495.90000", "2018-12-31": 387, "2018-09-30": 411.8, "2018-06-30": 566.1, "2018-03-31": "598.80000", "2017-12-31": 2939.2, "2017-09-30": 308.6, "2017-06-30": 415.8, "2017-03-31": "399.80000", "2016-12-31": 373.4, "2016-09-30": 472.8, "2016-06-30": 320.1, "2016-03-31": "367.80000", "2015-12-31": 291.7, "2015-09-30": 359.9, "2015-06-30": 265, "2015-03-31": "330.40000", "2014-12-31": 306.5, "2014-09-30": 290, "2014-06-30": 263.8, "2014-03-31": "266.60000", "2013-12-31": 193.1, "2013-09-30": 236.3, "2013-06-30": 311.3, "2013-03-31": "237.40000", "2012-12-31": 168.1, "2012-09-30": 218.9, "2012-06-30": 253.4, "2012-03-31": "266.30000", "2011-12-31": 746.7, "2011-09-30": 315, "2011-06-30": 295.6, "2011-03-31": "457.10000", "2010-12-31": 196.4, "2010-09-30": 244.3, "2010-06-30": 271.2, "2010-03-31": "240.20000", "2009-12-31": 202.6, "2009-09-30": 202.3, "2009-06-30": 221.8, "2009-03-31": "199.10000", "2008-12-31": 62.1, "2008-09-30": 168.7, "2008-06-30": 201.2, "2008-03-31": "283.50000", "2007-12-31": 201.025, "2007-09-30": 201.572, "2007-06-30": 125.875, "2007-03-31": "130.02800", "2006-12-31": 102.602, "2006-09-30": 103.8, "2006-06-30": 109.533, "2006-03-31": "91.41300", "2005-12-31": 76.28, "2005-09-30": 77.466, "2005-06-30": 82.226, "2005-03-31": "70.88500"}, "Total Depreciation And Amortization - Cash Flow": {"2020-09-30": 118, "2020-06-30": 113.3, "2020-03-31": "112.60000", "2019-12-31": 116.1, "2019-09-30": 121.2, "2019-06-30": 122.4, "2019-03-31": "113.60000", "2018-12-31": 91.9, "2018-09-30": 53.9, "2018-06-30": 51.1, "2018-03-31": "51.80000", "2017-12-31": 51.6, "2017-09-30": 50.7, "2017-06-30": 52.8, "2017-03-31": "53.40000", "2016-12-31": 57.8, "2016-09-30": 55.2, "2016-06-30": 54.4, "2016-03-31": "57.90000", "2015-12-31": 56.3, "2015-09-30": 57.3, "2015-06-30": 58.3, "2015-03-31": "56.70000", "2014-12-31": 56.4, "2014-09-30": 58, "2014-06-30": 59.5, "2014-03-31": "59.30000", "2013-12-31": 59.9, "2013-09-30": 60.6, "2013-06-30": 59.1, "2013-03-31": "58.50000", "2012-12-31": 59.8, "2012-09-30": 60.7, "2012-06-30": 64.9, "2012-03-31": "67.70000", "2011-12-31": 62.3, "2011-09-30": 66.3, "2011-06-30": 65.8, "2011-03-31": "66.10000", "2010-12-31": 86, "2010-09-30": 66.9, "2010-06-30": 66.4, "2010-03-31": "64.10000", "2009-12-31": 64.6, "2009-09-30": 64.2, "2009-06-30": 62.2, "2009-03-31": "73.10000", "2008-12-31": 75.9, "2008-09-30": 80.6, "2008-06-30": 53.1, "2008-03-31": "50.20000", "2007-12-31": 51.833, "2007-09-30": 49.126, "2007-06-30": 20.54, "2007-03-31": "20.20100", "2006-12-31": 20.02, "2006-09-30": 19.164, "2006-06-30": 18.184, "2006-03-31": "17.95500", "2005-12-31": 17.729, "2005-09-30": 18.002, "2005-06-30": 16.894, "2005-03-31": "15.59600"}, "Other Non-Cash Items": {"2020-09-30": 31.5, "2020-06-30": 8.4, "2020-03-31": "31.90000", "2019-12-31": 1, "2019-09-30": 27.8, "2019-06-30": 64.7, "2019-03-31": "12.90000", "2018-12-31": 123.1, "2018-09-30": 61.4, "2018-06-30": -34, "2018-03-31": "16.90000", "2017-12-31": -2554, "2017-09-30": 110.2, "2017-06-30": 14.3, "2017-03-31": "14.10000", "2016-12-31": 5.2, "2016-09-30": -121.4, "2016-06-30": 28.9, "2016-03-31": "46.90000", "2015-12-31": 51.1, "2015-09-30": 12.6, "2015-06-30": 107.1, "2015-03-31": "18.50000", "2014-12-31": 60.3, "2014-09-30": 40.1, "2014-06-30": -3.3, "2014-03-31": "28.00000", "2013-12-31": -3.7, "2013-09-30": 65.3, "2013-06-30": 6.4, "2013-03-31": "5.50000", "2012-12-31": 27.2, "2012-09-30": 25.2, "2012-06-30": 20.6, "2012-03-31": "-4.10000", "2011-12-31": -491.2, "2011-09-30": 34.6, "2011-06-30": 4.4, "2011-03-31": "-139.00000", "2010-12-31": 56.4, "2010-09-30": -0.6, "2010-06-30": 21, "2010-03-31": "3.60000", "2009-12-31": 3.4, "2009-09-30": 14.8, "2009-06-30": 6.5, "2009-03-31": "0.30000", "2008-12-31": 206, "2008-09-30": 58.4, "2008-06-30": 18.6, "2008-03-31": "-31.20000", "2007-12-31": -1.672, "2007-09-30": 2.806, "2007-06-30": 3.151, "2007-03-31": "-0.38500", "2006-12-31": 4.263, "2006-09-30": 2.058, "2006-06-30": 1.292, "2006-03-31": "-9.46200", "2005-12-31": 3.092, "2005-09-30": 2.369, "2005-06-30": 1.496, "2005-03-31": "5.48500"}, "Total Non-Cash Items": {"2020-09-30": 149.5, "2020-06-30": 121.7, "2020-03-31": "144.50000", "2019-12-31": 117.1, "2019-09-30": 149, "2019-06-30": 187.1, "2019-03-31": "126.50000", "2018-12-31": 215, "2018-09-30": 115.3, "2018-06-30": 17.1, "2018-03-31": "68.70000", "2017-12-31": -2502.4, "2017-09-30": 160.9, "2017-06-30": 67.1, "2017-03-31": "67.50000", "2016-12-31": 63, "2016-09-30": -66.2, "2016-06-30": 83.3, "2016-03-31": "104.80000", "2015-12-31": 107.4, "2015-09-30": 69.9, "2015-06-30": 165.4, "2015-03-31": "75.20000", "2014-12-31": 116.7, "2014-09-30": 98.1, "2014-06-30": 56.2, "2014-03-31": "87.30000", "2013-12-31": 56.2, "2013-09-30": 125.9, "2013-06-30": 65.5, "2013-03-31": "64.00000", "2012-12-31": 87, "2012-09-30": 85.9, "2012-06-30": 85.5, "2012-03-31": "63.60000", "2011-12-31": -428.9, "2011-09-30": 100.9, "2011-06-30": 70.2, "2011-03-31": "-72.90000", "2010-12-31": 142.4, "2010-09-30": 66.3, "2010-06-30": 87.4, "2010-03-31": "67.70000", "2009-12-31": 68, "2009-09-30": 79, "2009-06-30": 68.7, "2009-03-31": "73.40000", "2008-12-31": 281.8999, "2008-09-30": 139, "2008-06-30": 71.7, "2008-03-31": "19.00000", "2007-12-31": 50.161, "2007-09-30": 51.932, "2007-06-30": 23.691, "2007-03-31": "19.81600", "2006-12-31": 24.283, "2006-09-30": 21.222, "2006-06-30": 19.476, "2006-03-31": "8.49300", "2005-12-31": 20.821, "2005-09-30": 20.371, "2005-06-30": 18.39, "2005-03-31": "21.08100"}, "Change In Accounts Receivable": {"2020-09-30": 41.7, "2020-06-30": 267, "2020-03-31": "-309.50000", "2019-12-31": 53.4, "2019-09-30": 47.8, "2019-06-30": -34.9, "2019-03-31": "-5.50000", "2018-12-31": -37.6, "2018-09-30": 47.1, "2018-06-30": 10, "2018-03-31": "-85.00000", "2017-12-31": 29.8, "2017-09-30": 26.8, "2017-06-30": 10.9, "2017-03-31": "-61.50000", "2016-12-31": 10.6, "2016-09-30": 52.4, "2016-06-30": -37.8, "2016-03-31": "-33.30000", "2015-12-31": 5, "2015-09-30": 36.1, "2015-06-30": -16.6, "2015-03-31": "-41.80000", "2014-12-31": 3.4, "2014-09-30": -10, "2014-06-30": 10, "2014-03-31": "-41.90000", "2013-12-31": 9.5, "2013-09-30": 47.1, "2013-06-30": -50, "2013-03-31": "-42.10000", "2012-12-31": 32.1, "2012-09-30": 41.2, "2012-06-30": -3.3, "2012-03-31": "-70.30000", "2011-12-31": 59.3, "2011-09-30": 15.5, "2011-06-30": 8.4, "2011-03-31": "-96.40000", "2010-12-31": 35.2, "2010-09-30": 1.1, "2010-06-30": -16.7, "2010-03-31": "-48.30000", "2009-12-31": 15.8, "2009-09-30": 18.1, "2009-06-30": -3.2, "2009-03-31": "-45.10000", "2008-12-31": 107.2, "2008-09-30": 15.9, "2008-06-30": 13.1, "2008-03-31": "-54.90000", "2007-12-31": 10.977, "2007-09-30": -23.567, "2007-06-30": 3.778, "2007-03-31": "-41.08800", "2006-12-31": 4.877, "2006-09-30": 2.929, "2006-06-30": -14.841, "2006-03-31": "-28.84300", "2005-12-31": 16.654, "2005-09-30": -7.002, "2005-06-30": -1.338, "2005-03-31": "-19.94800"}, "Change In Inventories": {"2020-09-30": 0, "2020-06-30": 0, "2020-03-31": "", "2019-12-31": 0, "2019-09-30": 0, "2019-06-30": 0, "2019-03-31": "", "2018-12-31": 0, "2018-09-30": 0, "2018-06-30": 0, "2018-03-31": "", "2017-12-31": 0, "2017-09-30": 0, "2017-06-30": 0, "2017-03-31": "", "2016-12-31": 0, "2016-09-30": 0, "2016-06-30": 0, "2016-03-31": "", "2015-12-31": 0, "2015-09-30": 0, "2015-06-30": 0, "2015-03-31": "", "2014-12-31": 0, "2014-09-30": 0, "2014-06-30": 0, "2014-03-31": "", "2013-12-31": 0, "2013-09-30": 0, "2013-06-30": 0, "2013-03-31": "", "2012-12-31": 0, "2012-09-30": 0, "2012-06-30": 0, "2012-03-31": "", "2011-12-31": 0, "2011-09-30": 0, "2011-06-30": 0, "2011-03-31": "", "2010-12-31": 0, "2010-09-30": 0, "2010-06-30": 0, "2010-03-31": "", "2009-12-31": 0, "2009-09-30": 0, "2009-06-30": 0, "2009-03-31": "", "2008-12-31": 0, "2008-09-30": 0, "2008-06-30": 0, "2008-03-31": "", "2007-12-31": 0, "2007-09-30": 0, "2007-06-30": 0, "2007-03-31": "", "2006-12-31": 0, "2006-09-30": 0, "2006-06-30": 0, "2006-03-31": "", "2005-12-31": 0, "2005-09-30": 0, "2005-06-30": 0, "2005-03-31": ""}, "Change In Accounts Payable": {"2020-09-30": 11.5, "2020-06-30": 13.7, "2020-03-31": "12.40000", "2019-12-31": 0.3, "2019-09-30": 9.9, "2019-06-30": -13.7, "2019-03-31": "-50.60000", "2018-12-31": 9.8, "2018-09-30": 26, "2018-06-30": 2.9, "2018-03-31": "-6.40000", "2017-12-31": -4.9, "2017-09-30": 10.7, "2017-06-30": -12.9, "2017-03-31": "12.20000", "2016-12-31": -8.3, "2016-09-30": -1.1, "2016-06-30": 3.3, "2016-03-31": "3.50000", "2015-12-31": -9.5, "2015-09-30": 16.1, "2015-06-30": -11.8, "2015-03-31": "-3.00000", "2014-12-31": 1.9, "2014-09-30": 2.9, "2014-06-30": -11, "2014-03-31": "6.90000", "2013-12-31": -4.8, "2013-09-30": 4, "2013-06-30": 5.7, "2013-03-31": "-10.40000", "2012-12-31": -2.8, "2012-09-30": 5.5, "2012-06-30": 10.6, "2012-03-31": "-2.10000", "2011-12-31": -9.7, "2011-09-30": 1.1, "2011-06-30": -18.7, "2011-03-31": "6.30000", "2010-12-31": 8.1, "2010-09-30": 6.2, "2010-06-30": 2.2, "2010-03-31": "-10.40000", "2009-12-31": 10.6, "2009-09-30": -2.4, "2009-06-30": -8, "2009-03-31": "-24.50000", "2008-12-31": 17.9, "2008-09-30": 2.1, "2008-06-30": 11.4, "2008-03-31": "-7.40000", "2007-12-31": 6.148, "2007-09-30": -1.82, "2007-06-30": -5.131, "2007-03-31": "5.40300", "2006-12-31": -0.264, "2006-09-30": 2.075, "2006-06-30": 6.96, "2006-03-31": "-7.15000", "2005-12-31": 5.998, "2005-09-30": -8.938, "2005-06-30": 5.01, "2005-03-31": "-1.56200"}, "Change In Assets/Liabilities": {"2020-09-30": 11.6, "2020-06-30": -26.8, "2020-03-31": "-43.20000", "2019-12-31": 23.3, "2019-09-30": 23.8, "2019-06-30": -9.5, "2019-03-31": "-38.40000", "2018-12-31": -96.2, "2018-09-30": -9.6, "2018-06-30": 20.5, "2018-03-31": "-15.90000", "2017-12-31": -91, "2017-09-30": -12.1, "2017-06-30": 49.8, "2017-03-31": "-66.70000", "2016-12-31": 21.7, "2016-09-30": -13.3, "2016-06-30": 46.1, "2016-03-31": "-91.30000", "2015-12-31": 3.1, "2015-09-30": -3.9, "2015-06-30": 61.4, "2015-03-31": "-91.00000", "2014-12-31": 38.2, "2014-09-30": -32.9, "2014-06-30": 14, "2014-03-31": "-69.70000", "2013-12-31": 58.5, "2013-09-30": -169.1, "2013-06-30": 156.1, "2013-03-31": "-4.40000", "2012-12-31": -6.8, "2012-09-30": -91.2, "2012-06-30": 42.7, "2012-03-31": "-36.50000", "2011-12-31": -18.4, "2011-09-30": -0.5, "2011-06-30": 22.8, "2011-03-31": "-89.10000", "2010-12-31": -3.9, "2010-09-30": 13.7, "2010-06-30": 81.7, "2010-03-31": "-39.40000", "2009-12-31": 35.7, "2009-09-30": 1.2, "2009-06-30": -7.5, "2009-03-31": "-36.30000", "2008-12-31": -89.1, "2008-09-30": -21.2, "2008-06-30": -6.3, "2008-03-31": "4.00000", "2007-12-31": 18.492, "2007-09-30": 20.579, "2007-06-30": 17.654, "2007-03-31": "-24.72500", "2006-12-31": -7.819, "2006-09-30": 18.704, "2006-06-30": -41.919, "2006-03-31": "51.90600", "2005-12-31": -19.156, "2005-09-30": 7.254, "2005-06-30": -22.347, "2005-03-31": "6.08700"}, "Total Change In Assets/Liabilities": {"2020-09-30": -256.2, "2020-06-30": 361.8, "2020-03-31": "-154.20000", "2019-12-31": 142.9, "2019-09-30": 15.6, "2019-06-30": -228, "2019-03-31": "46.80000", "2018-12-31": -89.6, "2018-09-30": 53.5, "2018-06-30": -60.4, "2018-03-31": "157.50000", "2017-12-31": 23.6, "2017-09-30": 37.8, "2017-06-30": -218.9, "2017-03-31": "52.10000", "2016-12-31": 63.2, "2016-09-30": 72.1, "2016-06-30": -179.7, "2016-03-31": "57.40000", "2015-12-31": -13.4, "2015-09-30": 33.7, "2015-06-30": -171.6, "2015-03-31": "13.30000", "2014-12-31": 79.3, "2014-09-30": -153.9, "2014-06-30": -147.1, "2014-03-31": "27.90000", "2013-12-31": 139.8, "2013-09-30": -239.6, "2013-06-30": -1.5, "2013-03-31": "92.10000", "2012-12-31": 71.1, "2012-09-30": -67.7, "2012-06-30": -78.4, "2012-03-31": "66.00000", "2011-12-31": 29.3, "2011-09-30": 6.9, "2011-06-30": -151.6, "2011-03-31": "-22.00000", "2010-12-31": 56.9, "2010-09-30": 0.7, "2010-06-30": -64.5, "2010-03-31": "48.80000", "2009-12-31": 74.2, "2009-09-30": 17.2, "2009-06-30": -107.4, "2009-03-31": "-15.80000", "2008-12-31": -9.7, "2008-09-30": 50.3, "2008-06-30": -145.1, "2008-03-31": "74.40000", "2007-12-31": -8.348, "2007-09-30": 57.266, "2007-06-30": -66.531, "2007-03-31": "27.91300", "2006-12-31": 1.053, "2006-09-30": 23.708, "2006-06-30": -49.8, "2006-03-31": "15.91300", "2005-12-31": 3.496, "2005-09-30": -8.686, "2005-06-30": -18.675, "2005-03-31": "-15.42300"}, "Cash Flow From Operating Activities": {"2020-09-30": 311.4, "2020-06-30": 986.8, "2020-03-31": "757.10000", "2019-12-31": 719.7, "2019-09-30": 810.2, "2019-06-30": 473.7, "2019-03-31": "669.20000", "2018-12-31": 510.4, "2018-09-30": 582.6, "2018-06-30": 522.8, "2018-03-31": "825.00000", "2017-12-31": 460.4, "2017-09-30": 507.3, "2017-06-30": 264, "2017-03-31": "519.40000", "2016-12-31": 499.6, "2016-09-30": 478.7, "2016-06-30": 223.7, "2016-03-31": "530.00000", "2015-12-31": 391.3, "2015-09-30": 463.5, "2015-06-30": 258.8, "2015-03-31": "418.90000", "2014-12-31": 502.5, "2014-09-30": 234.2, "2014-06-30": 171.7, "2014-03-31": "383.00000", "2013-12-31": 381.9, "2013-09-30": 129.8, "2013-06-30": 372.8, "2013-03-31": "396.00000", "2012-12-31": 322.5, "2012-09-30": 239.4, "2012-06-30": 262.2, "2012-03-31": "395.60000", "2011-12-31": 346.5, "2011-09-30": 423.7, "2011-06-30": 214, "2011-03-31": "362.10000", "2010-12-31": 396.6, "2010-09-30": 313.9, "2010-06-30": 293.4, "2010-03-31": "355.70000", "2009-12-31": 345.3, "2009-09-30": 299.4, "2009-06-30": 183.7, "2009-03-31": "254.70000", "2008-12-31": 334.5, "2008-09-30": 358, "2008-06-30": 127.8, "2008-03-31": "376.90000", "2007-12-31": 242.838, "2007-09-30": 310.77, "2007-06-30": 83.035, "2007-03-31": "177.75700", "2006-12-31": 127.938, "2006-09-30": 148.73, "2006-06-30": 79.209, "2006-03-31": "115.81900", "2005-12-31": 100.597, "2005-09-30": 89.151, "2005-06-30": 81.941, "2005-03-31": "76.54300"}, "Net Change In Property, Plant, And Equipment": {"2020-09-30": -48.3, "2020-06-30": -36.4, "2020-03-31": "-42.80000", "2019-12-31": -66.4, "2019-09-30": -57.6, "2019-06-30": -72.5, "2019-03-31": "-49.10000", "2018-12-31": -55.8, "2018-09-30": -31.3, "2018-06-30": -11.4, "2018-03-31": "-18.20000", "2017-12-31": -28.9, "2017-09-30": -15.4, "2017-06-30": -17.6, "2017-03-31": "-20.00000", "2016-12-31": -28.9, "2016-09-30": -23.3, "2016-06-30": -19.4, "2016-03-31": "-20.20000", "2015-12-31": -23.9, "2015-09-30": -29.6, "2015-06-30": -29.3, "2015-03-31": "-31.40000", "2014-12-31": -36.5, "2014-09-30": -26.8, "2014-06-30": -40.9, "2014-03-31": "-28.60000", "2013-12-31": 161.5, "2013-09-30": -38.9, "2013-06-30": -35.6, "2013-03-31": "-20.20000", "2012-12-31": -40.8, "2012-09-30": -40.3, "2012-06-30": 114.6, "2012-03-31": "-26.70000", "2011-12-31": -42.8, "2011-09-30": -41, "2011-06-30": -47, "2011-03-31": "-41.40000", "2010-12-31": -62.3, "2010-09-30": -43.9, "2010-06-30": -27.5, "2010-03-31": "-26.30000", "2009-12-31": -45, "2009-09-30": -33.9, "2009-06-30": -43.7, "2009-03-31": "-35.30000", "2008-12-31": -80.7, "2008-09-30": -42.1, "2008-06-30": -43.9, "2008-03-31": "-33.40000", "2007-12-31": -73.707, "2007-09-30": -39.922, "2007-06-30": -33.804, "2007-03-31": "-16.26700", "2006-12-31": -29.688, "2006-09-30": -18.644, "2006-06-30": -22.858, "2006-03-31": "-16.62000", "2005-12-31": -23.317, "2005-09-30": -19.196, "2005-06-30": -27.302, "2005-03-31": "-15.81200"}, "Net Change In Intangible Assets": {"2020-09-30": 0, "2020-06-30": 0, "2020-03-31": "", "2019-12-31": 0, "2019-09-30": 0, "2019-06-30": 0, "2019-03-31": "", "2018-12-31": 0, "2018-09-30": 0, "2018-06-30": 0, "2018-03-31": "", "2017-12-31": 0, "2017-09-30": 0, "2017-06-30": 0, "2017-03-31": "", "2016-12-31": 0, "2016-09-30": 0, "2016-06-30": 0, "2016-03-31": "", "2015-12-31": 0, "2015-09-30": 0, "2015-06-30": 0, "2015-03-31": "", "2014-12-31": 0, "2014-09-30": 0, "2014-06-30": 0, "2014-03-31": "", "2013-12-31": 0, "2013-09-30": 0, "2013-06-30": 0, "2013-03-31": "", "2012-12-31": 0, "2012-09-30": 0, "2012-06-30": 0, "2012-03-31": "", "2011-12-31": 0, "2011-09-30": 0, "2011-06-30": 0, "2011-03-31": "", "2010-12-31": 0, "2010-09-30": 0, "2010-06-30": 39.7, "2010-03-31": "", "2009-12-31": 0, "2009-09-30": 0, "2009-06-30": 0, "2009-03-31": "", "2008-12-31": 0, "2008-09-30": 0, "2008-06-30": 0, "2008-03-31": "", "2007-12-31": -0.05, "2007-09-30": -39.75, "2007-06-30": 0, "2007-03-31": "", "2006-12-31": 0, "2006-09-30": 0, "2006-06-30": 0, "2006-03-31": "", "2005-12-31": 0, "2005-09-30": 0, "2005-06-30": 0, "2005-03-31": ""}, "Net Acquisitions/Divestitures": {"2020-09-30": 0, "2020-06-30": 0, "2020-03-31": "", "2019-12-31": 89.6, "2019-09-30": 0, "2019-06-30": 0, "2019-03-31": "", "2018-12-31": -1774.7, "2018-09-30": 0, "2018-06-30": 0, "2018-03-31": "", "2017-12-31": 267.6, "2017-09-30": 0, "2017-06-30": 0, "2017-03-31": "", "2016-12-31": 0, "2016-09-30": 8.8, "2016-06-30": 0, "2016-03-31": "", "2015-12-31": 0, "2015-09-30": 0, "2015-06-30": 0, "2015-03-31": "", "2014-12-31": 0, "2014-09-30": 0, "2014-06-30": 0, "2014-03-31": "", "2013-12-31": 0, "2013-09-30": 0, "2013-06-30": 0, "2013-03-31": "", "2012-12-31": -162.9, "2012-09-30": 0, "2012-06-30": 0, "2012-03-31": "", "2011-12-31": 0, "2011-09-30": 0, "2011-06-30": 0, "2011-03-31": "", "2010-12-31": -25, "2010-09-30": 0, "2010-06-30": -0.7, "2010-03-31": "6.10000", "2009-12-31": 0, "2009-09-30": 0, "2009-06-30": 0, "2009-03-31": "", "2008-12-31": 0.1, "2008-09-30": -2770.4, "2008-06-30": -24.9, "2008-03-31": "-68.80000", "2007-12-31": -3.187, "2007-09-30": 116.187, "2007-06-30": 0, "2007-03-31": "", "2006-12-31": -2.957, "2006-09-30": -17.274, "2006-06-30": 0, "2006-03-31": "", "2005-12-31": -1.03, "2005-09-30": 0, "2005-06-30": 0, "2005-03-31": ""}, "Net Change In Short-term Investments": {"2020-09-30": -4.2, "2020-06-30": -2.8, "2020-03-31": "2.20000", "2019-12-31": 0.2, "2019-09-30": -0.1, "2019-06-30": -2.8, "2019-03-31": "6.10000", "2018-12-31": 0.2, "2018-09-30": 0.1, "2018-06-30": 0.7, "2018-03-31": "0.80000", "2017-12-31": -0.5, "2017-09-30": -0.7, "2017-06-30": 0.2, "2017-03-31": "0.50000", "2016-12-31": 0.6, "2016-09-30": -0.9, "2016-06-30": 0.2, "2016-03-31": "-4.10000", "2015-12-31": 9, "2015-09-30": 29.4, "2015-06-30": -0.1, "2015-03-31": "0.00000", "2014-12-31": 0, "2014-09-30": 0, "2014-06-30": 0, "2014-03-31": "-0.80000", "2013-12-31": 0, "2013-09-30": 0.7, "2013-06-30": 0, "2013-03-31": "-0.80000", "2012-12-31": 5.1, "2012-09-30": -17.4, "2012-06-30": 0.2, "2012-03-31": "9.10000", "2011-12-31": 0.2, "2011-09-30": 0.2, "2011-06-30": 0.3, "2011-03-31": "0.40000", "2010-12-31": 0.4, "2010-09-30": 0.3, "2010-06-30": 0.6, "2010-03-31": "0.40000", "2009-12-31": 50.7, "2009-09-30": 15.3, "2009-06-30": 150, "2009-03-31": "63.90000", "2008-12-31": -188.2, "2008-09-30": 20, "2008-06-30": 16.5, "2008-03-31": "49.20000", "2007-12-31": 18.521, "2007-09-30": -14.968, "2007-06-30": 18.429, "2007-03-31": "52.71800", "2006-12-31": 18.928, "2006-09-30": -10.742, "2006-06-30": 18.054, "2006-03-31": "17.74700", "2005-12-31": -51.204, "2005-09-30": 18.909, "2005-06-30": 18.771, "2005-03-31": "18.69200"}, "Net Change In Long-Term Investments": {"2020-09-30": 8.6, "2020-06-30": 2.7, "2020-03-31": "-2.40000", "2019-12-31": -39.3, "2019-09-30": 10.9, "2019-06-30": 34, "2019-03-31": "-5.60000", "2018-12-31": -20.4, "2018-09-30": 0, "2018-06-30": 20.4, "2018-03-31": "", "2017-12-31": -259.1, "2017-09-30": 12.1, "2017-06-30": -2, "2017-03-31": "243.70000", "2016-12-31": 145.8, "2016-09-30": -1.1, "2016-06-30": -0.8, "2016-03-31": "-3.00000", "2015-12-31": 54.1, "2015-09-30": -20, "2015-06-30": 52.7, "2015-03-31": "", "2014-12-31": -55, "2014-09-30": -10.5, "2014-06-30": 0, "2014-03-31": "", "2013-12-31": -4, "2013-09-30": 0, "2013-06-30": 0, "2013-03-31": "", "2012-12-31": 39.3, "2012-09-30": -39.3, "2012-06-30": -2.6, "2012-03-31": "-22.80000", "2011-12-31": 0, "2011-09-30": 0, "2011-06-30": 0, "2011-03-31": "", "2010-12-31": 47.2, "2010-09-30": -17.4, "2010-06-30": 0, "2010-03-31": "", "2009-12-31": -0.3, "2009-09-30": 0.1, "2009-06-30": 150.6, "2009-03-31": "272.40000", "2008-12-31": -12.2, "2008-09-30": 116.7, "2008-06-30": -2.2, "2008-03-31": "-2.40000", "2007-12-31": -4.548, "2007-09-30": 0, "2007-06-30": -1.997, "2007-03-31": "-12.45500", "2006-12-31": 0.001, "2006-09-30": -13.877, "2006-06-30": -0.071, "2006-03-31": "-1.14400", "2005-12-31": 0, "2005-09-30": 0, "2005-06-30": -0.844, "2005-03-31": ""}, "Net Change In Investments - Total": {"2020-09-30": 4.4, "2020-06-30": -0.1, "2020-03-31": "-0.20000", "2019-12-31": -39.1, "2019-09-30": 10.8, "2019-06-30": 31.2, "2019-03-31": "0.50000", "2018-12-31": -20.2, "2018-09-30": 0.1, "2018-06-30": 21.1, "2018-03-31": "0.80000", "2017-12-31": -259.6, "2017-09-30": 11.4, "2017-06-30": -1.8, "2017-03-31": "244.20000", "2016-12-31": 146.4, "2016-09-30": -2, "2016-06-30": -0.6, "2016-03-31": "-7.10000", "2015-12-31": 63.1, "2015-09-30": 9.4, "2015-06-30": 52.6, "2015-03-31": "0.00000", "2014-12-31": -55, "2014-09-30": -10.5, "2014-06-30": 0, "2014-03-31": "-0.80000", "2013-12-31": -4, "2013-09-30": 0.7, "2013-06-30": 0, "2013-03-31": "-0.80000", "2012-12-31": 44.4, "2012-09-30": -56.7, "2012-06-30": -2.4, "2012-03-31": "-13.70000", "2011-12-31": 0.2, "2011-09-30": 0.2, "2011-06-30": 0.3, "2011-03-31": "0.40000", "2010-12-31": 47.6, "2010-09-30": -17.1, "2010-06-30": 0.6, "2010-03-31": "0.40000", "2009-12-31": 50.4, "2009-09-30": 15.4, "2009-06-30": 300.6, "2009-03-31": "336.30000", "2008-12-31": -200.4, "2008-09-30": 136.7, "2008-06-30": 14.3, "2008-03-31": "46.80000", "2007-12-31": 13.973, "2007-09-30": -14.968, "2007-06-30": 16.432, "2007-03-31": "40.26300", "2006-12-31": 18.929, "2006-09-30": -24.619, "2006-06-30": 17.983, "2006-03-31": "16.60300", "2005-12-31": -51.204, "2005-09-30": 18.909, "2005-06-30": 17.927, "2005-03-31": "18.69200"}, "Investing Activities - Other": {"2020-09-30": 0, "2020-06-30": 0, "2020-03-31": "", "2019-12-31": 0, "2019-09-30": 0, "2019-06-30": 0, "2019-03-31": "", "2018-12-31": 0, "2018-09-30": 0, "2018-06-30": 0, "2018-03-31": "", "2017-12-31": 0, "2017-09-30": 0, "2017-06-30": 0, "2017-03-31": "", "2016-12-31": 0, "2016-09-30": 0, "2016-06-30": 0, "2016-03-31": "", "2015-12-31": 0, "2015-09-30": 0, "2015-06-30": 0, "2015-03-31": "7.00000", "2014-12-31": 0, "2014-09-30": 0, "2014-06-30": 0, "2014-03-31": "", "2013-12-31": 0, "2013-09-30": 127.8, "2013-06-30": 0, "2013-03-31": "", "2012-12-31": 0, "2012-09-30": -24.4, "2012-06-30": 0, "2012-03-31": "", "2011-12-31": 0, "2011-09-30": 0, "2011-06-30": 18.1, "2011-03-31": "-0.60000", "2010-12-31": -3.2, "2010-09-30": 0, "2010-06-30": 0, "2010-03-31": "", "2009-12-31": 0, "2009-09-30": 0, "2009-06-30": 0, "2009-03-31": "", "2008-12-31": -22.7, "2008-09-30": -600.9, "2008-06-30": -13.6, "2008-03-31": "-45.20000", "2007-12-31": -0.215, "2007-09-30": -23.007, "2007-06-30": -12.525, "2007-03-31": "-8.15300", "2006-12-31": -4.876, "2006-09-30": -0.873, "2006-06-30": -0.551, "2006-03-31": "-0.41500", "2005-12-31": 0.643, "2005-09-30": -0.372, "2005-06-30": -0.214, "2005-03-31": "-0.05700"}, "Cash Flow From Investing Activities": {"2020-09-30": -43.9, "2020-06-30": -36.5, "2020-03-31": "-43.00000", "2019-12-31": -15.9, "2019-09-30": -46.8, "2019-06-30": -41.3, "2019-03-31": "-48.60000", "2018-12-31": -1850.7, "2018-09-30": -31.2, "2018-06-30": 9.7, "2018-03-31": "-17.40000", "2017-12-31": -20.9, "2017-09-30": -4, "2017-06-30": -19.4, "2017-03-31": "224.20000", "2016-12-31": 117.5, "2016-09-30": -16.5, "2016-06-30": -20, "2016-03-31": "-27.30000", "2015-12-31": 39.2, "2015-09-30": -20.2, "2015-06-30": 23.3, "2015-03-31": "-24.40000", "2014-12-31": -91.5, "2014-09-30": -37.3, "2014-06-30": -40.9, "2014-03-31": "-29.40000", "2013-12-31": 157.5, "2013-09-30": 89.6, "2013-06-30": -35.6, "2013-03-31": "-21.00000", "2012-12-31": -159.3, "2012-09-30": -121.4, "2012-06-30": 112.2, "2012-03-31": "-40.40000", "2011-12-31": -42.6, "2011-09-30": -40.8, "2011-06-30": -28.6, "2011-03-31": "-41.60000", "2010-12-31": -42.9, "2010-09-30": -61, "2010-06-30": 12.1, "2010-03-31": "-19.80000", "2009-12-31": 5.4, "2009-09-30": -18.5, "2009-06-30": 256.9, "2009-03-31": "301.00000", "2008-12-31": -303.7, "2008-09-30": -3276.7, "2008-06-30": -68.1, "2008-03-31": "-100.60000", "2007-12-31": -63.186, "2007-09-30": -1.46, "2007-06-30": -29.897, "2007-03-31": "15.84300", "2006-12-31": -18.592, "2006-09-30": -61.41, "2006-06-30": -5.426, "2006-03-31": "-0.43200", "2005-12-31": -74.908, "2005-09-30": -0.659, "2005-06-30": -9.589, "2005-03-31": "2.82300"}, "Net Long-Term Debt": {"2020-09-30": -304.6, "2020-06-30": 204.6, "2020-03-31": "-204.60000", "2019-12-31": 437.8, "2019-09-30": 38.9, "2019-06-30": -462.3, "2019-03-31": "-106.90000", "2018-12-31": -798.4, "2018-09-30": -1.9, "2018-06-30": 1187.2, "2018-03-31": "", "2017-12-31": 0, "2017-09-30": 0, "2017-06-30": 0, "2017-03-31": "", "2016-12-31": 0, "2016-09-30": 0, "2016-06-30": 0, "2016-03-31": "130.00000", "2015-12-31": -70.7, "2015-09-30": 0, "2015-06-30": -673, "2015-03-31": "743.70000", "2014-12-31": 750, "2014-09-30": 0, "2014-06-30": 0, "2014-03-31": "-750.00000", "2013-12-31": 1.3, "2013-09-30": -1.3, "2013-06-30": 0, "2013-03-31": "", "2012-12-31": 0, "2012-09-30": 0, "2012-06-30": 0, "2012-03-31": "", "2011-12-31": 0, "2011-09-30": 0, "2011-06-30": 0, "2011-03-31": "", "2010-12-31": 0, "2010-09-30": 0, "2010-06-30": -299.9, "2010-03-31": "200.00000", "2009-12-31": -224.8, "2009-09-30": -199.9, "2009-06-30": -110.1, "2009-03-31": "-858.80000", "2008-12-31": 295.3, "2008-09-30": 1033.7, "2008-06-30": 0, "2008-03-31": "1.30000", "2007-12-31": -1.247, "2007-09-30": 164.147, "2007-06-30": 0, "2007-03-31": "", "2006-12-31": 0, "2006-09-30": 0, "2006-06-30": 0, "2006-03-31": "", "2005-12-31": 0, "2005-09-30": 0, "2005-06-30": 0, "2005-03-31": ""}, "Net Current Debt": {"2020-09-30": 304.6, "2020-06-30": -304.6, "2020-03-31": "", "2019-12-31": -569.2, "2019-09-30": -239.5, "2019-06-30": 239.5, "2019-03-31": "", "2018-12-31": 732.5, "2018-09-30": 0, "2018-06-30": 0, "2018-03-31": "", "2017-12-31": 0, "2017-09-30": 0, "2017-06-30": 0, "2017-03-31": "", "2016-12-31": 0, "2016-09-30": 0, "2016-06-30": 0, "2016-03-31": "", "2015-12-31": 70.7, "2015-09-30": 0, "2015-06-30": 0, "2015-03-31": "", "2014-12-31": -750, "2014-09-30": 0, "2014-06-30": 0, "2014-03-31": "", "2013-12-31": -1.3, "2013-09-30": 0, "2013-06-30": 0, "2013-03-31": "", "2012-12-31": 0, "2012-09-30": 747.7, "2012-06-30": 0, "2012-03-31": "", "2011-12-31": 0, "2011-09-30": 0, "2011-06-30": 0, "2011-03-31": "-420.50000", "2010-12-31": 0, "2010-09-30": -300, "2010-06-30": -0.4, "2010-03-31": "608.40000", "2009-12-31": 0, "2009-09-30": -250.3, "2009-06-30": -0.9, "2009-03-31": "744.70000", "2008-12-31": -2, "2008-09-30": 1601, "2008-06-30": 0, "2008-03-31": "", "2007-12-31": 0, "2007-09-30": 0, "2007-06-30": 0, "2007-03-31": "", "2006-12-31": 0, "2006-09-30": 0, "2006-06-30": 0, "2006-03-31": "", "2005-12-31": 0, "2005-09-30": 0, "2005-06-30": 0, "2005-03-31": ""}, "Debt Issuance/Retirement Net - Total": {"2020-09-30": 0, "2020-06-30": -100, "2020-03-31": "-204.60000", "2019-12-31": -131.4, "2019-09-30": -200.6, "2019-06-30": -222.8, "2019-03-31": "-106.90000", "2018-12-31": -65.9, "2018-09-30": -1.9, "2018-06-30": 1187.2, "2018-03-31": "", "2017-12-31": 0, "2017-09-30": 0, "2017-06-30": 0, "2017-03-31": "", "2016-12-31": 0, "2016-09-30": 0, "2016-06-30": 0, "2016-03-31": "130.00000", "2015-12-31": 0, "2015-09-30": 0, "2015-06-30": -673, "2015-03-31": "743.70000", "2014-12-31": 0, "2014-09-30": 0, "2014-06-30": 0, "2014-03-31": "-750.00000", "2013-12-31": 0, "2013-09-30": -1.3, "2013-06-30": 0, "2013-03-31": "", "2012-12-31": 0, "2012-09-30": 747.7, "2012-06-30": 0, "2012-03-31": "", "2011-12-31": 0, "2011-09-30": 0, "2011-06-30": 0, "2011-03-31": "-420.50000", "2010-12-31": 0, "2010-09-30": -300, "2010-06-30": -300.3, "2010-03-31": "808.40000", "2009-12-31": -224.8, "2009-09-30": -450.2, "2009-06-30": -111, "2009-03-31": "-114.10000", "2008-12-31": 293.3, "2008-09-30": 2634.7, "2008-06-30": 0, "2008-03-31": "1.30000", "2007-12-31": -1.247, "2007-09-30": 164.147, "2007-06-30": 0, "2007-03-31": "", "2006-12-31": 0, "2006-09-30": 0, "2006-06-30": 0, "2006-03-31": "", "2005-12-31": 0, "2005-09-30": 0, "2005-06-30": 0, "2005-03-31": ""}, "Net Common Equity Issued/Repurchased": {"2020-09-30": 0, "2020-06-30": 0, "2020-03-31": "", "2019-12-31": 0, "2019-09-30": 0, "2019-06-30": 0, "2019-03-31": "", "2018-12-31": 0, "2018-09-30": 0, "2018-06-30": 0, "2018-03-31": "", "2017-12-31": -30.4, "2017-09-30": 7.5, "2017-06-30": 12.4, "2017-03-31": "10.50000", "2016-12-31": 22.3, "2016-09-30": 9.5, "2016-06-30": 13.6, "2016-03-31": "6.40000", "2015-12-31": 12.2, "2015-09-30": 9.7, "2015-06-30": 13.5, "2015-03-31": "28.60000", "2014-12-31": 26.7, "2014-09-30": 15.1, "2014-06-30": 7, "2014-03-31": "4.50000", "2013-12-31": 20.1, "2013-09-30": 25.5, "2013-06-30": 15.3, "2013-03-31": "12.80000", "2012-12-31": 2.9, "2012-09-30": 7.7, "2012-06-30": 3.6, "2012-03-31": "7.90000", "2011-12-31": 0.6, "2011-09-30": -154.4, "2011-06-30": -64, "2011-03-31": "3.20000", "2010-12-31": 6, "2010-09-30": 329.7, "2010-06-30": -11.6, "2010-03-31": "-279.70000", "2009-12-31": 3.6, "2009-09-30": 2.4, "2009-06-30": 12, "2009-03-31": "-24.60000", "2008-12-31": -201.4, "2008-09-30": -7.2, "2008-06-30": 2.3, "2008-03-31": "2.80000", "2007-12-31": 14.586, "2007-09-30": -930.394, "2007-06-30": 5.007, "2007-03-31": "1.90100", "2006-12-31": 3.975, "2006-09-30": 5.394, "2006-06-30": 5.287, "2006-03-31": "1.77600", "2005-12-31": -2.026, "2005-09-30": 3.697, "2005-06-30": 4.166, "2005-03-31": "1.49200"}, "Net Total Equity Issued/Repurchased": {"2020-09-30": 0, "2020-06-30": 0, "2020-03-31": "", "2019-12-31": 0, "2019-09-30": 0, "2019-06-30": 0, "2019-03-31": "", "2018-12-31": 0, "2018-09-30": 0, "2018-06-30": 0, "2018-03-31": "", "2017-12-31": -30.4, "2017-09-30": 7.5, "2017-06-30": 12.4, "2017-03-31": "10.50000", "2016-12-31": 22.3, "2016-09-30": 9.5, "2016-06-30": 13.6, "2016-03-31": "6.40000", "2015-12-31": 12.2, "2015-09-30": 9.7, "2015-06-30": 13.5, "2015-03-31": "28.60000", "2014-12-31": 26.7, "2014-09-30": 15.1, "2014-06-30": 7, "2014-03-31": "4.50000", "2013-12-31": 20.1, "2013-09-30": 25.5, "2013-06-30": 15.3, "2013-03-31": "12.80000", "2012-12-31": 2.9, "2012-09-30": 7.7, "2012-06-30": 3.6, "2012-03-31": "7.90000", "2011-12-31": 0.6, "2011-09-30": -154.4, "2011-06-30": -64, "2011-03-31": "3.20000", "2010-12-31": 6, "2010-09-30": 329.7, "2010-06-30": -11.6, "2010-03-31": "-279.70000", "2009-12-31": 3.6, "2009-09-30": 2.4, "2009-06-30": 12, "2009-03-31": "-24.60000", "2008-12-31": -201.4, "2008-09-30": -7.2, "2008-06-30": 2.3, "2008-03-31": "2.80000", "2007-12-31": 14.586, "2007-09-30": -930.394, "2007-06-30": 5.007, "2007-03-31": "1.90100", "2006-12-31": 3.975, "2006-09-30": 5.394, "2006-06-30": 5.287, "2006-03-31": "1.77600", "2005-12-31": -2.026, "2005-09-30": 3.697, "2005-06-30": 4.166, "2005-03-31": "1.49200"}, "Total Common And Preferred Stock Dividends Paid": {"2020-09-30": -304.1, "2020-06-30": -304, "2020-03-31": "-1197.60000", "2019-12-31": -268.1, "2019-09-30": -267.9, "2019-06-30": -267.8, "2019-03-31": "-892.10000", "2018-12-31": -249.8, "2018-09-30": -237.6, "2018-06-30": -237.7, "2018-03-31": "-1424.80000", "2017-12-31": -223.9, "2017-09-30": -223.5, "2017-06-30": -223.5, "2017-03-31": "-1322.60000", "2016-12-31": -202.9, "2016-09-30": -202.6, "2016-06-30": -202.4, "2016-03-31": "-1179.30000", "2015-12-31": -168.5, "2015-09-30": -168.2, "2015-06-30": -167.9, "2015-03-31": "-838.80000", "2014-12-31": -157.6, "2014-09-30": -157.1, "2014-06-30": -157.1, "2014-03-31": "-1025.00000", "2013-12-31": -149.5, "2013-09-30": -149.8, "2013-06-30": -150.4, "2013-03-31": "-149.40000", "2012-12-31": -580, "2012-09-30": -150.1, "2012-06-30": -147.7, "2012-03-31": "-346.50000", "2011-12-31": -92.2, "2011-09-30": -93.1, "2011-06-30": -93.9, "2011-03-31": "-93.60000", "2010-12-31": -77, "2010-09-30": -76.8, "2010-06-30": -75.6, "2010-03-31": "-75.90000", "2009-12-31": -76.6, "2009-09-30": -76.4, "2009-06-30": -76.3, "2009-03-31": "-76.30000", "2008-12-31": -412.5, "2008-09-30": -77.4, "2008-06-30": -62.7, "2008-03-31": "-62.60000", "2007-12-31": -45.851, "2007-09-30": -45.732, "2007-06-30": -30.022, "2007-03-31": "-29.99500", "2006-12-31": -21.958, "2006-09-30": -21.92, "2006-06-30": -21.845, "2006-03-31": "-21.81400", "2005-12-31": -15.882, "2005-09-30": -15.842, "2005-06-30": -15.783, "2005-03-31": "-15.75300"}, "Financial Activities - Other": {"2020-09-30": -36.6, "2020-06-30": 7.4, "2020-03-31": "-11.70000", "2019-12-31": 36.2, "2019-09-30": -21.7, "2019-06-30": 1, "2019-03-31": "1.30000", "2018-12-31": 3.5, "2018-09-30": -18, "2018-06-30": -24.5, "2018-03-31": "-10.50000", "2017-12-31": 37.5, "2017-09-30": -18.4, "2017-06-30": 0.7, "2017-03-31": "-11.60000", "2016-12-31": 0.8, "2016-09-30": -9.7, "2016-06-30": 0.2, "2016-03-31": "-6.40000", "2015-12-31": -15.9, "2015-09-30": -1.5, "2015-06-30": 1.5, "2015-03-31": "0.70000", "2014-12-31": -1.9, "2014-09-30": -4.3, "2014-06-30": 2.9, "2014-03-31": "0.90000", "2013-12-31": -5.3, "2013-09-30": 3.2, "2013-06-30": -77.5, "2013-03-31": "0.30000", "2012-12-31": 1.7, "2012-09-30": 0.4, "2012-06-30": 1.2, "2012-03-31": "2.80000", "2011-12-31": 0.7, "2011-09-30": 0.3, "2011-06-30": 1.4, "2011-03-31": "-0.10000", "2010-12-31": 4.3, "2010-09-30": -1.2, "2010-06-30": 1.4, "2010-03-31": "-605.10000", "2009-12-31": 3.6, "2009-09-30": -1.3, "2009-06-30": -155.8, "2009-03-31": "-299.40000", "2008-12-31": 5.3, "2008-09-30": -116.6, "2008-06-30": 1.9, "2008-03-31": "3.30000", "2007-12-31": 21.13, "2007-09-30": 4.756, "2007-06-30": 7.031, "2007-03-31": "4.78300", "2006-12-31": 9.517, "2006-09-30": 15.685, "2006-06-30": 9.238, "2006-03-31": "9.44200", "2005-12-31": 17.445, "2005-09-30": 10.35, "2005-06-30": 7.614, "2005-03-31": "7.95200"}, "Cash Flow From Financial Activities": {"2020-09-30": -340.7, "2020-06-30": -396.6, "2020-03-31": "-1413.90000", "2019-12-31": -363.3, "2019-09-30": -490.2, "2019-06-30": -489.6, "2019-03-31": "-997.70000", "2018-12-31": -312.2, "2018-09-30": -257.5, "2018-06-30": 925, "2018-03-31": "-1435.30000", "2017-12-31": -216.8, "2017-09-30": -234.4, "2017-06-30": -210.4, "2017-03-31": "-1323.70000", "2016-12-31": -179.8, "2016-09-30": -202.8, "2016-06-30": -188.6, "2016-03-31": "-1049.30000", "2015-12-31": -172.2, "2015-09-30": -160, "2015-06-30": -825.9, "2015-03-31": "-65.80000", "2014-12-31": -132.8, "2014-09-30": -146.3, "2014-06-30": -147.2, "2014-03-31": "-1769.60000", "2013-12-31": -134.7, "2013-09-30": -122.4, "2013-06-30": -212.6, "2013-03-31": "-136.30000", "2012-12-31": -575.4, "2012-09-30": 605.7, "2012-06-30": -142.9, "2012-03-31": "-335.80000", "2011-12-31": -90.9, "2011-09-30": -247.2, "2011-06-30": -156.5, "2011-03-31": "-511.00000", "2010-12-31": -66.7, "2010-09-30": -48.3, "2010-06-30": -386.1, "2010-03-31": "-152.30000", "2009-12-31": -294.2, "2009-09-30": -525.5, "2009-06-30": -331.1, "2009-03-31": "-514.40000", "2008-12-31": -315.3, "2008-09-30": 2433.5, "2008-06-30": -58.5, "2008-03-31": "-55.20000", "2007-12-31": -11.382, "2007-09-30": -807.223, "2007-06-30": -17.984, "2007-03-31": "-23.31100", "2006-12-31": -8.466, "2006-09-30": -0.841, "2006-06-30": -7.32, "2006-03-31": "-10.59600", "2005-12-31": -0.463, "2005-09-30": -1.795, "2005-06-30": -4.003, "2005-03-31": "-6.30900"}, "Net Cash Flow": {"2020-09-30": -73.2, "2020-06-30": 553.7, "2020-03-31": "-699.80000", "2019-12-31": 340.5, "2019-09-30": 273.2, "2019-06-30": -57.2, "2019-03-31": "-377.10000", "2018-12-31": -1652.5, "2018-09-30": 293.9, "2018-06-30": 1457.5, "2018-03-31": "-627.70000", "2017-12-31": 222.7, "2017-09-30": 268.9, "2017-06-30": 34.2, "2017-03-31": "-580.10000", "2016-12-31": 437.3, "2016-09-30": 259.4, "2016-06-30": 15.1, "2016-03-31": "-546.60000", "2015-12-31": 258.3, "2015-09-30": 283.3, "2015-06-30": -543.8, "2015-03-31": "328.70000", "2014-12-31": 278.2, "2014-09-30": 50.6, "2014-06-30": -16.4, "2014-03-31": "-1416.00000", "2013-12-31": 404.7, "2013-09-30": 97, "2013-06-30": 124.6, "2013-03-31": "238.70000", "2012-12-31": -412.2, "2012-09-30": 723.7, "2012-06-30": 231.5, "2012-03-31": "19.40000", "2011-12-31": 213, "2011-09-30": 135.7, "2011-06-30": 28.9, "2011-03-31": "-190.50000", "2010-12-31": 287, "2010-09-30": 204.6, "2010-06-30": -80.6, "2010-03-31": "183.60000", "2009-12-31": 56.5, "2009-09-30": -244.6, "2009-06-30": 109.5, "2009-03-31": "41.30000", "2008-12-31": -284.5, "2008-09-30": -485.2, "2008-06-30": 1.2, "2008-03-31": "221.10000", "2007-12-31": 168.27, "2007-09-30": -497.913, "2007-06-30": 35.154, "2007-03-31": "170.28900", "2006-12-31": 100.88, "2006-09-30": 86.479, "2006-06-30": 66.463, "2006-03-31": "104.79100", "2005-12-31": 25.226, "2005-09-30": 86.697, "2005-06-30": 68.349, "2005-03-31": "73.05700"}, "Stock-Based Compensation": {"2020-09-30": 23.8, "2020-06-30": 22.4, "2020-03-31": "23.10000", "2019-12-31": 2.3, "2019-09-30": 14.4, "2019-06-30": 38.1, "2019-03-31": "18.30000", "2018-12-31": 46, "2018-09-30": 16.6, "2018-06-30": 16.2, "2018-03-31": "17.70000", "2017-12-31": 15.2, "2017-09-30": 15.1, "2017-06-30": 12.8, "2017-03-31": "14.90000", "2016-12-31": 23.9, "2016-09-30": 12.3, "2016-06-30": 14, "2016-03-31": "16.00000", "2015-12-31": 15.6, "2015-09-30": 11.5, "2015-06-30": 19, "2015-03-31": "14.70000", "2014-12-31": 13.9, "2014-09-30": 14.5, "2014-06-30": 13.2, "2014-03-31": "13.20000", "2013-12-31": 14, "2013-09-30": 14.4, "2013-06-30": 13.6, "2013-03-31": "12.40000", "2012-12-31": 12.6, "2012-09-30": 13.8, "2012-06-30": 20.7, "2012-03-31": "14.30000", "2011-12-31": 13.8, "2011-09-30": 12.8, "2011-06-30": 12.7, "2011-03-31": "12.00000", "2010-12-31": 13, "2010-09-30": 9, "2010-06-30": 9.6, "2010-03-31": "9.30000", "2009-12-31": 9.8, "2009-09-30": 6.7, "2009-06-30": 8.3, "2009-03-31": "8.60000", "2008-12-31": 11.3, "2008-09-30": 13.6, "2008-06-30": 6.4, "2008-03-31": "6.30000", "2007-12-31": 6.681, "2007-09-30": 6.706, "2007-06-30": 4.996, "2007-03-31": "4.51700", "2006-12-31": 4.763, "2006-09-30": 4.729, "2006-06-30": 3.54, "2006-03-31": "3.32700", "2005-12-31": 3.842, "2005-09-30": 3.68, "2005-06-30": 2.741, "2005-03-31": "2.37300"}, "Common Stock Dividends Paid": {"2020-09-30": -304.1, "2020-06-30": -304, "2020-03-31": "-1197.60000", "2019-12-31": -268.1, "2019-09-30": -267.9, "2019-06-30": -267.8, "2019-03-31": "-892.10000", "2018-12-31": -249.8, "2018-09-30": -237.6, "2018-06-30": -237.7, "2018-03-31": "-1424.80000", "2017-12-31": -223.9, "2017-09-30": -223.5, "2017-06-30": -223.5, "2017-03-31": "-1322.60000", "2016-12-31": -202.9, "2016-09-30": -202.6, "2016-06-30": -202.4, "2016-03-31": "-1179.30000", "2015-12-31": -168.5, "2015-09-30": -168.2, "2015-06-30": -167.9, "2015-03-31": "-838.80000", "2014-12-31": -157.6, "2014-09-30": -157.1, "2014-06-30": -157.1, "2014-03-31": "-1025.00000", "2013-12-31": -149.5, "2013-09-30": -149.8, "2013-06-30": -150.4, "2013-03-31": "-149.40000", "2012-12-31": -580, "2012-09-30": -150.1, "2012-06-30": -147.7, "2012-03-31": "-346.50000", "2011-12-31": -92.2, "2011-09-30": -93.1, "2011-06-30": -93.9, "2011-03-31": "-93.60000", "2010-12-31": -77, "2010-09-30": -76.8, "2010-06-30": -75.6, "2010-03-31": "-75.90000", "2009-12-31": -76.6, "2009-09-30": -76.4, "2009-06-30": -76.3, "2009-03-31": "-76.30000", "2008-12-31": -412.5, "2008-09-30": -77.4, "2008-06-30": -62.7, "2008-03-31": "-62.60000", "2007-12-31": -45.851, "2007-09-30": -45.732, "2007-06-30": -30.022, "2007-03-31": "-29.99500", "2006-12-31": -21.958, "2006-09-30": -21.92, "2006-06-30": -21.845, "2006-03-31": "-21.81400", "2005-12-31": -15.882, "2005-09-30": -15.842, "2005-06-30": -15.783, "2005-03-31": "-15.75300"}}, "financial ratios": {"Current Ratio": {"2019-12-31": "1.02710", "2018-12-31": "1.01490", "2017-12-31": "1.02700", "2016-12-31": "1.02790", "2015-12-31": "1.02930", "2014-12-31": "1.02440", "2013-12-31": "1.04700", "2012-12-31": "1.14450", "2011-12-31": "1.13840", "2010-12-31": "1.12680", "2009-12-31": "1.02690", "2008-12-31": "1.02510", "2007-12-31": "1.22350", "2006-12-31": "1.46950", "2005-12-31": "1.33690"}, "Long-term Debt / Capital": {"2019-12-31": "0.12520", "2018-12-31": "0.12850", "2017-12-31": "0.09060", "2016-12-31": "0.09880", "2015-12-31": "0.09790", "2014-12-31": "0.09150", "2013-12-31": "0.09060", "2012-12-31": "0.08950", "2011-12-31": "0.08900", "2010-12-31": "0.09500", "2009-12-31": "0.09450", "2008-12-31": "0.13700", "2007-12-31": "", "2006-12-31": "", "2005-12-31": ""}, "Debt/Equity Ratio": {"2019-12-31": "0.14310", "2018-12-31": "0.16950", "2017-12-31": "0.09960", "2016-12-31": "0.10970", "2015-12-31": "0.10850", "2014-12-31": "0.10070", "2013-12-31": "0.13500", "2012-12-31": "0.13330", "2011-12-31": "0.09780", "2010-12-31": "0.12590", "2009-12-31": "0.11990", "2008-12-31": "0.17210", "2007-12-31": "0.01340", "2006-12-31": "", "2005-12-31": ""}, "Gross Margin": {"2019-12-31": "100.00000", "2018-12-31": "100.00000", "2017-12-31": "100.00000", "2016-12-31": "100.00000", "2015-12-31": "100.00000", "2014-12-31": "100.00000", "2013-12-31": "100.00000", "2012-12-31": "100.00000", "2011-12-31": "100.00000", "2010-12-31": "100.00000", "2009-12-31": "100.00000", "2008-12-31": "100.00000", "2007-12-31": "100.00000", "2006-12-31": "100.00000", "2005-12-31": "100.00000"}, "Operating Margin": {"2019-12-31": "53.15940", "2018-12-31": "60.50960", "2017-12-31": "63.39620", "2016-12-31": "61.20660", "2015-12-31": "59.77820", "2014-12-31": "56.81610", "2013-12-31": "55.75040", "2012-12-31": "58.05260", "2011-12-31": "61.60760", "2010-12-31": "60.96150", "2009-12-31": "60.81980", "2008-12-31": "61.78060", "2007-12-31": "59.89980", "2006-12-31": "57.01770", "2005-12-31": "53.71590"}, "EBIT Margin": {"2019-12-31": "53.15940", "2018-12-31": "60.50960", "2017-12-31": "63.39620", "2016-12-31": "61.20660", "2015-12-31": "59.77820", "2014-12-31": "56.81610", "2013-12-31": "55.75040", "2012-12-31": "58.05260", "2011-12-31": "61.60760", "2010-12-31": "60.96150", "2009-12-31": "60.81980", "2008-12-31": "61.78060", "2007-12-31": "59.89980", "2006-12-31": "57.01770", "2005-12-31": "53.71590"}, "EBITDA Margin": {"2019-12-31": "62.88210", "2018-12-31": "66.28070", "2017-12-31": "69.11680", "2016-12-31": "67.47330", "2015-12-31": "66.64960", "2014-12-31": "64.30840", "2013-12-31": "63.85930", "2012-12-31": "66.73640", "2011-12-31": "69.54830", "2010-12-31": "70.39650", "2009-12-31": "70.92770", "2008-12-31": "71.92500", "2007-12-31": "67.96880", "2006-12-31": "63.92840", "2005-12-31": "61.38320"}, "Pre-Tax Profit Margin": {"2019-12-31": "55.25060", "2018-12-31": "64.45910", "2017-12-31": "69.31440", "2016-12-31": "63.62930", "2015-12-31": "58.81930", "2014-12-31": "56.91250", "2013-12-31": "54.52440", "2012-12-31": "58.10060", "2011-12-31": "59.02880", "2010-12-31": "57.32600", "2009-12-31": "55.01760", "2008-12-31": "48.73100", "2007-12-31": "62.39960", "2006-12-31": "61.62290", "2005-12-31": "57.13630"}, "Net Profit Margin": {"2019-12-31": "43.47780", "2018-12-31": "45.53300", "2017-12-31": "111.48790", "2016-12-31": "42.67080", "2015-12-31": "37.48350", "2014-12-31": "36.21210", "2013-12-31": "33.26640", "2012-12-31": "30.75210", "2011-12-31": "55.24290", "2010-12-31": "31.67430", "2009-12-31": "31.60590", "2008-12-31": "27.93830", "2007-12-31": "37.49790", "2006-12-31": "37.37320", "2005-12-31": "34.48740"}, "Asset Turnover": {"2019-12-31": "0.06470", "2018-12-31": "0.05560", "2017-12-31": "0.04810", "2016-12-31": "0.05180", "2015-12-31": "0.04940", "2014-12-31": "0.04310", "2013-12-31": "0.05410", "2012-12-31": "0.07500", "2011-12-31": "0.08050", "2010-12-31": "0.08570", "2009-12-31": "0.07330", "2008-12-31": "0.05320", "2007-12-31": "0.08650", "2006-12-31": "0.25310", "2005-12-31": "0.22420"}, "Inventory Turnover Ratio": {"2019-12-31": "", "2018-12-31": "", "2017-12-31": "", "2016-12-31": "", "2015-12-31": "", "2014-12-31": "", "2013-12-31": "", "2012-12-31": "", "2011-12-31": "", "2010-12-31": "", "2009-12-31": "", "2008-12-31": "", "2007-12-31": "", "2006-12-31": "", "2005-12-31": ""}, "Receiveable Turnover": {"2019-12-31": "9.89830", "2018-12-31": "7.78850", "2017-12-31": "10.13260", "2016-12-31": "9.86610", "2015-12-31": "9.29790", "2014-12-31": "9.12220", "2013-12-31": "9.70040", "2012-12-31": "10.89570", "2011-12-31": "11.33590", "2010-12-31": "10.09650", "2009-12-31": "10.52280", "2008-12-31": "10.94440", "2007-12-31": "9.36650", "2006-12-31": "8.99830", "2005-12-31": "10.47100"}, "Days Sales In Receivables": {"2019-12-31": "36.87490", "2018-12-31": "46.86370", "2017-12-31": "36.02230", "2016-12-31": "36.99540", "2015-12-31": "39.25600", "2014-12-31": "40.01220", "2013-12-31": "37.62750", "2012-12-31": "33.49950", "2011-12-31": "32.19870", "2010-12-31": "36.15130", "2009-12-31": "34.68670", "2008-12-31": "33.35030", "2007-12-31": "38.96860", "2006-12-31": "40.56320", "2005-12-31": "34.85810"}, "ROE - Return On Equity": {"2019-12-31": "8.08810", "2018-12-31": "7.56280", "2017-12-31": "18.13060", "2016-12-31": "7.54200", "2015-12-31": "6.06760", "2014-12-31": "5.38580", "2013-12-31": "4.62230", "2012-12-31": "4.23200", "2011-12-31": "8.41870", "2010-12-31": "4.74620", "2009-12-31": "4.27850", "2008-12-31": "3.82850", "2007-12-31": "5.35120", "2006-12-31": "26.81520", "2005-12-31": "27.43020"}, "Return On Tangible Equity": {"2019-12-31": "-30.76990", "2018-12-31": "-26.12900", "2017-12-31": "-86.84710", "2016-12-31": "-22.41070", "2015-12-31": "-18.52790", "2014-12-31": "-17.44910", "2013-12-31": "-15.46400", "2012-12-31": "-14.69290", "2011-12-31": "-26.74020", "2010-12-31": "-11.31120", "2009-12-31": "-9.74200", "2008-12-31": "-7.79240", "2007-12-31": "-26.05480", "2006-12-31": "27.25060", "2005-12-31": "27.43020"}, "ROA - Return On Assets": {"2019-12-31": "2.81300", "2018-12-31": "2.53460", "2017-12-31": "5.36130", "2016-12-31": "2.21150", "2015-12-31": "1.85130", "2014-12-31": "1.55990", "2013-12-31": "1.80200", "2012-12-31": "2.33310", "2011-12-31": "4.45160", "2010-12-31": "2.71670", "2009-12-31": "2.31630", "2008-12-31": "1.48570", "2007-12-31": "3.24290", "2006-12-31": "9.45890", "2005-12-31": "7.73060"}, "ROI - Return On Investment": {"2019-12-31": "7.07570", "2018-12-31": "6.59130", "2017-12-31": "16.48780", "2016-12-31": "6.79650", "2015-12-31": "5.47380", "2014-12-31": "4.89290", "2013-12-31": "4.20370", "2012-12-31": "3.85310", "2011-12-31": "7.66900", "2010-12-31": "4.29550", "2009-12-31": "3.87410", "2008-12-31": "3.30410", "2007-12-31": "5.35120", "2006-12-31": "26.81520", "2005-12-31": "27.43020"}, "Book Value Per Share": {"2019-12-31": "73.17860", "2018-12-31": "72.76720", "2017-12-31": "66.06570", "2016-12-31": "60.13640", "2015-12-31": "60.99530", "2014-12-31": "62.37350", "2013-12-31": "63.38230", "2012-12-31": "64.56490", "2011-12-31": "65.17950", "2010-12-31": "60.01530", "2009-12-31": "58.03590", "2008-12-31": "56.27400", "2007-12-31": "46.19150", "2006-12-31": "8.72060", "2005-12-31": "6.47610"}, "Operating Cash Flow Per Share": {"2019-12-31": 0.3601, "2018-12-31": 1.9539, "2017-12-31": 0.0372, "2016-12-31": 0.5743, "2015-12-31": 0.6927, "2014-12-31": 0.0134, "2013-12-31": 0.159, "2012-12-31": -0.3628, "2011-12-31": -0.0562, "2010-12-31": 0.8342, "2009-12-31": -0.8055, "2008-12-31": 0.3678, "2007-12-31": 1.0069, "2006-12-31": 0.6868, "2005-12-31": 1.9991}, "Free Cash Flow Per Share": {"2019-12-31": 0.0141, "2018-12-31": 1.8551, "2017-12-31": 0.0674, "2016-12-31": 0.6413, "2015-12-31": 0.7499, "2014-12-31": -0.5814, "2013-12-31": 0.3383, "2012-12-31": 0.1734, "2011-12-31": -0.0908, "2010-12-31": 0.8276, "2009-12-31": -0.6014, "2008-12-31": 0.4313, "2007-12-31": 0.7647, "2006-12-31": 0.6784, "2005-12-31": 1.5075}}, "financial ratios, quarterly": {"Current Ratio": {"2020-09-30": "1.01940", "2020-06-30": "1.01980", "2020-03-31": "1.01350", "2019-12-31": "1.02710", "2019-09-30": "1.04240", "2019-06-30": "1.04640", "2019-03-31": "1.03890", "2018-12-31": "1.01490", "2018-09-30": "1.08810", "2018-06-30": "1.08390", "2018-03-31": "1.04080", "2017-12-31": "1.02700", "2017-09-30": "1.04590", "2017-06-30": "1.03830", "2017-03-31": "1.03490", "2016-12-31": "1.02790", "2016-09-30": "1.05930", "2016-06-30": "1.04410", "2016-03-31": "1.03710", "2015-12-31": "1.02930", "2015-09-30": "1.03750", "2015-06-30": "1.03820", "2015-03-31": "1.04380", "2014-12-31": "1.02440", "2014-09-30": "1.04720", "2014-06-30": "1.06650", "2014-03-31": "1.05810", "2013-12-31": "1.04700", "2013-09-30": "1.10660", "2013-06-30": "1.04520", "2013-03-31": "1.04340", "2012-12-31": "1.14450", "2012-09-30": "1.19400", "2012-06-30": "1.23750", "2012-03-31": "1.15350", "2011-12-31": "1.13840", "2011-09-30": "1.14760", "2011-06-30": "1.22830", "2011-03-31": "1.22530", "2010-12-31": "1.12680", "2010-09-30": "1.10450", "2010-06-30": "1.06180", "2010-03-31": "1.06180", "2009-12-31": "1.02690", "2009-09-30": "1.02570", "2009-06-30": "1.05610", "2009-03-31": "1.04070", "2008-12-31": "1.02510", "2008-09-30": "0.99480", "2008-06-30": "1.85700", "2008-03-31": "1.45620", "2007-12-31": "1.22350", "2007-09-30": "1.20690", "2007-06-30": "1.42050", "2007-03-31": "1.42850", "2006-12-31": "1.46950", "2006-09-30": "1.58710", "2006-06-30": "1.53260", "2006-03-31": "1.32410", "2005-12-31": "1.33690", "2005-09-30": "1.46690", "2005-06-30": "1.33460", "2005-03-31": "1.30960"}, "Long-term Debt / Capital": {"2020-09-30": "0.11300", "2020-06-30": "0.11360", "2020-03-31": "0.11750", "2019-12-31": "0.12520", "2019-09-30": "0.12620", "2019-06-30": "0.13330", "2019-03-31": "0.14080", "2018-12-31": "0.12850", "2018-09-30": "0.12800", "2018-06-30": "0.12880", "2018-03-31": "0.08930", "2017-12-31": "0.09060", "2017-09-30": "0.09670", "2017-06-30": "0.09700", "2017-03-31": "0.09790", "2016-12-31": "0.09880", "2016-09-30": "0.09490", "2016-06-30": "0.09570", "2016-03-31": "0.09660", "2015-12-31": "0.09790", "2015-09-30": "0.09490", "2015-06-30": "0.09540", "2015-03-31": "0.11910", "2014-12-31": "0.09150", "2014-09-30": "0.08910", "2014-06-30": "0.08940", "2014-03-31": "0.09000", "2013-12-31": "0.09060", "2013-09-30": "0.08750", "2013-06-30": "0.05850", "2013-03-31": "0.05930", "2012-12-31": "0.08950", "2012-09-30": "0.08840", "2012-06-30": "0.08880", "2012-03-31": "0.08910", "2011-12-31": "0.08900", "2011-09-30": "0.09170", "2011-06-30": "0.09150", "2011-03-31": "0.09200", "2010-12-31": "0.09500", "2010-09-30": "0.09560", "2010-06-30": "0.11520", "2010-03-31": "0.12830", "2009-12-31": "0.09450", "2009-09-30": "0.10480", "2009-06-30": "0.12610", "2009-03-31": "0.13160", "2008-12-31": "0.13700", "2008-09-30": "0.11250", "2008-06-30": "", "2008-03-31": "", "2007-12-31": "", "2007-09-30": "", "2007-06-30": "", "2007-03-31": "", "2006-12-31": "", "2006-09-30": "", "2006-06-30": "", "2006-03-31": "", "2005-12-31": "", "2005-09-30": "", "2005-06-30": "", "2005-03-31": ""}, "Debt/Equity Ratio": {"2020-09-30": "0.12740", "2020-06-30": "0.12820", "2020-03-31": "0.13310", "2019-12-31": "0.14310", "2019-09-30": "0.14450", "2019-06-30": "0.15380", "2019-03-31": "0.16390", "2018-12-31": "0.16950", "2018-09-30": "0.14680", "2018-06-30": "0.14790", "2018-03-31": "0.09810", "2017-12-31": "0.09960", "2017-09-30": "0.10700", "2017-06-30": "0.10740", "2017-03-31": "0.10860", "2016-12-31": "0.10970", "2016-09-30": "0.10490", "2016-06-30": "0.10580", "2016-03-31": "0.10700", "2015-12-31": "0.10850", "2015-09-30": "0.10480", "2015-06-30": "0.10540", "2015-03-31": "0.13520", "2014-12-31": "0.10070", "2014-09-30": "0.09790", "2014-06-30": "0.09820", "2014-03-31": "0.09890", "2013-12-31": "0.13500", "2013-09-30": "0.13000", "2013-06-30": "0.13080", "2013-03-31": "0.13250", "2012-12-31": "0.13330", "2012-09-30": "0.13160", "2012-06-30": "0.09750", "2012-03-31": "0.09780", "2011-12-31": "0.09780", "2011-09-30": "0.10100", "2011-06-30": "0.10070", "2011-03-31": "0.10130", "2010-12-31": "0.12590", "2010-09-30": "0.12690", "2010-06-30": "0.14570", "2010-03-31": "0.16280", "2009-12-31": "0.11990", "2009-09-30": "0.13270", "2009-06-30": "0.15740", "2009-03-31": "0.16480", "2008-12-31": "0.17210", "2008-09-30": "0.15330", "2008-06-30": "0.01240", "2008-03-31": "0.01250", "2007-12-31": "0.01340", "2007-09-30": "0.01360", "2007-06-30": "", "2007-03-31": "", "2006-12-31": "", "2006-09-30": "", "2006-06-30": "", "2006-03-31": "", "2005-12-31": "", "2005-09-30": "", "2005-06-30": "0.00000", "2005-03-31": ""}, "Gross Margin": {"2020-09-30": "100.00000", "2020-06-30": "100.00000", "2020-03-31": "100.00000", "2019-12-31": "100.00000", "2019-09-30": "100.00000", "2019-06-30": "100.00000", "2019-03-31": "100.00000", "2018-12-31": "100.00000", "2018-09-30": "100.00000", "2018-06-30": "100.00000", "2018-03-31": "100.00000", "2017-12-31": "100.00000", "2017-09-30": "100.00000", "2017-06-30": "100.00000", "2017-03-31": "100.00000", "2016-12-31": "100.00000", "2016-09-30": "100.00000", "2016-06-30": "100.00000", "2016-03-31": "100.00000", "2015-12-31": "100.00000", "2015-09-30": "100.00000", "2015-06-30": "100.00000", "2015-03-31": "100.00000", "2014-12-31": "100.00000", "2014-09-30": "100.00000", "2014-06-30": "100.00000", "2014-03-31": "100.00000", "2013-12-31": "100.00000", "2013-09-30": "100.00000", "2013-06-30": "100.00000", "2013-03-31": "100.00000", "2012-12-31": "100.00000", "2012-09-30": "100.00000", "2012-06-30": "100.00000", "2012-03-31": "100.00000", "2011-12-31": "100.00000", "2011-09-30": "100.00000", "2011-06-30": "100.00000", "2011-03-31": "100.00000", "2010-12-31": "100.00000", "2010-09-30": "100.00000", "2010-06-30": "100.00000", "2010-03-31": "100.00000", "2009-12-31": "100.00000", "2009-09-30": "100.00000", "2009-06-30": "100.00000", "2009-03-31": "100.00000", "2008-12-31": "100.00000", "2008-09-30": "100.00000", "2008-06-30": "100.00000", "2008-03-31": "100.00000", "2007-12-31": "100.00000", "2007-09-30": "100.00000", "2007-06-30": "100.00000", "2007-03-31": "100.00000", "2006-12-31": "100.00000", "2006-09-30": "100.00000", "2006-06-30": "100.00000", "2006-03-31": "100.00000", "2005-12-31": "100.00000", "2005-09-30": "100.00000", "2005-06-30": "100.00000", "2005-03-31": "100.00000"}, "Operating Margin": {"2020-09-30": "48.57960", "2020-06-30": "53.92030", "2020-03-31": "63.06420", "2019-12-31": "50.33380", "2019-09-30": "53.64440", "2019-06-30": "54.89120", "2019-03-31": "53.49270", "2018-12-31": "52.55540", "2018-09-30": "60.81620", "2018-06-30": "62.93890", "2018-03-31": "66.80790", "2017-12-31": "59.65560", "2017-09-30": "63.71800", "2017-06-30": "65.45530", "2017-03-31": "64.66160", "2016-12-31": "58.93310", "2016-09-30": "62.40940", "2016-06-30": "62.14700", "2016-03-31": "61.43220", "2015-12-31": "57.74150", "2015-09-30": "60.73150", "2015-06-30": "60.37810", "2015-03-31": "60.19940", "2014-12-31": "56.05760", "2014-09-30": "56.45330", "2014-06-30": "56.31490", "2014-03-31": "58.46410", "2013-12-31": "47.04520", "2013-09-30": "56.04530", "2013-06-30": "62.22280", "2013-03-31": "56.42920", "2012-12-31": "56.83160", "2012-09-30": "57.96250", "2012-06-30": "58.95210", "2012-03-31": "58.24940", "2011-12-31": "53.00750", "2011-09-30": "65.44270", "2011-06-30": "63.76000", "2011-03-31": "63.02310", "2010-12-31": "60.06290", "2010-09-30": "60.39000", "2010-06-30": "63.28790", "2010-03-31": "59.82400", "2009-12-31": "60.29960", "2009-09-30": "61.71590", "2009-06-30": "61.56220", "2009-03-31": "59.71260", "2008-12-31": "60.40760", "2008-09-30": "61.78590", "2008-06-30": "61.02630", "2008-03-31": "63.97380", "2007-12-31": "59.23540", "2007-09-30": "61.10430", "2007-06-30": "58.43120", "2007-03-31": "60.36360", "2006-12-31": "56.44470", "2006-09-30": "57.16570", "2006-06-30": "59.10370", "2006-03-31": "55.15800", "2005-12-31": "55.28280", "2005-09-30": "53.02740", "2005-06-30": "54.00940", "2005-03-31": "52.76410"}, "EBIT Margin": {"2020-09-30": "48.57960", "2020-06-30": "53.92030", "2020-03-31": "63.06420", "2019-12-31": "50.33380", "2019-09-30": "53.64440", "2019-06-30": "54.89120", "2019-03-31": "53.49270", "2018-12-31": "52.55540", "2018-09-30": "60.81620", "2018-06-30": "62.93890", "2018-03-31": "66.80790", "2017-12-31": "59.65560", "2017-09-30": "63.71800", "2017-06-30": "65.45530", "2017-03-31": "64.66160", "2016-12-31": "58.93310", "2016-09-30": "62.40940", "2016-06-30": "62.14700", "2016-03-31": "61.43220", "2015-12-31": "57.74150", "2015-09-30": "60.73150", "2015-06-30": "60.37810", "2015-03-31": "60.19940", "2014-12-31": "56.05750", "2014-09-30": "56.45330", "2014-06-30": "56.31490", "2014-03-31": "58.46410", "2013-12-31": "47.04510", "2013-09-30": "56.04530", "2013-06-30": "62.22280", "2013-03-31": "56.42920", "2012-12-31": "56.83160", "2012-09-30": "57.96250", "2012-06-30": "58.95210", "2012-03-31": "58.24940", "2011-12-31": "53.00750", "2011-09-30": "65.44270", "2011-06-30": "63.76000", "2011-03-31": "63.02310", "2010-12-31": "60.06290", "2010-09-30": "60.39000", "2010-06-30": "63.28790", "2010-03-31": "59.82400", "2009-12-31": "60.29960", "2009-09-30": "61.71590", "2009-06-30": "61.56220", "2009-03-31": "59.71260", "2008-12-31": "60.40770", "2008-09-30": "61.78590", "2008-06-30": "61.02630", "2008-03-31": "63.97380", "2007-12-31": "59.23540", "2007-09-30": "61.10430", "2007-06-30": "58.43120", "2007-03-31": "60.36360", "2006-12-31": "56.44470", "2006-09-30": "57.16570", "2006-06-30": "59.10370", "2006-03-31": "55.15800", "2005-12-31": "43.16320", "2005-09-30": "53.02740", "2005-06-30": "59.19010", "2005-03-31": "57.10340"}, "EBITDA Margin": {"2020-09-30": "", "2020-06-30": "", "2020-03-31": "", "2019-12-31": "", "2019-09-30": "", "2019-06-30": "", "2019-03-31": "", "2018-12-31": "", "2018-09-30": "", "2018-06-30": "", "2018-03-31": "", "2017-12-31": "", "2017-09-30": "", "2017-06-30": "", "2017-03-31": "", "2016-12-31": "", "2016-09-30": "", "2016-06-30": "", "2016-03-31": "", "2015-12-31": "", "2015-09-30": "", "2015-06-30": "", "2015-03-31": "", "2014-12-31": "", "2014-09-30": "", "2014-06-30": "", "2014-03-31": "", "2013-12-31": "", "2013-09-30": "", "2013-06-30": "", "2013-03-31": "", "2012-12-31": "", "2012-09-30": "", "2012-06-30": "", "2012-03-31": "", "2011-12-31": "", "2011-09-30": "", "2011-06-30": "", "2011-03-31": "", "2010-12-31": "", "2010-09-30": "", "2010-06-30": "", "2010-03-31": "", "2009-12-31": "", "2009-09-30": "", "2009-06-30": "", "2009-03-31": "", "2008-12-31": "", "2008-09-30": "", "2008-06-30": "", "2008-03-31": "", "2007-12-31": "", "2007-09-30": "", "2007-06-30": "", "2007-03-31": "", "2006-12-31": "", "2006-09-30": "", "2006-06-30": "", "2006-03-31": "", "2005-12-31": "", "2005-09-30": "", "2005-06-30": "", "2005-03-31": ""}, "Pre-Tax Profit Margin": {"2020-09-30": "49.64380", "2020-06-30": "55.93340", "2020-03-31": "64.99570", "2019-12-31": "54.82260", "2019-09-30": "56.61940", "2019-06-30": "55.16620", "2019-03-31": "54.27260", "2018-12-31": "54.22120", "2018-09-30": "62.13230", "2018-06-30": "71.42320", "2018-03-31": "71.11810", "2017-12-31": "63.85560", "2017-09-30": "68.17470", "2017-06-30": "68.92710", "2017-03-31": "76.07880", "2016-12-31": "65.08930", "2016-09-30": "65.20140", "2016-06-30": "62.45590", "2016-03-31": "61.92460", "2015-12-31": "57.56940", "2015-09-30": "60.73150", "2015-06-30": "54.64630", "2015-03-31": "62.15740", "2014-12-31": "56.33100", "2014-09-30": "56.28280", "2014-06-30": "57.69550", "2014-03-31": "57.42220", "2013-12-31": "44.68700", "2013-09-30": "55.82140", "2013-06-30": "62.18600", "2013-03-31": "53.93820", "2012-12-31": "53.48770", "2012-09-30": "57.93330", "2012-06-30": "64.16640", "2012-03-31": "55.95150", "2011-12-31": "50.19690", "2011-09-30": "62.44570", "2011-06-30": "60.75390", "2011-03-31": "61.52000", "2010-12-31": "55.97490", "2010-09-30": "56.68120", "2010-06-30": "58.98760", "2010-03-31": "57.54470", "2009-12-31": "53.37830", "2009-09-30": "54.70480", "2009-06-30": "57.87280", "2009-03-31": "54.16470", "2008-12-31": "16.07400", "2008-09-30": "58.15830", "2008-06-30": "59.23300", "2008-03-31": "65.14160", "2007-12-31": "63.58190", "2007-09-30": "59.14840", "2007-06-30": "63.65570", "2007-03-31": "64.80200", "2006-12-31": "60.69610", "2006-09-30": "62.07170", "2006-06-30": "63.74500", "2006-03-31": "59.78980", "2005-12-31": "66.89550", "2005-09-30": "56.83990", "2005-06-30": "54.00930", "2005-03-31": "52.76410"}, "Net Profit Margin": {"2020-09-30": "38.09570", "2020-06-30": "42.56960", "2020-03-31": "50.33840", "2019-12-31": "41.24210", "2019-09-30": "49.81600", "2019-06-30": "40.37090", "2019-03-31": "42.12450", "2018-12-31": "31.17420", "2018-09-30": "45.54300", "2018-06-30": "53.42580", "2018-03-31": "53.99460", "2017-12-31": "326.57780", "2017-09-30": "34.64300", "2017-06-30": "44.97080", "2017-03-31": "43.02160", "2016-12-31": "40.90260", "2016-09-30": "56.17200", "2016-06-30": "35.31550", "2016-03-31": "39.37060", "2015-12-31": "35.84420", "2015-09-30": "42.32620", "2015-06-30": "32.31710", "2015-03-31": "39.20730", "2014-12-31": "36.44040", "2014-09-30": "38.03780", "2014-06-30": "36.05800", "2014-03-31": "34.31950", "2013-12-31": "28.10770", "2013-09-30": "33.12340", "2013-06-30": "38.13260", "2013-03-31": "32.81380", "2012-12-31": "25.23830", "2012-09-30": "31.90870", "2012-06-30": "30.77020", "2012-03-31": "34.41780", "2011-12-31": "101.27630", "2011-09-30": "36.15880", "2011-06-30": "35.03520", "2011-03-31": "54.90620", "2010-12-31": "25.70760", "2010-09-30": "33.31060", "2010-06-30": "33.25960", "2010-03-31": "34.65090", "2009-12-31": "30.35210", "2009-09-30": "31.10390", "2009-06-30": "34.23900", "2009-03-31": "30.76800", "2008-12-31": "8.97660", "2008-09-30": "24.77600", "2008-06-30": "35.72440", "2008-03-31": "45.35280", "2007-12-31": "37.96230", "2007-09-30": "35.66250", "2007-06-30": "38.25880", "2007-03-31": "39.12610", "2006-12-31": "36.47210", "2006-09-30": "37.78600", "2006-06-30": "38.81270", "2006-03-31": "36.31580", "2005-12-31": "40.58140", "2005-09-30": "34.32160", "2005-06-30": "32.60530", "2005-03-31": "31.65840"}, "Asset Turnover": {"2020-09-30": "0.00860", "2020-06-30": "0.01010", "2020-03-31": "0.01100", "2019-12-31": "0.01510", "2019-09-30": "0.01610", "2019-06-30": "0.01810", "2019-03-31": "0.01650", "2018-12-31": "0.01600", "2018-09-30": "0.01290", "2018-06-30": "0.01530", "2018-03-31": "0.01590", "2017-12-31": "0.01190", "2017-09-30": "0.01140", "2017-06-30": "0.01180", "2017-03-31": "0.01230", "2016-12-31": "0.01320", "2016-09-30": "0.01330", "2016-06-30": "0.01340", "2016-03-31": "0.01360", "2015-12-31": "0.01210", "2015-09-30": "0.01050", "2015-06-30": "0.01110", "2015-03-31": "0.01090", "2014-12-31": "0.01160", "2014-09-30": "0.01190", "2014-06-30": "0.01420", "2014-03-31": "0.01460", "2013-12-31": "0.01270", "2013-09-30": "0.01460", "2013-06-30": "0.01740", "2013-03-31": "0.01690", "2012-12-31": "0.01700", "2012-09-30": "0.01710", "2012-06-30": "0.02100", "2012-03-31": "0.01970", "2011-12-31": "0.01810", "2011-09-30": "0.02250", "2011-06-30": "0.02360", "2011-03-31": "0.02400", "2010-12-31": "0.02180", "2010-09-30": "0.02180", "2010-06-30": "0.02380", "2010-03-31": "0.01970", "2009-12-31": "0.01870", "2009-09-30": "0.01780", "2009-06-30": "0.01680", "2009-03-31": "0.01620", "2008-12-31": "0.01440", "2008-09-30": "0.01730", "2008-06-30": "0.03030", "2008-03-31": "0.03250", "2007-12-31": "0.02610", "2007-09-30": "0.02880", "2007-06-30": "0.06200", "2007-03-31": "0.06800", "2006-12-31": "0.06530", "2006-09-30": "0.07860", "2006-06-30": "0.08170", "2006-03-31": "0.05730", "2005-12-31": "0.04740", "2005-09-30": "0.07650", "2005-06-30": "0.07420", "2005-03-31": "0.06820"}, "Inventory Turnover Ratio": {"2020-09-30": "", "2020-06-30": "", "2020-03-31": "", "2019-12-31": "", "2019-09-30": "", "2019-06-30": "", "2019-03-31": "", "2018-12-31": "", "2018-09-30": "", "2018-06-30": "", "2018-03-31": "", "2017-12-31": "", "2017-09-30": "", "2017-06-30": "", "2017-03-31": "", "2016-12-31": "", "2016-09-30": "", "2016-06-30": "", "2016-03-31": "", "2015-12-31": "", "2015-09-30": "", "2015-06-30": "", "2015-03-31": "", "2014-12-31": "", "2014-09-30": "", "2014-06-30": "", "2014-03-31": "", "2013-12-31": "", "2013-09-30": "", "2013-06-30": "", "2013-03-31": "", "2012-12-31": "", "2012-09-30": "", "2012-06-30": "", "2012-03-31": "", "2011-12-31": "", "2011-09-30": "", "2011-06-30": "", "2011-03-31": "", "2010-12-31": "", "2010-09-30": "", "2010-06-30": "", "2010-03-31": "", "2009-12-31": "", "2009-09-30": "", "2009-06-30": "", "2009-03-31": "", "2008-12-31": "", "2008-09-30": "", "2008-06-30": "", "2008-03-31": "", "2007-12-31": "", "2007-09-30": "", "2007-06-30": "", "2007-03-31": "", "2006-12-31": "", "2006-09-30": "", "2006-06-30": "", "2006-03-31": "", "2005-12-31": "", "2005-09-30": "", "2005-06-30": "", "2005-03-31": ""}, "Receiveable Turnover": {"2020-09-30": "2.20150", "2020-06-30": "2.22200", "2020-03-31": "1.90330", "2019-12-31": "2.31480", "2019-09-30": "2.34070", "2019-06-30": "2.14370", "2019-03-31": "2.10830", "2018-12-31": "2.23500", "2018-09-30": "2.34070", "2018-06-30": "2.44200", "2018-03-31": "2.49720", "2017-12-31": "2.50210", "2017-09-30": "2.28230", "2017-06-30": "2.22050", "2017-03-31": "2.17840", "2016-12-31": "2.50520", "2016-09-30": "2.12710", "2016-06-30": "2.12270", "2016-03-31": "2.39970", "2015-12-31": "2.27450", "2015-09-30": "2.33730", "2015-06-30": "2.05050", "2015-03-31": "2.19800", "2014-12-31": "2.46510", "2014-09-30": "2.21110", "2014-06-30": "2.18450", "2014-03-31": "2.25590", "2013-12-31": "2.26960", "2013-09-30": "2.29110", "2013-06-30": "2.27260", "2013-03-31": "2.32410", "2012-12-31": "2.47070", "2012-09-30": "2.30110", "2012-06-30": "2.36240", "2012-03-31": "2.15170", "2011-12-31": "2.54490", "2011-09-30": "2.36590", "2011-06-30": "2.17290", "2011-03-31": "2.11070", "2010-12-31": "2.56540", "2010-09-30": "2.19980", "2010-06-30": "2.46040", "2010-03-31": "2.18740", "2009-12-31": "2.68830", "2009-09-30": "2.46360", "2009-06-30": "2.29390", "2009-03-31": "2.31520", "2008-12-31": "2.95640", "2008-09-30": "2.00300", "2008-06-30": "2.37290", "2008-03-31": "2.48070", "2007-12-31": "2.82440", "2007-09-30": "2.84240", "2007-06-30": "2.07840", "2007-03-31": "2.05040", "2006-12-31": "2.32250", "2006-09-30": "2.18030", "2006-06-30": "2.19300", "2006-03-31": "2.17030", "2005-12-31": "2.21210", "2005-09-30": "2.10570", "2005-06-30": "2.60320", "2005-03-31": "2.26230"}, "Days Sales In Receivables": {"2020-09-30": "40.88180", "2020-06-30": "40.50490", "2020-03-31": "47.28530", "2019-12-31": "38.88090", "2019-09-30": "38.45060", "2019-06-30": "41.98400", "2019-03-31": "42.68820", "2018-12-31": "40.26930", "2018-09-30": "38.45060", "2018-06-30": "36.85450", "2018-03-31": "36.04060", "2017-12-31": "35.97000", "2017-09-30": "39.43310", "2017-06-30": "40.53210", "2017-03-31": "41.31500", "2016-12-31": "35.92510", "2016-09-30": "42.31080", "2016-06-30": "42.39850", "2016-03-31": "37.50480", "2015-12-31": "39.56990", "2015-09-30": "38.50640", "2015-06-30": "43.89150", "2015-03-31": "40.94700", "2014-12-31": "36.50930", "2014-09-30": "40.70300", "2014-06-30": "41.19870", "2014-03-31": "39.89450", "2013-12-31": "39.65500", "2013-09-30": "39.28210", "2013-06-30": "39.60180", "2013-03-31": "38.72530", "2012-12-31": "36.42760", "2012-09-30": "39.11150", "2012-06-30": "38.09650", "2012-03-31": "41.82800", "2011-12-31": "35.36460", "2011-09-30": "38.04050", "2011-06-30": "41.41950", "2011-03-31": "42.64070", "2010-12-31": "35.08260", "2010-09-30": "40.91360", "2010-06-30": "36.57940", "2010-03-31": "41.14400", "2009-12-31": "33.47870", "2009-09-30": "36.53140", "2009-06-30": "39.23430", "2009-03-31": "38.87340", "2008-12-31": "30.44230", "2008-09-30": "44.93270", "2008-06-30": "37.92820", "2008-03-31": "36.27950", "2007-12-31": "31.86520", "2007-09-30": "31.66330", "2007-06-30": "43.30300", "2007-03-31": "43.89390", "2006-12-31": "38.75190", "2006-09-30": "41.27900", "2006-06-30": "41.03990", "2006-03-31": "41.46940", "2005-12-31": "40.68600", "2005-09-30": "42.74110", "2005-06-30": "34.57270", "2005-03-31": "39.78180"}, "ROE - Return On Equity": {"2020-09-30": "1.52350", "2020-06-30": "1.87530", "2020-03-31": "2.88280", "2019-12-31": "1.79290", "2019-09-30": "2.37310", "2019-06-30": "1.94300", "2019-03-31": "1.89370", "2018-12-31": "1.49050", "2018-09-30": "1.76770", "2018-06-30": "2.44810", "2018-03-31": "2.62950", "2017-12-31": "13.11450", "2017-09-30": "1.47910", "2017-06-30": "2.00130", "2017-03-31": "1.94510", "2016-12-31": "1.83570", "2016-09-30": "2.22340", "2016-06-30": "1.51890", "2016-03-31": "1.76480", "2015-12-31": "1.41930", "2015-09-30": "1.68360", "2015-06-30": "1.24650", "2015-03-31": "1.56620", "2014-12-31": "1.46490", "2014-09-30": "1.34650", "2014-06-30": "1.22900", "2014-03-31": "1.25110", "2013-12-31": "0.91250", "2013-09-30": "1.07520", "2013-06-30": "1.42440", "2013-03-31": "1.10130", "2012-12-31": "0.78460", "2012-09-30": "1.00830", "2012-06-30": "1.17210", "2012-03-31": "1.23580", "2011-12-31": "3.46460", "2011-09-30": "1.50980", "2011-06-30": "1.41420", "2011-03-31": "2.19890", "2010-12-31": "0.97910", "2010-09-30": "1.22760", "2010-06-30": "1.39910", "2010-03-31": "1.25170", "2009-12-31": "1.04970", "2009-09-30": "1.05750", "2009-06-30": "1.16850", "2009-03-31": "1.05910", "2008-12-31": "0.33230", "2008-09-30": "0.88660", "2008-06-30": "1.50960", "2008-03-31": "2.15150", "2007-12-31": "1.63360", "2007-09-30": "1.66430", "2007-06-30": "7.23110", "2007-03-31": "7.99780", "2006-12-31": "6.75420", "2006-09-30": "7.30430", "2006-06-30": "8.34960", "2006-03-31": "7.58500", "2005-12-31": "6.81870", "2005-09-30": "7.45530", "2005-06-30": "8.56140", "2005-03-31": "8.07430"}, "Return On Tangible Equity": {"2020-09-30": "-7.07710", "2020-06-30": "-8.37350", "2020-03-31": "-12.13870", "2019-12-31": "-6.82060", "2019-09-30": "-10.10390", "2019-06-30": "-7.57390", "2019-03-31": "-6.86870", "2018-12-31": "-5.14940", "2018-09-30": "-11.07880", "2018-06-30": "-14.44240", "2018-03-31": "-13.94470", "2017-12-31": "-62.81960", "2017-09-30": "-4.93730", "2017-06-30": "-6.53640", "2017-03-31": "-6.05030", "2016-12-31": "-5.45480", "2016-09-30": "-7.95250", "2016-06-30": "-5.19620", "2016-03-31": "-5.73180", "2015-12-31": "-4.33410", "2015-09-30": "-6.06890", "2015-06-30": "-4.36350", "2015-03-31": "-5.27690", "2014-12-31": "-4.74590", "2014-09-30": "-4.94080", "2014-06-30": "-4.41890", "2014-03-31": "-4.33470", "2013-12-31": "-3.05300", "2013-09-30": "-4.26330", "2013-06-30": "-5.46950", "2013-03-31": "-3.94590", "2012-12-31": "-2.72400", "2012-09-30": "-3.80730", "2012-06-30": "-4.34660", "2012-03-31": "-3.94140", "2011-12-31": "-11.00470", "2011-09-30": "-4.19640", "2011-06-30": "-3.94000", "2011-03-31": "-5.96850", "2010-12-31": "-2.33330", "2010-09-30": "-2.85110", "2010-06-30": "-2.97390", "2010-03-31": "-2.56570", "2009-12-31": "-2.39010", "2009-09-30": "-2.33120", "2009-06-30": "-2.51110", "2009-03-31": "-2.20360", "2008-12-31": "-0.67630", "2008-09-30": "-1.84600", "2008-06-30": "-12.80610", "2008-03-31": "-16.43150", "2007-12-31": "-7.95390", "2007-09-30": "-7.52410", "2007-06-30": "7.23110", "2007-03-31": "7.99780", "2006-12-31": "6.86380", "2006-09-30": "7.30430", "2006-06-30": "8.34960", "2006-03-31": "7.58500", "2005-12-31": "6.81870", "2005-09-30": "7.45530", "2005-06-30": "8.56140", "2005-03-31": "8.07430"}, "ROA - Return On Assets": {"2020-09-30": "0.32720", "2020-06-30": "0.42940", "2020-03-31": "0.55590", "2019-12-31": "0.62350", "2019-09-30": "0.80120", "2019-06-30": "0.73150", "2019-03-31": "0.69250", "2018-12-31": "0.49950", "2018-09-30": "0.58520", "2018-06-30": "0.81810", "2018-03-31": "0.85640", "2017-12-31": "3.87800", "2017-09-30": "0.39400", "2017-06-30": "0.52940", "2017-03-31": "0.52970", "2016-12-31": "0.53830", "2016-09-30": "0.74750", "2016-06-30": "0.47330", "2016-03-31": "0.53480", "2015-12-31": "0.43310", "2015-09-30": "0.44460", "2015-06-30": "0.35970", "2015-03-31": "0.42840", "2014-12-31": "0.42430", "2014-09-30": "0.45330", "2014-06-30": "0.51110", "2014-03-31": "0.50140", "2013-12-31": "0.35580", "2013-09-30": "0.48240", "2013-06-30": "0.66400", "2013-03-31": "0.55960", "2012-12-31": "0.43250", "2012-09-30": "0.54920", "2012-06-30": "0.66780", "2012-03-31": "0.67780", "2011-12-31": "1.83200", "2011-09-30": "0.81000", "2011-06-30": "0.83060", "2011-03-31": "1.31690", "2010-12-31": "0.56040", "2010-09-30": "0.72520", "2010-06-30": "0.79160", "2010-03-31": "0.68230", "2009-12-31": "0.56830", "2009-09-30": "0.55390", "2009-06-30": "0.57560", "2009-03-31": "0.49880", "2008-12-31": "0.12890", "2008-09-30": "0.42980", "2008-06-30": "1.08390", "2008-03-31": "1.47370", "2007-12-31": "0.99000", "2007-09-30": "1.02600", "2007-06-30": "2.37330", "2007-03-31": "2.66100", "2006-12-31": "2.38250", "2006-09-30": "2.96940", "2006-06-30": "3.17290", "2006-03-31": "2.08180", "2005-12-31": "1.92170", "2005-09-30": "2.62600", "2005-06-30": "2.42020", "2005-03-31": "2.15790"}, "ROI - Return On Investment": {"2020-09-30": "1.35130", "2020-06-30": "1.66220", "2020-03-31": "2.54430", "2019-12-31": "1.56840", "2019-09-30": "2.07350", "2019-06-30": "1.68400", "2019-03-31": "1.62700", "2018-12-31": "1.29900", "2018-09-30": "1.54140", "2018-06-30": "2.13280", "2018-03-31": "2.39460", "2017-12-31": "11.92620", "2017-09-30": "1.33610", "2017-06-30": "1.80710", "2017-03-31": "1.75460", "2016-12-31": "1.65430", "2016-09-30": "2.01230", "2016-06-30": "1.37360", "2016-03-31": "1.59420", "2015-12-31": "1.28040", "2015-09-30": "1.52380", "2015-06-30": "1.12770", "2015-03-31": "1.37970", "2014-12-31": "1.33080", "2014-09-30": "1.22650", "2014-06-30": "1.11910", "2014-03-31": "1.13850", "2013-12-31": "0.82990", "2013-09-30": "0.98110", "2013-06-30": "1.34110", "2013-03-31": "1.03610", "2012-12-31": "0.71440", "2012-09-30": "0.91920", "2012-06-30": "1.06800", "2012-03-31": "1.12570", "2011-12-31": "3.15610", "2011-09-30": "1.37130", "2011-06-30": "1.28480", "2011-03-31": "1.99670", "2010-12-31": "0.88610", "2010-09-30": "1.11020", "2010-06-30": "1.23790", "2010-03-31": "1.09110", "2009-12-31": "0.95050", "2009-09-30": "0.94670", "2009-06-30": "1.02120", "2009-03-31": "0.91970", "2008-12-31": "0.28680", "2008-09-30": "0.78680", "2008-06-30": "1.50960", "2008-03-31": "2.15150", "2007-12-31": "1.63360", "2007-09-30": "1.66430", "2007-06-30": "7.23110", "2007-03-31": "7.99780", "2006-12-31": "6.75420", "2006-09-30": "7.30430", "2006-06-30": "8.34960", "2006-03-31": "7.58500", "2005-12-31": "6.81870", "2005-09-30": "7.45530", "2005-06-30": "8.56140", "2005-03-31": "8.07430"}, "Book Value Per Share": {"2020-09-30": "75.44110", "2020-06-30": "75.02560", "2020-03-31": "74.36450", "2019-12-31": "73.17860", "2019-09-30": "75.01270", "2019-06-30": "74.15710", "2019-03-31": "73.34830", "2018-12-31": "72.76720", "2018-09-30": "68.54440", "2018-06-30": "68.10610", "2018-03-31": "67.08970", "2017-12-31": "66.06570", "2017-09-30": "61.52400", "2017-06-30": "61.34710", "2017-03-31": "60.71980", "2016-12-31": "60.13640", "2016-09-30": "62.91750", "2016-06-30": "62.45030", "2016-03-31": "61.80430", "2015-12-31": "60.99530", "2015-09-30": "63.48240", "2015-06-30": "63.23520", "2015-03-31": "62.79770", "2014-12-31": "62.37350", "2014-09-30": "64.29270", "2014-06-30": "64.21940", "2014-03-31": "63.80140", "2013-12-31": "63.38230", "2013-09-30": "65.91300", "2013-06-30": "65.70820", "2013-03-31": "64.89530", "2012-12-31": "64.56490", "2012-09-30": "65.44990", "2012-06-30": "65.26750", "2012-03-31": "65.10890", "2011-12-31": "65.17950", "2011-09-30": "63.11140", "2011-06-30": "62.70720", "2011-03-31": "62.18030", "2010-12-31": "60.01530", "2010-09-30": "59.58950", "2010-06-30": "59.10960", "2010-03-31": "58.50430", "2009-12-31": "58.03590", "2009-09-30": "57.62140", "2009-06-30": "57.19840", "2009-03-31": "56.70920", "2008-12-31": "56.27400", "2008-09-30": "56.72610", "2008-06-30": "48.89800", "2008-03-31": "48.36510", "2007-12-31": "46.19150", "2007-09-30": "45.55900", "2007-06-30": "9.97230", "2007-03-31": "9.32700", "2006-12-31": "8.72060", "2006-09-30": "8.17190", "2006-06-30": "7.56560", "2006-03-31": "6.96450", "2005-12-31": "6.47610", "2005-09-30": "6.03670", "2005-06-30": "5.59710", "2005-03-31": "5.13320"}, "Operating Cash Flow Per Share": {"2020-09-30": 0.8666, "2020-06-30": 2.7529, "2020-03-31": "2.11210", "2019-12-31": 2.0109, "2019-09-30": 2.2589, "2019-06-30": 1.3221, "2019-03-31": "1.86900", "2018-12-31": 1.4404, "2018-09-30": 1.7064, "2018-06-30": 1.5328, "2018-03-31": "2.42120", "2017-12-31": 1.3544, "2017-09-30": 1.4885, "2017-06-30": 0.7761, "2017-03-31": "1.52790", "2016-12-31": 1.4758, "2016-09-30": 1.4087, "2016-06-30": 0.6597, "2016-03-31": "1.56550", "2015-12-31": 1.1605, "2015-09-30": 1.3687, "2015-06-30": 0.7647, "2015-03-31": "1.24150", "2014-12-31": 1.496, "2014-09-30": 0.6948, "2014-06-30": 0.5108, "2014-03-31": "1.14110", "2013-12-31": 1.1443, "2013-09-30": 0.3837, "2013-06-30": 1.1134, "2013-03-31": "1.18790", "2012-12-31": 0.9716, "2012-09-30": 0.7183, "2012-06-30": 0.7883, "2012-03-31": "1.19210", "2011-12-31": 1.0337, "2011-09-30": 1.279, "2011-06-30": 0.6405, "2011-03-31": "1.07990", "2010-12-31": 1.2036, "2010-09-30": 0.9123, "2010-06-30": 0.9025, "2010-03-31": "1.07090", "2009-12-31": 1.0442, "2009-09-30": 0.8929, "2009-06-30": 0.5513, "2009-03-31": "0.76670", "2008-12-31": 1.189, "2008-09-30": 1.028, "2008-06-30": 0.4484, "2008-03-31": "1.39520", "2007-12-31": 1.4988, "2007-09-30": 0.714, "2007-06-30": 0.4708, "2007-03-31": "1.00920", "2006-12-31": 0.7301, "2006-09-30": 0.8444, "2006-06-30": 0.4504, "2006-03-31": "0.66100", "2005-12-31": 0.5796, "2005-09-30": 0.5079, "2005-06-30": 0.4707, "2005-03-31": "0.44090"}, "Free Cash Flow Per Share": {"2020-09-30": 0.732, "2020-06-30": 2.6514, "2020-03-31": "1.99270", "2019-12-31": 1.8255, "2019-09-30": 2.0983, "2019-06-30": 1.1197, "2019-03-31": "1.73190", "2018-12-31": 1.2795, "2018-09-30": 1.6147, "2018-06-30": 1.4994, "2018-03-31": "2.36770", "2017-12-31": 1.2694, "2017-09-30": 1.4434, "2017-06-30": 0.7243, "2017-03-31": "1.46910", "2016-12-31": 1.3904, "2016-09-30": 1.3401, "2016-06-30": 0.6025, "2016-03-31": "1.50580", "2015-12-31": 1.0896, "2015-09-30": 1.2814, "2015-06-30": 0.6781, "2015-03-31": "1.14840", "2014-12-31": 1.3873, "2014-09-30": 0.6154, "2014-06-30": 0.389, "2014-03-31": "1.05590", "2013-12-31": 1.627, "2013-09-30": 0.2677, "2013-06-30": 1.007, "2013-03-31": "1.12730", "2012-12-31": 0.8488, "2012-09-30": 0.5969, "2012-06-30": 1.1334, "2012-03-31": "1.11160", "2011-12-31": 0.9061, "2011-09-30": 1.1548, "2011-06-30": 0.5, "2011-03-31": "0.95640", "2010-12-31": 1.0152, "2010-09-30": 0.783, "2010-06-30": 0.8181, "2010-03-31": "0.99180", "2009-12-31": 0.9079, "2009-09-30": 0.7921, "2009-06-30": 0.42, "2009-03-31": "0.66050", "2008-12-31": 0.9078, "2008-09-30": 0.9129, "2008-06-30": 0.2896, "2008-03-31": "1.27160", "2007-12-31": 1.1021, "2007-09-30": 0.6526, "2007-06-30": 0.2791, "2007-03-31": "0.91680", "2006-12-31": 0.5608, "2006-09-30": 0.7387, "2006-06-30": 0.3203, "2006-03-31": "0.56610", "2005-12-31": 0.4452, "2005-09-30": 0.3987, "2005-06-30": 0.3137, "2005-03-31": "0.34990"}}, "revenue": {"CME Group Annual Revenue (Millions of US $)": {"2019": "$4,868", "2018": "$4,309", "2017": "$3,645", "2016": "$3,595", "2015": "$3,327", "2014": "$3,113", "2013": "$2,936", "2012": "$2,915", "2011": "$3,281", "2010": "$3,004", "2009": "$2,613", "2008": "$2,561", "2007": "$1,756", "2006": "$1,090", "2005": "$890"}, "CME Group Quarterly Revenue (Millions of US $)": {"2020-09-30": "$1,081", "2020-06-30": "$1,182", "2020-03-31": "$1,522", "2019-12-31": "$1,138", "2019-09-30": "$1,277", "2019-06-30": "$1,273", "2019-03-31": "$1,180", "2018-12-31": "$1,237", "2018-09-30": "$904", "2018-06-30": "$1,060", "2018-03-31": "$1,109", "2017-12-31": "$900", "2017-09-30": "$891", "2017-06-30": "$925", "2017-03-31": "$929", "2016-12-31": "$913", "2016-09-30": "$842", "2016-06-30": "$906", "2016-03-31": "$934", "2015-12-31": "$814", "2015-09-30": "$850", "2015-06-30": "$820", "2015-03-31": "$843", "2014-12-31": "$841", "2014-09-30": "$762", "2014-06-30": "$732", "2014-03-31": "$777", "2013-12-31": "$687", "2013-09-30": "$715", "2013-06-30": "$816", "2013-03-31": "$719", "2012-12-31": "$661", "2012-09-30": "$683", "2012-06-30": "$796", "2012-03-31": "$775", "2011-12-31": "$737", "2011-09-30": "$874", "2011-06-30": "$838", "2011-03-31": "$832", "2010-12-31": "$763", "2010-09-30": "$733", "2010-06-30": "$814", "2010-03-31": "$693", "2009-12-31": "$668", "2009-09-30": "$650", "2009-06-30": "$648", "2009-03-31": "$647", "2008-12-31": "$692", "2008-09-30": "$681", "2008-06-30": "$563", "2008-03-31": "$625", "2007-12-31": "$530", "2007-09-30": "$565", "2007-06-30": "$329", "2007-03-31": "$332", "2006-12-31": "$281", "2006-09-30": "$275", "2006-06-30": "$282", "2006-03-31": "$252", "2005-12-31": "$188", "2005-09-30": "$226", "2005-06-30": "$252", "2005-03-31": "$224"}}, "gross-profit": {"CME Group Annual Gross Profit (Millions of US $)": {"2019": "$4,868", "2018": "$4,309", "2017": "$3,645", "2016": "$3,595", "2015": "$3,327", "2014": "$3,113", "2013": "$2,936", "2012": "$2,915", "2011": "$3,281", "2010": "$3,004", "2009": "$2,613", "2008": "$2,561", "2007": "$1,756", "2006": "$1,090", "2005": "$890"}, "CME Group Quarterly Gross Profit (Millions of US $)": {"2020-09-30": "$1,081", "2020-06-30": "$1,182", "2020-03-31": "$1,522", "2019-12-31": "$1,138", "2019-09-30": "$1,277", "2019-06-30": "$1,273", "2019-03-31": "$1,180", "2018-12-31": "$1,237", "2018-09-30": "$904", "2018-06-30": "$1,060", "2018-03-31": "$1,109", "2017-12-31": "$900", "2017-09-30": "$891", "2017-06-30": "$925", "2017-03-31": "$929", "2016-12-31": "$913", "2016-09-30": "$842", "2016-06-30": "$906", "2016-03-31": "$934", "2015-12-31": "$814", "2015-09-30": "$850", "2015-06-30": "$820", "2015-03-31": "$843", "2014-12-31": "$841", "2014-09-30": "$762", "2014-06-30": "$732", "2014-03-31": "$777", "2013-12-31": "$687", "2013-09-30": "$715", "2013-06-30": "$816", "2013-03-31": "$719", "2012-12-31": "$661", "2012-09-30": "$683", "2012-06-30": "$796", "2012-03-31": "$775", "2011-12-31": "$737", "2011-09-30": "$874", "2011-06-30": "$838", "2011-03-31": "$832", "2010-12-31": "$763", "2010-09-30": "$733", "2010-06-30": "$814", "2010-03-31": "$693", "2009-12-31": "$668", "2009-09-30": "$650", "2009-06-30": "$648", "2009-03-31": "$647", "2008-12-31": "$692", "2008-09-30": "$681", "2008-06-30": "$563", "2008-03-31": "$625", "2007-12-31": "$530", "2007-09-30": "$565", "2007-06-30": "$329", "2007-03-31": "$332", "2006-12-31": "$281", "2006-09-30": "$275", "2006-06-30": "$282", "2006-03-31": "$252", "2005-12-31": "$188", "2005-09-30": "$226", "2005-06-30": "$252", "2005-03-31": "$224"}}, "operating-income": {"CME Group Annual Operating Income (Millions of US $)": {"2019": "$2,588", "2018": "$2,608", "2017": "$2,311", "2016": "$2,201", "2015": "$1,989", "2014": "$1,768", "2013": "$1,637", "2012": "$1,692", "2011": "$2,021", "2010": "$1,831", "2009": "$1,589", "2008": "$1,582", "2007": "$1,052", "2006": "$621", "2005": "$478"}, "CME Group Quarterly Operating Income (Millions of US $)": {"2020-09-30": "$525", "2020-06-30": "$638", "2020-03-31": "$960", "2019-12-31": "$573", "2019-09-30": "$685", "2019-06-30": "$699", "2019-03-31": "$631", "2018-12-31": "$650", "2018-09-30": "$550", "2018-06-30": "$667", "2018-03-31": "$741", "2017-12-31": "$537", "2017-09-30": "$568", "2017-06-30": "$605", "2017-03-31": "$601", "2016-12-31": "$538", "2016-09-30": "$525", "2016-06-30": "$563", "2016-03-31": "$574", "2015-12-31": "$470", "2015-09-30": "$516", "2015-06-30": "$495", "2015-03-31": "$507", "2014-12-31": "$472", "2014-09-30": "$430", "2014-06-30": "$412", "2014-03-31": "$455", "2013-12-31": "$323", "2013-09-30": "$401", "2013-06-30": "$508", "2013-03-31": "$406", "2012-12-31": "$376", "2012-09-30": "$396", "2012-06-30": "$469", "2012-03-31": "$451", "2011-12-31": "$390", "2011-09-30": "$572", "2011-06-30": "$535", "2011-03-31": "$524", "2010-12-31": "$458", "2010-09-30": "$443", "2010-06-30": "$515", "2010-03-31": "$415", "2009-12-31": "$403", "2009-09-30": "$401", "2009-06-30": "$399", "2009-03-31": "$386", "2008-12-31": "$418", "2008-09-30": "$421", "2008-06-30": "$344", "2008-03-31": "$400", "2007-12-31": "$314", "2007-09-30": "$345", "2007-06-30": "$192", "2007-03-31": "$201", "2006-12-31": "$159", "2006-09-30": "$157", "2006-06-30": "$167", "2006-03-31": "$139", "2005-12-31": "$104", "2005-09-30": "$120", "2005-06-30": "$136", "2005-03-31": "$118"}}, "ebitda": {"CME Group Annual EBITDA (Millions of US $)": {"2019": "$3,061", "2018": "$2,856", "2017": "$2,519", "2016": "$2,426", "2015": "$2,217", "2014": "$2,002", "2013": "$1,875", "2012": "$1,945", "2011": "$2,282", "2010": "$2,115", "2009": "$1,853", "2008": "$1,842", "2007": "$1,194", "2006": "$697", "2005": "$546"}, "CME Group Quarterly EBITDA (Millions of US $)": {"2020-09-30": "$643", "2020-06-30": "$751", "2020-03-31": "$1,073", "2019-12-31": "$689", "2019-09-30": "$806", "2019-06-30": "$821", "2019-03-31": "$745", "2018-12-31": "$742", "2018-09-30": "$604", "2018-06-30": "$718", "2018-03-31": "$793", "2017-12-31": "$589", "2017-09-30": "$618", "2017-06-30": "$658", "2017-03-31": "$654", "2016-12-31": "$596", "2016-09-30": "$581", "2016-06-30": "$618", "2016-03-31": "$632", "2015-12-31": "$526", "2015-09-30": "$574", "2015-06-30": "$553", "2015-03-31": "$564", "2014-12-31": "$528", "2014-09-30": "$488", "2014-06-30": "$472", "2014-03-31": "$514", "2013-12-31": "$383", "2013-09-30": "$461", "2013-06-30": "$567", "2013-03-31": "$464", "2012-12-31": "$435", "2012-09-30": "$457", "2012-06-30": "$534", "2012-03-31": "$519", "2011-12-31": "$453", "2011-09-30": "$638", "2011-06-30": "$600", "2011-03-31": "$590", "2010-12-31": "$544", "2010-09-30": "$510", "2010-06-30": "$582", "2010-03-31": "$479", "2009-12-31": "$467", "2009-09-30": "$466", "2009-06-30": "$461", "2009-03-31": "$460", "2008-12-31": "$494", "2008-09-30": "$501", "2008-06-30": "$397", "2008-03-31": "$450", "2007-12-31": "$366", "2007-09-30": "$395", "2007-06-30": "$213", "2007-03-31": "$221", "2006-12-31": "$179", "2006-09-30": "$176", "2006-06-30": "$185", "2006-03-31": "$157", "2005-12-31": "$122", "2005-09-30": "$138", "2005-06-30": "$166", "2005-03-31": "$143"}}, "net-income": {"CME Group Annual Net Income (Millions of US $)": {"2019": "$2,117", "2018": "$1,962", "2017": "$4,063", "2016": "$1,534", "2015": "$1,247", "2014": "$1,127", "2013": "$977", "2012": "$896", "2011": "$1,812", "2010": "$951", "2009": "$826", "2008": "$716", "2007": "$659", "2006": "$407", "2005": "$307"}, "CME Group Quarterly Net Income (Millions of US $)": {"2020-09-30": "$412", "2020-06-30": "$503", "2020-03-31": "$766", "2019-12-31": "$470", "2019-09-30": "$636", "2019-06-30": "$514", "2019-03-31": "$497", "2018-12-31": "$386", "2018-09-30": "$412", "2018-06-30": "$566", "2018-03-31": "$599", "2017-12-31": "$2,939", "2017-09-30": "$309", "2017-06-30": "$416", "2017-03-31": "$400", "2016-12-31": "$373", "2016-09-30": "$473", "2016-06-30": "$320", "2016-03-31": "$368", "2015-12-31": "$292", "2015-09-30": "$360", "2015-06-30": "$265", "2015-03-31": "$330", "2014-12-31": "$307", "2014-09-30": "$290", "2014-06-30": "$264", "2014-03-31": "$267", "2013-12-31": "$193", "2013-09-30": "$237", "2013-06-30": "$311", "2013-03-31": "$236", "2012-12-31": "$167", "2012-09-30": "$218", "2012-06-30": "$245", "2012-03-31": "$267", "2011-12-31": "$746", "2011-09-30": "$316", "2011-06-30": "$294", "2011-03-31": "$457", "2010-12-31": "$196", "2010-09-30": "$244", "2010-06-30": "$271", "2010-03-31": "$240", "2009-12-31": "$203", "2009-09-30": "$202", "2009-06-30": "$222", "2009-03-31": "$199", "2008-12-31": "$62", "2008-09-30": "$169", "2008-06-30": "$201", "2008-03-31": "$284", "2007-12-31": "$201", "2007-09-30": "$202", "2007-06-30": "$126", "2007-03-31": "$130", "2006-12-31": "$103", "2006-09-30": "$104", "2006-06-30": "$110", "2006-03-31": "$91", "2005-12-31": "$76", "2005-09-30": "$77", "2005-06-30": "$82", "2005-03-31": "$71"}}, "eps-earnings-per-share-diluted": {"CME Group Annual EPS": {"2019": "$5.91", "2018": "$5.71", "2017": "$11.94", "2016": "$4.53", "2015": "$3.69", "2014": "$3.35", "2013": "$2.92", "2012": "$2.70", "2011": "$5.43", "2010": "$2.86", "2009": "$2.48", "2008": "$2.43", "2007": "$2.99", "2006": "$2.32", "2005": "$1.76"}, "CME Group Quarterly EPS": {"2020-09-30": "$1.15", "2020-06-30": "$1.40", "2020-03-31": "$2.14", "2019-12-31": "$1.31", "2019-09-30": "$1.78", "2019-06-30": "$1.43", "2019-03-31": "$1.39", "2018-12-31": "$1.08", "2018-09-30": "$1.21", "2018-06-30": "$1.66", "2018-03-31": "$1.76", "2017-12-31": "$8.63", "2017-09-30": "$0.91", "2017-06-30": "$1.22", "2017-03-31": "$1.18", "2016-12-31": "$1.10", "2016-09-30": "$1.39", "2016-06-30": "$0.95", "2016-03-31": "$1.09", "2015-12-31": "$0.87", "2015-09-30": "$1.06", "2015-06-30": "$0.78", "2015-03-31": "$0.98", "2014-12-31": "$0.91", "2014-09-30": "$0.86", "2014-06-30": "$0.79", "2014-03-31": "$0.79", "2013-12-31": "$0.57", "2013-09-30": "$0.71", "2013-06-30": "$0.93", "2013-03-31": "$0.71", "2012-12-31": "$0.50", "2012-09-30": "$0.66", "2012-06-30": "$0.74", "2012-03-31": "$0.80", "2011-12-31": "$2.24", "2011-09-30": "$0.95", "2011-06-30": "$0.88", "2011-03-31": "$1.36", "2010-12-31": "$0.58", "2010-09-30": "$0.73", "2010-06-30": "$0.82", "2010-03-31": "$0.72", "2009-12-31": "$0.61", "2009-09-30": "$0.61", "2009-06-30": "$0.67", "2009-03-31": "$0.60", "2008-12-31": "$0.08", "2008-09-30": "$0.56", "2008-06-30": "$0.73", "2008-03-31": "$1.05", "2007-12-31": "$0.76", "2007-09-30": "$0.77", "2007-06-30": "$0.71", "2007-03-31": "$0.74", "2006-12-31": "$0.58", "2006-09-30": "$0.59", "2006-06-30": "$0.62", "2006-03-31": "$0.52", "2005-12-31": "$0.44", "2005-09-30": "$0.44", "2005-06-30": "$0.47", "2005-03-31": "$0.41"}}, "shares-outstanding": {"CME Group Annual Shares Outstanding (Millions of Shares)": {"2019": "358", "2018": "344", "2017": "340", "2016": "339", "2015": "338", "2014": "336", "2013": "334", "2012": "332", "2011": "334", "2010": "332", "2009": "333", "2008": "295", "2007": "221", "2006": "176", "2005": "174"}, "CME Group Quarterly Shares Outstanding (Millions of Shares)": {"2020-09-30": "359", "2020-06-30": "358", "2020-03-31": "358", "2019-12-31": "358", "2019-09-30": "358", "2019-06-30": "358", "2019-03-31": "358", "2018-12-31": "344", "2018-09-30": "341", "2018-06-30": "341", "2018-03-31": "341", "2017-12-31": "340", "2017-09-30": "340", "2017-06-30": "340", "2017-03-31": "340", "2016-12-31": "339", "2016-09-30": "339", "2016-06-30": "339", "2016-03-31": "339", "2015-12-31": "338", "2015-09-30": "338", "2015-06-30": "338", "2015-03-31": "337", "2014-12-31": "336", "2014-09-30": "336", "2014-06-30": "336", "2014-03-31": "336", "2013-12-31": "334", "2013-09-30": "335", "2013-06-30": "334", "2013-03-31": "333", "2012-12-31": "332", "2012-09-30": "332", "2012-06-30": "332", "2012-03-31": "332", "2011-12-31": "334", "2011-09-30": "333", "2011-06-30": "335", "2011-03-31": "335", "2010-12-31": "332", "2010-09-30": "334", "2010-06-30": "329", "2010-03-31": "332", "2009-12-31": "333", "2009-09-30": "334", "2009-06-30": "333", "2009-03-31": "332", "2008-12-31": "295", "2008-09-30": "300", "2008-06-30": "274", "2008-03-31": "270", "2007-12-31": "221", "2007-09-30": "261", "2007-06-30": "176", "2007-03-31": "176", "2006-12-31": "176", "2006-09-30": "176", "2006-06-30": "175", "2006-03-31": "175", "2005-12-31": "174", "2005-09-30": "174", "2005-06-30": "174", "2005-03-31": "174"}}, "total-assets": {"CME Group Annual Total Assets (Millions of US $)": {"2019": "$75,215", "2018": "$77,476", "2017": "$75,791", "2016": "$69,369", "2015": "$67,359", "2014": "$72,242", "2013": "$54,278", "2012": "$38,863", "2011": "$40,759", "2010": "$35,046", "2009": "$35,651", "2008": "$48,159", "2007": "$20,306", "2006": "$4,307", "2005": "$3,969"}, "CME Group Quarterly Total Assets (Millions of US $)": {"2020-09-30": "$125,759", "2020-06-30": "$117,215", "2020-03-31": "$137,932", "2019-12-31": "$75,215", "2019-09-30": "$79,418", "2019-06-30": "$70,350", "2019-03-31": "$71,615", "2018-12-31": "$77,476", "2018-09-30": "$70,364", "2018-06-30": "$69,199", "2018-03-31": "$69,919", "2017-12-31": "$75,791", "2017-09-30": "$78,323", "2017-06-30": "$78,544", "2017-03-31": "$75,476", "2016-12-31": "$69,369", "2016-09-30": "$63,251", "2016-06-30": "$67,626", "2016-03-31": "$68,768", "2015-12-31": "$67,359", "2015-09-30": "$80,950", "2015-06-30": "$73,663", "2015-03-31": "$77,128", "2014-12-31": "$72,242", "2014-09-30": "$63,970", "2014-06-30": "$51,611", "2014-03-31": "$53,167", "2013-12-31": "$54,278", "2013-09-30": "$48,980", "2013-06-30": "$46,883", "2013-03-31": "$42,422", "2012-12-31": "$38,863", "2012-09-30": "$39,858", "2012-06-30": "$37,946", "2012-03-31": "$39,289", "2011-12-31": "$40,759", "2011-09-30": "$38,888", "2011-06-30": "$35,589", "2011-03-31": "$34,709", "2010-12-31": "$35,046", "2010-09-30": "$33,687", "2010-06-30": "$34,259", "2010-03-31": "$35,202", "2009-12-31": "$35,651", "2009-09-30": "$36,520", "2009-06-30": "$38,531", "2009-03-31": "$39,916", "2008-12-31": "$48,159", "2008-09-30": "$39,255", "2008-06-30": "$18,563", "2008-03-31": "$19,238", "2007-12-31": "$20,306", "2007-09-30": "$19,646", "2007-06-30": "$5,304", "2007-03-31": "$4,887", "2006-12-31": "$4,307", "2006-09-30": "$3,496", "2006-06-30": "$3,452", "2006-03-31": "$4,391", "2005-12-31": "$3,969", "2005-09-30": "$2,950", "2005-06-30": "$3,398", "2005-03-31": "$3,285"}}, "cash-on-hand": {"CME Group Annual Cash on Hand (Millions of US $)": {"2019": "$1,635", "2018": "$1,447", "2017": "$1,994", "2016": "$1,952", "2015": "$1,765", "2014": "$1,441", "2013": "$2,538", "2012": "$1,661", "2011": "$1,090", "2010": "$905", "2009": "$303", "2008": "$608", "2007": "$1,049", "2006": "$1,239", "2005": "$904"}, "CME Group Quarterly Cash on Hand (Millions of US $)": {"2020-09-30": "$1,425", "2020-06-30": "$1,494", "2020-03-31": "$929", "2019-12-31": "$1,635", "2019-09-30": "$1,290", "2019-06-30": "$1,020", "2019-03-31": "$1,080", "2018-12-31": "$1,447", "2018-09-30": "$1,489", "2018-06-30": "$1,180", "2018-03-31": "$875", "2017-12-31": "$1,994", "2017-09-30": "$1,719", "2017-06-30": "$1,447", "2017-03-31": "$1,375", "2016-12-31": "$1,952", "2016-09-30": "$1,504", "2016-06-30": "$1,241", "2016-03-31": "$1,225", "2015-12-31": "$1,765", "2015-09-30": "$1,507", "2015-06-30": "$1,227", "2015-03-31": "$1,774", "2014-12-31": "$1,441", "2014-09-30": "$1,161", "2014-06-30": "$1,110", "2014-03-31": "$1,126", "2013-12-31": "$2,538", "2013-09-30": "$2,130", "2013-06-30": "$2,029", "2013-03-31": "$1,904", "2012-12-31": "$1,661", "2012-09-30": "$2,079", "2012-06-30": "$1,336", "2012-03-31": "$1,107", "2011-12-31": "$1,090", "2011-09-30": "$876", "2011-06-30": "$749", "2011-03-31": "$719", "2010-12-31": "$905", "2010-09-30": "$613", "2010-06-30": "$409", "2010-03-31": "$491", "2009-12-31": "$303", "2009-09-30": "$298", "2009-06-30": "$554", "2009-03-31": "$588", "2008-12-31": "$608", "2008-09-30": "$710", "2008-06-30": "$1,206", "2008-03-31": "$1,222", "2007-12-31": "$1,049", "2007-09-30": "$898", "2007-06-30": "$1,378", "2007-03-31": "$1,359", "2006-12-31": "$1,239", "2006-09-30": "$1,138", "2006-06-30": "$1,038", "2006-03-31": "$990", "2005-12-31": "$904", "2005-09-30": "$887", "2005-06-30": "$855", "2005-03-31": "$811"}}, "long-term-debt": {"CME Group Annual Long Term Debt (Millions of US $)": {"2019": "$3,743", "2018": "$3,827", "2017": "$2,233", "2016": "$2,231", "2015": "$2,229", "2014": "$2,108", "2013": "$2,107", "2012": "$2,107", "2011": "$2,107", "2010": "$2,105", "2009": "$2,015", "2008": "$2,966", "2007": "$", "2006": "$", "2005": "$"}, "CME Group Quarterly Long Term Debt (Millions of US $)": {"2020-09-30": "$3,442", "2020-06-30": "$3,441", "2020-03-31": "$3,540", "2019-12-31": "$3,743", "2019-09-30": "$3,873", "2019-06-30": "$4,073", "2019-03-31": "$4,292", "2018-12-31": "$3,827", "2018-09-30": "$3,420", "2018-06-30": "$3,419", "2018-03-31": "$2,234", "2017-12-31": "$2,233", "2017-09-30": "$2,233", "2017-06-30": "$2,232", "2017-03-31": "$2,232", "2016-12-31": "$2,231", "2016-09-30": "$2,231", "2016-06-30": "$2,230", "2016-03-31": "$2,230", "2015-12-31": "$2,229", "2015-09-30": "$2,241", "2015-06-30": "$2,241", "2015-03-31": "$2,852", "2014-12-31": "$2,108", "2014-09-30": "$2,108", "2014-06-30": "$2,108", "2014-03-31": "$2,107", "2013-12-31": "$2,107", "2013-09-30": "$2,107", "2013-06-30": "$1,358", "2013-03-31": "$1,358", "2012-12-31": "$2,107", "2012-09-30": "$2,106", "2012-06-30": "$2,108", "2012-03-31": "$2,107", "2011-12-31": "$2,107", "2011-09-30": "$2,106", "2011-06-30": "$2,106", "2011-03-31": "$2,105", "2010-12-31": "$2,105", "2010-09-30": "$2,104", "2010-06-30": "$2,524", "2010-03-31": "$2,824", "2009-12-31": "$2,015", "2009-09-30": "$2,239", "2009-06-30": "$2,739", "2009-03-31": "$2,848", "2008-12-31": "$2,966", "2008-09-30": "$2,413", "2008-06-30": "", "2008-03-31": "", "2007-12-31": "", "2007-09-30": "", "2007-06-30": "", "2007-03-31": "", "2006-12-31": "", "2006-09-30": "", "2006-06-30": "", "2006-03-31": "", "2005-12-31": "", "2005-09-30": "", "2005-06-30": "", "2005-03-31": ""}}, "total-liabilities": {"CME Group Annual Total Liabilities (Millions of US $)": {"2019": "$49,056", "2018": "$51,510", "2017": "$53,379", "2016": "$49,029", "2015": "$46,808", "2014": "$51,318", "2013": "$33,117", "2012": "$17,438", "2011": "$19,207", "2010": "$14,986", "2009": "$16,350", "2008": "$29,470", "2007": "$8,001", "2006": "$2,787", "2005": "$2,851"}, "CME Group Quarterly Total Liabilities (Millions of US $)": {"2020-09-30": "$98,748", "2020-06-30": "$90,376", "2020-03-31": "$111,334", "2019-12-31": "$49,056", "2019-09-30": "$52,604", "2019-06-30": "$43,865", "2019-03-31": "$45,428", "2018-12-31": "$51,510", "2018-09-30": "$47,068", "2018-06-30": "$46,076", "2018-03-31": "$47,147", "2017-12-31": "$53,379", "2017-09-30": "$57,459", "2017-06-30": "$57,767", "2017-03-31": "$54,922", "2016-12-31": "$49,029", "2016-09-30": "$41,986", "2016-06-30": "$46,552", "2016-03-31": "$47,927", "2015-12-31": "$46,808", "2015-09-30": "$59,573", "2015-06-30": "$52,404", "2015-03-31": "$56,033", "2014-12-31": "$51,318", "2014-09-30": "$42,433", "2014-06-30": "$30,146", "2014-03-31": "$31,857", "2013-12-31": "$33,117", "2013-09-30": "$27,002", "2013-06-30": "$25,028", "2013-03-31": "$20,866", "2012-12-31": "$17,438", "2012-09-30": "$18,149", "2012-06-30": "$16,326", "2012-03-31": "$17,740", "2011-12-31": "$19,207", "2011-09-30": "$18,023", "2011-06-30": "$14,687", "2011-03-31": "$13,922", "2010-12-31": "$14,986", "2010-09-30": "$13,786", "2010-06-30": "$14,875", "2010-03-31": "$16,013", "2009-12-31": "$16,350", "2009-09-30": "$17,389", "2009-06-30": "$19,550", "2009-03-31": "$21,116", "2008-12-31": "$29,470", "2008-09-30": "$20,226", "2008-06-30": "$5,234", "2008-03-31": "$6,061", "2007-12-31": "$8,001", "2007-09-30": "$7,535", "2007-06-30": "$3,563", "2007-03-31": "$3,261", "2006-12-31": "$2,787", "2006-09-30": "$2,075", "2006-06-30": "$2,140", "2006-03-31": "$3,186", "2005-12-31": "$2,851", "2005-09-30": "$1,911", "2005-06-30": "$2,437", "2005-03-31": "$2,407"}}, "total-share-holder-equity": {"CME Group Annual Share Holder Equity (Millions of US $)": {"2019": "$26,159", "2018": "$25,965", "2017": "$22,412", "2016": "$20,341", "2015": "$20,552", "2014": "$20,924", "2013": "$21,161", "2012": "$21,425", "2011": "$21,552", "2010": "$20,060", "2009": "$19,301", "2008": "$18,689", "2007": "$12,306", "2006": "$1,519", "2005": "$1,119"}, "CME Group Quarterly Share Holder Equity (Millions of US $)": {"2020-09-30": "$27,010", "2020-06-30": "$26,839", "2020-03-31": "$26,599", "2019-12-31": "$26,159", "2019-09-30": "$26,813", "2019-06-30": "$26,485", "2019-03-31": "$26,187", "2018-12-31": "$25,965", "2018-09-30": "$23,296", "2018-06-30": "$23,124", "2018-03-31": "$22,773", "2017-12-31": "$22,412", "2017-09-30": "$20,864", "2017-06-30": "$20,777", "2017-03-31": "$20,554", "2016-12-31": "$20,341", "2016-09-30": "$21,265", "2016-06-30": "$21,074", "2016-03-31": "$20,841", "2015-12-31": "$20,552", "2015-09-30": "$21,377", "2015-06-30": "$21,259", "2015-03-31": "$21,096", "2014-12-31": "$20,924", "2014-09-30": "$21,537", "2014-06-30": "$21,465", "2014-03-31": "$21,310", "2013-12-31": "$21,161", "2013-09-30": "$21,978", "2013-06-30": "$21,855", "2013-03-31": "$21,556", "2012-12-31": "$21,425", "2012-09-30": "$21,709", "2012-06-30": "$21,620", "2012-03-31": "$21,549", "2011-12-31": "$21,552", "2011-09-30": "$20,864", "2011-06-30": "$20,903", "2011-03-31": "$20,788", "2010-12-31": "$20,060", "2010-09-30": "$19,901", "2010-06-30": "$19,384", "2010-03-31": "$19,190", "2009-12-31": "$19,301", "2009-09-30": "$19,130", "2009-06-30": "$18,981", "2009-03-31": "$18,799", "2008-12-31": "$18,689", "2008-09-30": "$19,029", "2008-06-30": "$13,328", "2008-03-31": "$13,177", "2007-12-31": "$12,306", "2007-09-30": "$12,111", "2007-06-30": "$1,741", "2007-03-31": "$1,626", "2006-12-31": "$1,519", "2006-09-30": "$1,421", "2006-06-30": "$1,312", "2006-03-31": "$1,205", "2005-12-31": "$1,119", "2005-09-30": "$1,039", "2005-06-30": "$960", "2005-03-31": "$878"}}, "profit-margins": {"current": "43.68%"}, "gross margin": {"2020-09-30": "100.00%", "2020-06-30": "100.00%", "2020-03-31": "100.00%", "2019-12-31": "100.00%", "2019-09-30": "100.00%", "2019-06-30": "100.00%", "2019-03-31": "100.00%", "2018-12-31": "100.00%", "2018-09-30": "100.00%", "2018-06-30": "100.00%", "2018-03-31": "100.00%", "2017-12-31": "100.00%", "2017-09-30": "100.00%", "2017-06-30": "100.00%", "2017-03-31": "100.00%", "2016-12-31": "100.00%", "2016-09-30": "100.00%", "2016-06-30": "100.00%", "2016-03-31": "100.00%", "2015-12-31": "100.00%", "2015-09-30": "100.00%", "2015-06-30": "100.00%", "2015-03-31": "100.00%", "2014-12-31": "100.00%", "2014-09-30": "100.00%", "2014-06-30": "100.00%", "2014-03-31": "100.00%", "2013-12-31": "100.00%", "2013-09-30": "100.00%", "2013-06-30": "100.00%", "2013-03-31": "100.00%", "2012-12-31": "100.00%", "2012-09-30": "100.00%", "2012-06-30": "100.00%", "2012-03-31": "100.00%", "2011-12-31": "100.00%", "2011-09-30": "100.00%", "2011-06-30": "100.00%", "2011-03-31": "100.00%", "2010-12-31": "100.00%", "2010-09-30": "100.00%", "2010-06-30": "100.00%", "2010-03-31": "100.00%", "2009-12-31": "100.00%", "2009-09-30": "100.00%", "2009-06-30": "100.00%", "2009-03-31": "100.00%", "2008-12-31": "100.00%", "2008-09-30": "100.00%", "2008-06-30": "100.00%", "2008-03-31": "100.00%", "2007-12-31": "100.00%", "2007-09-30": "100.00%", "2007-06-30": "100.00%", "2007-03-31": "100.00%", "2006-12-31": "100.00%", "2006-09-30": "100.00%", "2006-06-30": "100.00%", "2006-03-31": "100.00%", "2005-12-31": "100.00%"}, "operating margin": {"2020-09-30": "54.76%", "2020-06-30": "55.79%", "2020-03-31": "55.99%", "2019-12-31": "53.16%", "2019-09-30": "53.65%", "2019-06-30": "55.07%", "2019-03-31": "57.02%", "2018-12-31": "60.51%", "2018-09-30": "62.80%", "2018-06-30": "63.46%", "2018-03-31": "64.08%", "2017-12-31": "63.40%", "2017-09-30": "63.20%", "2017-06-30": "62.87%", "2017-03-31": "62.03%", "2016-12-31": "61.20%", "2016-09-30": "60.98%", "2016-06-30": "60.59%", "2016-03-31": "60.12%", "2015-12-31": "59.75%", "2015-09-30": "59.33%", "2015-06-30": "58.30%", "2015-03-31": "57.30%", "2014-12-31": "56.84%", "2014-09-30": "54.77%", "2014-06-30": "54.65%", "2014-03-31": "56.33%", "2013-12-31": "55.77%", "2013-09-30": "58.09%", "2013-06-30": "58.56%", "2013-03-31": "57.61%", "2012-12-31": "58.04%", "2012-09-30": "57.04%", "2012-06-30": "59.15%", "2012-03-31": "60.42%", "2011-12-31": "61.60%", "2011-09-30": "63.17%", "2011-06-30": "61.91%", "2011-03-31": "61.74%", "2010-12-31": "60.97%", "2010-09-30": "61.07%", "2010-06-30": "61.38%", "2010-03-31": "60.85%", "2009-12-31": "60.81%", "2009-09-30": "60.83%", "2009-06-30": "60.87%", "2009-03-31": "60.74%", "2008-12-31": "61.81%", "2008-09-30": "61.65%", "2008-06-30": "61.45%", "2008-03-31": "61.05%", "2007-12-31": "59.91%", "2007-09-30": "59.52%", "2007-06-30": "58.26%", "2007-03-31": "58.46%", "2006-12-31": "57.06%", "2006-09-30": "56.87%", "2006-06-30": "55.91%", "2006-03-31": "54.36%", "2005-12-31": "53.71%"}, "ebitda margin": {"2020-09-30": "64.11%", "2020-06-30": "64.84%", "2020-03-31": "65.05%", "2019-12-31": "62.88%", "2019-09-30": "62.69%", "2019-06-30": "63.39%", "2019-03-31": "64.12%", "2018-12-31": "66.29%", "2018-09-30": "68.03%", "2018-06-30": "68.61%", "2018-03-31": "69.46%", "2017-12-31": "69.08%", "2017-09-30": "69.05%", "2017-06-30": "68.97%", "2017-03-31": "68.22%", "2016-12-31": "67.51%", "2016-09-30": "67.42%", "2016-06-30": "67.07%", "2016-03-31": "66.85%", "2015-12-31": "66.64%", "2015-09-30": "66.16%", "2015-06-30": "65.31%", "2015-03-31": "64.57%", "2014-12-31": "64.33%", "2014-09-30": "62.78%", "2014-06-30": "62.86%", "2014-03-31": "64.27%", "2013-12-31": "63.84%", "2013-09-30": "66.20%", "2013-06-30": "66.79%", "2013-03-31": "66.11%", "2012-12-31": "66.72%", "2012-09-30": "65.63%", "2012-06-30": "67.38%", "2012-03-31": "68.55%", "2011-12-31": "69.52%", "2011-09-30": "71.73%", "2011-06-30": "70.88%", "2011-03-31": "70.85%", "2010-12-31": "70.43%", "2010-09-30": "70.08%", "2010-06-30": "70.58%", "2010-03-31": "70.44%", "2009-12-31": "70.95%", "2009-09-30": "71.33%", "2009-06-30": "71.81%", "2009-03-31": "71.70%", "2008-12-31": "71.93%", "2008-09-30": "71.45%", "2008-06-30": "70.43%", "2008-03-31": "69.50%", "2007-12-31": "68.05%", "2007-09-30": "66.89%", "2007-06-30": "64.83%", "2007-03-31": "65.04%", "2006-12-31": "63.94%", "2006-09-30": "64.19%", "2006-06-30": "63.50%", "2006-03-31": "63.51%", "2005-12-31": "63.93%"}, "pre tax profit margin": {"2020-09-30": "57.10%", "2020-06-30": "58.55%", "2020-03-31": "58.31%", "2019-12-31": "55.24%", "2019-09-30": "55.06%", "2019-06-30": "56.03%", "2019-03-31": "60.01%", "2018-12-31": "64.45%", "2018-09-30": "67.53%", "2018-06-30": "68.89%", "2018-03-31": "68.18%", "2017-12-31": "69.30%", "2017-09-30": "69.57%", "2017-06-30": "68.91%", "2017-03-31": "67.30%", "2016-12-31": "63.64%", "2016-09-30": "61.87%", "2016-06-30": "60.79%", "2016-03-31": "58.86%", "2015-12-31": "58.82%", "2015-09-30": "58.50%", "2015-06-30": "57.41%", "2015-03-31": "58.18%", "2014-12-31": "56.91%", "2014-09-30": "54.23%", "2014-06-30": "54.07%", "2014-03-31": "55.43%", "2013-12-31": "54.55%", "2013-09-30": "56.65%", "2013-06-30": "57.17%", "2013-03-31": "57.68%", "2012-12-31": "58.11%", "2012-09-30": "57.17%", "2012-06-30": "58.45%", "2012-03-31": "57.63%", "2011-12-31": "59.04%", "2011-09-30": "60.30%", "2011-06-30": "58.88%", "2011-03-31": "58.40%", "2010-12-31": "57.34%", "2010-09-30": "56.77%", "2010-06-30": "56.32%", "2010-03-31": "55.89%", "2009-12-31": "55.03%", "2009-09-30": "45.24%", "2009-06-30": "46.21%", "2009-03-31": "46.15%", "2008-12-31": "48.73%", "2008-09-30": "61.44%", "2008-06-30": "61.85%", "2008-03-31": "62.81%", "2007-12-31": "62.36%", "2007-09-30": "61.65%", "2007-06-30": "62.94%", "2007-03-31": "62.99%", "2006-12-31": "61.74%", "2006-09-30": "62.99%", "2006-06-30": "61.71%", "2006-03-31": "58.93%", "2005-12-31": "57.08%"}, "net profit margin": {"2020-09-30": "43.69%", "2020-06-30": "46.40%", "2020-03-31": "45.80%", "2019-12-31": "43.49%", "2019-09-30": "40.91%", "2019-06-30": "39.36%", "2019-03-31": "42.46%", "2018-12-31": "45.52%", "2018-09-30": "113.67%", "2018-06-30": "111.44%", "2018-03-31": "111.45%", "2017-12-31": "111.50%", "2017-09-30": "40.95%", "2017-06-30": "46.05%", "2017-03-31": "43.62%", "2016-12-31": "42.67%", "2016-09-30": "41.56%", "2016-06-30": "38.24%", "2016-03-31": "37.60%", "2015-12-31": "37.48%", "2015-09-30": "37.63%", "2015-06-30": "36.50%", "2015-03-31": "37.48%", "2014-12-31": "36.25%", "2014-09-30": "34.28%", "2014-06-30": "33.01%", "2014-03-31": "33.66%", "2013-12-31": "33.27%", "2013-09-30": "32.67%", "2013-06-30": "32.37%", "2013-03-31": "30.29%", "2012-12-31": "30.77%", "2012-09-30": "49.35%", "2012-06-30": "49.47%", "2012-03-31": "50.34%", "2011-12-31": "55.26%", "2011-09-30": "38.19%", "2011-06-30": "37.62%", "2011-03-31": "37.17%", "2010-12-31": "31.67%", "2010-09-30": "32.94%", "2010-06-30": "32.42%", "2010-03-31": "32.61%", "2009-12-31": "31.61%", "2009-09-30": "25.98%", "2009-06-30": "24.44%", "2009-03-31": "24.43%", "2008-12-31": "27.96%", "2008-09-30": "35.64%", "2008-06-30": "38.90%", "2008-03-31": "39.68%", "2007-12-31": "37.53%", "2007-09-30": "37.23%", "2007-06-30": "38.04%", "2007-03-31": "38.21%", "2006-12-31": "37.43%", "2006-09-30": "38.21%", "2006-06-30": "37.34%", "2006-03-31": "35.51%", "2005-12-31": "34.38%"}, "pe ratio": {"current": "27.90", "2021-02-05": "31.90", "2020-09-30": "27.37", "2020-06-30": "23.94", "2020-03-31": "25.24", "2019-12-31": "32.89", "2019-09-30": "35.40", "2019-06-30": "36.00", "2019-03-31": "29.11", "2018-12-31": "30.98", "2018-09-30": "11.93", "2018-06-30": "11.71", "2018-03-31": "11.91", "2017-12-31": "11.23", "2017-09-30": "27.48", "2017-06-30": "22.75", "2017-03-31": "22.72", "2016-12-31": "22.38", "2016-09-30": "20.73", "2016-06-30": "20.81", "2016-03-31": "21.31", "2015-12-31": "20.57", "2015-09-30": "20.03", "2015-06-30": "21.12", "2015-03-31": "21.32", "2014-12-31": "20.98", "2014-09-30": "20.43", "2014-06-30": "18.96", "2014-03-31": "18.73", "2013-12-31": "20.28", "2013-09-30": "18.90", "2013-06-30": "19.66", "2013-03-31": "16.94", "2012-12-31": "6.12", "2012-09-30": "5.17", "2012-06-30": "4.62", "2012-03-31": "4.86", "2011-12-31": "5.99", "2011-09-30": "8.67", "2011-06-30": "10.83", "2011-03-31": "11.31", "2010-12-31": "14.69", "2010-09-30": "11.76", "2010-06-30": "13.23", "2010-03-31": "15.68", "2009-12-31": "17.43", "2009-09-30": "19.20", "2009-06-30": "19.74", "2009-03-31": "15.07", "2008-12-31": "10.40", "2008-09-30": "15.11", "2008-06-30": "14.34", "2008-03-31": "17.61", "2007-12-31": "28.39", "2007-09-30": "25.73", "2007-06-30": "25.01", "2007-03-31": "25.77", "2006-12-31": "26.93"}, "price sales": {"2021-02-05": "13.93", "2020-09-30": "11.96", "2020-06-30": "11.11", "2020-03-31": "11.56", "2019-12-31": "14.30", "2019-09-30": "14.38", "2019-06-30": "14.08", "2019-03-31": "12.31", "2018-12-31": "14.05", "2018-09-30": "13.57", "2018-06-30": "13.06", "2018-03-31": "13.27", "2017-12-31": "12.52", "2017-09-30": "11.26", "2017-06-30": "10.47", "2017-03-31": "9.92", "2016-12-31": "9.55", "2016-09-30": "8.61", "2016-06-30": "7.96", "2016-03-31": "7.99", "2015-12-31": "7.69", "2015-09-30": "7.51", "2015-06-30": "7.69", "2015-03-31": "7.99", "2014-12-31": "7.59", "2014-09-30": "7.00", "2014-06-30": "6.27", "2014-03-31": "6.30", "2013-12-31": "6.76", "2013-09-30": "6.18", "2013-06-30": "6.37", "2013-03-31": "5.14", "2012-12-31": "4.13", "2012-09-30": "4.41", "2012-06-30": "3.85", "2012-03-31": "4.07", "2011-12-31": "3.32", "2011-09-30": "3.30", "2011-06-30": "4.06", "2011-03-31": "4.19", "2010-12-31": "4.65", "2010-09-30": "3.87", "2010-06-30": "4.29", "2010-03-31": "5.11", "2009-12-31": "5.51", "2009-09-30": "4.83", "2009-06-30": "4.67", "2009-03-31": "3.64", "2008-12-31": "2.93", "2008-09-30": "5.17", "2008-06-30": "5.31", "2008-03-31": "6.62", "2007-12-31": "10.15", "2007-09-30": "9.60", "2007-06-30": "9.49", "2007-03-31": "9.80", "2006-12-31": "10.05"}, "price book": {"current": "2.54", "2021-02-05": "2.54", "2020-09-30": "2.18", "2020-06-30": "2.12", "2020-03-31": "2.26", "2019-12-31": "2.66", "2019-09-30": "2.68", "2019-06-30": "2.49", "2019-03-31": "2.12", "2018-12-31": "2.44", "2018-09-30": "2.31", "2018-06-30": "2.23", "2018-03-31": "2.22", "2017-12-31": "2.03", "2017-09-30": "1.97", "2017-06-30": "1.81", "2017-03-31": "1.73", "2016-12-31": "1.69", "2016-09-30": "1.41", "2016-06-30": "1.32", "2016-03-31": "1.31", "2015-12-31": "1.24", "2015-09-30": "1.18", "2015-06-30": "1.18", "2015-03-31": "1.20", "2014-12-31": "1.13", "2014-09-30": "0.96", "2014-06-30": "0.85", "2014-03-31": "0.88", "2013-12-31": "0.94", "2013-09-30": "0.82", "2013-06-30": "0.84", "2013-03-31": "0.68", "2012-12-31": "0.56", "2012-09-30": "0.61", "2012-06-30": "0.56", "2012-03-31": "0.60", "2011-12-31": "0.50", "2011-09-30": "0.52", "2011-06-30": "0.61", "2011-03-31": "0.64", "2010-12-31": "0.70", "2010-09-30": "0.57", "2010-06-30": "0.62", "2010-03-31": "0.70", "2009-12-31": "0.75", "2009-09-30": "0.69", "2009-06-30": "0.70", "2009-03-31": "0.55", "2008-12-31": "0.47", "2008-09-30": "0.82", "2008-06-30": "0.97", "2008-03-31": "1.20", "2007-12-31": "1.83", "2007-09-30": "1.59", "2007-06-30": "6.58", "2007-03-31": "7.00", "2006-12-31": "7.16", "2006-09-30": "7.16", "2006-06-30": "7.93", "2006-03-31": "7.84"}, "price fcf": {"2021-02-05": "", "2020-09-30": "$7.20", "2020-06-30": "$8.57", "2020-03-31": "$7.04", "2019-12-31": "$6.78", "2019-09-30": "$6.23", "2019-06-30": "$5.75", "2019-03-31": "$6.13", "2018-12-31": "$6.76", "2018-09-30": "$6.75", "2018-06-30": "$6.58", "2018-03-31": "$5.80", "2017-12-31": "$4.91", "2017-09-30": "$5.03", "2017-06-30": "$4.92", "2017-03-31": "$4.80", "2016-12-31": "$4.84", "2016-09-30": "$4.54", "2016-06-30": "$4.48", "2016-03-31": "$4.55", "2015-12-31": "$4.20", "2015-09-30": "$4.50", "2015-06-30": "$3.83", "2015-03-31": "$3.54", "2014-12-31": "$3.45", "2014-09-30": "$3.69", "2014-06-30": "$3.34", "2014-03-31": "$3.96", "2013-12-31": "$4.03", "2013-09-30": "$3.25", "2013-06-30": "$3.58", "2013-03-31": "$3.71", "2012-12-31": "$3.69", "2012-09-30": "$3.75", "2012-06-30": "$4.31", "2012-03-31": "$3.67", "2011-12-31": "$3.52", "2011-09-30": "$3.63", "2011-06-30": "$3.25", "2011-03-31": "$3.57", "2010-12-31": "$3.61", "2010-09-30": "$3.50", "2010-06-30": "$3.51", "2010-03-31": "$3.11", "2009-12-31": "$2.78", "2009-09-30": "$2.78", "2009-06-30": "$2.90", "2009-03-31": "$2.77", "2008-12-31": "$3.38", "2008-09-30": "$3.58", "2008-06-30": "$3.32", "2008-03-31": "$3.31", "2007-12-31": "$2.95", "2007-09-30": "$2.41", "2007-06-30": "$2.50", "2007-03-31": "$2.54", "2006-12-31": "$2.19"}, "net worth": {"value": "$68.71B"}, "current ratio": {"current": "1.02", "2020-09-30": "1.02", "2020-06-30": "1.02", "2020-03-31": "1.01", "2019-12-31": "1.03", "2019-09-30": "1.04", "2019-06-30": "1.05", "2019-03-31": "1.04", "2018-12-31": "1.02", "2018-09-30": "1.09", "2018-06-30": "1.08", "2018-03-31": "1.04", "2017-12-31": "1.03", "2017-09-30": "1.05", "2017-06-30": "1.04", "2017-03-31": "1.04", "2016-12-31": "1.03", "2016-09-30": "1.06", "2016-06-30": "1.04", "2016-03-31": "1.04", "2015-12-31": "1.03", "2015-09-30": "1.04", "2015-06-30": "1.04", "2015-03-31": "1.04", "2014-12-31": "1.02", "2014-09-30": "1.05", "2014-06-30": "1.07", "2014-03-31": "1.06", "2013-12-31": "1.05", "2013-09-30": "1.11", "2013-06-30": "1.05", "2013-03-31": "1.04", "2012-12-31": "1.15", "2012-09-30": "1.19", "2012-06-30": "1.24", "2012-03-31": "1.15", "2011-12-31": "1.14", "2011-09-30": "1.15", "2011-06-30": "1.23", "2011-03-31": "1.23", "2010-12-31": "1.13", "2010-09-30": "1.10", "2010-06-30": "1.06", "2010-03-31": "1.06", "2009-12-31": "1.03", "2009-09-30": "1.03", "2009-06-30": "1.06", "2009-03-31": "1.04", "2008-12-31": "1.03", "2008-09-30": "1.00", "2008-06-30": "1.86", "2008-03-31": "1.46", "2007-12-31": "1.22", "2007-09-30": "1.21", "2007-06-30": "1.42", "2007-03-31": "1.43", "2006-12-31": "1.47", "2006-09-30": "1.59", "2006-06-30": "1.53", "2006-03-31": "1.32", "2005-12-31": "1.34", "2005-09-30": "1.47", "2005-06-30": "1.34", "2005-03-31": "1.31"}, "quick ratio": {"2020-09-30": "0.00", "2020-06-30": "0.00", "2020-03-31": "0.00", "2019-12-31": "0.00", "2019-09-30": "0.00", "2019-06-30": "0.00", "2019-03-31": "0.00", "2018-12-31": "0.00", "2018-09-30": "0.00", "2018-06-30": "0.00", "2018-03-31": "0.00", "2017-12-31": "0.00", "2017-09-30": "0.00", "2017-06-30": "0.00", "2017-03-31": "0.00", "2016-12-31": "0.00", "2016-09-30": "0.00", "2016-06-30": "0.00", "2016-03-31": "0.00", "2015-12-31": "0.00", "2015-09-30": "0.00", "2015-06-30": "0.00", "2015-03-31": "0.00", "2014-12-31": "0.00", "2014-09-30": "0.00", "2014-06-30": "0.00", "2014-03-31": "0.00", "2013-12-31": "0.00", "2013-09-30": "0.00", "2013-06-30": "0.00", "2013-03-31": "0.00", "2012-12-31": "0.00", "2012-09-30": "0.00", "2012-06-30": "0.00", "2012-03-31": "0.00", "2011-12-31": "0.00", "2011-09-30": "0.00", "2011-06-30": "0.00", "2011-03-31": "0.00", "2010-12-31": "0.00", "2010-09-30": "0.00", "2010-06-30": "0.00", "2010-03-31": "0.00", "2009-12-31": "0.00", "2009-09-30": "0.00", "2009-06-30": "0.00", "2009-03-31": "0.00", "2008-12-31": "0.00", "2008-09-30": "0.00", "2008-06-30": "0.00", "2008-03-31": "0.00", "2007-12-31": "0.00", "2007-09-30": "0.00", "2007-06-30": "0.00", "2007-03-31": "0.00", "2006-12-31": "0.00", "2006-09-30": "0.00", "2006-06-30": "0.00", "2006-03-31": "0.00", "2005-12-31": "0.00", "2005-09-30": "0.00", "2005-06-30": "0.00", "2005-03-31": "0.00"}, "debt equity ratio": {"current": "0.13", "2020-09-30": "3.66", "2020-06-30": "3.37", "2020-03-31": "4.19", "2019-12-31": "1.88", "2019-09-30": "1.96", "2019-06-30": "1.66", "2019-03-31": "1.74", "2018-12-31": "1.98", "2018-09-30": "2.02", "2018-06-30": "1.99", "2018-03-31": "2.07", "2017-12-31": "2.38", "2017-09-30": "2.75", "2017-06-30": "2.78", "2017-03-31": "2.67", "2016-12-31": "2.41", "2016-09-30": "1.97", "2016-06-30": "2.21", "2016-03-31": "2.30", "2015-12-31": "2.28", "2015-09-30": "2.79", "2015-06-30": "2.47", "2015-03-31": "2.66", "2014-12-31": "2.45", "2014-09-30": "1.97", "2014-06-30": "1.40", "2014-03-31": "1.50", "2013-12-31": "1.57", "2013-09-30": "1.23", "2013-06-30": "1.15", "2013-03-31": "0.97", "2012-12-31": "0.81", "2012-09-30": "0.84", "2012-06-30": "0.76", "2012-03-31": "0.82", "2011-12-31": "0.89", "2011-09-30": "0.86", "2011-06-30": "0.70", "2011-03-31": "0.67", "2010-12-31": "0.75", "2010-09-30": "0.69", "2010-06-30": "0.77", "2010-03-31": "0.83", "2009-12-31": "0.85", "2009-09-30": "0.91", "2009-06-30": "1.03", "2009-03-31": "1.12", "2008-12-31": "1.58", "2008-09-30": "1.06", "2008-06-30": "0.39", "2008-03-31": "0.46", "2007-12-31": "0.65", "2007-09-30": "0.62", "2007-06-30": "2.05", "2007-03-31": "2.01", "2006-12-31": "1.84", "2006-09-30": "1.46", "2006-06-30": "1.63", "2006-03-31": "2.64", "2005-12-31": "2.55", "2005-09-30": "1.84", "2005-06-30": "2.54", "2005-03-31": "2.74"}, "return on equity": {"2020-09-30": "8.07%", "2020-06-30": "8.93%", "2020-03-31": "9.00%", "2019-12-31": "8.02%", "2019-09-30": "7.71%", "2019-06-30": "7.09%", "2019-03-31": "7.55%", "2018-12-31": "8.25%", "2018-09-30": "19.72%", "2018-06-30": "19.80%", "2018-03-31": "19.64%", "2017-12-31": "19.21%", "2017-09-30": "7.26%", "2017-06-30": "8.02%", "2017-03-31": "7.53%", "2016-12-31": "7.35%", "2016-09-30": "6.94%", "2016-06-30": "6.39%", "2016-03-31": "6.12%", "2015-12-31": "5.92%", "2015-09-30": "5.96%", "2015-06-30": "5.62%", "2015-03-31": "5.60%", "2014-12-31": "5.29%", "2014-09-30": "4.75%", "2014-06-30": "4.47%", "2014-03-31": "4.67%", "2013-12-31": "4.52%", "2013-09-30": "4.38%", "2013-06-30": "4.31%", "2013-03-31": "4.01%", "2012-12-31": "4.16%", "2012-09-30": "6.83%", "2012-06-30": "7.36%", "2012-03-31": "7.65%", "2011-12-31": "8.62%", "2011-09-30": "6.12%", "2011-06-30": "5.83%", "2011-03-31": "5.83%", "2010-12-31": "4.84%", "2010-09-30": "4.93%", "2010-06-30": "4.76%", "2010-03-31": "4.53%", "2009-12-31": "4.34%", "2009-09-30": "3.62%", "2009-06-30": "3.45%", "2009-03-31": "3.61%", "2008-12-31": "4.46%", "2008-09-30": "5.91%", "2008-06-30": "6.98%", "2008-03-31": "8.27%", "2007-12-31": "9.49%", "2007-09-30": "13.20%", "2007-06-30": "29.36%", "2007-03-31": "30.42%", "2006-12-31": "29.91%", "2006-09-30": "30.14%", "2006-06-30": "30.29%", "2006-03-31": "30.16%", "2005-12-31": "30.63%"}, "return on assets": {"2020-09-30": "1.89%", "2020-06-30": "2.32%", "2020-03-31": "2.63%", "2019-12-31": "2.86%", "2019-09-30": "2.72%", "2019-06-30": "2.50%", "2019-03-31": "2.58%", "2018-12-31": "2.73%", "2018-09-30": "6.33%", "2018-06-30": "6.02%", "2018-03-31": "5.64%", "2017-12-31": "5.28%", "2017-09-30": "1.99%", "2017-06-30": "2.32%", "2017-03-31": "2.27%", "2016-12-31": "2.28%", "2016-09-30": "2.18%", "2016-06-30": "1.88%", "2016-03-31": "1.77%", "2015-12-31": "1.67%", "2015-09-30": "1.66%", "2015-06-30": "1.66%", "2015-03-31": "1.80%", "2014-12-31": "1.87%", "2014-09-30": "1.82%", "2014-06-30": "1.85%", "2014-03-31": "1.98%", "2013-12-31": "2.03%", "2013-09-30": "2.15%", "2013-06-30": "2.22%", "2013-03-31": "2.18%", "2012-12-31": "2.30%", "2012-09-30": "3.74%", "2012-06-30": "4.01%", "2012-03-31": "4.20%", "2011-12-31": "4.84%", "2011-09-30": "3.50%", "2011-06-30": "3.43%", "2011-03-31": "3.39%", "2010-12-31": "2.75%", "2010-09-30": "2.76%", "2010-06-30": "2.59%", "2010-03-31": "2.38%", "2009-12-31": "2.19%", "2009-09-30": "1.68%", "2009-06-30": "1.57%", "2009-03-31": "1.73%", "2008-12-31": "2.29%", "2008-09-30": "3.51%", "2008-06-30": "4.57%", "2008-03-31": "5.04%", "2007-12-31": "5.26%", "2007-09-30": "6.57%", "2007-06-30": "10.29%", "2007-03-31": "11.08%", "2006-12-31": "10.43%", "2006-09-30": "9.96%", "2006-06-30": "9.59%", "2006-03-31": "8.87%", "2005-12-31": "9.00%"}, "return on investments": {"2020-09-30": "8.93%", "2020-06-30": "9.44%", "2020-03-31": "9.62%", "2019-12-31": "8.51%", "2019-09-30": "8.77%", "2019-06-30": "8.61%", "2019-03-31": "8.80%", "2018-12-31": "9.65%", "2018-09-30": "9.70%", "2018-06-30": "10.12%", "2018-03-31": "10.24%", "2017-12-31": "9.88%", "2017-09-30": "10.11%", "2017-06-30": "9.88%", "2017-03-31": "9.67%", "2016-12-31": "9.52%", "2016-09-30": "9.20%", "2016-06-30": "9.15%", "2016-03-31": "8.84%", "2015-12-31": "8.47%", "2015-09-30": "8.46%", "2015-06-30": "8.09%", "2015-03-31": "7.73%", "2014-12-31": "7.55%", "2014-09-30": "6.90%", "2014-06-30": "6.75%", "2014-03-31": "7.18%", "2013-12-31": "7.01%", "2013-09-30": "7.22%", "2013-06-30": "7.21%", "2013-03-31": "7.01%", "2012-12-31": "7.14%", "2012-09-30": "7.19%", "2012-06-30": "8.01%", "2012-03-31": "8.35%", "2011-12-31": "8.74%", "2011-09-30": "9.18%", "2011-06-30": "8.70%", "2011-03-31": "8.72%", "2010-12-31": "8.31%", "2010-09-30": "8.14%", "2010-06-30": "8.01%", "2010-03-31": "7.49%", "2009-12-31": "7.39%", "2009-09-30": "7.43%", "2009-06-30": "7.51%", "2009-03-31": "9.69%", "2008-12-31": "14.69%", "2008-09-30": "27.59%", "2008-06-30": "inf%", "2008-03-31": "inf%", "2007-12-31": "inf%", "2007-09-30": "inf%", "2007-06-30": "inf%", "2007-03-31": "inf%", "2006-12-31": "inf%", "2006-09-30": "inf%", "2006-06-30": "inf%", "2006-03-31": "inf%", "2005-12-31": "inf%"}, "return on tangible equity": {"2020-09-30": "-34.39%", "2020-06-30": "-37.25%", "2020-03-31": "-36.31%", "2019-12-31": "-31.15%", "2019-09-30": "-29.21%", "2019-06-30": "-28.65%", "2019-03-31": "-33.26%", "2018-12-31": "-40.36%", "2018-09-30": "-108.75%", "2018-06-30": "-92.21%", "2018-03-31": "-79.00%", "2017-12-31": "-68.02%", "2017-09-30": "-22.99%", "2017-06-30": "-25.81%", "2017-03-31": "-24.51%", "2016-12-31": "-24.19%", "2016-09-30": "-23.02%", "2016-06-30": "-21.24%", "2016-03-31": "-20.44%", "2015-12-31": "-19.96%", "2015-09-30": "-20.42%", "2015-06-30": "-19.33%", "2015-03-31": "-19.40%", "2014-12-31": "-18.46%", "2014-09-30": "-16.68%", "2014-06-30": "-16.02%", "2014-03-31": "-17.01%", "2013-12-31": "-16.58%", "2013-09-30": "-16.24%", "2013-06-30": "-15.78%", "2013-03-31": "-14.57%", "2012-12-31": "-14.64%", "2012-09-30": "-23.50%", "2012-06-30": "-23.43%", "2012-03-31": "-22.74%", "2011-12-31": "-24.62%", "2011-09-30": "-16.25%", "2011-06-30": "-14.82%", "2011-03-31": "-13.84%", "2010-12-31": "-10.73%", "2010-09-30": "-10.79%", "2010-06-30": "-10.28%", "2010-03-31": "-9.81%", "2009-12-31": "-9.43%", "2009-09-30": "-7.67%", "2009-06-30": "-7.21%", "2009-03-31": "-8.73%", "2008-12-31": "-13.25%", "2008-09-30": "-22.86%", "2008-06-30": "-41.78%", "2008-03-31": "-62.66%", "2007-12-31": "-143.34%", "2007-09-30": "102.79%", "2007-06-30": "29.48%", "2007-03-31": "30.54%", "2006-12-31": "30.04%", "2006-09-30": "30.14%", "2006-06-30": "30.29%", "2006-03-31": "30.16%", "2005-12-31": "30.63%"}, "dividend yield history": {"last payout": "$3.40", "last yield": "1.78%"}}