{"ticker": "CMG", "price": {"title": "Chipotle Mexican Grill Historical Annual Stock Price Data", "value": 1543.11, "historical": {"2020": {"Average Stock Price": "1060.8627", "Year Open": "858.1900", "Year High": "1426.3000", "Year Low": "465.2100", "Year Close": "1386.7100", "Annual % Change": "65.65%"}, "2019": {"Average Stock Price": "722.8885", "Year Open": "443.3600", "Year High": "851.5400", "Year Low": "439.4500", "Year Close": "837.1100", "Annual % Change": "93.87%"}, "2018": {"Average Stock Price": "413.5831", "Year Open": "292.9500", "Year High": "525.8900", "Year Low": "251.3300", "Year Close": "431.7900", "Annual % Change": "49.39%"}, "2017": {"Average Stock Price": "377.7943", "Year Open": "374.7700", "Year High": "496.1400", "Year Low": "268.7000", "Year Close": "289.0300", "Annual % Change": "-23.40%"}, "2016": {"Average Stock Price": "428.5646", "Year Open": "448.8100", "Year High": "533.6900", "Year Low": "359.9200", "Year Close": "377.3200", "Annual % Change": "-21.37%"}, "2015": {"Average Stock Price": "659.1329", "Year Open": "678.4000", "Year High": "757.7700", "Year Low": "479.8500", "Year Close": "479.8500", "Annual % Change": "-29.90%"}, "2014": {"Average Stock Price": "601.3683", "Year Open": "523.4300", "Year High": "692.6900", "Year Low": "476.2800", "Year Close": "684.5100", "Annual % Change": "28.48%"}, "2013": {"Average Stock Price": "397.1309", "Year Open": "301.0600", "Year High": "546.9700", "Year Low": "280.9400", "Year Close": "532.7800", "Annual % Change": "79.11%"}, "2012": {"Average Stock Price": "347.6927", "Year Open": "341.2700", "Year High": "440.4000", "Year Low": "236.2400", "Year Close": "297.4600", "Annual % Change": "-11.93%"}, "2011": {"Average Stock Price": "290.5991", "Year Open": "223.6300", "Year High": "342.4900", "Year Low": "217.6700", "Year Close": "337.7400", "Annual % Change": "58.82%"}, "2010": {"Average Stock Price": "153.7680", "Year Open": "87.8400", "Year High": "258.8200", "Year Low": "86.4300", "Year Close": "212.6600", "Annual % Change": "141.22%"}, "2009": {"Average Stock Price": "77.6360", "Year Open": "64.1400", "Year High": "97.0500", "Year Low": "47.4200", "Year Close": "88.1600", "Annual % Change": "42.24%"}, "2008": {"Average Stock Price": "82.2162", "Year Open": "146.6700", "Year High": "146.6700", "Year Low": "38.6900", "Year Close": "61.9800", "Annual % Change": "-57.86%"}, "2007": {"Average Stock Price": "92.5682", "Year Open": "56.4100", "Year High": "152.3600", "Year Low": "55.0000", "Year Close": "147.0700", "Annual % Change": "158.02%"}, "2006": {"Average Stock Price": "53.9183", "Year Open": "44.0000", "Year High": "67.0500", "Year Low": "41.4600", "Year Close": "57.0000", "Annual % Change": "0.00%"}}}, "market cap": {"value": "$43.38B"}, "income statement": {"Revenue": {"2020-12-31": "5984.63400", "2019-12-31": "5586.36900", "2018-12-31": "4864.98500", "2017-12-31": "4476.41200", "2016-12-31": "3904.38400", "2015-12-31": "4501.22300", "2014-12-31": "4108.26900", "2013-12-31": "3214.59100", "2012-12-31": "2731.22400", "2011-12-31": "2269.54800", "2010-12-31": "1835.92200", "2009-12-31": "1518.41700", "2008-12-31": "1331.96800", "2007-12-31": "1085.78200", "2006-12-31": "822.93000", "2005-12-31": "627.69500"}, "Cost Of Goods Sold": {"2020-12-31": "4943.55300", "2019-12-31": "4443.87900", "2018-12-31": "3953.99300", "2017-12-31": "3720.19600", "2016-12-31": "3406.17000", "2015-12-31": "3326.93600", "2014-12-31": "2990.51300", "2013-12-31": "2359.82200", "2012-12-31": "1990.88400", "2011-12-31": "1680.32100", "2010-12-31": "1346.51700", "2009-12-31": "1139.89800", "2008-12-31": "1045.04100", "2007-12-31": "843.21300", "2006-12-31": "650.68100", "2005-12-31": "511.62100"}, "Gross Profit": {"2020-12-31": "1041.08100", "2019-12-31": "1142.49000", "2018-12-31": "910.99190", "2017-12-31": "756.21610", "2016-12-31": "498.21410", "2015-12-31": "1174.28700", "2014-12-31": "1117.75600", "2013-12-31": "854.76930", "2012-12-31": "740.34010", "2011-12-31": "589.22710", "2010-12-31": "489.40500", "2009-12-31": "378.51900", "2008-12-31": "286.92700", "2007-12-31": "242.56900", "2006-12-31": "172.24900", "2005-12-31": "116.07400"}, "Research And Development Expenses": {"2020-12-31": "", "2019-12-31": "", "2018-12-31": "", "2017-12-31": "", "2016-12-31": "", "2015-12-31": "", "2014-12-31": "", "2013-12-31": "", "2012-12-31": "", "2011-12-31": "", "2010-12-31": "", "2009-12-31": "", "2008-12-31": "", "2007-12-31": "", "2006-12-31": "", "2005-12-31": ""}, "SG&A Expenses": {"2020-12-31": "466.29100", "2019-12-31": "451.55200", "2018-12-31": "375.46000", "2017-12-31": "296.38800", "2016-12-31": "276.24000", "2015-12-31": "250.21400", "2014-12-31": "273.89700", "2013-12-31": "203.73300", "2012-12-31": "183.40900", "2011-12-31": "149.42600", "2010-12-31": "118.59000", "2009-12-31": "99.14900", "2008-12-31": "89.15500", "2007-12-31": "75.03800", "2006-12-31": "65.28400", "2005-12-31": "51.96400"}, "Other Operating Income Or Expenses": {"2020-12-31": "-46.09200", "2019-12-31": "-34.20200", "2018-12-31": "-75.18500", "2017-12-31": "-25.68600", "2016-12-31": "-41.03900", "2015-12-31": "-30.11600", "2014-12-31": "-22.58500", "2013-12-31": "-22.26200", "2012-12-31": "-16.93600", "2011-12-31": "-14.30100", "2010-12-31": "-14.06300", "2009-12-31": "-14.35700", "2008-12-31": "-20.96300", "2007-12-31": "-15.75300", "2006-12-31": "-10.76000", "2005-12-31": "-5.09000"}, "Operating Expenses": {"2020-12-31": "5694.47000", "2019-12-31": "5142.41100", "2018-12-31": "4606.61700", "2017-12-31": "4205.61800", "2016-12-31": "3869.81700", "2015-12-31": "3737.63400", "2014-12-31": "3397.46900", "2013-12-31": "2681.87100", "2012-12-31": "2275.35900", "2011-12-31": "1918.98600", "2010-12-31": "1548.09100", "2009-12-31": "1314.71200", "2008-12-31": "1207.92900", "2007-12-31": "977.59900", "2006-12-31": "760.97800", "2005-12-31": "596.70100"}, "Operating Income": {"2020-12-31": "290.16360", "2019-12-31": "443.95800", "2018-12-31": "258.36820", "2017-12-31": "270.79390", "2016-12-31": "34.56710", "2015-12-31": "763.58910", "2014-12-31": "710.80030", "2013-12-31": "532.72050", "2012-12-31": "455.86520", "2011-12-31": "350.56200", "2010-12-31": "287.83110", "2009-12-31": "203.70500", "2008-12-31": "124.03890", "2007-12-31": "108.18300", "2006-12-31": "61.95200", "2005-12-31": "30.99400"}, "Total Non-Operating Income/Expense": {"2020-12-31": "3.61700", "2019-12-31": "14.32700", "2018-12-31": "10.06800", "2017-12-31": "4.94900", "2016-12-31": "4.17200", "2015-12-31": "6.27800", "2014-12-31": "3.50300", "2013-12-31": "1.75100", "2012-12-31": "1.82000", "2011-12-31": "-0.85700", "2010-12-31": "1.23000", "2009-12-31": "0.52000", "2008-12-31": "3.16700", "2007-12-31": "5.81900", "2006-12-31": "6.30300", "2005-12-31": "-0.75400"}, "Pre-Tax Income": {"2020-12-31": "293.78100", "2019-12-31": "458.28500", "2018-12-31": "268.43600", "2017-12-31": "275.74300", "2016-12-31": "38.73900", "2015-12-31": "769.86700", "2014-12-31": "714.30300", "2013-12-31": "534.47100", "2012-12-31": "457.68500", "2011-12-31": "349.70500", "2010-12-31": "289.06100", "2009-12-31": "204.22500", "2008-12-31": "127.20600", "2007-12-31": "114.00200", "2006-12-31": "68.25500", "2005-12-31": "30.24000"}, "Income Taxes": {"2020-12-31": "-61.98500", "2019-12-31": "108.12700", "2018-12-31": "91.88300", "2017-12-31": "99.49000", "2016-12-31": "15.80100", "2015-12-31": "294.26500", "2014-12-31": "268.92900", "2013-12-31": "207.03300", "2012-12-31": "179.68500", "2011-12-31": "134.76000", "2010-12-31": "110.08000", "2009-12-31": "77.38000", "2008-12-31": "49.00400", "2007-12-31": "43.43900", "2006-12-31": "26.83200", "2005-12-31": "-7.45600"}, "Income After Taxes": {"2020-12-31": "355.76600", "2019-12-31": "350.15800", "2018-12-31": "176.55300", "2017-12-31": "176.25300", "2016-12-31": "22.93800", "2015-12-31": "475.60200", "2014-12-31": "445.37400", "2013-12-31": "327.43800", "2012-12-31": "278.00000", "2011-12-31": "214.94500", "2010-12-31": "178.98100", "2009-12-31": "126.84500", "2008-12-31": "78.20200", "2007-12-31": "70.56300", "2006-12-31": "41.42300", "2005-12-31": "37.69600"}, "Other Income": {"2020-12-31": "", "2019-12-31": "", "2018-12-31": "", "2017-12-31": "", "2016-12-31": "", "2015-12-31": "", "2014-12-31": "", "2013-12-31": "", "2012-12-31": "", "2011-12-31": "", "2010-12-31": "", "2009-12-31": "", "2008-12-31": "", "2007-12-31": "", "2006-12-31": "", "2005-12-31": ""}, "Income From Continuous Operations": {"2020-12-31": "355.76600", "2019-12-31": "350.15800", "2018-12-31": "176.55300", "2017-12-31": "176.25300", "2016-12-31": "22.93800", "2015-12-31": "475.60200", "2014-12-31": "445.37400", "2013-12-31": "327.43800", "2012-12-31": "278.00000", "2011-12-31": "214.94500", "2010-12-31": "178.98100", "2009-12-31": "126.84500", "2008-12-31": "78.20200", "2007-12-31": "70.56300", "2006-12-31": "41.42300", "2005-12-31": "37.69600"}, "Income From Discontinued Operations": {"2020-12-31": "", "2019-12-31": "", "2018-12-31": "", "2017-12-31": "", "2016-12-31": "", "2015-12-31": "", "2014-12-31": "", "2013-12-31": "", "2012-12-31": "", "2011-12-31": "", "2010-12-31": "", "2009-12-31": "", "2008-12-31": "", "2007-12-31": "", "2006-12-31": "", "2005-12-31": ""}, "Net Income": {"2020-12-31": "355.76600", "2019-12-31": "350.15800", "2018-12-31": "176.55300", "2017-12-31": "176.25300", "2016-12-31": "22.93800", "2015-12-31": "475.60200", "2014-12-31": "445.37400", "2013-12-31": "327.43800", "2012-12-31": "278.00000", "2011-12-31": "214.94500", "2010-12-31": "178.98100", "2009-12-31": "126.84500", "2008-12-31": "78.20200", "2007-12-31": "70.56300", "2006-12-31": "41.42300", "2005-12-31": "37.69600"}, "EBITDA": {"2020-12-31": "528.69760", "2019-12-31": "656.73600", "2018-12-31": "460.34720", "2017-12-31": "434.14200", "2016-12-31": "180.93510", "2015-12-31": "893.95710", "2014-12-31": "821.27430", "2013-12-31": "628.77450", "2012-12-31": "539.99520", "2011-12-31": "425.50000", "2010-12-31": "356.75200", "2009-12-31": "265.01290", "2008-12-31": "176.80890", "2007-12-31": "151.77800", "2006-12-31": "96.20500", "2005-12-31": "59.02000"}, "EBIT": {"2020-12-31": "290.16360", "2019-12-31": "443.95800", "2018-12-31": "258.36820", "2017-12-31": "270.79390", "2016-12-31": "34.56710", "2015-12-31": "763.58910", "2014-12-31": "710.80030", "2013-12-31": "532.72050", "2012-12-31": "455.86520", "2011-12-31": "350.56200", "2010-12-31": "287.83110", "2009-12-31": "203.70500", "2008-12-31": "124.03890", "2007-12-31": "108.18300", "2006-12-31": "61.95200", "2005-12-31": "30.99400"}, "Basic Shares Outstanding": {"2020-12-31": "27.91700", "2019-12-31": "27.74000", "2018-12-31": "27.82300", "2017-12-31": "28.49100", "2016-12-31": "29.26500", "2015-12-31": "31.09200", "2014-12-31": "31.03800", "2013-12-31": "30.95700", "2012-12-31": "31.51300", "2011-12-31": "31.21700", "2010-12-31": "31.23400", "2009-12-31": "31.76600", "2008-12-31": "32.76600", "2007-12-31": "32.67200", "2006-12-31": "32.05100", "2005-12-31": "26.28100"}, "Shares Outstanding": {"2020-12-31": "28.41600", "2019-12-31": "28.29500", "2018-12-31": "27.96200", "2017-12-31": "28.56100", "2016-12-31": "29.77000", "2015-12-31": "31.49400", "2014-12-31": "31.51200", "2013-12-31": "31.28100", "2012-12-31": "31.78300", "2011-12-31": "31.77500", "2010-12-31": "31.73500", "2009-12-31": "32.10200", "2008-12-31": "33.14600", "2007-12-31": "33.14600", "2006-12-31": "32.46500", "2005-12-31": "26.37400"}, "Basic EPS": {"2020-12-31": "12.74000", "2019-12-31": "12.62000", "2018-12-31": "6.35000", "2017-12-31": "6.19000", "2016-12-31": "0.78000", "2015-12-31": "15.30000", "2014-12-31": "14.35000", "2013-12-31": "10.58000", "2012-12-31": "8.82000", "2011-12-31": "6.89000", "2010-12-31": "5.73000", "2009-12-31": "3.99000", "2008-12-31": "2.39000", "2007-12-31": "2.16000", "2006-12-31": "1.29000", "2005-12-31": "1.43000"}, "EPS - Earnings Per Share": {"2020-12-31": "12.52000", "2019-12-31": "12.38000", "2018-12-31": "6.31000", "2017-12-31": "6.17000", "2016-12-31": "0.77000", "2015-12-31": "15.10000", "2014-12-31": "14.13000", "2013-12-31": "10.47000", "2012-12-31": "8.75000", "2011-12-31": "6.76000", "2010-12-31": "5.64000", "2009-12-31": "3.95000", "2008-12-31": "2.36000", "2007-12-31": "2.13000", "2006-12-31": "1.28000", "2005-12-31": "1.43000"}}, "income statement, quarterly": {"Revenue": {"2020-12-31": "1607.71000", "2020-09-30": "1601.41400", "2020-06-30": "1364.73800", "2020-03-31": "1410.77200", "2019-12-31": "1440.22400", "2019-09-30": "1403.69700", "2019-06-30": "1434.23100", "2019-03-31": "1308.21700", "2018-12-31": "1225.06100", "2018-09-30": "1225.00700", "2018-06-30": "1266.52000", "2018-03-31": "1148.39700", "2017-12-31": "1110.10000", "2017-09-30": "1128.07400", "2017-06-30": "1169.40900", "2017-03-31": "1068.82900", "2016-12-31": "1034.56000", "2016-09-30": "1036.98200", "2016-06-30": "998.38300", "2016-03-31": "834.45900", "2015-12-31": "997.50710", "2015-09-30": "1216.89000", "2015-06-30": "1197.78300", "2015-03-31": "1089.04300", "2014-12-31": "1069.81100", "2014-09-30": "1084.22200", "2014-06-30": "1050.07300", "2014-03-31": "904.16300", "2013-12-31": "844.14710", "2013-09-30": "826.90700", "2013-06-30": "816.78600", "2013-03-31": "726.75100", "2012-12-31": "699.16100", "2012-09-30": "700.52800", "2012-06-30": "690.93200", "2012-03-31": "640.60300", "2011-12-31": "596.74900", "2011-09-30": "591.85400", "2011-06-30": "571.56100", "2011-03-31": "509.38400", "2010-12-31": "482.52100", "2010-09-30": "476.87400", "2010-06-30": "466.84100", "2010-03-31": "409.68600", "2009-12-31": "387.54390", "2009-09-30": "387.58100", "2009-06-30": "388.83600", "2009-03-31": "354.45600", "2008-12-31": "345.34400", "2008-09-30": "340.54300", "2008-06-30": "340.75400", "2008-03-31": "305.32700", "2007-12-31": "288.90990", "2007-09-30": "286.43100", "2007-06-30": "274.34600", "2007-03-31": "236.09500", "2006-12-31": "219.71900", "2006-09-30": "211.26000", "2006-06-30": "204.93600", "2006-03-31": "187.01500", "2005-12-31": "173.31300", "2005-09-30": "164.67000", "2005-06-30": "156.29600", "2005-03-31": "133.41600"}, "Cost Of Goods Sold": {"2020-12-31": "1294.48300", "2020-09-30": "1289.18900", "2020-06-30": "1197.97600", "2020-03-31": "1161.90500", "2019-12-31": "1163.77900", "2019-09-30": "1111.80900", "2019-06-30": "1134.56900", "2019-03-31": "1033.72200", "2018-12-31": "1016.75200", "2018-09-30": "996.25700", "2018-06-30": "1016.88100", "2018-03-31": "924.10300", "2017-12-31": "945.03010", "2017-09-30": "946.94000", "2017-06-30": "949.00900", "2017-03-31": "879.21700", "2016-12-31": "894.91390", "2016-09-30": "890.29000", "2016-06-30": "843.33800", "2016-03-31": "777.62800", "2015-12-31": "801.97710", "2015-09-30": "872.39700", "2015-06-30": "862.65900", "2015-03-31": "789.90300", "2014-12-31": "784.96250", "2014-09-30": "772.21800", "2014-06-30": "763.34910", "2014-03-31": "669.98300", "2013-12-31": "627.91380", "2013-09-30": "605.40000", "2013-06-30": "591.17400", "2013-03-31": "535.33400", "2012-12-31": "527.37190", "2012-09-30": "508.72600", "2012-06-30": "489.52300", "2012-03-31": "465.26300", "2011-12-31": "441.06000", "2011-09-30": "434.12300", "2011-06-30": "424.24200", "2011-03-31": "380.89600", "2010-12-31": "357.37890", "2010-09-30": "344.99500", "2010-06-30": "341.45200", "2010-03-31": "302.69100", "2009-12-31": "292.53190", "2009-09-30": "288.68700", "2009-06-30": "287.60800", "2009-03-31": "271.07100", "2008-12-31": "272.44700", "2008-09-30": "267.80800", "2008-06-30": "264.27600", "2008-03-31": "240.51000", "2007-12-31": "225.02100", "2007-09-30": "220.45500", "2007-06-30": "210.56600", "2007-03-31": "187.17100", "2006-12-31": "175.06000", "2006-09-30": "165.84900", "2006-06-30": "160.49300", "2006-03-31": "149.27900", "2005-12-31": "141.15500", "2005-09-30": "134.62600", "2005-06-30": "125.25600", "2005-03-31": "110.58400"}, "Gross Profit": {"2020-12-31": "313.22690", "2020-09-30": "312.22500", "2020-06-30": "166.76200", "2020-03-31": "248.86690", "2019-12-31": "276.44480", "2019-09-30": "291.88810", "2019-06-30": "299.66200", "2019-03-31": "274.49510", "2018-12-31": "208.30910", "2018-09-30": "228.75000", "2018-06-30": "249.63900", "2018-03-31": "224.29400", "2017-12-31": "165.07010", "2017-09-30": "181.13400", "2017-06-30": "220.40010", "2017-03-31": "189.61200", "2016-12-31": "139.64590", "2016-09-30": "146.69210", "2016-06-30": "155.04500", "2016-03-31": "56.83100", "2015-12-31": "195.53000", "2015-09-30": "344.49300", "2015-06-30": "335.12400", "2015-03-31": "299.14000", "2014-12-31": "284.84830", "2014-09-30": "312.00410", "2014-06-30": "286.72390", "2014-03-31": "234.18000", "2013-12-31": "216.23330", "2013-09-30": "221.50700", "2013-06-30": "225.61200", "2013-03-31": "191.41700", "2012-12-31": "171.78910", "2012-09-30": "191.80200", "2012-06-30": "201.40900", "2012-03-31": "175.34000", "2011-12-31": "155.68900", "2011-09-30": "157.73100", "2011-06-30": "147.31900", "2011-03-31": "128.48800", "2010-12-31": "125.14200", "2010-09-30": "131.87900", "2010-06-30": "125.38900", "2010-03-31": "106.99500", "2009-12-31": "95.01210", "2009-09-30": "98.89400", "2009-06-30": "101.22800", "2009-03-31": "83.38500", "2008-12-31": "72.89700", "2008-09-30": "72.73500", "2008-06-30": "76.47800", "2008-03-31": "64.81700", "2007-12-31": "63.88890", "2007-09-30": "65.97600", "2007-06-30": "63.78000", "2007-03-31": "48.92400", "2006-12-31": "44.65890", "2006-09-30": "45.41100", "2006-06-30": "44.44300", "2006-03-31": "37.73600", "2005-12-31": "32.15800", "2005-09-30": "30.04400", "2005-06-30": "31.04000", "2005-03-31": "22.83200"}, "Research And Development Expenses": {"2020-12-31": "", "2020-09-30": "", "2020-06-30": "", "2020-03-31": "", "2019-12-31": "", "2019-09-30": "", "2019-06-30": "", "2019-03-31": "", "2018-12-31": "", "2018-09-30": "", "2018-06-30": "", "2018-03-31": "", "2017-12-31": "", "2017-09-30": "", "2017-06-30": "", "2017-03-31": "", "2016-12-31": "", "2016-09-30": "", "2016-06-30": "", "2016-03-31": "", "2015-12-31": "", "2015-09-30": "", "2015-06-30": "", "2015-03-31": "", "2014-12-31": "", "2014-09-30": "", "2014-06-30": "", "2014-03-31": "", "2013-12-31": "", "2013-09-30": "", "2013-06-30": "", "2013-03-31": "", "2012-12-31": "", "2012-09-30": "", "2012-06-30": "", "2012-03-31": "", "2011-12-31": "", "2011-09-30": "", "2011-06-30": "", "2011-03-31": "", "2010-12-31": "", "2010-09-30": "", "2010-06-30": "", "2010-03-31": "", "2009-12-31": "", "2009-09-30": "", "2009-06-30": "", "2009-03-31": "", "2008-12-31": "", "2008-09-30": "", "2008-06-30": "", "2008-03-31": "", "2007-12-31": "", "2007-09-30": "", "2007-06-30": "", "2007-03-31": "", "2006-12-31": "", "2006-09-30": "", "2006-06-30": "", "2006-03-31": "", "2005-12-31": "", "2005-09-30": "", "2005-06-30": "", "2005-03-31": ""}, "SG&A Expenses": {"2020-12-31": "124.02400", "2020-09-30": "133.15000", "2020-06-30": "102.64700", "2020-03-31": "106.47000", "2019-12-31": "112.41600", "2019-09-30": "115.07000", "2019-06-30": "121.39500", "2019-03-31": "102.67100", "2018-12-31": "103.72000", "2018-09-30": "109.52400", "2018-06-30": "85.15300", "2018-03-31": "77.06300", "2017-12-31": "57.69000", "2017-09-30": "99.18200", "2017-06-30": "70.07500", "2017-03-31": "69.44100", "2016-12-31": "65.06900", "2016-09-30": "78.40500", "2016-06-30": "70.75600", "2016-03-31": "62.01000", "2015-12-31": "46.87500", "2015-09-30": "70.06600", "2015-06-30": "70.21200", "2015-03-31": "63.06100", "2014-12-31": "60.92900", "2014-09-30": "71.17200", "2014-06-30": "74.87900", "2014-03-31": "66.91700", "2013-12-31": "55.84400", "2013-09-30": "52.72600", "2013-06-30": "50.95200", "2013-03-31": "44.21100", "2012-12-31": "43.17400", "2012-09-30": "48.60600", "2012-06-30": "42.29500", "2012-03-31": "49.33400", "2011-12-31": "37.98800", "2011-09-30": "37.25400", "2011-06-30": "41.96800", "2011-03-31": "32.21600", "2010-12-31": "28.73300", "2010-09-30": "33.52200", "2010-06-30": "30.14100", "2010-03-31": "26.19400", "2009-12-31": "25.07800", "2009-09-30": "24.55500", "2009-06-30": "25.79700", "2009-03-31": "23.71900", "2008-12-31": "24.26600", "2008-09-30": "22.64500", "2008-06-30": "20.68400", "2008-03-31": "21.56000", "2007-12-31": "20.64100", "2007-09-30": "19.27900", "2007-06-30": "18.10900", "2007-03-31": "17.00900", "2006-12-31": "16.65100", "2006-09-30": "15.72300", "2006-06-30": "17.64300", "2006-03-31": "15.26700", "2005-12-31": "14.75200", "2005-09-30": "12.26800", "2005-06-30": "13.72600", "2005-03-31": "11.21800"}, "Other Operating Income Or Expenses": {"2020-12-31": "-12.36100", "2020-09-30": "-11.79900", "2020-06-30": "-9.03000", "2020-03-31": "-12.90200", "2019-12-31": "-10.72400", "2019-09-30": "-8.99100", "2019-06-30": "-6.60500", "2019-03-31": "-7.88200", "2018-12-31": "-11.76000", "2018-09-30": "-8.58100", "2018-06-30": "-47.33600", "2018-03-31": "-7.50800", "2017-12-31": "-5.90900", "2017-09-30": "-9.53900", "2017-06-30": "-2.51900", "2017-03-31": "-7.71900", "2016-12-31": "-5.95500", "2016-09-30": "-21.12700", "2016-06-30": "-7.32000", "2016-03-31": "-6.63700", "2015-12-31": "-10.90200", "2015-09-30": "-6.52300", "2015-06-30": "-5.05600", "2015-03-31": "-7.63500", "2014-12-31": "-6.29700", "2014-09-30": "-5.43500", "2014-06-30": "-4.99400", "2014-03-31": "-5.85900", "2013-12-31": "-6.38200", "2013-09-30": "-7.00900", "2013-06-30": "-4.64500", "2013-03-31": "-4.22600", "2012-12-31": "-4.28600", "2012-09-30": "-4.17100", "2012-06-30": "-4.78100", "2012-03-31": "-3.69800", "2011-12-31": "-4.63500", "2011-09-30": "-3.72600", "2011-06-30": "-2.98300", "2011-03-31": "-2.95700", "2010-12-31": "-4.60200", "2010-09-30": "-3.45400", "2010-06-30": "-3.23600", "2010-03-31": "-2.77100", "2009-12-31": "-3.60900", "2009-09-30": "-4.07900", "2009-06-30": "-2.91200", "2009-03-31": "-3.75700", "2008-12-31": "-6.63300", "2008-09-30": "-5.26300", "2008-06-30": "-4.77300", "2008-03-31": "-4.29400", "2007-12-31": "-4.10400", "2007-09-30": "-4.13400", "2007-06-30": "-4.41300", "2007-03-31": "-3.10200", "2006-12-31": "-3.24700", "2006-09-30": "-3.15900", "2006-06-30": "-2.62100", "2006-03-31": "-1.73300", "2005-12-31": "-2.03700", "2005-09-30": "-1.07100", "2005-06-30": "-1.26400", "2005-03-31": "-0.71800"}, "Operating Expenses": {"2020-12-31": "1490.82400", "2020-09-30": "1494.31800", "2020-06-30": "1369.67700", "2020-03-31": "1339.65100", "2019-12-31": "1342.06800", "2019-09-30": "1288.07600", "2019-06-30": "1314.21100", "2019-03-31": "1198.05600", "2018-12-31": "1185.44900", "2018-09-30": "1167.01600", "2018-06-30": "1198.56300", "2018-03-31": "1055.58900", "2017-12-31": "1050.07100", "2017-09-30": "1097.20700", "2017-06-30": "1062.68400", "2017-03-31": "995.65590", "2016-12-31": "1004.01000", "2016-09-30": "1027.25600", "2016-06-30": "957.48800", "2016-03-31": "881.06300", "2015-12-31": "893.89400", "2015-09-30": "982.13100", "2015-06-30": "970.36690", "2015-03-31": "891.24200", "2014-12-31": "881.93870", "2014-09-30": "876.78590", "2014-06-30": "870.23110", "2014-03-31": "768.51310", "2013-12-31": "715.04270", "2013-09-30": "689.75300", "2013-06-30": "670.36800", "2013-03-31": "606.70700", "2012-12-31": "596.97280", "2012-09-30": "582.86510", "2012-06-30": "557.14200", "2012-03-31": "538.37900", "2011-12-31": "502.88110", "2011-09-30": "493.84400", "2011-06-30": "487.69800", "2011-03-31": "434.56300", "2010-12-31": "408.52890", "2010-09-30": "399.29000", "2010-06-30": "391.88200", "2010-03-31": "348.39000", "2009-12-31": "337.15910", "2009-09-30": "332.77200", "2009-06-30": "331.51400", "2009-03-31": "313.26700", "2008-12-31": "317.47010", "2008-09-30": "309.48500", "2008-06-30": "302.44000", "2008-03-31": "278.53400", "2007-12-31": "261.45390", "2007-09-30": "255.03500", "2007-06-30": "243.66400", "2007-03-31": "217.44600", "2006-12-31": "204.22300", "2006-09-30": "193.40700", "2006-06-30": "189.06600", "2006-03-31": "174.28200", "2005-12-31": "165.57800", "2005-09-30": "155.17100", "2005-06-30": "146.97500", "2005-03-31": "128.97700"}, "Operating Income": {"2020-12-31": "116.88590", "2020-09-30": "107.09590", "2020-06-30": "-4.93910", "2020-03-31": "71.12100", "2019-12-31": "98.15550", "2019-09-30": "115.62110", "2019-06-30": "120.02000", "2019-03-31": "110.16110", "2018-12-31": "39.61240", "2018-09-30": "57.99080", "2018-06-30": "67.95700", "2018-03-31": "92.80800", "2017-12-31": "60.02890", "2017-09-30": "30.86710", "2017-06-30": "106.72510", "2017-03-31": "73.17300", "2016-12-31": "30.54990", "2016-09-30": "9.72610", "2016-06-30": "40.89500", "2016-03-31": "-46.60410", "2015-12-31": "103.61310", "2015-09-30": "234.75900", "2015-06-30": "227.41600", "2015-03-31": "197.80100", "2014-12-31": "187.87210", "2014-09-30": "207.43610", "2014-06-30": "179.84190", "2014-03-31": "135.65000", "2013-12-31": "129.10440", "2013-09-30": "137.15400", "2013-06-30": "146.41800", "2013-03-31": "120.04400", "2012-12-31": "102.18820", "2012-09-30": "117.66300", "2012-06-30": "133.79000", "2012-03-31": "102.22410", "2011-12-31": "93.86790", "2011-09-30": "98.01000", "2011-06-30": "83.86300", "2011-03-31": "74.82100", "2010-12-31": "73.99200", "2010-09-30": "77.58400", "2010-06-30": "74.95900", "2010-03-31": "61.29600", "2009-12-31": "50.38490", "2009-09-30": "54.80900", "2009-06-30": "57.32200", "2009-03-31": "41.18900", "2008-12-31": "27.87390", "2008-09-30": "31.05800", "2008-06-30": "38.31400", "2008-03-31": "26.79300", "2007-12-31": "27.45600", "2007-09-30": "31.39600", "2007-06-30": "30.68200", "2007-03-31": "18.64900", "2006-12-31": "15.49600", "2006-09-30": "17.85300", "2006-06-30": "15.87000", "2006-03-31": "12.73300", "2005-12-31": "173.31300", "2005-09-30": "9.49900", "2005-06-30": "9.32100", "2005-03-31": "4.43900"}, "Total Non-Operating Income/Expense": {"2020-12-31": "0.84600", "2020-09-30": "-0.59500", "2020-06-30": "0.62300", "2020-03-31": "2.74300", "2019-12-31": "2.84000", "2019-09-30": "4.41100", "2019-06-30": "3.94700", "2019-03-31": "3.12900", "2018-12-31": "3.85800", "2018-09-30": "2.49300", "2018-06-30": "2.32300", "2018-03-31": "1.39400", "2017-12-31": "1.43700", "2017-09-30": "1.27500", "2017-06-30": "1.04900", "2017-03-31": "1.18800", "2016-12-31": "0.58800", "2016-09-30": "0.67200", "2016-06-30": "0.78600", "2016-03-31": "2.12600", "2015-12-31": "1.79500", "2015-09-30": "1.51800", "2015-06-30": "1.74200", "2015-03-31": "1.22300", "2014-12-31": "0.88500", "2014-09-30": "0.78500", "2014-06-30": "1.14400", "2014-03-31": "0.68900", "2013-12-31": "0.39000", "2013-09-30": "0.76500", "2013-06-30": "0.33000", "2013-03-31": "0.26600", "2012-12-31": "0.46200", "2012-09-30": "0.54700", "2012-06-30": "0.37700", "2012-03-31": "0.43400", "2011-12-31": "0.41400", "2011-09-30": "0.44800", "2011-06-30": "-2.00600", "2011-03-31": "0.28700", "2010-12-31": "0.31100", "2010-09-30": "0.38100", "2010-06-30": "0.34200", "2010-03-31": "0.19600", "2009-12-31": "0.23000", "2009-09-30": "0.05800", "2009-06-30": "0.10700", "2009-03-31": "0.12500", "2008-12-31": "0.19500", "2008-09-30": "0.85300", "2008-06-30": "0.85000", "2008-03-31": "1.26900", "2007-12-31": "1.42500", "2007-09-30": "1.52300", "2007-06-30": "1.45600", "2007-03-31": "1.41500", "2006-12-31": "1.89300", "2006-09-30": "1.94700", "2006-06-30": "1.55700", "2006-03-31": "0.90600", "2005-12-31": "-0.11400", "2005-09-30": "-0.24800", "2005-06-30": "-0.33600", "2005-03-31": "-0.05600"}, "Pre-Tax Income": {"2020-12-31": "117.73200", "2020-09-30": "106.50100", "2020-06-30": "-4.31600", "2020-03-31": "73.86400", "2019-12-31": "100.99600", "2019-09-30": "120.03200", "2019-06-30": "123.96700", "2019-03-31": "113.29000", "2018-12-31": "43.47000", "2018-09-30": "60.48400", "2018-06-30": "70.28000", "2018-03-31": "94.20200", "2017-12-31": "61.46600", "2017-09-30": "32.14200", "2017-06-30": "107.77400", "2017-03-31": "74.36100", "2016-12-31": "31.13800", "2016-09-30": "10.39800", "2016-06-30": "41.68100", "2016-03-31": "-44.47800", "2015-12-31": "105.40800", "2015-09-30": "236.27700", "2015-06-30": "229.15800", "2015-03-31": "199.02400", "2014-12-31": "188.75700", "2014-09-30": "208.22100", "2014-06-30": "180.98600", "2014-03-31": "136.33900", "2013-12-31": "129.49400", "2013-09-30": "137.91900", "2013-06-30": "146.74800", "2013-03-31": "120.31000", "2012-12-31": "102.65000", "2012-09-30": "118.21000", "2012-06-30": "134.16700", "2012-03-31": "102.65800", "2011-12-31": "94.28200", "2011-09-30": "98.45800", "2011-06-30": "81.85700", "2011-03-31": "75.10800", "2010-12-31": "74.30300", "2010-09-30": "77.96500", "2010-06-30": "75.30100", "2010-03-31": "61.49200", "2009-12-31": "50.61500", "2009-09-30": "54.86700", "2009-06-30": "57.42900", "2009-03-31": "41.31400", "2008-12-31": "28.06900", "2008-09-30": "31.91100", "2008-06-30": "39.16400", "2008-03-31": "28.06200", "2007-12-31": "28.88100", "2007-09-30": "32.91900", "2007-06-30": "32.13800", "2007-03-31": "20.06400", "2006-12-31": "17.38900", "2006-09-30": "19.80000", "2006-06-30": "17.42700", "2006-03-31": "13.63900", "2005-12-31": "173.31300", "2005-09-30": "9.25100", "2005-06-30": "8.98500", "2005-03-31": "4.38300"}, "Income Taxes": {"2020-12-31": "-73.22700", "2020-09-30": "26.25700", "2020-06-30": "-12.49100", "2020-03-31": "-2.52400", "2019-12-31": "28.58000", "2019-09-30": "21.45000", "2019-06-30": "32.93900", "2019-03-31": "25.15800", "2018-12-31": "11.45100", "2018-09-30": "22.28000", "2018-06-30": "23.39600", "2018-03-31": "34.75600", "2017-12-31": "17.67300", "2017-09-30": "12.53200", "2017-06-30": "41.04400", "2017-03-31": "28.24100", "2016-12-31": "15.16300", "2016-09-30": "2.59900", "2016-06-30": "16.08500", "2016-03-31": "-18.04600", "2015-12-31": "37.53400", "2015-09-30": "91.39400", "2015-06-30": "88.95400", "2015-03-31": "76.38300", "2014-12-31": "67.52300", "2014-09-30": "77.42000", "2014-06-30": "70.71600", "2014-03-31": "53.27000", "2013-12-31": "49.87200", "2013-09-30": "54.54000", "2013-06-30": "58.89500", "2013-03-31": "43.72600", "2012-12-31": "41.29700", "2012-09-30": "45.91000", "2012-06-30": "52.48400", "2012-03-31": "39.99400", "2011-12-31": "36.80900", "2011-09-30": "38.02500", "2011-06-30": "31.20000", "2011-03-31": "28.72600", "2010-12-31": "27.85800", "2010-09-30": "29.73700", "2010-06-30": "28.84000", "2010-03-31": "23.64500", "2009-12-31": "19.01900", "2009-09-30": "20.40300", "2009-06-30": "22.03600", "2009-03-31": "15.92200", "2008-12-31": "11.09600", "2008-09-30": "12.43400", "2008-06-30": "14.69600", "2008-03-31": "10.77800", "2007-12-31": "11.34300", "2007-09-30": "12.31500", "2007-06-30": "12.15700", "2007-03-31": "7.62400", "2006-12-31": "6.54800", "2006-09-30": "7.99800", "2006-06-30": "6.63500", "2006-03-31": "5.65100", "2005-12-31": "3.35900", "2005-09-30": "4.16800", "2005-06-30": "-16.74000", "2005-03-31": "1.75700"}, "Income After Taxes": {"2020-12-31": "190.95900", "2020-09-30": "80.24400", "2020-06-30": "8.17500", "2020-03-31": "76.38800", "2019-12-31": "72.41600", "2019-09-30": "98.58200", "2019-06-30": "91.02800", "2019-03-31": "88.13200", "2018-12-31": "32.01900", "2018-09-30": "38.20400", "2018-06-30": "46.88400", "2018-03-31": "59.44600", "2017-12-31": "43.79300", "2017-09-30": "19.61000", "2017-06-30": "66.73000", "2017-03-31": "46.12000", "2016-12-31": "15.97500", "2016-09-30": "7.79900", "2016-06-30": "25.59600", "2016-03-31": "-26.43200", "2015-12-31": "67.87400", "2015-09-30": "144.88300", "2015-06-30": "140.20400", "2015-03-31": "122.64100", "2014-12-31": "121.23400", "2014-09-30": "130.80100", "2014-06-30": "110.27000", "2014-03-31": "83.06900", "2013-12-31": "79.62200", "2013-09-30": "83.37900", "2013-06-30": "87.85300", "2013-03-31": "76.58400", "2012-12-31": "61.35300", "2012-09-30": "72.30000", "2012-06-30": "81.68300", "2012-03-31": "62.66400", "2011-12-31": "57.47300", "2011-09-30": "60.43300", "2011-06-30": "50.65700", "2011-03-31": "46.38200", "2010-12-31": "46.44500", "2010-09-30": "48.22800", "2010-06-30": "46.46100", "2010-03-31": "37.84700", "2009-12-31": "31.59600", "2009-09-30": "34.46400", "2009-06-30": "35.39300", "2009-03-31": "25.39200", "2008-12-31": "16.97300", "2008-09-30": "19.47700", "2008-06-30": "24.46800", "2008-03-31": "17.28400", "2007-12-31": "17.53800", "2007-09-30": "20.60400", "2007-06-30": "19.98100", "2007-03-31": "12.44000", "2006-12-31": "10.84100", "2006-09-30": "11.80200", "2006-06-30": "10.79200", "2006-03-31": "7.98800", "2005-12-31": "173.31300", "2005-09-30": "5.08300", "2005-06-30": "25.72500", "2005-03-31": "2.62600"}, "Other Income": {"2020-12-31": "", "2020-09-30": "", "2020-06-30": "", "2020-03-31": "", "2019-12-31": "", "2019-09-30": "", "2019-06-30": "", "2019-03-31": "", "2018-12-31": "", "2018-09-30": "", "2018-06-30": "", "2018-03-31": "", "2017-12-31": "", "2017-09-30": "", "2017-06-30": "", "2017-03-31": "", "2016-12-31": "", "2016-09-30": "", "2016-06-30": "", "2016-03-31": "", "2015-12-31": "", "2015-09-30": "", "2015-06-30": "", "2015-03-31": "", "2014-12-31": "", "2014-09-30": "", "2014-06-30": "", "2014-03-31": "", "2013-12-31": "", "2013-09-30": "", "2013-06-30": "", "2013-03-31": "", "2012-12-31": "", "2012-09-30": "", "2012-06-30": "", "2012-03-31": "", "2011-12-31": "", "2011-09-30": "", "2011-06-30": "", "2011-03-31": "", "2010-12-31": "", "2010-09-30": "", "2010-06-30": "", "2010-03-31": "", "2009-12-31": "", "2009-09-30": "", "2009-06-30": "", "2009-03-31": "", "2008-12-31": "", "2008-09-30": "", "2008-06-30": "", "2008-03-31": "", "2007-12-31": "", "2007-09-30": "", "2007-06-30": "", "2007-03-31": "", "2006-12-31": "", "2006-09-30": "", "2006-06-30": "", "2006-03-31": "", "2005-12-31": "", "2005-09-30": "", "2005-06-30": "", "2005-03-31": ""}, "Income From Continuous Operations": {"2020-12-31": "190.95900", "2020-09-30": "80.24400", "2020-06-30": "8.17500", "2020-03-31": "76.38800", "2019-12-31": "72.41600", "2019-09-30": "98.58200", "2019-06-30": "91.02800", "2019-03-31": "88.13200", "2018-12-31": "32.01900", "2018-09-30": "38.20400", "2018-06-30": "46.88400", "2018-03-31": "59.44600", "2017-12-31": "43.79300", "2017-09-30": "19.61000", "2017-06-30": "66.73000", "2017-03-31": "46.12000", "2016-12-31": "15.97500", "2016-09-30": "7.79900", "2016-06-30": "25.59600", "2016-03-31": "-26.43200", "2015-12-31": "67.87400", "2015-09-30": "144.88300", "2015-06-30": "140.20400", "2015-03-31": "122.64100", "2014-12-31": "121.23400", "2014-09-30": "130.80100", "2014-06-30": "110.27000", "2014-03-31": "83.06900", "2013-12-31": "79.62200", "2013-09-30": "83.37900", "2013-06-30": "87.85300", "2013-03-31": "76.58400", "2012-12-31": "61.35300", "2012-09-30": "72.30000", "2012-06-30": "81.68300", "2012-03-31": "62.66400", "2011-12-31": "57.47300", "2011-09-30": "60.43300", "2011-06-30": "50.65700", "2011-03-31": "46.38200", "2010-12-31": "46.44500", "2010-09-30": "48.22800", "2010-06-30": "46.46100", "2010-03-31": "37.84700", "2009-12-31": "31.59600", "2009-09-30": "34.46400", "2009-06-30": "35.39300", "2009-03-31": "25.39200", "2008-12-31": "16.97300", "2008-09-30": "19.47700", "2008-06-30": "24.46800", "2008-03-31": "17.28400", "2007-12-31": "17.53800", "2007-09-30": "20.60400", "2007-06-30": "19.98100", "2007-03-31": "12.44000", "2006-12-31": "10.84100", "2006-09-30": "11.80200", "2006-06-30": "10.79200", "2006-03-31": "7.98800", "2005-12-31": "4.26200", "2005-09-30": "5.08300", "2005-06-30": "25.72500", "2005-03-31": "2.62600"}, "Income From Discontinued Operations": {"2020-12-31": "", "2020-09-30": "", "2020-06-30": "", "2020-03-31": "", "2019-12-31": "", "2019-09-30": "", "2019-06-30": "", "2019-03-31": "", "2018-12-31": "", "2018-09-30": "", "2018-06-30": "", "2018-03-31": "", "2017-12-31": "", "2017-09-30": "", "2017-06-30": "", "2017-03-31": "", "2016-12-31": "", "2016-09-30": "", "2016-06-30": "", "2016-03-31": "", "2015-12-31": "", "2015-09-30": "", "2015-06-30": "", "2015-03-31": "", "2014-12-31": "", "2014-09-30": "", "2014-06-30": "", "2014-03-31": "", "2013-12-31": "", "2013-09-30": "", "2013-06-30": "", "2013-03-31": "", "2012-12-31": "", "2012-09-30": "", "2012-06-30": "", "2012-03-31": "", "2011-12-31": "", "2011-09-30": "", "2011-06-30": "", "2011-03-31": "", "2010-12-31": "", "2010-09-30": "", "2010-06-30": "", "2010-03-31": "", "2009-12-31": "", "2009-09-30": "", "2009-06-30": "", "2009-03-31": "", "2008-12-31": "", "2008-09-30": "", "2008-06-30": "", "2008-03-31": "", "2007-12-31": "", "2007-09-30": "", "2007-06-30": "", "2007-03-31": "", "2006-12-31": "", "2006-09-30": "", "2006-06-30": "", "2006-03-31": "", "2005-12-31": "0.00000", "2005-09-30": "", "2005-06-30": "", "2005-03-31": ""}, "Net Income": {"2020-12-31": "190.95900", "2020-09-30": "80.24400", "2020-06-30": "8.17500", "2020-03-31": "76.38800", "2019-12-31": "72.41600", "2019-09-30": "98.58200", "2019-06-30": "91.02800", "2019-03-31": "88.13200", "2018-12-31": "32.01900", "2018-09-30": "38.20400", "2018-06-30": "46.88400", "2018-03-31": "59.44600", "2017-12-31": "43.79300", "2017-09-30": "19.61000", "2017-06-30": "66.73000", "2017-03-31": "46.12000", "2016-12-31": "15.97500", "2016-09-30": "7.79900", "2016-06-30": "25.59600", "2016-03-31": "-26.43200", "2015-12-31": "67.87400", "2015-09-30": "144.88300", "2015-06-30": "140.20400", "2015-03-31": "122.64100", "2014-12-31": "121.23400", "2014-09-30": "130.80100", "2014-06-30": "110.27000", "2014-03-31": "83.06900", "2013-12-31": "79.62200", "2013-09-30": "83.37900", "2013-06-30": "87.85300", "2013-03-31": "76.58400", "2012-12-31": "61.35300", "2012-09-30": "72.30000", "2012-06-30": "81.68300", "2012-03-31": "62.66400", "2011-12-31": "57.47300", "2011-09-30": "60.43300", "2011-06-30": "50.65700", "2011-03-31": "46.38200", "2010-12-31": "46.44500", "2010-09-30": "48.22800", "2010-06-30": "46.46100", "2010-03-31": "37.84700", "2009-12-31": "31.59600", "2009-09-30": "34.46400", "2009-06-30": "35.39300", "2009-03-31": "25.39200", "2008-12-31": "16.97300", "2008-09-30": "19.47700", "2008-06-30": "24.46800", "2008-03-31": "17.28400", "2007-12-31": "17.53800", "2007-09-30": "20.60400", "2007-06-30": "19.98100", "2007-03-31": "12.44000", "2006-12-31": "10.84100", "2006-09-30": "11.80200", "2006-06-30": "10.79200", "2006-03-31": "7.98800", "2005-12-31": "4.26200", "2005-09-30": "5.08300", "2005-06-30": "25.72500", "2005-03-31": "2.62600"}, "EBITDA": {"2020-12-31": "", "2020-09-30": "167.27590", "2020-06-30": "55.08490", "2020-03-31": "129.49500", "2019-12-31": "153.30450", "2019-09-30": "167.82710", "2019-06-30": "171.66200", "2019-03-31": "163.94210", "2018-12-31": "92.82940", "2018-09-30": "110.64480", "2018-06-30": "117.15000", "2018-03-31": "139.72300", "2017-12-31": "101.47090", "2017-09-30": "72.41310", "2017-06-30": "147.80610", "2017-03-31": "112.45200", "2016-12-31": "68.62190", "2016-09-30": "47.16010", "2016-06-30": "76.96900", "2016-03-31": "-11.81610", "2015-12-31": "137.75310", "2015-09-30": "267.90400", "2015-06-30": "259.85600", "2015-03-31": "228.44400", "2014-12-31": "217.62210", "2014-09-30": "235.39710", "2014-06-30": "206.85090", "2014-03-31": "161.40400", "2013-12-31": "154.00740", "2013-09-30": "161.77200", "2013-06-30": "170.01500", "2013-03-31": "142.98000", "2012-12-31": "124.32920", "2012-09-30": "139.02500", "2012-06-30": "154.33300", "2012-03-31": "122.30810", "2011-12-31": "113.06590", "2011-09-30": "116.75100", "2011-06-30": "102.36800", "2011-03-31": "93.31500", "2010-12-31": "91.80700", "2010-09-30": "94.90300", "2010-06-30": "92.01200", "2010-03-31": "78.03000", "2009-12-31": "66.32490", "2009-09-30": "70.26000", "2009-06-30": "72.51900", "2009-03-31": "55.90900", "2008-12-31": "41.99790", "2008-09-30": "44.82700", "2008-06-30": "51.02100", "2008-03-31": "38.96300", "2007-12-31": "39.14400", "2007-09-30": "42.56300", "2007-06-30": "41.25800", "2007-03-31": "28.81300", "2006-12-31": "24.76100", "2006-09-30": "26.52900", "2006-06-30": "24.17900", "2006-03-31": "20.73600", "2005-12-31": "15.36310", "2005-09-30": "16.70500", "2005-06-30": "16.05000", "2005-03-31": "10.89600"}, "EBIT": {"2020-12-31": "116.88590", "2020-09-30": "107.09590", "2020-06-30": "-4.93910", "2020-03-31": "71.12100", "2019-12-31": "98.15580", "2019-09-30": "115.62110", "2019-06-30": "120.02000", "2019-03-31": "110.16110", "2018-12-31": "39.61230", "2018-09-30": "57.99080", "2018-06-30": "67.95700", "2018-03-31": "92.80800", "2017-12-31": "60.02880", "2017-09-30": "30.86710", "2017-06-30": "106.72510", "2017-03-31": "73.17300", "2016-12-31": "30.55010", "2016-09-30": "9.72610", "2016-06-30": "40.89500", "2016-03-31": "-46.60410", "2015-12-31": "103.61320", "2015-09-30": "234.75900", "2015-06-30": "227.41600", "2015-03-31": "197.80100", "2014-12-31": "187.87230", "2014-09-30": "207.43610", "2014-06-30": "179.84190", "2014-03-31": "135.65000", "2013-12-31": "129.10450", "2013-09-30": "137.15400", "2013-06-30": "146.41800", "2013-03-31": "120.04400", "2012-12-31": "102.18820", "2012-09-30": "117.66300", "2012-06-30": "133.79000", "2012-03-31": "102.22410", "2011-12-31": "93.86800", "2011-09-30": "98.01000", "2011-06-30": "83.86300", "2011-03-31": "74.82100", "2010-12-31": "73.99210", "2010-09-30": "77.58400", "2010-06-30": "74.95900", "2010-03-31": "61.29600", "2009-12-31": "50.38500", "2009-09-30": "54.80900", "2009-06-30": "57.32200", "2009-03-31": "41.18900", "2008-12-31": "27.87400", "2008-09-30": "31.05800", "2008-06-30": "38.31400", "2008-03-31": "26.79300", "2007-12-31": "27.45600", "2007-09-30": "31.39600", "2007-06-30": "30.68200", "2007-03-31": "18.64900", "2006-12-31": "15.49600", "2006-09-30": "17.85300", "2006-06-30": "15.87000", "2006-03-31": "12.73300", "2005-12-31": "173.31300", "2005-09-30": "9.49900", "2005-06-30": "9.32100", "2005-03-31": "4.43900"}, "Basic Shares Outstanding": {"2020-12-31": "27.99200", "2020-09-30": "27.97300", "2020-06-30": "27.91100", "2020-03-31": "27.79200", "2019-12-31": "27.74000", "2019-09-30": "27.77500", "2019-06-30": "27.72000", "2019-03-31": "27.69600", "2018-12-31": "27.82300", "2018-09-30": "27.80200", "2018-06-30": "27.81900", "2018-03-31": "27.91100", "2017-12-31": "28.49100", "2017-09-30": "28.41500", "2017-06-30": "28.64900", "2017-03-31": "28.75000", "2016-12-31": "29.26500", "2016-09-30": "29.06300", "2016-06-30": "29.20700", "2016-03-31": "29.89300", "2015-12-31": "31.09200", "2015-09-30": "31.18700", "2015-06-30": "31.12000", "2015-03-31": "31.03600", "2014-12-31": "31.03800", "2014-09-30": "31.02000", "2014-06-30": "31.04900", "2014-03-31": "31.06100", "2013-12-31": "30.95700", "2013-09-30": "30.89700", "2013-06-30": "30.90100", "2013-03-31": "31.01200", "2012-12-31": "31.51300", "2012-09-30": "31.64300", "2012-06-30": "31.69600", "2012-03-31": "31.41000", "2011-12-31": "31.21700", "2011-09-30": "31.33100", "2011-06-30": "31.16700", "2011-03-31": "31.08200", "2010-12-31": "31.23400", "2010-09-30": "31.03100", "2010-06-30": "31.37300", "2010-03-31": "31.48300", "2009-12-31": "31.76600", "2009-09-30": "31.62500", "2009-06-30": "31.85600", "2009-03-31": "32.00300", "2008-12-31": "32.76600", "2008-09-30": "32.86200", "2008-06-30": "32.85600", "2008-03-31": "32.80800", "2007-12-31": "32.67200", "2007-09-30": "32.70600", "2007-06-30": "32.64200", "2007-03-31": "32.55800", "2006-12-31": "32.05100", "2006-09-30": "32.49900", "2006-06-30": "32.46200", "2006-03-31": "30.68300", "2005-12-31": "26.28100", "2005-09-30": "26.28100", "2005-06-30": "26.28100", "2005-03-31": "26.28100"}, "Shares Outstanding": {"2020-12-31": "28.55200", "2020-09-30": "28.45400", "2020-06-30": "28.33300", "2020-03-31": "28.32300", "2019-12-31": "28.29500", "2019-09-30": "28.38800", "2019-06-30": "28.30000", "2019-03-31": "28.11800", "2018-12-31": "27.96200", "2018-09-30": "28.01700", "2018-06-30": "27.93500", "2018-03-31": "27.95000", "2017-12-31": "28.56100", "2017-09-30": "28.43900", "2017-06-30": "28.80000", "2017-03-31": "28.85000", "2016-12-31": "29.77000", "2016-09-30": "29.17100", "2016-06-30": "29.34000", "2016-03-31": "29.89300", "2015-12-31": "31.49400", "2015-09-30": "31.54800", "2015-06-30": "31.52600", "2015-03-31": "31.59200", "2014-12-31": "31.51200", "2014-09-30": "31.54700", "2014-06-30": "31.47400", "2014-03-31": "31.48600", "2013-12-31": "31.28100", "2013-09-30": "31.29600", "2013-06-30": "31.17600", "2013-03-31": "31.22900", "2012-12-31": "31.78300", "2012-09-30": "31.84600", "2012-06-30": "31.95100", "2012-03-31": "31.84600", "2011-12-31": "31.77500", "2011-09-30": "31.83200", "2011-06-30": "31.76100", "2011-03-31": "31.71700", "2010-12-31": "31.73500", "2010-09-30": "31.62900", "2010-06-30": "31.80200", "2010-03-31": "31.81400", "2009-12-31": "32.10200", "2009-09-30": "31.94900", "2009-06-30": "32.19500", "2009-03-31": "32.36200", "2008-12-31": "33.14600", "2008-09-30": "33.17000", "2008-06-30": "33.28400", "2008-03-31": "33.33000", "2007-12-31": "33.14600", "2007-09-30": "33.17100", "2007-06-30": "33.06500", "2007-03-31": "32.95300", "2006-12-31": "32.46500", "2006-09-30": "32.88500", "2006-06-30": "32.90300", "2006-03-31": "31.07800", "2005-12-31": "26.36700", "2005-09-30": "26.34400", "2005-06-30": "26.31900", "2005-03-31": "26.31600"}, "Basic EPS": {"2020-12-31": "6.82000", "2020-09-30": "2.87000", "2020-06-30": "0.29000", "2020-03-31": "2.75000", "2019-12-31": "2.61000", "2019-09-30": "3.55000", "2019-06-30": "3.28000", "2019-03-31": "3.18000", "2018-12-31": "1.16000", "2018-09-30": "1.37000", "2018-06-30": "1.69000", "2018-03-31": "2.13000", "2017-12-31": "1.57000", "2017-09-30": "0.69000", "2017-06-30": "2.33000", "2017-03-31": "1.60000", "2016-12-31": "0.51000", "2016-09-30": "0.27000", "2016-06-30": "0.88000", "2016-03-31": "-0.88000", "2015-12-31": "2.19000", "2015-09-30": "4.65000", "2015-06-30": "4.51000", "2015-03-31": "3.95000", "2014-12-31": "3.91000", "2014-09-30": "4.22000", "2014-06-30": "3.55000", "2014-03-31": "2.67000", "2013-12-31": "2.57000", "2013-09-30": "2.70000", "2013-06-30": "2.84000", "2013-03-31": "2.47000", "2012-12-31": "1.96000", "2012-09-30": "2.28000", "2012-06-30": "2.58000", "2012-03-31": "2.00000", "2011-12-31": "1.84000", "2011-09-30": "1.93000", "2011-06-30": "1.63000", "2011-03-31": "1.49000", "2010-12-31": "1.50000", "2010-09-30": "1.55000", "2010-06-30": "1.48000", "2010-03-31": "1.20000", "2009-12-31": "1.00000", "2009-09-30": "1.09000", "2009-06-30": "1.11000", "2009-03-31": "0.79000", "2008-12-31": "0.53000", "2008-09-30": "0.59000", "2008-06-30": "0.74000", "2008-03-31": "0.53000", "2007-12-31": "0.54000", "2007-09-30": "0.63000", "2007-06-30": "0.61000", "2007-03-31": "0.38000", "2006-12-31": "0.34000", "2006-09-30": "0.36000", "2006-06-30": "0.33000", "2006-03-31": "0.26000", "2005-12-31": "0.16000", "2005-09-30": "0.19000", "2005-06-30": "0.98000", "2005-03-31": "0.10000"}, "EPS - Earnings Per Share": {"2020-12-31": "6.69000", "2020-09-30": "2.82000", "2020-06-30": "0.29000", "2020-03-31": "2.70000", "2019-12-31": "2.56000", "2019-09-30": "3.47000", "2019-06-30": "3.22000", "2019-03-31": "3.13000", "2018-12-31": "1.14000", "2018-09-30": "1.36000", "2018-06-30": "1.68000", "2018-03-31": "2.13000", "2017-12-31": "1.56000", "2017-09-30": "0.69000", "2017-06-30": "2.32000", "2017-03-31": "1.60000", "2016-12-31": "0.51000", "2016-09-30": "0.27000", "2016-06-30": "0.87000", "2016-03-31": "-0.88000", "2015-12-31": "2.18000", "2015-09-30": "4.59000", "2015-06-30": "4.45000", "2015-03-31": "3.88000", "2014-12-31": "3.84000", "2014-09-30": "4.15000", "2014-06-30": "3.50000", "2014-03-31": "2.64000", "2013-12-31": "2.54000", "2013-09-30": "2.66000", "2013-06-30": "2.82000", "2013-03-31": "2.45000", "2012-12-31": "1.95000", "2012-09-30": "2.27000", "2012-06-30": "2.56000", "2012-03-31": "1.97000", "2011-12-31": "1.81000", "2011-09-30": "1.90000", "2011-06-30": "1.59000", "2011-03-31": "1.46000", "2010-12-31": "1.47000", "2010-09-30": "1.52000", "2010-06-30": "1.46000", "2010-03-31": "1.19000", "2009-12-31": "0.99000", "2009-09-30": "1.08000", "2009-06-30": "1.10000", "2009-03-31": "0.78000", "2008-12-31": "0.51000", "2008-09-30": "0.59000", "2008-06-30": "0.74000", "2008-03-31": "0.52000", "2007-12-31": "0.53000", "2007-09-30": "0.62000", "2007-06-30": "0.60000", "2007-03-31": "0.38000", "2006-12-31": "0.33000", "2006-09-30": "0.36000", "2006-06-30": "0.33000", "2006-03-31": "0.26000", "2005-12-31": "0.16000", "2005-09-30": "0.19000", "2005-06-30": "0.98000", "2005-03-31": "0.10000"}}, "balance sheet": {"Cash On Hand": {"2020-12-31": "951.60300", "2019-12-31": "880.78200", "2018-12-31": "676.79800", "2017-12-31": "508.95100", "2016-12-31": "417.71600", "2015-12-31": "663.20400", "2014-12-31": "758.05700", "2013-12-31": "578.17400", "2012-12-31": "472.85900", "2011-12-31": "456.24800", "2010-12-31": "349.60400", "2009-12-31": "269.56600", "2008-12-31": "188.03400", "2007-12-31": "171.17600", "2006-12-31": "153.64200", "2005-12-31": "0.06100"}, "Receivables": {"2020-12-31": "387.28300", "2019-12-31": "108.25000", "2018-12-31": "62.31200", "2017-12-31": "49.80600", "2016-12-31": "45.55900", "2015-12-31": "96.43500", "2014-12-31": "51.32700", "2013-12-31": "27.67300", "2012-12-31": "26.41200", "2011-12-31": "8.38900", "2010-12-31": "29.18600", "2009-12-31": "4.76300", "2008-12-31": "3.92800", "2007-12-31": "14.90800", "2006-12-31": "13.64800", "2005-12-31": "4.18100"}, "Inventory": {"2020-12-31": "26.44500", "2019-12-31": "26.09600", "2018-12-31": "21.55500", "2017-12-31": "19.86000", "2016-12-31": "15.01900", "2015-12-31": "15.04300", "2014-12-31": "15.33200", "2013-12-31": "13.04400", "2012-12-31": "11.09600", "2011-12-31": "8.91300", "2010-12-31": "7.09800", "2009-12-31": "5.61400", "2008-12-31": "4.78900", "2007-12-31": "4.33200", "2006-12-31": "3.50500", "2005-12-31": "2.62500"}, "Pre-Paid Expenses": {"2020-12-31": "54.90600", "2019-12-31": "57.07600", "2018-12-31": "54.12900", "2017-12-31": "50.91800", "2016-12-31": "44.08000", "2015-12-31": "39.96500", "2014-12-31": "34.79500", "2013-12-31": "34.20400", "2012-12-31": "27.37800", "2011-12-31": "21.40400", "2010-12-31": "16.01600", "2009-12-31": "14.37700", "2008-12-31": "11.76400", "2007-12-31": "8.99700", "2006-12-31": "7.11200", "2005-12-31": "8.61100"}, "Other Current Assets": {"2020-12-31": "", "2019-12-31": "", "2018-12-31": "", "2017-12-31": "", "2016-12-31": "", "2015-12-31": "", "2014-12-31": "", "2013-12-31": "", "2012-12-31": "", "2011-12-31": "", "2010-12-31": "", "2009-12-31": "", "2008-12-31": "", "2007-12-31": "", "2006-12-31": "", "2005-12-31": ""}, "Total Current Assets": {"2020-12-31": "1420.23700", "2019-12-31": "1072.20400", "2018-12-31": "814.79400", "2017-12-31": "629.53500", "2016-12-31": "522.37400", "2015-12-31": "814.64700", "2014-12-31": "859.51100", "2013-12-31": "666.30700", "2012-12-31": "546.60700", "2011-12-31": "501.19200", "2010-12-31": "406.22100", "2009-12-31": "297.45400", "2008-12-31": "211.07200", "2007-12-31": "201.84400", "2006-12-31": "178.83700", "2005-12-31": "17.82400"}, "Property, Plant, And Equipment": {"2020-12-31": "1584.31100", "2019-12-31": "1458.69000", "2018-12-31": "1379.25400", "2017-12-31": "1338.36600", "2016-12-31": "1303.55800", "2015-12-31": "1217.22000", "2014-12-31": "1106.98400", "2013-12-31": "963.23800", "2012-12-31": "866.70300", "2011-12-31": "751.95100", "2010-12-31": "676.88100", "2009-12-31": "636.41100", "2008-12-31": "585.89900", "2007-12-31": "494.93000", "2006-12-31": "404.74000", "2005-12-31": "340.69400"}, "Long-Term Investments": {"2020-12-31": "102.32800", "2019-12-31": "", "2018-12-31": "", "2017-12-31": "", "2016-12-31": "125.05500", "2015-12-31": "622.93900", "2014-12-31": "496.10600", "2013-12-31": "313.86300", "2012-12-31": "190.86800", "2011-12-31": "128.24100", "2010-12-31": "", "2009-12-31": "", "2008-12-31": "", "2007-12-31": "", "2006-12-31": "", "2005-12-31": ""}, "Goodwill And Intangible Assets": {"2020-12-31": "21.93900", "2019-12-31": "21.93900", "2018-12-31": "21.93900", "2017-12-31": "21.93900", "2016-12-31": "21.93900", "2015-12-31": "21.93900", "2014-12-31": "21.93900", "2013-12-31": "21.93900", "2012-12-31": "21.93900", "2011-12-31": "21.93900", "2010-12-31": "21.93900", "2009-12-31": "21.93900", "2008-12-31": "21.93900", "2007-12-31": "21.93900", "2006-12-31": "17.73800", "2005-12-31": "17.73800"}, "Other Long-Term Assets": {"2020-12-31": "86.89600", "2019-12-31": "46.30490", "2018-12-31": "49.53100", "2017-12-31": "55.85200", "2016-12-31": "53.17700", "2015-12-31": "48.32100", "2014-12-31": "42.77700", "2013-12-31": "43.93300", "2012-12-31": "42.55000", "2011-12-31": "21.98500", "2010-12-31": "16.56400", "2009-12-31": "5.70100", "2008-12-31": "6.07500", "2007-12-31": "3.40200", "2006-12-31": "2.89300", "2005-12-31": "2.65300"}, "Total Long-Term Assets": {"2020-12-31": "4562.65900", "2019-12-31": "4032.40000", "2018-12-31": "1450.72400", "2017-12-31": "1416.15700", "2016-12-31": "1503.72900", "2015-12-31": "1910.41900", "2014-12-31": "1667.80600", "2013-12-31": "1342.97300", "2012-12-31": "1122.06000", "2011-12-31": "924.11600", "2010-12-31": "715.38400", "2009-12-31": "664.05100", "2008-12-31": "613.91300", "2007-12-31": "520.27100", "2006-12-31": "425.37100", "2005-12-31": "374.67100"}, "Total Assets": {"2020-12-31": "5982.89600", "2019-12-31": "5104.60400", "2018-12-31": "2265.51800", "2017-12-31": "2045.69200", "2016-12-31": "2026.10300", "2015-12-31": "2725.06600", "2014-12-31": "2527.31700", "2013-12-31": "2009.28000", "2012-12-31": "1668.66700", "2011-12-31": "1425.30800", "2010-12-31": "1121.60500", "2009-12-31": "961.50500", "2008-12-31": "824.98500", "2007-12-31": "722.11500", "2006-12-31": "604.20800", "2005-12-31": "392.49500"}, "Total Current Liabilities": {"2020-12-31": "822.19900", "2019-12-31": "666.59300", "2018-12-31": "449.99000", "2017-12-31": "323.89300", "2016-12-31": "281.79300", "2015-12-31": "279.94200", "2014-12-31": "245.71000", "2013-12-31": "199.22800", "2012-12-31": "186.85200", "2011-12-31": "157.45300", "2010-12-31": "123.05400", "2009-12-31": "102.15300", "2008-12-31": "76.78800", "2007-12-31": "73.30100", "2006-12-31": "61.20100", "2005-12-31": "41.98200"}, "Long Term Debt": {"2020-12-31": "", "2019-12-31": "", "2018-12-31": "", "2017-12-31": "", "2016-12-31": "", "2015-12-31": "", "2014-12-31": "", "2013-12-31": "", "2012-12-31": "", "2011-12-31": "", "2010-12-31": "", "2009-12-31": "", "2008-12-31": "", "2007-12-31": "", "2006-12-31": "", "2005-12-31": ""}, "Other Non-Current Liabilities": {"2020-12-31": "38.84400", "2019-12-31": "38.79700", "2018-12-31": "31.63800", "2017-12-31": "40.04200", "2016-12-31": "33.94600", "2015-12-31": "32.88300", "2014-12-31": "28.26300", "2013-12-31": "23.59100", "2012-12-31": "19.88500", "2011-12-31": "12.43500", "2010-12-31": "9.82500", "2009-12-31": "6.85100", "2008-12-31": "4.85700", "2007-12-31": "3.06900", "2006-12-31": "0.11100", "2005-12-31": "0.57700"}, "Total Long Term Liabilities": {"2020-12-31": "3140.56200", "2019-12-31": "2754.98500", "2018-12-31": "374.18900", "2017-12-31": "357.35400", "2016-12-31": "341.81700", "2015-12-31": "317.15000", "2014-12-31": "269.23800", "2013-12-31": "271.76400", "2012-12-31": "235.88900", "2011-12-31": "223.62900", "2010-12-31": "187.67800", "2009-12-31": "155.89100", "2008-12-31": "125.60700", "2007-12-31": "86.70400", "2006-12-31": "69.05000", "2005-12-31": "41.15900"}, "Total Liabilities": {"2020-12-31": "3962.76100", "2019-12-31": "3421.57800", "2018-12-31": "824.17900", "2017-12-31": "681.24700", "2016-12-31": "623.61000", "2015-12-31": "597.09200", "2014-12-31": "514.94800", "2013-12-31": "470.99200", "2012-12-31": "422.74100", "2011-12-31": "381.08200", "2010-12-31": "310.73200", "2009-12-31": "258.04400", "2008-12-31": "202.39500", "2007-12-31": "160.00500", "2006-12-31": "130.25100", "2005-12-31": "83.14100"}, "Common Stock Net": {"2020-12-31": "0.36700", "2019-12-31": "0.36300", "2018-12-31": "0.36000", "2017-12-31": "0.35900", "2016-12-31": "0.35800", "2015-12-31": "0.35800", "2014-12-31": "0.35400", "2013-12-31": "0.35200", "2012-12-31": "0.34900", "2011-12-31": "0.34400", "2010-12-31": "0.34000", "2009-12-31": "0.33500", "2008-12-31": "0.32900", "2007-12-31": "0.32800", "2006-12-31": "0.32500", "2005-12-31": "0.26300"}, "Retained Earnings (Accumulated Deficit)": {"2020-12-31": "3276.16300", "2019-12-31": "2921.44800", "2018-12-31": "2573.61700", "2017-12-31": "2397.06400", "2016-12-31": "2220.81100", "2015-12-31": "2197.87300", "2014-12-31": "1722.27100", "2013-12-31": "1276.89700", "2012-12-31": "949.45900", "2011-12-31": "671.45900", "2010-12-31": "456.51400", "2009-12-31": "277.53300", "2008-12-31": "150.68800", "2007-12-31": "72.48600", "2006-12-31": "2.97200", "2005-12-31": "-38.45100"}, "Comprehensive Income": {"2020-12-31": "-4.22900", "2019-12-31": "-5.36300", "2018-12-31": "-6.23600", "2017-12-31": "-3.65900", "2016-12-31": "-8.16200", "2015-12-31": "-8.27300", "2014-12-31": "-0.42900", "2013-12-31": "1.62000", "2012-12-31": "1.02400", "2011-12-31": "0.19700", "2010-12-31": "0.60600", "2009-12-31": "0.02900", "2008-12-31": "-0.19300", "2007-12-31": "", "2006-12-31": "0.00700", "2005-12-31": "0.00900"}, "Other Share Holders Equity": {"2020-12-31": "", "2019-12-31": "", "2018-12-31": "", "2017-12-31": "", "2016-12-31": "", "2015-12-31": "", "2014-12-31": "", "2013-12-31": "", "2012-12-31": "", "2011-12-31": "", "2010-12-31": "", "2009-12-31": "", "2008-12-31": "", "2007-12-31": "", "2006-12-31": "", "2005-12-31": "-28.19500"}, "Share Holder Equity": {"2020-12-31": "2020.13500", "2019-12-31": "1683.02600", "2018-12-31": "1441.33900", "2017-12-31": "1364.44500", "2016-12-31": "1402.49300", "2015-12-31": "2127.97400", "2014-12-31": "2012.36900", "2013-12-31": "1538.28800", "2012-12-31": "1245.92600", "2011-12-31": "1044.22600", "2010-12-31": "810.87300", "2009-12-31": "703.46100", "2008-12-31": "622.59000", "2007-12-31": "562.11000", "2006-12-31": "473.95700", "2005-12-31": "309.35400"}, "Total Liabilities And Share Holders Equity": {"2020-12-31": "5982.89600", "2019-12-31": "5104.60400", "2018-12-31": "2265.51800", "2017-12-31": "2045.69200", "2016-12-31": "2026.10300", "2015-12-31": "2725.06600", "2014-12-31": "2527.31700", "2013-12-31": "2009.28000", "2012-12-31": "1668.66700", "2011-12-31": "1425.30800", "2010-12-31": "1121.60500", "2009-12-31": "961.50500", "2008-12-31": "824.98500", "2007-12-31": "722.11500", "2006-12-31": "604.20800", "2005-12-31": "392.49500"}}, "balance sheet, quarterly": {"Cash On Hand": {"2020-12-31": "951.60300", "2020-09-30": "1005.22000", "2020-06-30": "906.66300", "2020-03-31": "881.29300", "2019-12-31": "880.78200", "2019-09-30": "815.36100", "2019-06-30": "717.78000", "2019-03-31": "735.02400", "2018-12-31": "676.79800", "2018-09-30": "670.81500", "2018-06-30": "573.92700", "2018-03-31": "530.60200", "2017-12-31": "508.95100", "2017-09-30": "548.35700", "2017-06-30": "569.60300", "2017-03-31": "577.04000", "2016-12-31": "417.71600", "2016-09-30": "359.14900", "2016-06-30": "270.14400", "2016-03-31": "250.80500", "2015-12-31": "663.20400", "2015-09-30": "959.74300", "2015-06-30": "879.23000", "2015-03-31": "890.53390", "2014-12-31": "758.05700", "2014-09-30": "789.60900", "2014-06-30": "804.63000", "2014-03-31": "706.99500", "2013-12-31": "578.17400", "2013-09-30": "532.17300", "2013-06-30": "483.79600", "2013-03-31": "507.50300", "2012-12-31": "472.85900", "2012-09-30": "573.89100", "2012-06-30": "529.53300", "2012-03-31": "464.67100", "2011-12-31": "456.24800", "2011-09-30": "444.63400", "2011-06-30": "384.56000", "2011-03-31": "327.93900", "2010-12-31": "349.60400", "2010-09-30": "300.99600", "2010-06-30": "307.04200", "2010-03-31": "298.00200", "2009-12-31": "269.56600", "2009-09-30": "238.44600", "2009-06-30": "208.29900", "2009-03-31": "204.93400", "2008-12-31": "188.03400", "2008-09-30": "212.18300", "2008-06-30": "195.61700", "2008-03-31": "187.16200", "2007-12-31": "171.17600", "2007-09-30": "167.65700", "2007-06-30": "156.21700", "2007-03-31": "158.90200", "2006-12-31": "153.64200", "2006-09-30": "157.56500", "2006-06-30": "142.04400", "2006-03-31": "133.46400", "2005-12-31": "0.06100", "2005-09-30": "", "2005-06-30": "", "2005-03-31": ""}, "Receivables": {"2020-12-31": "387.28300", "2020-09-30": "129.80200", "2020-06-30": "165.84600", "2020-03-31": "120.09200", "2019-12-31": "108.25000", "2019-09-30": "53.31300", "2019-06-30": "49.36200", "2019-03-31": "49.72500", "2018-12-31": "62.31200", "2018-09-30": "48.56500", "2018-06-30": "56.03600", "2018-03-31": "26.69100", "2017-12-31": "49.80600", "2017-09-30": "36.85600", "2017-06-30": "24.94000", "2017-03-31": "21.58200", "2016-12-31": "45.55900", "2016-09-30": "46.11600", "2016-06-30": "48.41900", "2016-03-31": "58.73300", "2015-12-31": "96.43500", "2015-09-30": "37.64300", "2015-06-30": "33.56200", "2015-03-31": "21.48000", "2014-12-31": "51.32700", "2014-09-30": "18.94900", "2014-06-30": "20.24200", "2014-03-31": "16.58200", "2013-12-31": "27.67300", "2013-09-30": "14.57500", "2013-06-30": "14.96100", "2013-03-31": "15.47500", "2012-12-31": "26.41200", "2012-09-30": "40.76400", "2012-06-30": "44.79700", "2012-03-31": "43.97800", "2011-12-31": "8.38900", "2011-09-30": "5.76500", "2011-06-30": "12.31200", "2011-03-31": "15.46800", "2010-12-31": "29.18600", "2010-09-30": "14.53700", "2010-06-30": "3.78700", "2010-03-31": "3.51400", "2009-12-31": "4.76300", "2009-09-30": "8.10900", "2009-06-30": "9.03600", "2009-03-31": "3.37500", "2008-12-31": "3.92800", "2008-09-30": "7.77700", "2008-06-30": "5.37400", "2008-03-31": "5.21600", "2007-12-31": "14.90800", "2007-09-30": "6.31100", "2007-06-30": "6.31800", "2007-03-31": "5.38000", "2006-12-31": "13.64800", "2006-09-30": "3.05900", "2006-06-30": "1.96700", "2006-03-31": "2.77300", "2005-12-31": "4.18100", "2005-09-30": "", "2005-06-30": "", "2005-03-31": ""}, "Inventory": {"2020-12-31": "26.44500", "2020-09-30": "25.46400", "2020-06-30": "24.17800", "2020-03-31": "23.33500", "2019-12-31": "26.09600", "2019-09-30": "23.87100", "2019-06-30": "21.14400", "2019-03-31": "18.78000", "2018-12-31": "21.55500", "2018-09-30": "18.28500", "2018-06-30": "20.85100", "2018-03-31": "17.40400", "2017-12-31": "19.86000", "2017-09-30": "21.63400", "2017-06-30": "19.12600", "2017-03-31": "18.31900", "2016-12-31": "15.01900", "2016-09-30": "18.38200", "2016-06-30": "16.96600", "2016-03-31": "16.88500", "2015-12-31": "15.04300", "2015-09-30": "17.52400", "2015-06-30": "16.52900", "2015-03-31": "16.05200", "2014-12-31": "15.33200", "2014-09-30": "15.88500", "2014-06-30": "15.52200", "2014-03-31": "15.20200", "2013-12-31": "13.04400", "2013-09-30": "12.50900", "2013-06-30": "11.27000", "2013-03-31": "11.43100", "2012-12-31": "11.09600", "2012-09-30": "9.96400", "2012-06-30": "10.50400", "2012-03-31": "10.01700", "2011-12-31": "8.91300", "2011-09-30": "8.76800", "2011-06-30": "8.44700", "2011-03-31": "8.73800", "2010-12-31": "7.09800", "2010-09-30": "7.17500", "2010-06-30": "6.35800", "2010-03-31": "6.31400", "2009-12-31": "5.61400", "2009-09-30": "5.85800", "2009-06-30": "5.71500", "2009-03-31": "5.76600", "2008-12-31": "4.78900", "2008-09-30": "5.48500", "2008-06-30": "5.15100", "2008-03-31": "4.58300", "2007-12-31": "4.33200", "2007-09-30": "4.40400", "2007-06-30": "4.41800", "2007-03-31": "4.14200", "2006-12-31": "3.50500", "2006-09-30": "3.39300", "2006-06-30": "3.04000", "2006-03-31": "3.04900", "2005-12-31": "2.62500", "2005-09-30": "", "2005-06-30": "", "2005-03-31": ""}, "Pre-Paid Expenses": {"2020-12-31": "54.90600", "2020-09-30": "50.79400", "2020-06-30": "53.65600", "2020-03-31": "50.78100", "2019-12-31": "57.07600", "2019-09-30": "62.21100", "2019-06-30": "44.11600", "2019-03-31": "34.21700", "2018-12-31": "54.12900", "2018-09-30": "55.40600", "2018-06-30": "69.86000", "2018-03-31": "55.74200", "2017-12-31": "50.91800", "2017-09-30": "49.08900", "2017-06-30": "50.29600", "2017-03-31": "47.02300", "2016-12-31": "44.08000", "2016-09-30": "45.25000", "2016-06-30": "52.17800", "2016-03-31": "48.31700", "2015-12-31": "39.96500", "2015-09-30": "37.76000", "2015-06-30": "39.68600", "2015-03-31": "37.25200", "2014-12-31": "34.79500", "2014-09-30": "33.63200", "2014-06-30": "36.96600", "2014-03-31": "38.21300", "2013-12-31": "34.20400", "2013-09-30": "34.69600", "2013-06-30": "34.93800", "2013-03-31": "31.72300", "2012-12-31": "27.37800", "2012-09-30": "24.66600", "2012-06-30": "28.29800", "2012-03-31": "26.15900", "2011-12-31": "21.40400", "2011-09-30": "22.67900", "2011-06-30": "31.27900", "2011-03-31": "20.31800", "2010-12-31": "16.01600", "2010-09-30": "18.93300", "2010-06-30": "18.40200", "2010-03-31": "15.69400", "2009-12-31": "14.37700", "2009-09-30": "13.35800", "2009-06-30": "13.03300", "2009-03-31": "13.66100", "2008-12-31": "11.76400", "2008-09-30": "12.08100", "2008-06-30": "11.42300", "2008-03-31": "11.18000", "2007-12-31": "8.99700", "2007-09-30": "8.63300", "2007-06-30": "7.94700", "2007-03-31": "7.79200", "2006-12-31": "7.11200", "2006-09-30": "7.03500", "2006-06-30": "6.74200", "2006-03-31": "6.97900", "2005-12-31": "8.61100", "2005-09-30": "", "2005-06-30": "", "2005-03-31": ""}, "Other Current Assets": {"2020-12-31": "", "2020-09-30": "", "2020-06-30": "", "2020-03-31": "", "2019-12-31": "", "2019-09-30": "", "2019-06-30": "", "2019-03-31": "", "2018-12-31": "", "2018-09-30": "", "2018-06-30": "", "2018-03-31": "", "2017-12-31": "", "2017-09-30": "", "2017-06-30": "", "2017-03-31": "", "2016-12-31": "", "2016-09-30": "", "2016-06-30": "", "2016-03-31": "", "2015-12-31": "", "2015-09-30": "", "2015-06-30": "", "2015-03-31": "", "2014-12-31": "", "2014-09-30": "", "2014-06-30": "", "2014-03-31": "", "2013-12-31": "", "2013-09-30": "", "2013-06-30": "", "2013-03-31": "", "2012-12-31": "", "2012-09-30": "", "2012-06-30": "", "2012-03-31": "", "2011-12-31": "", "2011-09-30": "", "2011-06-30": "", "2011-03-31": "", "2010-12-31": "", "2010-09-30": "", "2010-06-30": "", "2010-03-31": "", "2009-12-31": "", "2009-09-30": "", "2009-06-30": "", "2009-03-31": "", "2008-12-31": "", "2008-09-30": "", "2008-06-30": "", "2008-03-31": "", "2007-12-31": "", "2007-09-30": "", "2007-06-30": "", "2007-03-31": "", "2006-12-31": "", "2006-09-30": "", "2006-06-30": "", "2006-03-31": "", "2005-12-31": "", "2005-09-30": "", "2005-06-30": "", "2005-03-31": ""}, "Total Current Assets": {"2020-12-31": "1420.23700", "2020-09-30": "1211.28000", "2020-06-30": "1150.34300", "2020-03-31": "1075.50100", "2019-12-31": "1072.20400", "2019-09-30": "954.75600", "2019-06-30": "832.40200", "2019-03-31": "837.74600", "2018-12-31": "814.79400", "2018-09-30": "793.07100", "2018-06-30": "720.67400", "2018-03-31": "630.43900", "2017-12-31": "629.53500", "2017-09-30": "655.93600", "2017-06-30": "663.96500", "2017-03-31": "663.96400", "2016-12-31": "522.37400", "2016-09-30": "468.89700", "2016-06-30": "387.70700", "2016-03-31": "374.74000", "2015-12-31": "814.64700", "2015-09-30": "1073.23300", "2015-06-30": "989.23100", "2015-03-31": "984.69500", "2014-12-31": "859.51100", "2014-09-30": "873.87000", "2014-06-30": "892.09900", "2014-03-31": "790.79100", "2013-12-31": "666.30700", "2013-09-30": "603.78200", "2013-06-30": "555.01000", "2013-03-31": "575.51400", "2012-12-31": "546.60700", "2012-09-30": "656.67900", "2012-06-30": "620.44200", "2012-03-31": "551.48700", "2011-12-31": "501.19200", "2011-09-30": "487.72900", "2011-06-30": "441.71200", "2011-03-31": "377.16000", "2010-12-31": "406.22100", "2010-09-30": "345.39900", "2010-06-30": "339.34800", "2010-03-31": "327.05000", "2009-12-31": "297.45400", "2009-09-30": "269.14200", "2009-06-30": "239.29700", "2009-03-31": "230.44500", "2008-12-31": "211.07200", "2008-09-30": "239.97600", "2008-06-30": "220.33800", "2008-03-31": "210.67600", "2007-12-31": "201.84400", "2007-09-30": "188.64900", "2007-06-30": "176.41200", "2007-03-31": "177.44400", "2006-12-31": "178.83700", "2006-09-30": "172.71600", "2006-06-30": "155.06000", "2006-03-31": "147.31200", "2005-12-31": "17.82400", "2005-09-30": "", "2005-06-30": "", "2005-03-31": ""}, "Property, Plant, And Equipment": {"2020-12-31": "1584.31100", "2020-09-30": "1547.21700", "2020-06-30": "1498.04800", "2020-03-31": "1465.66600", "2019-12-31": "1458.69000", "2019-09-30": "1425.44600", "2019-06-30": "1387.89600", "2019-03-31": "1366.68400", "2018-12-31": "1379.25400", "2018-09-30": "1361.44000", "2018-06-30": "1333.94900", "2018-03-31": "1343.71700", "2017-12-31": "1338.36600", "2017-09-30": "1331.78600", "2017-06-30": "1328.28000", "2017-03-31": "1322.62200", "2016-12-31": "1303.55800", "2016-09-30": "1278.67200", "2016-06-30": "1269.33500", "2016-03-31": "1241.60200", "2015-12-31": "1217.22000", "2015-09-30": "1180.95700", "2015-06-30": "1147.05900", "2015-03-31": "1119.46900", "2014-12-31": "1106.98400", "2014-09-30": "1052.68400", "2014-06-30": "1011.91600", "2014-03-31": "983.04700", "2013-12-31": "963.23800", "2013-09-30": "936.02300", "2013-06-30": "895.81900", "2013-03-31": "875.59700", "2012-12-31": "866.70300", "2012-09-30": "835.65400", "2012-06-30": "804.65500", "2012-03-31": "773.11600", "2011-12-31": "751.95100", "2011-09-30": "719.34600", "2011-06-30": "695.60900", "2011-03-31": "683.39200", "2010-12-31": "676.88100", "2010-09-30": "658.42300", "2010-06-30": "641.60000", "2010-03-31": "637.56900", "2009-12-31": "636.41100", "2009-09-30": "622.02600", "2009-06-30": "605.63100", "2009-03-31": "595.95100", "2008-12-31": "585.89900", "2008-09-30": "566.03300", "2008-06-30": "539.34000", "2008-03-31": "515.24700", "2007-12-31": "494.93000", "2007-09-30": "469.29500", "2007-06-30": "444.25900", "2007-03-31": "426.04800", "2006-12-31": "404.74000", "2006-09-30": "379.89100", "2006-06-30": "359.62700", "2006-03-31": "345.79000", "2005-12-31": "340.69400", "2005-09-30": "", "2005-06-30": "", "2005-03-31": ""}, "Long-Term Investments": {"2020-12-31": "102.32800", "2020-09-30": "61.47400", "2020-06-30": "", "2020-03-31": "", "2019-12-31": "", "2019-09-30": "", "2019-06-30": "", "2019-03-31": "", "2018-12-31": "", "2018-09-30": "", "2018-06-30": "", "2018-03-31": "49.37500", "2017-12-31": "", "2017-09-30": "", "2017-06-30": "", "2017-03-31": "", "2016-12-31": "125.05500", "2016-09-30": "250.65900", "2016-06-30": "376.36400", "2016-03-31": "455.67900", "2015-12-31": "622.93900", "2015-09-30": "625.09800", "2015-06-30": "600.76700", "2015-03-31": "531.08200", "2014-12-31": "496.10600", "2014-09-30": "440.94900", "2014-06-30": "304.10800", "2014-03-31": "313.60100", "2013-12-31": "313.86300", "2013-09-30": "303.70000", "2013-06-30": "290.28400", "2013-03-31": "195.52000", "2012-12-31": "190.86800", "2012-09-30": "159.01100", "2012-06-30": "169.17700", "2012-03-31": "149.07200", "2011-12-31": "128.24100", "2011-09-30": "99.71800", "2011-06-30": "89.71200", "2011-03-31": "59.45600", "2010-12-31": "", "2010-09-30": "", "2010-06-30": "", "2010-03-31": "", "2009-12-31": "", "2009-09-30": "", "2009-06-30": "", "2009-03-31": "", "2008-12-31": "", "2008-09-30": "", "2008-06-30": "", "2008-03-31": "", "2007-12-31": "", "2007-09-30": "", "2007-06-30": "", "2007-03-31": "", "2006-12-31": "", "2006-09-30": "", "2006-06-30": "", "2006-03-31": "", "2005-12-31": "", "2005-09-30": "", "2005-06-30": "", "2005-03-31": ""}, "Goodwill And Intangible Assets": {"2020-12-31": "21.93900", "2020-09-30": "21.93900", "2020-06-30": "21.93900", "2020-03-31": "21.93900", "2019-12-31": "21.93900", "2019-09-30": "21.93900", "2019-06-30": "21.93900", "2019-03-31": "21.93900", "2018-12-31": "21.93900", "2018-09-30": "21.93900", "2018-06-30": "21.93900", "2018-03-31": "21.93900", "2017-12-31": "21.93900", "2017-09-30": "21.93900", "2017-06-30": "21.93900", "2017-03-31": "21.93900", "2016-12-31": "21.93900", "2016-09-30": "21.93900", "2016-06-30": "21.93900", "2016-03-31": "21.93900", "2015-12-31": "21.93900", "2015-09-30": "21.93900", "2015-06-30": "21.93900", "2015-03-31": "21.93900", "2014-12-31": "21.93900", "2014-09-30": "21.93900", "2014-06-30": "21.93900", "2014-03-31": "21.93900", "2013-12-31": "21.93900", "2013-09-30": "21.93900", "2013-06-30": "21.93900", "2013-03-31": "21.93900", "2012-12-31": "21.93900", "2012-09-30": "21.93900", "2012-06-30": "21.93900", "2012-03-31": "21.93900", "2011-12-31": "21.93900", "2011-09-30": "21.93900", "2011-06-30": "21.93900", "2011-03-31": "21.93900", "2010-12-31": "21.93900", "2010-09-30": "21.93900", "2010-06-30": "21.93900", "2010-03-31": "21.93900", "2009-12-31": "21.93900", "2009-09-30": "21.93900", "2009-06-30": "21.93900", "2009-03-31": "21.93900", "2008-12-31": "21.93900", "2008-09-30": "21.93900", "2008-06-30": "21.93900", "2008-03-31": "21.93900", "2007-12-31": "21.93900", "2007-09-30": "21.93900", "2007-06-30": "21.93900", "2007-03-31": "19.55600", "2006-12-31": "17.73800", "2006-09-30": "17.73800", "2006-06-30": "17.73800", "2006-03-31": "17.73800", "2005-12-31": "17.73800", "2005-09-30": "", "2005-06-30": "", "2005-03-31": ""}, "Other Long-Term Assets": {"2020-12-31": "86.89600", "2020-09-30": "81.51200", "2020-06-30": "65.63400", "2020-03-31": "51.96610", "2019-12-31": "46.30500", "2019-09-30": "46.69800", "2019-06-30": "46.36010", "2019-03-31": "49.12010", "2018-12-31": "49.53100", "2018-09-30": "54.42200", "2018-06-30": "52.06000", "2018-03-31": "51.97400", "2017-12-31": "55.85200", "2017-09-30": "54.71600", "2017-06-30": "54.36700", "2017-03-31": "53.73700", "2016-12-31": "53.17700", "2016-09-30": "46.86600", "2016-06-30": "46.45500", "2016-03-31": "46.86000", "2015-12-31": "48.32100", "2015-09-30": "46.69500", "2015-06-30": "47.22800", "2015-03-31": "46.53400", "2014-12-31": "42.77700", "2014-09-30": "47.61100", "2014-06-30": "47.52000", "2014-03-31": "46.30200", "2013-12-31": "43.93300", "2013-09-30": "45.98800", "2013-06-30": "45.87900", "2013-03-31": "44.10000", "2012-12-31": "42.55000", "2012-09-30": "32.92200", "2012-06-30": "32.19600", "2012-03-31": "31.95400", "2011-12-31": "21.98500", "2011-09-30": "14.64100", "2011-06-30": "14.60900", "2011-03-31": "16.10800", "2010-12-31": "16.56400", "2010-09-30": "6.61000", "2010-06-30": "6.23500", "2010-03-31": "6.21400", "2009-12-31": "5.70100", "2009-09-30": "6.71200", "2009-06-30": "6.47200", "2009-03-31": "6.26400", "2008-12-31": "6.07500", "2008-09-30": "3.97100", "2008-06-30": "5.13900", "2008-03-31": "4.07000", "2007-12-31": "3.40200", "2007-09-30": "3.48400", "2007-06-30": "3.22300", "2007-03-31": "3.19300", "2006-12-31": "2.89300", "2006-09-30": "2.87900", "2006-06-30": "2.62800", "2006-03-31": "2.74800", "2005-12-31": "2.65300", "2005-09-30": "", "2005-06-30": "", "2005-03-31": ""}, "Total Long-Term Assets": {"2020-12-31": "4562.65900", "2020-09-30": "4420.36000", "2020-06-30": "4219.78600", "2020-03-31": "4130.98700", "2019-12-31": "4032.40000", "2019-09-30": "3983.18100", "2019-06-30": "3826.90500", "2019-03-31": "3787.73600", "2018-12-31": "1450.72400", "2018-09-30": "1437.80100", "2018-06-30": "1407.94800", "2018-03-31": "1467.00500", "2017-12-31": "1416.15700", "2017-09-30": "1408.44100", "2017-06-30": "1404.58600", "2017-03-31": "1398.29800", "2016-12-31": "1503.72900", "2016-09-30": "1598.13600", "2016-06-30": "1714.09300", "2016-03-31": "1766.08000", "2015-12-31": "1910.41900", "2015-09-30": "1874.68900", "2015-06-30": "1816.99300", "2015-03-31": "1719.02400", "2014-12-31": "1667.80600", "2014-09-30": "1563.18300", "2014-06-30": "1385.48300", "2014-03-31": "1364.88900", "2013-12-31": "1342.97300", "2013-09-30": "1307.65000", "2013-06-30": "1253.92100", "2013-03-31": "1137.15600", "2012-12-31": "1122.06000", "2012-09-30": "1049.52600", "2012-06-30": "1027.96700", "2012-03-31": "976.08110", "2011-12-31": "924.11600", "2011-09-30": "855.64400", "2011-06-30": "821.86900", "2011-03-31": "780.89500", "2010-12-31": "715.38400", "2010-09-30": "686.97200", "2010-06-30": "669.77400", "2010-03-31": "665.72200", "2009-12-31": "664.05100", "2009-09-30": "650.67700", "2009-06-30": "634.04200", "2009-03-31": "624.15400", "2008-12-31": "613.91300", "2008-09-30": "591.94310", "2008-06-30": "566.41800", "2008-03-31": "541.25600", "2007-12-31": "520.27100", "2007-09-30": "494.71800", "2007-06-30": "469.42100", "2007-03-31": "448.79700", "2006-12-31": "425.37100", "2006-09-30": "400.50800", "2006-06-30": "379.99300", "2006-03-31": "366.27600", "2005-12-31": "374.67100", "2005-09-30": "", "2005-06-30": "", "2005-03-31": ""}, "Total Assets": {"2020-12-31": "5982.89600", "2020-09-30": "5631.64000", "2020-06-30": "5370.12900", "2020-03-31": "5206.48800", "2019-12-31": "5104.60400", "2019-09-30": "4937.93700", "2019-06-30": "4659.30700", "2019-03-31": "4625.48200", "2018-12-31": "2265.51800", "2018-09-30": "2230.87200", "2018-06-30": "2128.62200", "2018-03-31": "2097.44400", "2017-12-31": "2045.69200", "2017-09-30": "2064.37700", "2017-06-30": "2068.55100", "2017-03-31": "2062.26200", "2016-12-31": "2026.10300", "2016-09-30": "2067.03300", "2016-06-30": "2101.80000", "2016-03-31": "2140.82000", "2015-12-31": "2725.06600", "2015-09-30": "2947.92200", "2015-06-30": "2806.22400", "2015-03-31": "2703.71900", "2014-12-31": "2527.31700", "2014-09-30": "2437.05300", "2014-06-30": "2277.58200", "2014-03-31": "2155.68000", "2013-12-31": "2009.28000", "2013-09-30": "1911.43200", "2013-06-30": "1808.93100", "2013-03-31": "1712.67000", "2012-12-31": "1668.66700", "2012-09-30": "1706.20500", "2012-06-30": "1648.40900", "2012-03-31": "1527.56800", "2011-12-31": "1425.30800", "2011-09-30": "1343.37300", "2011-06-30": "1263.58100", "2011-03-31": "1158.05500", "2010-12-31": "1121.60500", "2010-09-30": "1032.37100", "2010-06-30": "1009.12200", "2010-03-31": "992.77200", "2009-12-31": "961.50500", "2009-09-30": "919.81900", "2009-06-30": "873.33900", "2009-03-31": "854.59900", "2008-12-31": "824.98500", "2008-09-30": "831.91900", "2008-06-30": "786.75600", "2008-03-31": "751.93200", "2007-12-31": "722.11500", "2007-09-30": "683.36700", "2007-06-30": "645.83300", "2007-03-31": "626.24100", "2006-12-31": "604.20800", "2006-09-30": "573.22400", "2006-06-30": "535.05300", "2006-03-31": "513.58800", "2005-12-31": "392.49500", "2005-09-30": "0.00000", "2005-06-30": "0.00000", "2005-03-31": "0.00000"}, "Total Current Liabilities": {"2020-12-31": "822.19900", "2020-09-30": "801.71700", "2020-06-30": "723.17800", "2020-03-31": "665.79500", "2019-12-31": "666.59300", "2019-09-30": "634.01900", "2019-06-30": "548.26800", "2019-03-31": "581.66700", "2018-12-31": "449.99000", "2018-09-30": "402.78600", "2018-06-30": "355.16100", "2018-03-31": "367.32000", "2017-12-31": "323.89300", "2017-09-30": "323.40200", "2017-06-30": "267.78500", "2017-03-31": "306.32300", "2016-12-31": "281.79300", "2016-09-30": "279.49900", "2016-06-30": "276.52800", "2016-03-31": "271.96300", "2015-12-31": "279.94200", "2015-09-30": "244.24400", "2015-06-30": "261.01600", "2015-03-31": "277.12100", "2014-12-31": "245.71000", "2014-09-30": "264.98600", "2014-06-30": "241.53600", "2014-03-31": "227.24200", "2013-12-31": "199.22800", "2013-09-30": "179.69800", "2013-06-30": "182.70700", "2013-03-31": "182.11600", "2012-12-31": "186.85200", "2012-09-30": "159.33300", "2012-06-30": "150.10900", "2012-03-31": "124.54700", "2011-12-31": "157.45300", "2011-09-30": "128.44300", "2011-06-30": "117.41600", "2011-03-31": "99.34400", "2010-12-31": "123.05400", "2010-09-30": "103.43300", "2010-06-30": "100.57400", "2010-03-31": "100.27200", "2009-12-31": "102.15300", "2009-09-30": "87.13600", "2009-06-30": "80.94200", "2009-03-31": "88.61600", "2008-12-31": "76.78800", "2008-09-30": "80.99700", "2008-06-30": "71.29500", "2008-03-31": "75.93400", "2007-12-31": "73.30100", "2007-09-30": "70.25600", "2007-06-30": "60.19400", "2007-03-31": "66.70800", "2006-12-31": "61.20100", "2006-09-30": "56.05200", "2006-06-30": "43.91400", "2006-03-31": "44.02800", "2005-12-31": "41.98200", "2005-09-30": "", "2005-06-30": "", "2005-03-31": ""}, "Long Term Debt": {"2020-12-31": "", "2020-09-30": "", "2020-06-30": "", "2020-03-31": "", "2019-12-31": "", "2019-09-30": "", "2019-06-30": "", "2019-03-31": "", "2018-12-31": "", "2018-09-30": "", "2018-06-30": "", "2018-03-31": "", "2017-12-31": "", "2017-09-30": "", "2017-06-30": "", "2017-03-31": "", "2016-12-31": "", "2016-09-30": "", "2016-06-30": "", "2016-03-31": "", "2015-12-31": "", "2015-09-30": "", "2015-06-30": "", "2015-03-31": "", "2014-12-31": "", "2014-09-30": "", "2014-06-30": "", "2014-03-31": "", "2013-12-31": "", "2013-09-30": "", "2013-06-30": "", "2013-03-31": "", "2012-12-31": "", "2012-09-30": "", "2012-06-30": "", "2012-03-31": "", "2011-12-31": "", "2011-09-30": "", "2011-06-30": "", "2011-03-31": "", "2010-12-31": "", "2010-09-30": "", "2010-06-30": "", "2010-03-31": "", "2009-12-31": "", "2009-09-30": "", "2009-06-30": "", "2009-03-31": "", "2008-12-31": "", "2008-09-30": "", "2008-06-30": "", "2008-03-31": "", "2007-12-31": "", "2007-09-30": "", "2007-06-30": "", "2007-03-31": "", "2006-12-31": "", "2006-09-30": "", "2006-06-30": "", "2006-03-31": "", "2005-12-31": "", "2005-09-30": "", "2005-06-30": "", "2005-03-31": ""}, "Other Non-Current Liabilities": {"2020-12-31": "38.84400", "2020-09-30": "37.97600", "2020-06-30": "36.77500", "2020-03-31": "39.04400", "2019-12-31": "38.79700", "2019-09-30": "38.73400", "2019-06-30": "33.81400", "2019-03-31": "33.58720", "2018-12-31": "31.63800", "2018-09-30": "37.12300", "2018-06-30": "36.45700", "2018-03-31": "37.63000", "2017-12-31": "40.04200", "2017-09-30": "36.82600", "2017-06-30": "35.87900", "2017-03-31": "34.63300", "2016-12-31": "33.94600", "2016-09-30": "33.29300", "2016-06-30": "32.63000", "2016-03-31": "32.21600", "2015-12-31": "32.88300", "2015-09-30": "31.91900", "2015-06-30": "32.04700", "2015-03-31": "30.96800", "2014-12-31": "28.26300", "2014-09-30": "27.40700", "2014-06-30": "26.87000", "2014-03-31": "26.34900", "2013-12-31": "23.59100", "2013-09-30": "23.49000", "2013-06-30": "22.50800", "2013-03-31": "21.97100", "2012-12-31": "19.88500", "2012-09-30": "15.95900", "2012-06-30": "15.09600", "2012-03-31": "14.70500", "2011-12-31": "12.43500", "2011-09-30": "11.76900", "2011-06-30": "11.89200", "2011-03-31": "11.34100", "2010-12-31": "9.82500", "2010-09-30": "9.37400", "2010-06-30": "8.57000", "2010-03-31": "8.36500", "2009-12-31": "6.85100", "2009-09-30": "6.62700", "2009-06-30": "5.99100", "2009-03-31": "5.47300", "2008-12-31": "4.85700", "2008-09-30": "4.48000", "2008-06-30": "4.22600", "2008-03-31": "3.91900", "2007-12-31": "3.06900", "2007-09-30": "3.66700", "2007-06-30": "3.33500", "2007-03-31": "3.01900", "2006-12-31": "0.11100", "2006-09-30": "", "2006-06-30": "", "2006-03-31": "", "2005-12-31": "0.57700", "2005-09-30": "", "2005-06-30": "", "2005-03-31": ""}, "Total Long Term Liabilities": {"2020-12-31": "3140.56200", "2020-09-30": "3024.33700", "2020-06-30": "2942.45500", "2020-03-31": "2868.67300", "2019-12-31": "2754.98500", "2019-09-30": "2681.47100", "2019-06-30": "2572.99000", "2019-03-31": "2560.01600", "2018-12-31": "374.18900", "2018-09-30": "392.24900", "2018-06-30": "381.45400", "2018-03-31": "366.07900", "2017-12-31": "357.35400", "2017-09-30": "353.84900", "2017-06-30": "350.57000", "2017-03-31": "348.21700", "2016-12-31": "341.81700", "2016-09-30": "346.51400", "2016-06-30": "339.22900", "2016-03-31": "328.60300", "2015-12-31": "317.15000", "2015-09-30": "302.19000", "2015-06-30": "293.49800", "2015-03-31": "292.26400", "2014-12-31": "269.23800", "2014-09-30": "278.30300", "2014-06-30": "283.01200", "2014-03-31": "283.40500", "2013-12-31": "271.76400", "2013-09-30": "265.99200", "2013-06-30": "258.78100", "2013-03-31": "242.46300", "2012-12-31": "235.88900", "2012-09-30": "239.25600", "2012-06-30": "237.07500", "2012-03-31": "233.22600", "2011-12-31": "223.62900", "2011-09-30": "215.48900", "2011-06-30": "207.10300", "2011-03-31": "195.96500", "2010-12-31": "187.67800", "2010-09-30": "167.90900", "2010-06-30": "158.53400", "2010-03-31": "158.12100", "2009-12-31": "155.89100", "2009-09-30": "151.00100", "2009-06-30": "143.33700", "2009-03-31": "133.43700", "2008-12-31": "125.60700", "2008-09-30": "118.22000", "2008-06-30": "106.42400", "2008-03-31": "94.71700", "2007-12-31": "86.70400", "2007-09-30": "76.34400", "2007-06-30": "75.00800", "2007-03-31": "73.37200", "2006-12-31": "69.05000", "2006-09-30": "63.00600", "2006-06-30": "61.48600", "2006-03-31": "61.68000", "2005-12-31": "41.15900", "2005-09-30": "", "2005-06-30": "", "2005-03-31": ""}, "Total Liabilities": {"2020-12-31": "3962.76100", "2020-09-30": "3826.05400", "2020-06-30": "3665.63300", "2020-03-31": "3534.46800", "2019-12-31": "3421.57800", "2019-09-30": "3315.49000", "2019-06-30": "3121.25800", "2019-03-31": "3141.68300", "2018-12-31": "824.17900", "2018-09-30": "795.03500", "2018-06-30": "736.61500", "2018-03-31": "733.39900", "2017-12-31": "681.24700", "2017-09-30": "677.25100", "2017-06-30": "618.35500", "2017-03-31": "654.54000", "2016-12-31": "623.61000", "2016-09-30": "626.01300", "2016-06-30": "615.75700", "2016-03-31": "600.56600", "2015-12-31": "597.09200", "2015-09-30": "546.43400", "2015-06-30": "554.51400", "2015-03-31": "569.38500", "2014-12-31": "514.94800", "2014-09-30": "543.28900", "2014-06-30": "524.54800", "2014-03-31": "510.64700", "2013-12-31": "470.99200", "2013-09-30": "445.69000", "2013-06-30": "441.48800", "2013-03-31": "424.57900", "2012-12-31": "422.74100", "2012-09-30": "398.58900", "2012-06-30": "387.18400", "2012-03-31": "357.77300", "2011-12-31": "381.08200", "2011-09-30": "343.93200", "2011-06-30": "324.51900", "2011-03-31": "295.30900", "2010-12-31": "310.73200", "2010-09-30": "271.34200", "2010-06-30": "259.10800", "2010-03-31": "258.39300", "2009-12-31": "258.04400", "2009-09-30": "238.13700", "2009-06-30": "224.27900", "2009-03-31": "222.05300", "2008-12-31": "202.39500", "2008-09-30": "199.21700", "2008-06-30": "177.71900", "2008-03-31": "170.65100", "2007-12-31": "160.00500", "2007-09-30": "146.60000", "2007-06-30": "135.20200", "2007-03-31": "140.08000", "2006-12-31": "130.25100", "2006-09-30": "119.05800", "2006-06-30": "105.40000", "2006-03-31": "105.70800", "2005-12-31": "83.14100", "2005-09-30": "", "2005-06-30": "", "2005-03-31": ""}, "Common Stock Net": {"2020-12-31": "0.36700", "2020-09-30": "0.36700", "2020-06-30": "0.36700", "2020-03-31": "0.36500", "2019-12-31": "0.36300", "2019-09-30": "0.36300", "2019-06-30": "0.36200", "2019-03-31": "0.36100", "2018-12-31": "0.36000", "2018-09-30": "0.36000", "2018-06-30": "0.35900", "2018-03-31": "0.35900", "2017-12-31": "0.35900", "2017-09-30": "0.35900", "2017-06-30": "0.35800", "2017-03-31": "0.35800", "2016-12-31": "0.35800", "2016-09-30": "0.35800", "2016-06-30": "0.35800", "2016-03-31": "0.35800", "2015-12-31": "0.35800", "2015-09-30": "0.35800", "2015-06-30": "0.35700", "2015-03-31": "0.35500", "2014-12-31": "0.35400", "2014-09-30": "0.35300", "2014-06-30": "0.35300", "2014-03-31": "0.35300", "2013-12-31": "0.35200", "2013-09-30": "0.35100", "2013-06-30": "0.35000", "2013-03-31": "0.34900", "2012-12-31": "0.34900", "2012-09-30": "0.34900", "2012-06-30": "0.34900", "2012-03-31": "0.34900", "2011-12-31": "0.34400", "2011-09-30": "0.34300", "2011-06-30": "0.34300", "2011-03-31": "0.34100", "2010-12-31": "0.34000", "2010-09-30": "0.33800", "2010-06-30": "0.33700", "2010-03-31": "0.33600", "2009-12-31": "0.33500", "2009-09-30": "0.33400", "2009-06-30": "0.33300", "2009-03-31": "0.32900", "2008-12-31": "0.32900", "2008-09-30": "0.32800", "2008-06-30": "0.32800", "2008-03-31": "0.32800", "2007-12-31": "0.32800", "2007-09-30": "0.32800", "2007-06-30": "0.32700", "2007-03-31": "0.32600", "2006-12-31": "0.32500", "2006-09-30": "0.32500", "2006-06-30": "0.32400", "2006-03-31": "0.32500", "2005-12-31": "0.26300", "2005-09-30": "", "2005-06-30": "", "2005-03-31": ""}, "Retained Earnings (Accumulated Deficit)": {"2020-12-31": "3276.16300", "2020-09-30": "3085.20400", "2020-06-30": "3004.96000", "2020-03-31": "2996.78500", "2019-12-31": "2921.44800", "2019-09-30": "2849.03200", "2019-06-30": "2750.45000", "2019-03-31": "2659.42200", "2018-12-31": "2573.61700", "2018-09-30": "2541.59800", "2018-06-30": "2503.39400", "2018-03-31": "2456.51000", "2017-12-31": "2397.06400", "2017-09-30": "2353.27100", "2017-06-30": "2333.66100", "2017-03-31": "2266.93100", "2016-12-31": "2220.81100", "2016-09-30": "2204.83600", "2016-06-30": "2197.03700", "2016-03-31": "2171.44100", "2015-12-31": "2197.87300", "2015-09-30": "2129.99900", "2015-06-30": "1985.11600", "2015-03-31": "1844.91200", "2014-12-31": "1722.27100", "2014-09-30": "1601.03700", "2014-06-30": "1470.23600", "2014-03-31": "1359.96600", "2013-12-31": "1276.89700", "2013-09-30": "1197.27500", "2013-06-30": "1113.89600", "2013-03-31": "1026.04300", "2012-12-31": "949.45900", "2012-09-30": "888.10600", "2012-06-30": "815.80600", "2012-03-31": "734.12300", "2011-12-31": "671.45900", "2011-09-30": "613.98600", "2011-06-30": "553.55300", "2011-03-31": "502.89600", "2010-12-31": "456.51400", "2010-09-30": "410.06900", "2010-06-30": "361.84100", "2010-03-31": "315.38000", "2009-12-31": "277.53300", "2009-09-30": "245.93700", "2009-06-30": "211.47300", "2009-03-31": "176.08000", "2008-12-31": "150.68800", "2008-09-30": "133.71500", "2008-06-30": "114.23800", "2008-03-31": "89.77000", "2007-12-31": "72.48600", "2007-09-30": "53.39700", "2007-06-30": "32.79300", "2007-03-31": "12.81200", "2006-12-31": "2.97200", "2006-09-30": "-7.86900", "2006-06-30": "-19.67100", "2006-03-31": "-30.46300", "2005-12-31": "-38.45100", "2005-09-30": "", "2005-06-30": "", "2005-03-31": ""}, "Comprehensive Income": {"2020-12-31": "-4.22900", "2020-09-30": "-5.44400", "2020-06-30": "-6.14900", "2020-03-31": "-7.20400", "2019-12-31": "-5.36300", "2019-09-30": "-5.88700", "2019-06-30": "-5.26100", "2019-03-31": "-5.85800", "2018-12-31": "-6.23600", "2018-09-30": "-4.85500", "2018-06-30": "-5.12600", "2018-03-31": "-3.62800", "2017-12-31": "-3.65900", "2017-09-30": "-3.64500", "2017-06-30": "-5.59100", "2017-03-31": "-7.66900", "2016-12-31": "-8.16200", "2016-09-30": "-5.44600", "2016-06-30": "-4.70700", "2016-03-31": "-4.45100", "2015-12-31": "-8.27300", "2015-09-30": "-5.12800", "2015-06-30": "-3.41000", "2015-03-31": "-5.14100", "2014-12-31": "-0.42900", "2014-09-30": "0.57900", "2014-06-30": "1.96800", "2014-03-31": "1.48900", "2013-12-31": "1.62000", "2013-09-30": "1.39800", "2013-06-30": "-0.11300", "2013-03-31": "-0.08000", "2012-12-31": "1.02400", "2012-09-30": "0.78200", "2012-06-30": "-0.17800", "2012-03-31": "0.88000", "2011-12-31": "0.19700", "2011-09-30": "0.69000", "2011-06-30": "1.33100", "2011-03-31": "1.22400", "2010-12-31": "0.60600", "2010-09-30": "0.86400", "2010-06-30": "-0.08000", "2010-03-31": "-0.13000", "2009-12-31": "0.02900", "2009-09-30": "-0.02100", "2009-06-30": "-0.02500", "2009-03-31": "-0.21200", "2008-12-31": "-0.19300", "2008-09-30": "-0.02100", "2008-06-30": "", "2008-03-31": "", "2007-12-31": "", "2007-09-30": "0.00700", "2007-06-30": "0.00700", "2007-03-31": "0.00700", "2006-12-31": "0.00700", "2006-09-30": "0.00900", "2006-06-30": "0.00900", "2006-03-31": "0.00900", "2005-12-31": "0.00900", "2005-09-30": "", "2005-06-30": "", "2005-03-31": ""}, "Other Share Holders Equity": {"2020-12-31": "", "2020-09-30": "", "2020-06-30": "", "2020-03-31": "", "2019-12-31": "", "2019-09-30": "", "2019-06-30": "", "2019-03-31": "", "2018-12-31": "", "2018-09-30": "", "2018-06-30": "", "2018-03-31": "", "2017-12-31": "", "2017-09-30": "", "2017-06-30": "", "2017-03-31": "", "2016-12-31": "", "2016-09-30": "", "2016-06-30": "", "2016-03-31": "", "2015-12-31": "", "2015-09-30": "", "2015-06-30": "", "2015-03-31": "", "2014-12-31": "", "2014-09-30": "", "2014-06-30": "", "2014-03-31": "", "2013-12-31": "", "2013-09-30": "", "2013-06-30": "", "2013-03-31": "", "2012-12-31": "", "2012-09-30": "", "2012-06-30": "", "2012-03-31": "", "2011-12-31": "", "2011-09-30": "", "2011-06-30": "", "2011-03-31": "", "2010-12-31": "", "2010-09-30": "", "2010-06-30": "", "2010-03-31": "", "2009-12-31": "", "2009-09-30": "", "2009-06-30": "", "2009-03-31": "", "2008-12-31": "", "2008-09-30": "", "2008-06-30": "", "2008-03-31": "", "2007-12-31": "", "2007-09-30": "", "2007-06-30": "", "2007-03-31": "", "2006-12-31": "", "2006-09-30": "-6.89500", "2006-06-30": "-17.60600", "2006-03-31": "-26.36300", "2005-12-31": "-28.19500", "2005-09-30": "", "2005-06-30": "", "2005-03-31": ""}, "Share Holder Equity": {"2020-12-31": "2020.13500", "2020-09-30": "1805.58600", "2020-06-30": "1704.49600", "2020-03-31": "1672.02000", "2019-12-31": "1683.02600", "2019-09-30": "1622.44700", "2019-06-30": "1538.04900", "2019-03-31": "1483.79900", "2018-12-31": "1441.33900", "2018-09-30": "1435.83700", "2018-06-30": "1392.00700", "2018-03-31": "1364.04500", "2017-12-31": "1364.44500", "2017-09-30": "1387.12600", "2017-06-30": "1450.19600", "2017-03-31": "1407.72200", "2016-12-31": "1402.49300", "2016-09-30": "1441.02000", "2016-06-30": "1486.04300", "2016-03-31": "1540.25400", "2015-12-31": "2127.97400", "2015-09-30": "2401.48800", "2015-06-30": "2251.71000", "2015-03-31": "2134.33400", "2014-12-31": "2012.36900", "2014-09-30": "1893.76400", "2014-06-30": "1753.03400", "2014-03-31": "1645.03300", "2013-12-31": "1538.28800", "2013-09-30": "1465.74200", "2013-06-30": "1367.44300", "2013-03-31": "1288.09100", "2012-12-31": "1245.92600", "2012-09-30": "1307.61600", "2012-06-30": "1261.22500", "2012-03-31": "1169.79500", "2011-12-31": "1044.22600", "2011-09-30": "999.44100", "2011-06-30": "939.06200", "2011-03-31": "862.74600", "2010-12-31": "810.87300", "2010-09-30": "761.02900", "2010-06-30": "750.01400", "2010-03-31": "734.37900", "2009-12-31": "703.46100", "2009-09-30": "681.68200", "2009-06-30": "649.06000", "2009-03-31": "632.54600", "2008-12-31": "622.59000", "2008-09-30": "632.70200", "2008-06-30": "609.03700", "2008-03-31": "581.28100", "2007-12-31": "562.11000", "2007-09-30": "536.76700", "2007-06-30": "510.63100", "2007-03-31": "486.16100", "2006-12-31": "473.95700", "2006-09-30": "454.16600", "2006-06-30": "429.65300", "2006-03-31": "407.88000", "2005-12-31": "309.35400", "2005-09-30": "", "2005-06-30": "", "2005-03-31": ""}, "Total Liabilities And Share Holders Equity": {"2020-12-31": "5982.89600", "2020-09-30": "5631.64000", "2020-06-30": "5370.12900", "2020-03-31": "5206.48800", "2019-12-31": "5104.60400", "2019-09-30": "4937.93700", "2019-06-30": "4659.30700", "2019-03-31": "4625.48200", "2018-12-31": "2265.51800", "2018-09-30": "2230.87200", "2018-06-30": "2128.62200", "2018-03-31": "2097.44400", "2017-12-31": "2045.69200", "2017-09-30": "2064.37700", "2017-06-30": "2068.55100", "2017-03-31": "2062.26200", "2016-12-31": "2026.10300", "2016-09-30": "2067.03300", "2016-06-30": "2101.80000", "2016-03-31": "2140.82000", "2015-12-31": "2725.06600", "2015-09-30": "2947.92200", "2015-06-30": "2806.22400", "2015-03-31": "2703.71900", "2014-12-31": "2527.31700", "2014-09-30": "2437.05300", "2014-06-30": "2277.58200", "2014-03-31": "2155.68000", "2013-12-31": "2009.28000", "2013-09-30": "1911.43200", "2013-06-30": "1808.93100", "2013-03-31": "1712.67000", "2012-12-31": "1668.66700", "2012-09-30": "1706.20500", "2012-06-30": "1648.40900", "2012-03-31": "1527.56800", "2011-12-31": "1425.30800", "2011-09-30": "1343.37300", "2011-06-30": "1263.58100", "2011-03-31": "1158.05500", "2010-12-31": "1121.60500", "2010-09-30": "1032.37100", "2010-06-30": "1009.12200", "2010-03-31": "992.77200", "2009-12-31": "961.50500", "2009-09-30": "919.81900", "2009-06-30": "873.33900", "2009-03-31": "854.59900", "2008-12-31": "824.98500", "2008-09-30": "831.91900", "2008-06-30": "786.75600", "2008-03-31": "751.93200", "2007-12-31": "722.11500", "2007-09-30": "683.36700", "2007-06-30": "645.83300", "2007-03-31": "626.24100", "2006-12-31": "604.20800", "2006-09-30": "573.22400", "2006-06-30": "535.05300", "2006-03-31": "513.58800", "2005-12-31": "392.49500", "2005-09-30": "", "2005-06-30": "", "2005-03-31": ""}}, "cash flow statement": {"Net Income/Loss": {"2020-12-31": "355.76600", "2019-12-31": "350.15800", "2018-12-31": "176.55300", "2017-12-31": "176.25300", "2016-12-31": "22.93800", "2015-12-31": "475.60200", "2014-12-31": "445.37400", "2013-12-31": "327.43800", "2012-12-31": "278.00000", "2011-12-31": "214.94500", "2010-12-31": "178.98100", "2009-12-31": "126.84500", "2008-12-31": "78.20200", "2007-12-31": "70.56300", "2006-12-31": "41.42300", "2005-12-31": "37.69600"}, "Total Depreciation And Amortization - Cash Flow": {"2020-12-31": "238.53400", "2019-12-31": "212.77800", "2018-12-31": "201.97900", "2017-12-31": "163.34800", "2016-12-31": "146.36800", "2015-12-31": "130.36800", "2014-12-31": "110.47400", "2013-12-31": "96.05400", "2012-12-31": "84.13000", "2011-12-31": "74.93800", "2010-12-31": "68.92100", "2009-12-31": "61.30800", "2008-12-31": "52.77000", "2007-12-31": "43.59500", "2006-12-31": "34.25300", "2005-12-31": "28.02600"}, "Other Non-Cash Items": {"2020-12-31": "408.03100", "2019-12-31": "290.15300", "2018-12-31": "138.94300", "2017-12-31": "60.57000", "2016-12-31": "71.65000", "2015-12-31": "8.88800", "2014-12-31": "61.19100", "2013-12-31": "34.65800", "2012-12-31": "-20.39600", "2011-12-31": "23.07700", "2010-12-31": "23.47900", "2009-12-31": "18.91300", "2008-12-31": "33.89700", "2007-12-31": "10.96000", "2006-12-31": "6.93600", "2005-12-31": "-18.81200"}, "Total Non-Cash Items": {"2020-12-31": "646.56500", "2019-12-31": "502.93100", "2018-12-31": "340.92200", "2017-12-31": "223.91800", "2016-12-31": "218.01800", "2015-12-31": "139.25600", "2014-12-31": "171.66500", "2013-12-31": "130.71200", "2012-12-31": "63.73400", "2011-12-31": "98.01500", "2010-12-31": "92.40000", "2009-12-31": "80.22100", "2008-12-31": "86.66700", "2007-12-31": "54.55500", "2006-12-31": "41.18900", "2005-12-31": "9.21400"}, "Change In Accounts Receivable": {"2020-12-31": "3.01000", "2019-12-31": "-2.63000", "2018-12-31": "-8.29800", "2017-12-31": "-0.14000", "2016-12-31": "-1.92300", "2015-12-31": "-3.50400", "2014-12-31": "-10.96600", "2013-12-31": "-7.23800", "2012-12-31": "-9.43800", "2011-12-31": "-2.97000", "2010-12-31": "-0.74300", "2009-12-31": "-0.87500", "2008-12-31": "1.29000", "2007-12-31": "-0.50800", "2006-12-31": "-2.87300", "2005-12-31": "0.91600"}, "Change In Inventories": {"2020-12-31": "-0.39400", "2019-12-31": "-4.53000", "2018-12-31": "-1.72200", "2017-12-31": "-5.25000", "2016-12-31": "-0.09100", "2015-12-31": "0.26200", "2014-12-31": "-2.30700", "2013-12-31": "-1.95000", "2012-12-31": "-2.18000", "2011-12-31": "-1.81600", "2010-12-31": "-1.48100", "2009-12-31": "-0.82500", "2008-12-31": "-0.45700", "2007-12-31": "-0.77100", "2006-12-31": "-0.88000", "2005-12-31": "-0.36900"}, "Change In Accounts Payable": {"2020-12-31": "-3.85900", "2019-12-31": "-0.97300", "2018-12-31": "32.08000", "2017-12-31": "10.90800", "2016-12-31": "-6.73400", "2015-12-31": "19.52500", "2014-12-31": "2.16800", "2013-12-31": "2.05200", "2012-12-31": "7.84900", "2011-12-31": "9.43200", "2010-12-31": "6.98900", "2009-12-31": "1.43500", "2008-12-31": "3.63500", "2007-12-31": "2.06500", "2006-12-31": "0.91200", "2005-12-31": "5.55300"}, "Change In Assets/Liabilities": {"2020-12-31": "-164.43300", "2019-12-31": "-139.54300", "2018-12-31": "23.17900", "2017-12-31": "32.33300", "2016-12-31": "43.50400", "2015-12-31": "26.85900", "2014-12-31": "32.28300", "2013-12-31": "21.41200", "2012-12-31": "1.33400", "2011-12-31": "9.48400", "2010-12-31": "9.64700", "2009-12-31": "19.14100", "2008-12-31": "20.16500", "2007-12-31": "16.44100", "2006-12-31": "11.08200", "2005-12-31": "2.39500"}, "Total Change In Assets/Liabilities": {"2020-12-31": "-338.48400", "2019-12-31": "-131.45700", "2018-12-31": "104.07700", "2017-12-31": "68.04500", "2016-12-31": "114.20400", "2015-12-31": "68.45800", "2014-12-31": "65.02800", "2013-12-31": "70.63000", "2012-12-31": "78.22900", "2011-12-31": "98.13600", "2010-12-31": "17.81000", "2009-12-31": "53.60700", "2008-12-31": "33.63800", "2007-12-31": "21.80500", "2006-12-31": "20.98500", "2005-12-31": "30.52100"}, "Cash Flow From Operating Activities": {"2020-12-31": "663.84700", "2019-12-31": "721.63200", "2018-12-31": "621.55200", "2017-12-31": "468.21600", "2016-12-31": "355.16000", "2015-12-31": "683.31600", "2014-12-31": "682.06700", "2013-12-31": "528.78000", "2012-12-31": "419.96300", "2011-12-31": "411.09600", "2010-12-31": "289.19100", "2009-12-31": "260.67300", "2008-12-31": "198.50700", "2007-12-31": "146.92300", "2006-12-31": "103.59700", "2005-12-31": "77.43100"}, "Net Change In Property, Plant, And Equipment": {"2020-12-31": "-373.35200", "2019-12-31": "-333.91200", "2018-12-31": "-287.39000", "2017-12-31": "-216.77700", "2016-12-31": "-258.84200", "2015-12-31": "-257.41800", "2014-12-31": "-252.59000", "2013-12-31": "-199.92600", "2012-12-31": "-197.03700", "2011-12-31": "-151.14700", "2010-12-31": "-113.21500", "2009-12-31": "-117.19800", "2008-12-31": "-152.10100", "2007-12-31": "-140.54500", "2006-12-31": "-97.31200", "2005-12-31": "-83.03600"}, "Net Change In Intangible Assets": {"2020-12-31": "", "2019-12-31": "", "2018-12-31": "", "2017-12-31": "", "2016-12-31": "", "2015-12-31": "", "2014-12-31": "", "2013-12-31": "", "2012-12-31": "", "2011-12-31": "", "2010-12-31": "", "2009-12-31": "", "2008-12-31": "", "2007-12-31": "", "2006-12-31": "", "2005-12-31": ""}, "Net Acquisitions/Divestitures": {"2020-12-31": "-10.02500", "2019-12-31": "", "2018-12-31": "", "2017-12-31": "", "2016-12-31": "", "2015-12-31": "", "2014-12-31": "", "2013-12-31": "", "2012-12-31": "", "2011-12-31": "-0.58600", "2010-12-31": "-1.90000", "2009-12-31": "", "2008-12-31": "", "2007-12-31": "-5.66800", "2006-12-31": "", "2005-12-31": ""}, "Net Change In Short-term Investments": {"2020-12-31": "", "2019-12-31": "", "2018-12-31": "", "2017-12-31": "", "2016-12-31": "", "2015-12-31": "", "2014-12-31": "", "2013-12-31": "", "2012-12-31": "", "2011-12-31": "", "2010-12-31": "", "2009-12-31": "", "2008-12-31": "", "2007-12-31": "", "2006-12-31": "", "2005-12-31": ""}, "Net Change In Long-Term Investments": {"2020-12-31": "-49.34000", "2019-12-31": "41.93800", "2018-12-31": "-100.18800", "2017-12-31": "130.19900", "2016-12-31": "585.64800", "2015-12-31": "-206.72200", "2014-12-31": "-266.25400", "2013-12-31": "-228.38900", "2012-12-31": "-158.46200", "2011-12-31": "-58.48500", "2010-12-31": "-74.76600", "2009-12-31": "49.99000", "2008-12-31": "-79.99000", "2007-12-31": "-20.00000", "2006-12-31": "", "2005-12-31": ""}, "Net Change In Investments - Total": {"2020-12-31": "-49.34000", "2019-12-31": "41.93800", "2018-12-31": "-100.18800", "2017-12-31": "130.19900", "2016-12-31": "585.64800", "2015-12-31": "-206.72200", "2014-12-31": "-266.25400", "2013-12-31": "-228.38900", "2012-12-31": "-158.46200", "2011-12-31": "-58.48500", "2010-12-31": "-74.76600", "2009-12-31": "49.99000", "2008-12-31": "-79.99000", "2007-12-31": "-20.00000", "2006-12-31": "", "2005-12-31": ""}, "Investing Activities - Other": {"2020-12-31": "", "2019-12-31": "", "2018-12-31": "", "2017-12-31": "", "2016-12-31": "", "2015-12-31": "", "2014-12-31": "", "2013-12-31": "", "2012-12-31": "", "2011-12-31": "", "2010-12-31": "", "2009-12-31": "", "2008-12-31": "", "2007-12-31": "", "2006-12-31": "", "2005-12-31": ""}, "Cash Flow From Investing Activities": {"2020-12-31": "-432.71700", "2019-12-31": "-291.97400", "2018-12-31": "-387.57800", "2017-12-31": "-86.57800", "2016-12-31": "326.80600", "2015-12-31": "-464.14000", "2014-12-31": "-518.84400", "2013-12-31": "-428.31500", "2012-12-31": "-355.49900", "2011-12-31": "-210.21800", "2010-12-31": "-189.88100", "2009-12-31": "-67.20800", "2008-12-31": "-232.09100", "2007-12-31": "-166.21300", "2006-12-31": "-97.31200", "2005-12-31": "-83.03600"}, "Net Long-Term Debt": {"2020-12-31": "", "2019-12-31": "", "2018-12-31": "", "2017-12-31": "", "2016-12-31": "", "2015-12-31": "", "2014-12-31": "", "2013-12-31": "", "2012-12-31": "", "2011-12-31": "", "2010-12-31": "-0.09600", "2009-12-31": "-0.08200", "2008-12-31": "-0.07600", "2007-12-31": "-0.07100", "2006-12-31": "0.57400", "2005-12-31": "3.53300"}, "Net Current Debt": {"2020-12-31": "", "2019-12-31": "", "2018-12-31": "", "2017-12-31": "", "2016-12-31": "", "2015-12-31": "", "2014-12-31": "", "2013-12-31": "", "2012-12-31": "", "2011-12-31": "", "2010-12-31": "", "2009-12-31": "", "2008-12-31": "", "2007-12-31": "", "2006-12-31": "2.24800", "2005-12-31": "-5.26900"}, "Debt Issuance/Retirement Net - Total": {"2020-12-31": "", "2019-12-31": "", "2018-12-31": "", "2017-12-31": "", "2016-12-31": "", "2015-12-31": "", "2014-12-31": "", "2013-12-31": "", "2012-12-31": "", "2011-12-31": "", "2010-12-31": "-0.09600", "2009-12-31": "-0.08200", "2008-12-31": "-0.07600", "2007-12-31": "-0.07100", "2006-12-31": "2.82200", "2005-12-31": "-1.73600"}, "Net Common Equity Issued/Repurchased": {"2020-12-31": "-54.40100", "2019-12-31": "-190.61700", "2018-12-31": "-160.93700", "2017-12-31": "-285.21800", "2016-12-31": "-836.76000", "2015-12-31": "-460.67500", "2014-12-31": "-88.33800", "2013-12-31": "-138.90300", "2012-12-31": "-217.09200", "2011-12-31": "-63.50800", "2010-12-31": "-126.60200", "2009-12-31": "-72.29600", "2008-12-31": "-29.75600", "2007-12-31": "3.86300", "2006-12-31": "136.08500", "2005-12-31": ""}, "Net Total Equity Issued/Repurchased": {"2020-12-31": "-54.40100", "2019-12-31": "-190.61700", "2018-12-31": "-160.93700", "2017-12-31": "-285.21800", "2016-12-31": "-836.76000", "2015-12-31": "-460.67500", "2014-12-31": "-88.33800", "2013-12-31": "-138.90300", "2012-12-31": "-217.09200", "2011-12-31": "-63.50800", "2010-12-31": "-126.60200", "2009-12-31": "-72.29600", "2008-12-31": "-29.75600", "2007-12-31": "3.86300", "2006-12-31": "136.08500", "2005-12-31": ""}, "Total Common And Preferred Stock Dividends Paid": {"2020-12-31": "", "2019-12-31": "", "2018-12-31": "", "2017-12-31": "", "2016-12-31": "", "2015-12-31": "", "2014-12-31": "", "2013-12-31": "", "2012-12-31": "", "2011-12-31": "", "2010-12-31": "", "2009-12-31": "", "2008-12-31": "", "2007-12-31": "", "2006-12-31": "", "2005-12-31": ""}, "Financial Activities - Other": {"2020-12-31": "-50.45000", "2019-12-31": "-11.11800", "2018-12-31": "-5.59800", "2017-12-31": "-0.67600", "2016-12-31": "0.47700", "2015-12-31": "74.23500", "2014-12-31": "21.60100", "2013-12-31": "38.55200", "2012-12-31": "73.55800", "2011-12-31": "39.24000", "2010-12-31": "32.17600", "2009-12-31": "10.43500", "2008-12-31": "0.28400", "2007-12-31": "13.03200", "2006-12-31": "8.38900", "2005-12-31": "7.40200"}, "Cash Flow From Financial Activities": {"2020-12-31": "-104.85100", "2019-12-31": "-201.73500", "2018-12-31": "-166.53500", "2017-12-31": "-285.89400", "2016-12-31": "-836.28300", "2015-12-31": "-386.44000", "2014-12-31": "-66.73700", "2013-12-31": "-100.35100", "2012-12-31": "-143.53400", "2011-12-31": "-24.26800", "2010-12-31": "-94.52200", "2009-12-31": "-61.94300", "2008-12-31": "-29.54800", "2007-12-31": "16.82400", "2006-12-31": "147.29600", "2005-12-31": "5.66600"}, "Net Cash Flow": {"2020-12-31": "127.35500", "2019-12-31": "228.32900", "2018-12-31": "65.98200", "2017-12-31": "97.80000", "2016-12-31": "-154.20700", "2015-12-31": "-171.46000", "2014-12-31": "96.26200", "2013-12-31": "0.65000", "2012-12-31": "-78.69000", "2011-12-31": "176.40500", "2010-12-31": "5.27200", "2009-12-31": "131.52200", "2008-12-31": "-63.13200", "2007-12-31": "-2.46600", "2006-12-31": "153.58100", "2005-12-31": "0.06100"}, "Stock-Based Compensation": {"2020-12-31": "82.62600", "2019-12-31": "91.39600", "2018-12-31": "69.16400", "2017-12-31": "65.25500", "2016-12-31": "64.16600", "2015-12-31": "57.91100", "2014-12-31": "96.44000", "2013-12-31": "63.65700", "2012-12-31": "64.27600", "2011-12-31": "41.38200", "2010-12-31": "21.38100", "2009-12-31": "14.99200", "2008-12-31": "11.37400", "2007-12-31": "7.80100", "2006-12-31": "5.19300", "2005-12-31": "2.10300"}, "Common Stock Dividends Paid": {"2020-12-31": "", "2019-12-31": "", "2018-12-31": "", "2017-12-31": "", "2016-12-31": "", "2015-12-31": "", "2014-12-31": "", "2013-12-31": "", "2012-12-31": "", "2011-12-31": "", "2010-12-31": "", "2009-12-31": "", "2008-12-31": "", "2007-12-31": "", "2006-12-31": "", "2005-12-31": ""}}, "cash flow statement, quarterly": {"Net Income/Loss": {"2020-12-31": 190.959, "2020-09-30": 80.244, "2020-06-30": 8.175, "2020-03-31": "76.38800", "2019-12-31": 72.416, "2019-09-30": 98.582, "2019-06-30": 91.028, "2019-03-31": "88.13200", "2018-12-31": 32.019, "2018-09-30": 38.204, "2018-06-30": 46.884, "2018-03-31": "59.44600", "2017-12-31": 43.793, "2017-09-30": 19.61, "2017-06-30": 66.73, "2017-03-31": "46.12000", "2016-12-31": 15.975, "2016-09-30": 7.799, "2016-06-30": 25.596, "2016-03-31": "-26.43200", "2015-12-31": 67.874, "2015-09-30": 144.883, "2015-06-30": 140.204, "2015-03-31": "122.64100", "2014-12-31": 121.234, "2014-09-30": 130.801, "2014-06-30": 110.27, "2014-03-31": "83.06900", "2013-12-31": 79.622, "2013-09-30": 83.379, "2013-06-30": 87.853, "2013-03-31": "76.58400", "2012-12-31": 61.353, "2012-09-30": 72.3, "2012-06-30": 81.683, "2012-03-31": "62.66400", "2011-12-31": 57.473, "2011-09-30": 60.433, "2011-06-30": 50.657, "2011-03-31": "46.38200", "2010-12-31": 46.445, "2010-09-30": 48.228, "2010-06-30": 46.461, "2010-03-31": "37.84700", "2009-12-31": 31.596, "2009-09-30": 34.464, "2009-06-30": 35.393, "2009-03-31": "25.39200", "2008-12-31": 16.973, "2008-09-30": 19.477, "2008-06-30": 24.468, "2008-03-31": "17.28400", "2007-12-31": 17.538, "2007-09-30": 20.604, "2007-06-30": 19.981, "2007-03-31": "12.44000", "2006-12-31": 10.841, "2006-09-30": 11.802, "2006-06-30": 10.792, "2006-03-31": "7.98800", "2005-12-31": 4.256, "2005-09-30": 5.083, "2005-06-30": 25.725, "2005-03-31": "2.62600"}, "Total Depreciation And Amortization - Cash Flow": {"2020-12-31": 59.956, "2020-09-30": 60.18, "2020-06-30": 60.024, "2020-03-31": "58.37400", "2019-12-31": 55.149, "2019-09-30": 52.206, "2019-06-30": 51.642, "2019-03-31": "53.78100", "2018-12-31": 53.217, "2018-09-30": 52.654, "2018-06-30": 49.193, "2018-03-31": "46.91500", "2017-12-31": 41.442, "2017-09-30": 41.546, "2017-06-30": 41.081, "2017-03-31": "39.27900", "2016-12-31": 38.072, "2016-09-30": 37.434, "2016-06-30": 36.074, "2016-03-31": "34.78800", "2015-12-31": 34.14, "2015-09-30": 33.145, "2015-06-30": 32.44, "2015-03-31": "30.64300", "2014-12-31": 29.75, "2014-09-30": 27.961, "2014-06-30": 27.009, "2014-03-31": "25.75400", "2013-12-31": 24.903, "2013-09-30": 24.618, "2013-06-30": 23.597, "2013-03-31": "22.93600", "2012-12-31": 22.141, "2012-09-30": 21.362, "2012-06-30": 20.543, "2012-03-31": "20.08400", "2011-12-31": 19.198, "2011-09-30": 18.741, "2011-06-30": 18.505, "2011-03-31": "18.49400", "2010-12-31": 17.815, "2010-09-30": 17.319, "2010-06-30": 17.053, "2010-03-31": "16.73400", "2009-12-31": 15.94, "2009-09-30": 15.451, "2009-06-30": 15.197, "2009-03-31": "14.72000", "2008-12-31": 14.124, "2008-09-30": 13.769, "2008-06-30": 12.707, "2008-03-31": "12.17000", "2007-12-31": 11.688, "2007-09-30": 11.167, "2007-06-30": 10.576, "2007-03-31": "10.16400", "2006-12-31": 9.265, "2006-09-30": 8.676, "2006-06-30": 8.309, "2006-03-31": "8.00300", "2005-12-31": 7.628, "2005-09-30": 7.206, "2005-06-30": 6.729, "2005-03-31": "6.45700"}, "Other Non-Cash Items": {"2020-12-31": 134.038, "2020-09-30": 74.471, "2020-06-30": 102.401, "2020-03-31": "97.12100", "2019-12-31": 114.763, "2019-09-30": 61.539, "2019-06-30": 51.798, "2019-03-31": "62.05300", "2018-12-31": 9.482, "2018-09-30": 39.809, "2018-06-30": 67.333, "2018-03-31": "22.31900", "2017-12-31": 7.229, "2017-09-30": 19.094, "2017-06-30": 17.076, "2017-03-31": "17.17100", "2016-12-31": 2.854, "2016-09-30": 32.02, "2016-06-30": 22.69, "2016-03-31": "14.08600", "2015-12-31": 28.576, "2015-09-30": 6.883, "2015-06-30": -31.471, "2015-03-31": "4.90000", "2014-12-31": 6.285, "2014-09-30": 5.999, "2014-06-30": 27.349, "2014-03-31": "21.55800", "2013-12-31": -10.426, "2013-09-30": 4.661, "2013-06-30": 27.302, "2013-03-31": "13.12100", "2012-12-31": 2.323, "2012-09-30": 11.798, "2012-06-30": 10.492, "2012-03-31": "-45.00900", "2011-12-31": 10.648, "2011-09-30": 5.903, "2011-06-30": 1.821, "2011-03-31": "4.70500", "2010-12-31": 10.495, "2010-09-30": 9.402, "2010-06-30": 3.493, "2010-03-31": "0.08900", "2009-12-31": -7.626, "2009-09-30": 7.385, "2009-06-30": 11.291, "2009-03-31": "7.86300", "2008-12-31": 6.577, "2008-09-30": 11.797, "2008-06-30": 9.533, "2008-03-31": "5.99000", "2007-12-31": 8.739, "2007-09-30": 0.235, "2007-06-30": 1.012, "2007-03-31": "0.97400", "2006-12-31": 5.572, "2006-09-30": -0.036, "2006-06-30": 0.304, "2006-03-31": "1.09600", "2005-12-31": 0.033, "2005-09-30": 0.654, "2005-06-30": -19.403, "2005-03-31": "-0.09600"}, "Total Non-Cash Items": {"2020-12-31": 193.994, "2020-09-30": 134.651, "2020-06-30": 162.425, "2020-03-31": "155.49500", "2019-12-31": 169.912, "2019-09-30": 113.745, "2019-06-30": 103.44, "2019-03-31": "115.83400", "2018-12-31": 62.699, "2018-09-30": 92.463, "2018-06-30": 116.526, "2018-03-31": "69.23400", "2017-12-31": 48.671, "2017-09-30": 60.64, "2017-06-30": 58.157, "2017-03-31": "56.45000", "2016-12-31": 40.926, "2016-09-30": 69.454, "2016-06-30": 58.764, "2016-03-31": "48.87400", "2015-12-31": 62.716, "2015-09-30": 40.028, "2015-06-30": 0.969, "2015-03-31": "35.54300", "2014-12-31": 36.035, "2014-09-30": 33.96, "2014-06-30": 54.358, "2014-03-31": "47.31200", "2013-12-31": 14.477, "2013-09-30": 29.279, "2013-06-30": 50.899, "2013-03-31": "36.05700", "2012-12-31": 24.464, "2012-09-30": 33.16, "2012-06-30": 31.035, "2012-03-31": "-24.92500", "2011-12-31": 29.846, "2011-09-30": 24.644, "2011-06-30": 20.326, "2011-03-31": "23.19900", "2010-12-31": 28.31, "2010-09-30": 26.721, "2010-06-30": 20.546, "2010-03-31": "16.82300", "2009-12-31": 8.314, "2009-09-30": 22.836, "2009-06-30": 26.488, "2009-03-31": "22.58300", "2008-12-31": 20.701, "2008-09-30": 25.566, "2008-06-30": 22.24, "2008-03-31": "18.16000", "2007-12-31": 20.427, "2007-09-30": 11.402, "2007-06-30": 11.588, "2007-03-31": "11.13800", "2006-12-31": 14.837, "2006-09-30": 8.64, "2006-06-30": 8.613, "2006-03-31": "9.09900", "2005-12-31": 26.473, "2005-09-30": 7.86, "2005-06-30": -12.674, "2005-03-31": "6.36100"}, "Change In Accounts Receivable": {"2020-12-31": -26.223, "2020-09-30": 6.635, "2020-06-30": -3.369, "2020-03-31": "25.96700", "2019-12-31": -21.669, "2019-09-30": 0.764, "2019-06-30": 2.329, "2019-03-31": "15.94600", "2018-12-31": -21.74, "2018-09-30": -3.179, "2018-06-30": 2.854, "2018-03-31": "13.76700", "2017-12-31": -16.617, "2017-09-30": 1.105, "2017-06-30": -3.321, "2017-03-31": "18.69300", "2016-12-31": -18.007, "2016-09-30": 0.883, "2016-06-30": 0.559, "2016-03-31": "14.64200", "2015-12-31": -14.141, "2015-09-30": 1.544, "2015-06-30": -4.207, "2015-03-31": "13.30000", "2014-12-31": -16.216, "2014-09-30": 1.496, "2014-06-30": -3.685, "2014-03-31": "7.43900", "2013-12-31": -9.438, "2013-09-30": 0.405, "2013-06-30": 0.486, "2013-03-31": "1.30900", "2012-12-31": -2.379, "2012-09-30": -4.912, "2012-06-30": -1.437, "2012-03-31": "-0.71000", "2011-12-31": -2.834, "2011-09-30": 0.388, "2011-06-30": 1.444, "2011-03-31": "-1.96800", "2010-12-31": -1.288, "2010-09-30": -0.503, "2010-06-30": -0.337, "2010-03-31": "1.38500", "2009-12-31": -1.63, "2009-09-30": 0.084, "2009-06-30": 0.104, "2009-03-31": "0.56700", "2008-12-31": 0.903, "2008-09-30": 0.692, "2008-06-30": -1.714, "2008-03-31": "1.40900", "2007-12-31": 0.496, "2007-09-30": 0.401, "2007-06-30": -0.938, "2007-03-31": "-0.46700", "2006-12-31": -1.384, "2006-09-30": -1.093, "2006-06-30": 0.582, "2006-03-31": "-0.97800", "2005-12-31": 0.341, "2005-09-30": 0.207, "2005-06-30": 0.428, "2005-03-31": "-0.06000"}, "Change In Inventories": {"2020-12-31": -1.008, "2020-09-30": -1.415, "2020-06-30": -0.705, "2020-03-31": "2.73400", "2019-12-31": -2.218, "2019-09-30": -2.733, "2019-06-30": -2.36, "2019-03-31": "2.78100", "2018-12-31": -3.284, "2018-09-30": 2.569, "2018-06-30": -3.458, "2018-03-31": "2.45100", "2017-12-31": 1.773, "2017-09-30": -2.493, "2017-06-30": -0.793, "2017-03-31": "-3.73700", "2016-12-31": 3.351, "2016-09-30": -1.521, "2016-06-30": -0.088, "2016-03-31": "-1.83300", "2015-12-31": 2.474, "2015-09-30": -1.007, "2015-06-30": -0.468, "2015-03-31": "-0.73700", "2014-12-31": 0.544, "2014-09-30": -0.375, "2014-06-30": -0.316, "2014-03-31": "-2.16000", "2013-12-31": -0.535, "2013-09-30": -1.234, "2013-06-30": 0.159, "2013-03-31": "-0.34000", "2012-12-31": -1.133, "2012-09-30": 0.546, "2012-06-30": -0.491, "2012-03-31": "-1.10200", "2011-12-31": -0.146, "2011-09-30": -0.323, "2011-06-30": 0.292, "2011-03-31": "-1.63900", "2010-12-31": 0.079, "2010-09-30": -0.816, "2010-06-30": -0.044, "2010-03-31": "-0.70000", "2009-12-31": 0.244, "2009-09-30": -0.143, "2009-06-30": 0.051, "2009-03-31": "-0.97700", "2008-12-31": 0.696, "2008-09-30": -0.334, "2008-06-30": -0.568, "2008-03-31": "-0.25100", "2007-12-31": 0.072, "2007-09-30": 0.014, "2007-06-30": -0.246, "2007-03-31": "-0.61100", "2006-12-31": -0.112, "2006-09-30": -0.353, "2006-06-30": 0.009, "2006-03-31": "-0.42400", "2005-12-31": 0.059, "2005-09-30": -0.061, "2005-06-30": -0.304, "2005-03-31": "-0.06300"}, "Change In Accounts Payable": {"2020-12-31": -9.635, "2020-09-30": -34.754, "2020-06-30": 20.285, "2020-03-31": "20.24500", "2019-12-31": 3.189, "2019-09-30": 6.157, "2019-06-30": -6.063, "2019-03-31": "-4.25600", "2018-12-31": 13.897, "2018-09-30": 3.732, "2018-06-30": -2.791, "2018-03-31": "17.24200", "2017-12-31": -3.863, "2017-09-30": 6.5, "2017-06-30": 7.563, "2017-03-31": "0.70800", "2016-12-31": 5.204, "2016-09-30": 1.737, "2016-06-30": -4.823, "2016-03-31": "-8.85200", "2015-12-31": 12.424, "2015-09-30": -7.01, "2015-06-30": -0.72, "2015-03-31": "14.83100", "2014-12-31": -12.538, "2014-09-30": -2.99, "2014-06-30": 9.69, "2014-03-31": "8.00600", "2013-12-31": -1.337, "2013-09-30": -2.689, "2013-06-30": 5.305, "2013-03-31": "0.77300", "2012-12-31": -0.519, "2012-09-30": 3.469, "2012-06-30": 1.99, "2012-03-31": "2.90900", "2011-12-31": 2.694, "2011-09-30": 0.369, "2011-06-30": 3.868, "2011-03-31": "2.50100", "2010-12-31": 2.106, "2010-09-30": -0.443, "2010-06-30": 3.626, "2010-03-31": "1.70000", "2009-12-31": -1.795, "2009-09-30": 3.148, "2009-06-30": 0.644, "2009-03-31": "-0.56200", "2008-12-31": -1.249, "2008-09-30": -0.259, "2008-06-30": 1.121, "2008-03-31": "4.02200", "2007-12-31": -1.349, "2007-09-30": 2.452, "2007-06-30": 0.959, "2007-03-31": "0.00300", "2006-12-31": 1.441, "2006-09-30": 1.22, "2006-06-30": 1.821, "2006-03-31": "-3.57000", "2005-12-31": 3.918, "2005-09-30": 4.853, "2005-06-30": -2.71, "2005-03-31": "-0.50800"}, "Change In Assets/Liabilities": {"2020-12-31": -22.353, "2020-09-30": -54.348, "2020-06-30": -21.703, "2020-03-31": "-66.02900", "2019-12-31": -4.222, "2019-09-30": -42.485, "2019-06-30": -39.846, "2019-03-31": "-52.99000", "2018-12-31": 32.869, "2018-09-30": 16.544, "2018-06-30": -13.091, "2018-03-31": "-13.14300", "2017-12-31": 12.662, "2017-09-30": 9.237, "2017-06-30": 4.136, "2017-03-31": "6.29800", "2016-12-31": 19.462, "2016-09-30": 17.676, "2016-06-30": 5.279, "2016-03-31": "1.08700", "2015-12-31": 8.514, "2015-09-30": 10.348, "2015-06-30": 4.803, "2015-03-31": "3.19400", "2014-12-31": 12.138, "2014-09-30": 10.519, "2014-06-30": 6.443, "2014-03-31": "3.18300", "2013-12-31": 9.487, "2013-09-30": 8.394, "2013-06-30": 1.492, "2013-03-31": "2.03900", "2012-12-31": -4.913, "2012-09-30": 9.247, "2012-06-30": 4.285, "2012-03-31": "-7.28500", "2011-12-31": 1.261, "2011-09-30": 13.433, "2011-06-30": -6.598, "2011-03-31": "1.38800", "2010-12-31": 0.586, "2010-09-30": 4.177, "2010-06-30": 1.576, "2010-03-31": "3.30800", "2009-12-31": 7.105, "2009-09-30": 4.898, "2009-06-30": 4.469, "2009-03-31": "2.66900", "2008-12-31": 5.478, "2008-09-30": 7.06, "2008-06-30": 5.031, "2008-03-31": "2.59600", "2007-12-31": 5.185, "2007-09-30": 4.029, "2007-06-30": 4.81, "2007-03-31": "2.41700", "2006-12-31": 3.513, "2006-09-30": 1.951, "2006-06-30": 0.6, "2006-03-31": "5.01800", "2005-12-31": -1.747, "2005-09-30": 1.202, "2005-06-30": 2.947, "2005-03-31": "-0.00700"}, "Total Change In Assets/Liabilities": {"2020-12-31": -269.829, "2020-09-30": 28.895, "2020-06-30": -47.738, "2020-03-31": "-49.81200", "2019-12-31": -55.739, "2019-09-30": 22.201, "2019-06-30": -76.534, "2019-03-31": "-21.38500", "2018-12-31": 34.337, "2018-09-30": 66.412, "2018-06-30": -69.108, "2018-03-31": "72.43600", "2017-12-31": -3.555, "2017-09-30": 55.429, "2017-06-30": -31.849, "2017-03-31": "48.02000", "2016-12-31": 17.187, "2016-09-30": 24.154, "2016-06-30": 33.626, "2016-03-31": "39.23700", "2015-12-31": -35.837, "2015-09-30": 2.522, "2015-06-30": 17.238, "2015-03-31": "84.53500", "2014-12-31": -24.958, "2014-09-30": 24.564, "2014-06-30": 16.025, "2014-03-31": "49.39700", "2013-12-31": 45.966, "2013-09-30": 8.304, "2013-06-30": 3.751, "2013-03-31": "12.60900", "2012-12-31": 40.209, "2012-09-30": 17.602, "2012-06-30": 28.781, "2012-03-31": "-8.36300", "2011-12-31": 32.908, "2011-09-30": 31.076, "2011-06-30": 35.428, "2011-03-31": "-1.27600", "2010-12-31": 18.24, "2010-09-30": -7.709, "2010-06-30": 2.082, "2010-03-31": "5.19700", "2009-12-31": 41.67, "2009-09-30": 7.131, "2009-06-30": -10.23, "2009-03-31": "15.03600", "2008-12-31": 10.171, "2008-09-30": 9.98, "2008-06-30": 0.684, "2008-03-31": "12.80300", "2007-12-31": 3.385, "2007-09-30": 11.528, "2007-06-30": -0.277, "2007-03-31": "7.16900", "2006-12-31": 4.43, "2006-09-30": 7.977, "2006-06-30": 2.471, "2006-03-31": "6.10700", "2005-12-31": -22.948, "2005-09-30": 12.718, "2005-06-30": 2.85, "2005-03-31": "2.02000"}, "Cash Flow From Operating Activities": {"2020-12-31": 115.124, "2020-09-30": 243.79, "2020-06-30": 122.862, "2020-03-31": "182.07100", "2019-12-31": 186.589, "2019-09-30": 234.528, "2019-06-30": 117.934, "2019-03-31": "182.58100", "2018-12-31": 129.055, "2018-09-30": 197.079, "2018-06-30": 94.302, "2018-03-31": "201.11600", "2017-12-31": 88.909, "2017-09-30": 135.679, "2017-06-30": 93.038, "2017-03-31": "150.59000", "2016-12-31": 74.088, "2016-09-30": 101.407, "2016-06-30": 117.986, "2016-03-31": "61.67900", "2015-12-31": 94.753, "2015-09-30": 187.433, "2015-06-30": 158.411, "2015-03-31": "242.71900", "2014-12-31": 132.311, "2014-09-30": 189.325, "2014-06-30": 180.653, "2014-03-31": "179.77800", "2013-12-31": 140.065, "2013-09-30": 120.962, "2013-06-30": 142.503, "2013-03-31": "125.25000", "2012-12-31": 126.026, "2012-09-30": 123.062, "2012-06-30": 141.499, "2012-03-31": "29.37600", "2011-12-31": 120.227, "2011-09-30": 116.153, "2011-06-30": 106.411, "2011-03-31": "68.30500", "2010-12-31": 92.995, "2010-09-30": 67.24, "2010-06-30": 69.089, "2010-03-31": "59.86700", "2009-12-31": 81.58, "2009-09-30": 64.431, "2009-06-30": 51.651, "2009-03-31": "63.01100", "2008-12-31": 47.845, "2008-09-30": 55.023, "2008-06-30": 47.392, "2008-03-31": "48.24700", "2007-12-31": 41.35, "2007-09-30": 43.534, "2007-06-30": 31.292, "2007-03-31": "30.74700", "2006-12-31": 30.108, "2006-09-30": 28.419, "2006-06-30": 21.876, "2006-03-31": "23.19400", "2005-12-31": 24.861, "2005-09-30": 25.661, "2005-06-30": 15.901, "2005-03-31": "11.00700"}, "Net Change In Property, Plant, And Equipment": {"2020-12-31": -126.594, "2020-09-30": -81.303, "2020-06-30": -87.802, "2020-03-31": "-77.65300", "2019-12-31": -95.947, "2019-09-30": -95.963, "2019-06-30": -77.776, "2019-03-31": "-64.22600", "2018-12-31": -77.391, "2018-09-30": -81.494, "2018-06-30": -70.981, "2018-03-31": "-57.52400", "2017-12-31": -51.271, "2017-09-30": -51.791, "2017-06-30": -56.627, "2017-03-31": "-57.08800", "2016-12-31": -66.59, "2016-09-30": -65.54, "2016-06-30": -63.791, "2016-03-31": "-62.92100", "2015-12-31": -75.578, "2015-09-30": -67.445, "2015-06-30": -55.032, "2015-03-31": "-59.36300", "2014-12-31": -92.19, "2014-09-30": -57.56, "2014-06-30": -55.61, "2014-03-31": "-47.23000", "2013-12-31": -63.261, "2013-09-30": -56.535, "2013-06-30": -43.635, "2013-03-31": "-36.49500", "2012-12-31": -59.532, "2012-09-30": -47.173, "2012-06-30": -48.468, "2012-03-31": "-41.86400", "2011-12-31": -58.28, "2011-09-30": -35.186, "2011-06-30": -31.243, "2011-03-31": "-26.43800", "2010-12-31": -42.036, "2010-09-30": -29.526, "2010-06-30": -21.95, "2010-03-31": "-19.70300", "2009-12-31": -36.916, "2009-09-30": -28.473, "2009-06-30": -24.665, "2009-03-31": "-27.14400", "2008-12-31": -42.091, "2008-09-30": -38.744, "2008-06-30": -39.023, "2008-03-31": "-32.24300", "2007-12-31": -42.359, "2007-09-30": -35.47, "2007-06-30": -30.608, "2007-03-31": "-32.10800", "2006-12-31": -34.813, "2006-09-30": -25.494, "2006-06-30": -22.805, "2006-03-31": "-14.20000", "2005-12-31": -29.708, "2005-09-30": -14.79, "2005-06-30": -19.91, "2005-03-31": "-18.62200"}, "Net Change In Intangible Assets": {"2020-12-31": 0, "2020-09-30": 0, "2020-06-30": 0, "2020-03-31": "", "2019-12-31": 0, "2019-09-30": 0, "2019-06-30": 0, "2019-03-31": "", "2018-12-31": 0, "2018-09-30": 0, "2018-06-30": 0, "2018-03-31": "", "2017-12-31": 0, "2017-09-30": 0, "2017-06-30": 0, "2017-03-31": "", "2016-12-31": 0, "2016-09-30": 0, "2016-06-30": 0, "2016-03-31": "", "2015-12-31": 0, "2015-09-30": 0, "2015-06-30": 0, "2015-03-31": "", "2014-12-31": 0, "2014-09-30": 0, "2014-06-30": 0, "2014-03-31": "", "2013-12-31": 0, "2013-09-30": 0, "2013-06-30": 0, "2013-03-31": "", "2012-12-31": 0, "2012-09-30": 0, "2012-06-30": 0, "2012-03-31": "", "2011-12-31": 0, "2011-09-30": 0, "2011-06-30": 0, "2011-03-31": "", "2010-12-31": 0, "2010-09-30": 0, "2010-06-30": 0, "2010-03-31": "", "2009-12-31": 0, "2009-09-30": 0, "2009-06-30": 0, "2009-03-31": "", "2008-12-31": 0, "2008-09-30": 0, "2008-06-30": 0, "2008-03-31": "", "2007-12-31": 0, "2007-09-30": 0, "2007-06-30": 0, "2007-03-31": "", "2006-12-31": 0, "2006-09-30": 0, "2006-06-30": 0, "2006-03-31": "", "2005-12-31": 0, "2005-09-30": 0, "2005-06-30": 0, "2005-03-31": ""}, "Net Acquisitions/Divestitures": {"2020-12-31": 0, "2020-09-30": -2.5, "2020-06-30": -7.525, "2020-03-31": "", "2019-12-31": 0, "2019-09-30": 0, "2019-06-30": 0, "2019-03-31": "", "2018-12-31": 0, "2018-09-30": 0, "2018-06-30": 0, "2018-03-31": "", "2017-12-31": 0, "2017-09-30": 0, "2017-06-30": 0, "2017-03-31": "", "2016-12-31": 0, "2016-09-30": 0, "2016-06-30": 0, "2016-03-31": "", "2015-12-31": 0, "2015-09-30": 0, "2015-06-30": 0, "2015-03-31": "", "2014-12-31": 0, "2014-09-30": 0, "2014-06-30": 0, "2014-03-31": "", "2013-12-31": 0, "2013-09-30": 0, "2013-06-30": 0, "2013-03-31": "", "2012-12-31": 0, "2012-09-30": 0, "2012-06-30": 0, "2012-03-31": "", "2011-12-31": 0, "2011-09-30": 0, "2011-06-30": -0.586, "2011-03-31": "", "2010-12-31": -1.9, "2010-09-30": 0, "2010-06-30": 0, "2010-03-31": "", "2009-12-31": 0, "2009-09-30": 0, "2009-06-30": 0, "2009-03-31": "", "2008-12-31": 0, "2008-09-30": 0, "2008-06-30": 0, "2008-03-31": "", "2007-12-31": 0, "2007-09-30": 0, "2007-06-30": -5.106, "2007-03-31": "-0.56200", "2006-12-31": 0, "2006-09-30": 0, "2006-06-30": 0, "2006-03-31": "", "2005-12-31": 0, "2005-09-30": 0, "2005-06-30": 0, "2005-03-31": ""}, "Net Change In Short-term Investments": {"2020-12-31": 0, "2020-09-30": 0, "2020-06-30": 0, "2020-03-31": "", "2019-12-31": 0, "2019-09-30": 0, "2019-06-30": 0, "2019-03-31": "", "2018-12-31": 0, "2018-09-30": 0, "2018-06-30": 0, "2018-03-31": "", "2017-12-31": 0, "2017-09-30": 0, "2017-06-30": 0, "2017-03-31": "", "2016-12-31": 0, "2016-09-30": 0, "2016-06-30": 0, "2016-03-31": "", "2015-12-31": 0, "2015-09-30": 0, "2015-06-30": 0, "2015-03-31": "", "2014-12-31": 0, "2014-09-30": 0, "2014-06-30": 0, "2014-03-31": "", "2013-12-31": 0, "2013-09-30": 0, "2013-06-30": 0, "2013-03-31": "", "2012-12-31": 0, "2012-09-30": 0, "2012-06-30": 0, "2012-03-31": "", "2011-12-31": 0, "2011-09-30": 0, "2011-06-30": 0, "2011-03-31": "", "2010-12-31": 0, "2010-09-30": 0, "2010-06-30": 0, "2010-03-31": "", "2009-12-31": 0, "2009-09-30": 0, "2009-06-30": 0, "2009-03-31": "", "2008-12-31": 0, "2008-09-30": 0, "2008-06-30": 0, "2008-03-31": "", "2007-12-31": 0, "2007-09-30": 0, "2007-06-30": 0, "2007-03-31": "", "2006-12-31": 0, "2006-09-30": 0, "2006-06-30": 0, "2006-03-31": "", "2005-12-31": 0, "2005-09-30": 0, "2005-06-30": 0, "2005-03-31": ""}, "Net Change In Long-Term Investments": {"2020-12-31": -42.776, "2020-09-30": -104.038, "2020-06-30": 79.183, "2020-03-31": "18.29100", "2019-12-31": 41.597, "2019-09-30": -11.406, "2019-06-30": 40.858, "2019-03-31": "-29.11100", "2018-12-31": -97.971, "2018-09-30": 21.077, "2018-06-30": 0.455, "2018-03-31": "-23.74900", "2017-12-31": 110.283, "2017-09-30": -40.162, "2017-06-30": 60.078, "2017-03-31": "", "2016-12-31": 0, "2016-09-30": 0, "2016-06-30": 0, "2016-03-31": "585.64800", "2015-12-31": -60.343, "2015-09-30": -88.472, "2015-06-30": -13.793, "2015-03-31": "-44.11400", "2014-12-31": -46.872, "2014-09-30": -149.351, "2014-06-30": -29.749, "2014-03-31": "-40.28200", "2013-12-31": -41.21, "2013-09-30": -35.532, "2013-06-30": -136.549, "2013-03-31": "-15.09800", "2012-12-31": -29.592, "2012-09-30": -18, "2012-06-30": -50.488, "2012-03-31": "-60.38200", "2011-12-31": -48.79, "2011-09-30": -10, "2011-06-30": -20.009, "2011-03-31": "20.31400", "2010-12-31": -34.766, "2010-09-30": 15, "2010-06-30": 0, "2010-03-31": "-55.00000", "2009-12-31": -50, "2009-09-30": 0, "2009-06-30": 0, "2009-03-31": "99.99000", "2008-12-31": -99.99, "2008-09-30": 0, "2008-06-30": 0, "2008-03-31": "20.00000", "2007-12-31": -20, "2007-09-30": 0, "2007-06-30": 0, "2007-03-31": "", "2006-12-31": 0, "2006-09-30": 0, "2006-06-30": 0, "2006-03-31": "", "2005-12-31": 0, "2005-09-30": 0, "2005-06-30": 0, "2005-03-31": ""}, "Net Change In Investments - Total": {"2020-12-31": -42.776, "2020-09-30": -104.038, "2020-06-30": 79.183, "2020-03-31": "18.29100", "2019-12-31": 41.597, "2019-09-30": -11.406, "2019-06-30": 40.858, "2019-03-31": "-29.11100", "2018-12-31": -97.971, "2018-09-30": 21.077, "2018-06-30": 0.455, "2018-03-31": "-23.74900", "2017-12-31": 110.283, "2017-09-30": -40.162, "2017-06-30": 60.078, "2017-03-31": "", "2016-12-31": 0, "2016-09-30": 0, "2016-06-30": 0, "2016-03-31": "585.64800", "2015-12-31": -60.343, "2015-09-30": -88.472, "2015-06-30": -13.793, "2015-03-31": "-44.11400", "2014-12-31": -46.872, "2014-09-30": -149.351, "2014-06-30": -29.749, "2014-03-31": "-40.28200", "2013-12-31": -41.21, "2013-09-30": -35.532, "2013-06-30": -136.549, "2013-03-31": "-15.09800", "2012-12-31": -29.592, "2012-09-30": -18, "2012-06-30": -50.488, "2012-03-31": "-60.38200", "2011-12-31": -48.79, "2011-09-30": -10, "2011-06-30": -20.009, "2011-03-31": "20.31400", "2010-12-31": -34.766, "2010-09-30": 15, "2010-06-30": 0, "2010-03-31": "-55.00000", "2009-12-31": -50, "2009-09-30": 0, "2009-06-30": 0, "2009-03-31": "99.99000", "2008-12-31": -99.99, "2008-09-30": 0, "2008-06-30": 0, "2008-03-31": "20.00000", "2007-12-31": -20, "2007-09-30": 0, "2007-06-30": 0, "2007-03-31": "", "2006-12-31": 0, "2006-09-30": 0, "2006-06-30": 0, "2006-03-31": "", "2005-12-31": 0, "2005-09-30": 0, "2005-06-30": 0, "2005-03-31": ""}, "Investing Activities - Other": {"2020-12-31": 0, "2020-09-30": 0, "2020-06-30": 0, "2020-03-31": "", "2019-12-31": 0, "2019-09-30": 0, "2019-06-30": 0, "2019-03-31": "", "2018-12-31": 0, "2018-09-30": 0, "2018-06-30": 0, "2018-03-31": "", "2017-12-31": 0, "2017-09-30": 0, "2017-06-30": 0, "2017-03-31": "", "2016-12-31": 0, "2016-09-30": 0, "2016-06-30": 0, "2016-03-31": "", "2015-12-31": 0, "2015-09-30": 0, "2015-06-30": 0, "2015-03-31": "", "2014-12-31": 0, "2014-09-30": 0, "2014-06-30": 0, "2014-03-31": "", "2013-12-31": 0, "2013-09-30": 0, "2013-06-30": 0, "2013-03-31": "", "2012-12-31": 0, "2012-09-30": 0, "2012-06-30": 0, "2012-03-31": "", "2011-12-31": 0, "2011-09-30": 0, "2011-06-30": 0, "2011-03-31": "", "2010-12-31": 0, "2010-09-30": 0, "2010-06-30": 0, "2010-03-31": "", "2009-12-31": 0, "2009-09-30": 0, "2009-06-30": 0, "2009-03-31": "", "2008-12-31": 0, "2008-09-30": 0, "2008-06-30": 0, "2008-03-31": "", "2007-12-31": 0, "2007-09-30": 0, "2007-06-30": 0, "2007-03-31": "", "2006-12-31": 0, "2006-09-30": 0, "2006-06-30": 0, "2006-03-31": "", "2005-12-31": 0, "2005-09-30": 0, "2005-06-30": 0, "2005-03-31": ""}, "Cash Flow From Investing Activities": {"2020-12-31": -169.37, "2020-09-30": -187.841, "2020-06-30": -16.144, "2020-03-31": "-59.36200", "2019-12-31": -54.35, "2019-09-30": -107.369, "2019-06-30": -36.918, "2019-03-31": "-93.33700", "2018-12-31": -175.362, "2018-09-30": -60.417, "2018-06-30": -70.526, "2018-03-31": "-81.27300", "2017-12-31": 59.012, "2017-09-30": -91.953, "2017-06-30": 3.451, "2017-03-31": "-57.08800", "2016-12-31": -66.59, "2016-09-30": -65.54, "2016-06-30": -63.791, "2016-03-31": "522.72700", "2015-12-31": -135.921, "2015-09-30": -155.917, "2015-06-30": -68.825, "2015-03-31": "-103.47700", "2014-12-31": -139.062, "2014-09-30": -206.911, "2014-06-30": -85.359, "2014-03-31": "-87.51200", "2013-12-31": -104.471, "2013-09-30": -92.067, "2013-06-30": -180.184, "2013-03-31": "-51.59300", "2012-12-31": -89.124, "2012-09-30": -65.173, "2012-06-30": -98.956, "2012-03-31": "-102.24600", "2011-12-31": -107.07, "2011-09-30": -45.186, "2011-06-30": -51.838, "2011-03-31": "-6.12400", "2010-12-31": -78.702, "2010-09-30": -14.526, "2010-06-30": -21.95, "2010-03-31": "-74.70300", "2009-12-31": -86.916, "2009-09-30": -28.473, "2009-06-30": -24.665, "2009-03-31": "72.84600", "2008-12-31": -142.081, "2008-09-30": -38.744, "2008-06-30": -39.023, "2008-03-31": "-12.24300", "2007-12-31": -62.359, "2007-09-30": -35.47, "2007-06-30": -35.714, "2007-03-31": "-32.67000", "2006-12-31": -34.813, "2006-09-30": -25.494, "2006-06-30": -22.805, "2006-03-31": "-14.20000", "2005-12-31": -29.708, "2005-09-30": -14.79, "2005-06-30": -19.91, "2005-03-31": "-18.62200"}, "Net Long-Term Debt": {"2020-12-31": 0, "2020-09-30": 0, "2020-06-30": 0, "2020-03-31": "", "2019-12-31": 0, "2019-09-30": 0, "2019-06-30": 0, "2019-03-31": "", "2018-12-31": 0, "2018-09-30": 0, "2018-06-30": 0, "2018-03-31": "", "2017-12-31": 0, "2017-09-30": 0, "2017-06-30": 0, "2017-03-31": "", "2016-12-31": 0, "2016-09-30": 0, "2016-06-30": 0, "2016-03-31": "", "2015-12-31": 0, "2015-09-30": 0, "2015-06-30": 0, "2015-03-31": "", "2014-12-31": 0, "2014-09-30": 0, "2014-06-30": 0, "2014-03-31": "", "2013-12-31": 0, "2013-09-30": 0, "2013-06-30": 0, "2013-03-31": "", "2012-12-31": 0, "2012-09-30": 0, "2012-06-30": 0, "2012-03-31": "", "2011-12-31": 0.089, "2011-09-30": -0.031, "2011-06-30": -0.029, "2011-03-31": "-0.02900", "2010-12-31": -0.028, "2010-09-30": -0.025, "2010-06-30": -0.021, "2010-03-31": "-0.02200", "2009-12-31": -0.021, "2009-09-30": -0.021, "2009-06-30": -0.02, "2009-03-31": "-0.02000", "2008-12-31": -0.02, "2008-09-30": -0.019, "2008-06-30": -0.019, "2008-03-31": "-0.01800", "2007-12-31": -0.018, "2007-09-30": -0.019, "2007-06-30": -0.017, "2007-03-31": "-0.01700", "2006-12-31": -0.019, "2006-09-30": 0.621, "2006-06-30": -2.262, "2006-03-31": "2.23400", "2005-12-31": 1.137, "2005-09-30": 1.761, "2005-06-30": 0.635, "2005-03-31": ""}, "Net Current Debt": {"2020-12-31": 0, "2020-09-30": 0, "2020-06-30": 0, "2020-03-31": "", "2019-12-31": 0, "2019-09-30": 0, "2019-06-30": 0, "2019-03-31": "", "2018-12-31": 0, "2018-09-30": 0, "2018-06-30": 0, "2018-03-31": "", "2017-12-31": 0, "2017-09-30": 0, "2017-06-30": 0, "2017-03-31": "", "2016-12-31": 0, "2016-09-30": 0, "2016-06-30": 0, "2016-03-31": "", "2015-12-31": 0, "2015-09-30": 0, "2015-06-30": 0, "2015-03-31": "", "2014-12-31": 0, "2014-09-30": 0, "2014-06-30": 0, "2014-03-31": "", "2013-12-31": 0, "2013-09-30": 0, "2013-06-30": 0, "2013-03-31": "", "2012-12-31": 0, "2012-09-30": 0, "2012-06-30": 0, "2012-03-31": "", "2011-12-31": 0, "2011-09-30": 0, "2011-06-30": 0, "2011-03-31": "", "2010-12-31": 0, "2010-09-30": 0, "2010-06-30": 0, "2010-03-31": "", "2009-12-31": 0, "2009-09-30": 0, "2009-06-30": 0, "2009-03-31": "", "2008-12-31": 0, "2008-09-30": 0, "2008-06-30": 0, "2008-03-31": "", "2007-12-31": 0, "2007-09-30": -6.4, "2007-06-30": 6.4, "2007-03-31": "", "2006-12-31": 0, "2006-09-30": 0, "2006-06-30": 2.248, "2006-03-31": "", "2005-12-31": -4.745, "2005-09-30": -16.831, "2005-06-30": 7.358, "2005-03-31": "9.78800"}, "Debt Issuance/Retirement Net - Total": {"2020-12-31": 0, "2020-09-30": 0, "2020-06-30": 0, "2020-03-31": "", "2019-12-31": 0, "2019-09-30": 0, "2019-06-30": 0, "2019-03-31": "", "2018-12-31": 0, "2018-09-30": 0, "2018-06-30": 0, "2018-03-31": "", "2017-12-31": 0, "2017-09-30": 0, "2017-06-30": 0, "2017-03-31": "", "2016-12-31": 0, "2016-09-30": 0, "2016-06-30": 0, "2016-03-31": "", "2015-12-31": 0, "2015-09-30": 0, "2015-06-30": 0, "2015-03-31": "", "2014-12-31": 0, "2014-09-30": 0, "2014-06-30": 0, "2014-03-31": "", "2013-12-31": 0, "2013-09-30": 0, "2013-06-30": 0, "2013-03-31": "", "2012-12-31": 0, "2012-09-30": 0, "2012-06-30": 0, "2012-03-31": "", "2011-12-31": 0.089, "2011-09-30": -0.031, "2011-06-30": -0.029, "2011-03-31": "-0.02900", "2010-12-31": -0.028, "2010-09-30": -0.025, "2010-06-30": -0.021, "2010-03-31": "-0.02200", "2009-12-31": -0.021, "2009-09-30": -0.021, "2009-06-30": -0.02, "2009-03-31": "-0.02000", "2008-12-31": -0.02, "2008-09-30": -0.019, "2008-06-30": -0.019, "2008-03-31": "-0.01800", "2007-12-31": -0.018, "2007-09-30": -6.419, "2007-06-30": 6.383, "2007-03-31": "-0.01700", "2006-12-31": -0.019, "2006-09-30": 0.621, "2006-06-30": -0.014, "2006-03-31": "2.23400", "2005-12-31": 0.819, "2005-09-30": -15.07, "2005-06-30": 7.993, "2005-03-31": "9.78800"}, "Net Common Equity Issued/Repurchased": {"2020-12-31": 0, "2020-09-30": 0, "2020-06-30": 0, "2020-03-31": "-54.40100", "2019-12-31": -38.996, "2019-09-30": -40.079, "2019-06-30": -58.656, "2019-03-31": "-52.88600", "2018-12-31": -44.536, "2018-09-30": -18.873, "2018-06-30": -28.89, "2018-03-31": "-68.63800", "2017-12-31": -76.259, "2017-09-30": -105.132, "2017-06-30": -44.69, "2017-03-31": "-59.13700", "2016-12-31": -65.406, "2016-09-30": -71.318, "2016-06-30": -116.234, "2016-03-31": "-583.80200", "2015-12-31": -313.553, "2015-09-30": -30.8, "2015-06-30": -93.073, "2015-03-31": "-23.24900", "2014-12-31": -24.933, "2014-09-30": -13.113, "2014-06-30": -37.556, "2014-03-31": "-12.73600", "2013-12-31": -41.248, "2013-09-30": -16.59, "2013-06-30": -30.1, "2013-03-31": "-50.96500", "2012-12-31": -134.531, "2012-09-30": -42.964, "2012-06-30": -12.586, "2012-03-31": "-27.01100", "2011-12-31": -22.233, "2011-09-30": -19.248, "2011-06-30": -8.876, "2011-03-31": "-13.15100", "2010-12-31": -26.417, "2010-09-30": -47.061, "2010-06-30": -39.117, "2010-03-31": "-14.00700", "2009-12-31": -13.701, "2009-09-30": -9.251, "2009-06-30": -29.767, "2009-03-31": "-19.57700", "2008-12-31": -29.962, "2008-09-30": 0.165, "2008-06-30": 0.041, "2008-03-31": "", "2007-12-31": 1.583, "2007-09-30": 1.255, "2007-06-30": 0.671, "2007-03-31": "0.35400", "2006-12-31": 0.427, "2006-09-30": 0.941, "2006-06-30": 0.545, "2006-03-31": "134.17200", "2005-12-31": 0, "2005-09-30": 0, "2005-06-30": 0, "2005-03-31": ""}, "Net Total Equity Issued/Repurchased": {"2020-12-31": 0, "2020-09-30": 0, "2020-06-30": 0, "2020-03-31": "-54.40100", "2019-12-31": -38.996, "2019-09-30": -40.079, "2019-06-30": -58.656, "2019-03-31": "-52.88600", "2018-12-31": -44.536, "2018-09-30": -18.873, "2018-06-30": -28.89, "2018-03-31": "-68.63800", "2017-12-31": -76.259, "2017-09-30": -105.132, "2017-06-30": -44.69, "2017-03-31": "-59.13700", "2016-12-31": -65.406, "2016-09-30": -71.318, "2016-06-30": -116.234, "2016-03-31": "-583.80200", "2015-12-31": -313.553, "2015-09-30": -30.8, "2015-06-30": -93.073, "2015-03-31": "-23.24900", "2014-12-31": -24.933, "2014-09-30": -13.113, "2014-06-30": -37.556, "2014-03-31": "-12.73600", "2013-12-31": -41.248, "2013-09-30": -16.59, "2013-06-30": -30.1, "2013-03-31": "-50.96500", "2012-12-31": -134.531, "2012-09-30": -42.964, "2012-06-30": -12.586, "2012-03-31": "-27.01100", "2011-12-31": -22.233, "2011-09-30": -19.248, "2011-06-30": -8.876, "2011-03-31": "-13.15100", "2010-12-31": -26.417, "2010-09-30": -47.061, "2010-06-30": -39.117, "2010-03-31": "-14.00700", "2009-12-31": -13.701, "2009-09-30": -9.251, "2009-06-30": -29.767, "2009-03-31": "-19.57700", "2008-12-31": -29.962, "2008-09-30": 0.165, "2008-06-30": 0.041, "2008-03-31": "", "2007-12-31": 1.583, "2007-09-30": 1.255, "2007-06-30": 0.671, "2007-03-31": "0.35400", "2006-12-31": 0.427, "2006-09-30": 0.941, "2006-06-30": 0.545, "2006-03-31": "134.17200", "2005-12-31": 0, "2005-09-30": 0, "2005-06-30": 0, "2005-03-31": ""}, "Total Common And Preferred Stock Dividends Paid": {"2020-12-31": 0, "2020-09-30": 0, "2020-06-30": 0, "2020-03-31": "", "2019-12-31": 0, "2019-09-30": 0, "2019-06-30": 0, "2019-03-31": "", "2018-12-31": 0, "2018-09-30": 0, "2018-06-30": 0, "2018-03-31": "", "2017-12-31": 0, "2017-09-30": 0, "2017-06-30": 0, "2017-03-31": "", "2016-12-31": 0, "2016-09-30": 0, "2016-06-30": 0, "2016-03-31": "", "2015-12-31": 0, "2015-09-30": 0, "2015-06-30": 0, "2015-03-31": "", "2014-12-31": 0, "2014-09-30": 0, "2014-06-30": 0, "2014-03-31": "", "2013-12-31": 0, "2013-09-30": 0, "2013-06-30": 0, "2013-03-31": "", "2012-12-31": 0, "2012-09-30": 0, "2012-06-30": 0, "2012-03-31": "", "2011-12-31": 0, "2011-09-30": 0, "2011-06-30": 0, "2011-03-31": "", "2010-12-31": 0, "2010-09-30": 0, "2010-06-30": 0, "2010-03-31": "", "2009-12-31": 0, "2009-09-30": 0, "2009-06-30": 0, "2009-03-31": "", "2008-12-31": 0, "2008-09-30": 0, "2008-06-30": 0, "2008-03-31": "", "2007-12-31": 0, "2007-09-30": 0, "2007-06-30": 0, "2007-03-31": "", "2006-12-31": 0, "2006-09-30": 0, "2006-06-30": 0, "2006-03-31": "", "2005-12-31": 0, "2005-09-30": 0, "2005-06-30": 0, "2005-03-31": ""}, "Financial Activities - Other": {"2020-12-31": -0.609, "2020-09-30": -0.039, "2020-06-30": -2.103, "2020-03-31": "-47.69900", "2019-12-31": -0.033, "2019-09-30": -0.177, "2019-06-30": -0.263, "2019-03-31": "-10.64500", "2018-12-31": -0.821, "2018-09-30": -0.449, "2018-06-30": -0.318, "2018-03-31": "-4.01000", "2017-12-31": -0.06, "2017-09-30": -0.625, "2017-06-30": 0.003, "2017-03-31": "0.00600", "2016-12-31": -1.434, "2016-09-30": -0.083, "2016-06-30": 1.324, "2016-03-31": "0.67000", "2015-12-31": -0.402, "2015-09-30": 16.754, "2015-06-30": 47.175, "2015-03-31": "10.70800", "2014-12-31": 8.699, "2014-09-30": 3.441, "2014-06-30": 0.562, "2014-03-31": "8.89900", "2013-12-31": 20.673, "2013-09-30": 13.437, "2013-06-30": 2.453, "2013-03-31": "1.98900", "2012-12-31": -1.168, "2012-09-30": 0.972, "2012-06-30": 5.314, "2012-03-31": "68.44000", "2011-12-31": 0.757, "2011-09-30": 8.81, "2011-06-30": 20.973, "2011-03-31": "8.70000", "2010-12-31": 26.289, "2010-09-30": 2.547, "2010-06-30": 1.039, "2010-03-31": "2.30100", "2009-12-31": 0.178, "2009-09-30": 3.461, "2009-06-30": 6.166, "2009-03-31": "0.63000", "2008-12-31": 0.079, "2008-09-30": 0.141, "2008-06-30": 0.064, "2008-03-31": "", "2007-12-31": 2.963, "2007-09-30": 8.54, "2007-06-30": -5.317, "2007-03-31": "6.84600", "2006-12-31": 0.374, "2006-09-30": 11.034, "2006-06-30": 8.978, "2006-03-31": "-11.99700", "2005-12-31": 6.56, "2005-09-30": 0, "2005-06-30": 0, "2005-03-31": ""}, "Cash Flow From Financial Activities": {"2020-12-31": -0.609, "2020-09-30": -0.039, "2020-06-30": -2.103, "2020-03-31": "-102.10000", "2019-12-31": -39.029, "2019-09-30": -40.256, "2019-06-30": -58.919, "2019-03-31": "-63.53100", "2018-12-31": -45.357, "2018-09-30": -19.322, "2018-06-30": -29.208, "2018-03-31": "-72.64800", "2017-12-31": -76.319, "2017-09-30": -105.757, "2017-06-30": -44.687, "2017-03-31": "-59.13100", "2016-12-31": -66.84, "2016-09-30": -71.401, "2016-06-30": -114.91, "2016-03-31": "-583.13200", "2015-12-31": -313.955, "2015-09-30": -14.046, "2015-06-30": -45.898, "2015-03-31": "-12.54100", "2014-12-31": -16.234, "2014-09-30": -9.672, "2014-06-30": -36.994, "2014-03-31": "-3.83700", "2013-12-31": -20.575, "2013-09-30": -3.153, "2013-06-30": -27.647, "2013-03-31": "-48.97600", "2012-12-31": -135.699, "2012-09-30": -41.992, "2012-06-30": -7.272, "2012-03-31": "41.42900", "2011-12-31": -21.387, "2011-09-30": -10.469, "2011-06-30": 12.068, "2011-03-31": "-4.48000", "2010-12-31": -0.156, "2010-09-30": -44.539, "2010-06-30": -38.099, "2010-03-31": "-11.72800", "2009-12-31": -13.544, "2009-09-30": -5.811, "2009-06-30": -23.621, "2009-03-31": "-18.96700", "2008-12-31": -29.903, "2008-09-30": 0.287, "2008-06-30": 0.086, "2008-03-31": "-0.01800", "2007-12-31": 4.528, "2007-09-30": 3.376, "2007-06-30": 1.737, "2007-03-31": "7.18300", "2006-12-31": 0.782, "2006-09-30": 12.596, "2006-06-30": 9.509, "2006-03-31": "124.40900", "2005-12-31": 2.949, "2005-09-30": -15.07, "2005-06-30": 7.993, "2005-03-31": "9.78800"}, "Net Cash Flow": {"2020-12-31": -54.156, "2020-09-30": 56.391, "2020-06-30": 105.33, "2020-03-31": "19.79000", "2019-12-31": 93.219, "2019-09-30": 86.806, "2019-06-30": 22.413, "2019-03-31": "25.89100", "2018-12-31": -92.456, "2018-09-30": 117.39, "2018-06-30": -6.123, "2018-03-31": "47.17100", "2017-12-31": 71.727, "2017-09-30": -61.23, "2017-06-30": 52.759, "2017-03-31": "34.54400", "2016-12-31": -60.33, "2016-09-30": -35.832, "2016-06-30": -60.845, "2016-03-31": "2.80000", "2015-12-31": -356.157, "2015-09-30": 16.477, "2015-06-30": 44.728, "2015-03-31": "123.49200", "2014-12-31": -23.153, "2014-09-30": -27.432, "2014-06-30": 58.458, "2014-03-31": "88.38900", "2013-12-31": 15.127, "2013-09-30": 26.444, "2013-06-30": -65.298, "2013-03-31": "24.37700", "2012-12-31": -98.596, "2012-09-30": 16.352, "2012-06-30": 34.606, "2012-03-31": "-31.05200", "2011-12-31": -8.632, "2011-09-30": 60.074, "2011-06-30": 66.862, "2011-03-31": "58.10100", "2010-12-31": 13.842, "2010-09-30": 8.954, "2010-06-30": 9.04, "2010-03-31": "-26.56400", "2009-12-31": -18.88, "2009-09-30": 30.147, "2009-06-30": 3.365, "2009-03-31": "116.89000", "2008-12-31": -124.139, "2008-09-30": 16.566, "2008-06-30": 8.455, "2008-03-31": "35.98600", "2007-12-31": -16.481, "2007-09-30": 11.44, "2007-06-30": -2.685, "2007-03-31": "5.26000", "2006-12-31": -3.923, "2006-09-30": 15.521, "2006-06-30": 8.58, "2006-03-31": "133.40300", "2005-12-31": -1.898, "2005-09-30": -4.199, "2005-06-30": 3.984, "2005-03-31": "2.17300"}, "Stock-Based Compensation": {"2020-12-31": 22.047, "2020-09-30": 19.817, "2020-06-30": 23.367, "2020-03-31": "17.39500", "2019-12-31": 25.739, "2019-09-30": 25.336, "2019-06-30": 21.167, "2019-03-31": "19.15400", "2018-12-31": 20.945, "2018-09-30": 24.574, "2018-06-30": 11.548, "2018-03-31": "12.09700", "2017-12-31": 10.659, "2017-09-30": 17.75, "2017-06-30": 20.39, "2017-03-31": "16.45600", "2016-12-31": 15.777, "2016-09-30": 18.351, "2016-06-30": 19.533, "2016-03-31": "10.50500", "2015-12-31": -1.814, "2015-09-30": 20.996, "2015-06-30": 21.743, "2015-03-31": "16.98600", "2014-12-31": 14.284, "2014-09-30": 20.755, "2014-06-30": 34.042, "2014-03-31": "27.35900", "2013-12-31": 13.035, "2013-09-30": 16.289, "2013-06-30": 18.946, "2013-03-31": "15.38700", "2012-12-31": 12.024, "2012-09-30": 14.575, "2012-06-30": 17.437, "2012-03-31": "20.24000", "2011-12-31": 8.761, "2011-09-30": 10.643, "2011-06-30": 13.055, "2011-03-31": "8.92300", "2010-12-31": 3.535, "2010-09-30": 6.157, "2010-06-30": 7.002, "2010-03-31": "4.68700", "2009-12-31": 3.513, "2009-09-30": 3.768, "2009-06-30": 4.339, "2009-03-31": "3.37200", "2008-12-31": 2.834, "2008-09-30": 3.749, "2008-06-30": 2.946, "2008-03-31": "1.84500", "2007-12-31": 1.664, "2007-09-30": 2.085, "2007-06-30": 2.484, "2007-03-31": "1.56800", "2006-12-31": 1.382, "2006-09-30": 0.783, "2006-06-30": 1.508, "2006-03-31": "1.52000", "2005-12-31": 0.61, "2005-09-30": 0.605, "2005-06-30": 0.588, "2005-03-31": "0.30000"}, "Common Stock Dividends Paid": {"2020-12-31": 0, "2020-09-30": 0, "2020-06-30": 0, "2020-03-31": "", "2019-12-31": 0, "2019-09-30": 0, "2019-06-30": 0, "2019-03-31": "", "2018-12-31": 0, "2018-09-30": 0, "2018-06-30": 0, "2018-03-31": "", "2017-12-31": 0, "2017-09-30": 0, "2017-06-30": 0, "2017-03-31": "", "2016-12-31": 0, "2016-09-30": 0, "2016-06-30": 0, "2016-03-31": "", "2015-12-31": 0, "2015-09-30": 0, "2015-06-30": 0, "2015-03-31": "", "2014-12-31": 0, "2014-09-30": 0, "2014-06-30": 0, "2014-03-31": "", "2013-12-31": 0, "2013-09-30": 0, "2013-06-30": 0, "2013-03-31": "", "2012-12-31": 0, "2012-09-30": 0, "2012-06-30": 0, "2012-03-31": "", "2011-12-31": 0, "2011-09-30": 0, "2011-06-30": 0, "2011-03-31": "", "2010-12-31": 0, "2010-09-30": 0, "2010-06-30": 0, "2010-03-31": "", "2009-12-31": 0, "2009-09-30": 0, "2009-06-30": 0, "2009-03-31": "", "2008-12-31": 0, "2008-09-30": 0, "2008-06-30": 0, "2008-03-31": "", "2007-12-31": 0, "2007-09-30": 0, "2007-06-30": 0, "2007-03-31": "", "2006-12-31": 0, "2006-09-30": 0, "2006-06-30": 0, "2006-03-31": "", "2005-12-31": 0, "2005-09-30": 0, "2005-06-30": 0, "2005-03-31": ""}}, "financial ratios": {"Current Ratio": {"2019-12-31": "1.60850", "2018-12-31": "1.81070", "2017-12-31": "1.94370", "2016-12-31": "1.85380", "2015-12-31": "2.91010", "2014-12-31": "3.49810", "2013-12-31": "3.34440", "2012-12-31": "2.92530", "2011-12-31": "3.18310", "2010-12-31": "3.30120", "2009-12-31": "2.91180", "2008-12-31": "2.74880", "2007-12-31": "2.75360", "2006-12-31": "2.92210", "2005-12-31": "0.42460"}, "Long-term Debt / Capital": {"2019-12-31": "", "2018-12-31": "", "2017-12-31": "", "2016-12-31": "", "2015-12-31": "", "2014-12-31": "", "2013-12-31": "", "2012-12-31": "", "2011-12-31": "", "2010-12-31": "", "2009-12-31": "", "2008-12-31": "", "2007-12-31": "", "2006-12-31": "", "2005-12-31": ""}, "Debt/Equity Ratio": {"2019-12-31": "", "2018-12-31": "", "2017-12-31": "", "2016-12-31": "", "2015-12-31": "", "2014-12-31": "", "2013-12-31": "", "2012-12-31": "", "2011-12-31": "0.00010", "2010-12-31": "0.00010", "2009-12-31": "0.00010", "2008-12-31": "0.00010", "2007-12-31": "0.00010", "2006-12-31": "0.00010", "2005-12-31": "0.00020"}, "Gross Margin": {"2019-12-31": "20.45140", "2018-12-31": "18.72550", "2017-12-31": "16.89340", "2016-12-31": "12.76040", "2015-12-31": "26.08820", "2014-12-31": "27.20750", "2013-12-31": "26.59030", "2012-12-31": "27.10650", "2011-12-31": "25.96230", "2010-12-31": "26.65720", "2009-12-31": "24.92850", "2008-12-31": "21.54160", "2007-12-31": "22.34050", "2006-12-31": "20.93120", "2005-12-31": "18.49210"}, "Operating Margin": {"2019-12-31": "7.94720", "2018-12-31": "5.31080", "2017-12-31": "6.04940", "2016-12-31": "0.88530", "2015-12-31": "16.96400", "2014-12-31": "17.30170", "2013-12-31": "16.57200", "2012-12-31": "16.69090", "2011-12-31": "15.44630", "2010-12-31": "15.67770", "2009-12-31": "13.41560", "2008-12-31": "9.31250", "2007-12-31": "9.96360", "2006-12-31": "7.52820", "2005-12-31": "4.93780"}, "EBIT Margin": {"2019-12-31": "7.94720", "2018-12-31": "5.31080", "2017-12-31": "6.04940", "2016-12-31": "0.88530", "2015-12-31": "16.96400", "2014-12-31": "17.30170", "2013-12-31": "16.57200", "2012-12-31": "16.69090", "2011-12-31": "15.44630", "2010-12-31": "15.67770", "2009-12-31": "13.41560", "2008-12-31": "9.31250", "2007-12-31": "9.96360", "2006-12-31": "7.52820", "2005-12-31": "4.93780"}, "EBITDA Margin": {"2019-12-31": "11.75600", "2018-12-31": "9.46250", "2017-12-31": "9.69840", "2016-12-31": "4.63420", "2015-12-31": "19.86030", "2014-12-31": "19.99080", "2013-12-31": "19.56000", "2012-12-31": "19.77120", "2011-12-31": "18.74820", "2010-12-31": "19.43180", "2009-12-31": "17.45320", "2008-12-31": "13.27430", "2007-12-31": "13.97870", "2006-12-31": "11.69050", "2005-12-31": "9.40270"}, "Pre-Tax Profit Margin": {"2019-12-31": "8.20360", "2018-12-31": "5.51770", "2017-12-31": "6.15990", "2016-12-31": "0.99220", "2015-12-31": "17.10350", "2014-12-31": "17.38700", "2013-12-31": "16.62640", "2012-12-31": "16.75750", "2011-12-31": "15.40860", "2010-12-31": "15.74470", "2009-12-31": "13.44990", "2008-12-31": "9.55020", "2007-12-31": "10.49950", "2006-12-31": "8.29410", "2005-12-31": "4.81760"}, "Net Profit Margin": {"2019-12-31": "6.26810", "2018-12-31": "3.62910", "2017-12-31": "3.93740", "2016-12-31": "0.58750", "2015-12-31": "10.56610", "2014-12-31": "10.84090", "2013-12-31": "10.18600", "2012-12-31": "10.17860", "2011-12-31": "9.47080", "2010-12-31": "9.74880", "2009-12-31": "8.35380", "2008-12-31": "5.87120", "2007-12-31": "6.49880", "2006-12-31": "5.03360", "2005-12-31": "6.00550"}, "Asset Turnover": {"2019-12-31": "1.09440", "2018-12-31": "2.14740", "2017-12-31": "2.18820", "2016-12-31": "1.92700", "2015-12-31": "1.65180", "2014-12-31": "1.62550", "2013-12-31": "1.59990", "2012-12-31": "1.63680", "2011-12-31": "1.59230", "2010-12-31": "1.63690", "2009-12-31": "1.57920", "2008-12-31": "1.61450", "2007-12-31": "1.50360", "2006-12-31": "1.36200", "2005-12-31": "1.59920"}, "Inventory Turnover Ratio": {"2019-12-31": "170.28970", "2018-12-31": "183.43740", "2017-12-31": "187.32100", "2016-12-31": "226.79070", "2015-12-31": "221.16170", "2014-12-31": "195.05040", "2013-12-31": "180.91240", "2012-12-31": "179.42360", "2011-12-31": "188.52470", "2010-12-31": "189.70370", "2009-12-31": "203.04560", "2008-12-31": "218.21700", "2007-12-31": "194.64750", "2006-12-31": "185.64370", "2005-12-31": "194.90320"}, "Receiveable Turnover": {"2019-12-31": "51.60620", "2018-12-31": "78.07460", "2017-12-31": "89.87700", "2016-12-31": "85.69950", "2015-12-31": "46.67620", "2014-12-31": "80.04110", "2013-12-31": "116.16340", "2012-12-31": "103.40850", "2011-12-31": "270.53860", "2010-12-31": "62.90420", "2009-12-31": "318.79430", "2008-12-31": "339.09570", "2007-12-31": "72.83220", "2006-12-31": "60.29680", "2005-12-31": "150.13040"}, "Days Sales In Receivables": {"2019-12-31": "7.07280", "2018-12-31": "4.67500", "2017-12-31": "4.06110", "2016-12-31": "4.25910", "2015-12-31": "7.81980", "2014-12-31": "4.56020", "2013-12-31": "3.14210", "2012-12-31": "3.52970", "2011-12-31": "1.34920", "2010-12-31": "5.80250", "2009-12-31": "1.14490", "2008-12-31": "1.07640", "2007-12-31": "5.01150", "2006-12-31": "6.05340", "2005-12-31": "2.43120"}, "ROE - Return On Equity": {"2019-12-31": "20.80530", "2018-12-31": "12.24920", "2017-12-31": "12.91760", "2016-12-31": "1.63550", "2015-12-31": "22.35000", "2014-12-31": "22.13180", "2013-12-31": "21.28590", "2012-12-31": "22.31270", "2011-12-31": "20.58410", "2010-12-31": "22.07260", "2009-12-31": "18.03160", "2008-12-31": "12.56080", "2007-12-31": "12.55320", "2006-12-31": "8.73980", "2005-12-31": "12.18540"}, "Return On Tangible Equity": {"2019-12-31": "21.08010", "2018-12-31": "12.43860", "2017-12-31": "13.12870", "2016-12-31": "1.66150", "2015-12-31": "22.58280", "2014-12-31": "22.37580", "2013-12-31": "21.59380", "2012-12-31": "22.71270", "2011-12-31": "21.02590", "2010-12-31": "22.68640", "2009-12-31": "18.61200", "2008-12-31": "13.01950", "2007-12-31": "13.06310", "2006-12-31": "9.07960", "2005-12-31": "12.92660"}, "ROA - Return On Assets": {"2019-12-31": "6.85970", "2018-12-31": "7.79310", "2017-12-31": "8.61580", "2016-12-31": "1.13210", "2015-12-31": "17.45290", "2014-12-31": "17.62240", "2013-12-31": "16.29630", "2012-12-31": "16.66000", "2011-12-31": "15.08060", "2010-12-31": "15.95760", "2009-12-31": "13.19230", "2008-12-31": "9.47920", "2007-12-31": "9.77170", "2006-12-31": "6.85580", "2005-12-31": "9.60420"}, "ROI - Return On Investment": {"2019-12-31": "20.80530", "2018-12-31": "12.24920", "2017-12-31": "12.91760", "2016-12-31": "1.63550", "2015-12-31": "22.35000", "2014-12-31": "22.13180", "2013-12-31": "21.28590", "2012-12-31": "22.31270", "2011-12-31": "20.58410", "2010-12-31": "22.07260", "2009-12-31": "18.03160", "2008-12-31": "12.56080", "2007-12-31": "12.55320", "2006-12-31": "8.73980", "2005-12-31": "12.18540"}, "Book Value Per Share": {"2019-12-31": "60.63870", "2018-12-31": "52.03950", "2017-12-31": "48.68500", "2016-12-31": "48.67400", "2015-12-31": "69.17090", "2014-12-31": "64.85860", "2013-12-31": "49.56940", "2012-12-31": "40.07100", "2011-12-31": "33.41310", "2010-12-31": "26.09490", "2009-12-31": "22.34420", "2008-12-31": "19.34350", "2007-12-31": "17.13490", "2006-12-31": "14.56360", "2005-12-31": "11.77100"}, "Operating Cash Flow Per Share": {"2019-12-31": 3.2754, "2018-12-31": 5.835, "2017-12-31": 4.4634, "2016-12-31": -9.7666, "2015-12-31": 0.052, "2014-12-31": 4.7405, "2013-12-31": 3.6907, "2012-12-31": 0.2758, "2011-12-31": 3.825, "2010-12-31": 0.9926, "2009-12-31": 2.1312, "2008-12-31": 1.5563, "2007-12-31": 1.2416, "2006-12-31": 0.2551, "2005-12-31": 2.9359}, "Free Cash Flow Per Share": {"2019-12-31": 1.7522, "2018-12-31": 3.147, "2017-12-31": 5.5682, "2016-12-31": -10.2878, "2015-12-31": -0.1058, "2014-12-31": 3.1161, "2013-12-31": 3.4989, "2012-12-31": -1.1669, "2011-12-31": 2.6357, "2010-12-31": 1.0759, "2009-12-31": 3.0693, "2008-12-31": 1.2076, "2007-12-31": -0.0012, "2006-12-31": 0.4061, "2005-12-31": -0.2125}}, "financial ratios, quarterly": {"Current Ratio": {"2020-09-30": "1.51090", "2020-06-30": "1.59070", "2020-03-31": "1.61540", "2019-12-31": "1.60850", "2019-09-30": "1.50590", "2019-06-30": "1.51820", "2019-03-31": "1.44030", "2018-12-31": "1.81070", "2018-09-30": "1.96900", "2018-06-30": "2.02910", "2018-03-31": "1.71630", "2017-12-31": "1.94370", "2017-09-30": "2.02820", "2017-06-30": "2.47950", "2017-03-31": "2.16750", "2016-12-31": "1.85380", "2016-09-30": "1.67760", "2016-06-30": "1.40210", "2016-03-31": "1.37790", "2015-12-31": "2.91010", "2015-09-30": "4.39410", "2015-06-30": "3.78990", "2015-03-31": "3.55330", "2014-12-31": "3.49810", "2014-09-30": "3.29780", "2014-06-30": "3.69340", "2014-03-31": "3.48000", "2013-12-31": "3.34440", "2013-09-30": "3.36000", "2013-06-30": "3.03770", "2013-03-31": "3.16020", "2012-12-31": "2.92530", "2012-09-30": "4.12140", "2012-06-30": "4.13330", "2012-03-31": "4.42790", "2011-12-31": "3.18310", "2011-09-30": "3.79720", "2011-06-30": "3.76190", "2011-03-31": "3.79650", "2010-12-31": "3.30120", "2010-09-30": "3.33940", "2010-06-30": "3.37410", "2010-03-31": "3.26160", "2009-12-31": "2.91180", "2009-09-30": "3.08880", "2009-06-30": "2.95640", "2009-03-31": "2.60050", "2008-12-31": "2.74880", "2008-09-30": "2.96280", "2008-06-30": "3.09050", "2008-03-31": "2.77450", "2007-12-31": "2.75360", "2007-09-30": "2.68520", "2007-06-30": "2.93070", "2007-03-31": "2.66000", "2006-12-31": "2.92210", "2006-09-30": "3.08140", "2006-06-30": "3.53100", "2006-03-31": "3.34590", "2005-12-31": "0.42460", "2005-09-30": "", "2005-06-30": "", "2005-03-31": ""}, "Long-term Debt / Capital": {"2020-09-30": "", "2020-06-30": "", "2020-03-31": "", "2019-12-31": "", "2019-09-30": "", "2019-06-30": "", "2019-03-31": "", "2018-12-31": "", "2018-09-30": "", "2018-06-30": "", "2018-03-31": "", "2017-12-31": "", "2017-09-30": "", "2017-06-30": "", "2017-03-31": "", "2016-12-31": "", "2016-09-30": "", "2016-06-30": "", "2016-03-31": "", "2015-12-31": "", "2015-09-30": "", "2015-06-30": "", "2015-03-31": "", "2014-12-31": "", "2014-09-30": "", "2014-06-30": "", "2014-03-31": "", "2013-12-31": "", "2013-09-30": "", "2013-06-30": "", "2013-03-31": "", "2012-12-31": "", "2012-09-30": "", "2012-06-30": "", "2012-03-31": "", "2011-12-31": "", "2011-09-30": "", "2011-06-30": "", "2011-03-31": "", "2010-12-31": "", "2010-09-30": "", "2010-06-30": "", "2010-03-31": "", "2009-12-31": "", "2009-09-30": "", "2009-06-30": "", "2009-03-31": "", "2008-12-31": "", "2008-09-30": "", "2008-06-30": "", "2008-03-31": "", "2007-12-31": "", "2007-09-30": "", "2007-06-30": "", "2007-03-31": "", "2006-12-31": "", "2006-09-30": "", "2006-06-30": "", "2006-03-31": "", "2005-12-31": "", "2005-09-30": "", "2005-06-30": "", "2005-03-31": ""}, "Debt/Equity Ratio": {"2020-09-30": "", "2020-06-30": "", "2020-03-31": "", "2019-12-31": "", "2019-09-30": "", "2019-06-30": "", "2019-03-31": "", "2018-12-31": "", "2018-09-30": "", "2018-06-30": "", "2018-03-31": "", "2017-12-31": "", "2017-09-30": "", "2017-06-30": "", "2017-03-31": "", "2016-12-31": "", "2016-09-30": "", "2016-06-30": "", "2016-03-31": "", "2015-12-31": "", "2015-09-30": "", "2015-06-30": "", "2015-03-31": "", "2014-12-31": "", "2014-09-30": "", "2014-06-30": "", "2014-03-31": "", "2013-12-31": "", "2013-09-30": "", "2013-06-30": "", "2013-03-31": "", "2012-12-31": "", "2012-09-30": "0.00010", "2012-06-30": "0.00010", "2012-03-31": "0.00010", "2011-12-31": "0.00010", "2011-09-30": "0.00010", "2011-06-30": "0.00010", "2011-03-31": "0.00010", "2010-12-31": "0.00010", "2010-09-30": "0.00020", "2010-06-30": "0.00010", "2010-03-31": "0.00010", "2009-12-31": "0.00010", "2009-09-30": "0.00010", "2009-06-30": "0.00010", "2009-03-31": "0.00010", "2008-12-31": "0.00010", "2008-09-30": "0.00010", "2008-06-30": "0.00010", "2008-03-31": "0.00010", "2007-12-31": "0.00010", "2007-09-30": "0.00010", "2007-06-30": "0.00010", "2007-03-31": "0.00010", "2006-12-31": "0.00010", "2006-09-30": "0.00020", "2006-06-30": "0.00010", "2006-03-31": "0.00010", "2005-12-31": "0.00020", "2005-09-30": "", "2005-06-30": "", "2005-03-31": ""}, "Gross Margin": {"2020-09-30": "19.49680", "2020-06-30": "12.21930", "2020-03-31": "17.64050", "2019-12-31": "19.19460", "2019-09-30": "20.79420", "2019-06-30": "20.89360", "2019-03-31": "20.98240", "2018-12-31": "17.00400", "2018-09-30": "18.67340", "2018-06-30": "19.71060", "2018-03-31": "19.53110", "2017-12-31": "14.86980", "2017-09-30": "16.05690", "2017-06-30": "18.84710", "2017-03-31": "17.74020", "2016-12-31": "13.49810", "2016-09-30": "14.14610", "2016-06-30": "15.52960", "2016-03-31": "6.81050", "2015-12-31": "19.60190", "2015-09-30": "28.30930", "2015-06-30": "27.97870", "2015-03-31": "27.46820", "2014-12-31": "26.62610", "2014-09-30": "28.77680", "2014-06-30": "27.30510", "2014-03-31": "25.90020", "2013-12-31": "25.61560", "2013-09-30": "26.78740", "2013-06-30": "27.62190", "2013-03-31": "26.33870", "2012-12-31": "24.57070", "2012-09-30": "27.37960", "2012-06-30": "29.15030", "2012-03-31": "27.37110", "2011-12-31": "26.08950", "2011-09-30": "26.65030", "2011-06-30": "25.77490", "2011-03-31": "25.22420", "2010-12-31": "25.93510", "2010-09-30": "27.65490", "2010-06-30": "26.85900", "2010-03-31": "26.11630", "2009-12-31": "24.51650", "2009-09-30": "25.51570", "2009-06-30": "26.03360", "2009-03-31": "23.52480", "2008-12-31": "21.10850", "2008-09-30": "21.35850", "2008-06-30": "22.44380", "2008-03-31": "21.22870", "2007-12-31": "22.11380", "2007-09-30": "23.03380", "2007-06-30": "23.24800", "2007-03-31": "20.72220", "2006-12-31": "20.32550", "2006-09-30": "21.49530", "2006-06-30": "21.68630", "2006-03-31": "20.17810", "2005-12-31": "100.00000", "2005-09-30": "18.24500", "2005-06-30": "19.85980", "2005-03-31": "17.11340"}, "Operating Margin": {"2020-09-30": "6.68760", "2020-06-30": "-0.36190", "2020-03-31": "5.04130", "2019-12-31": "6.81530", "2019-09-30": "8.23690", "2019-06-30": "8.36820", "2019-03-31": "8.42070", "2018-12-31": "3.23350", "2018-09-30": "4.73390", "2018-06-30": "5.36570", "2018-03-31": "8.08150", "2017-12-31": "5.40750", "2017-09-30": "2.73630", "2017-06-30": "9.12640", "2017-03-31": "6.84610", "2016-12-31": "2.95290", "2016-09-30": "0.93790", "2016-06-30": "4.09610", "2016-03-31": "-5.58490", "2015-12-31": "10.38720", "2015-09-30": "19.29170", "2015-06-30": "18.98640", "2015-03-31": "18.16280", "2014-12-31": "17.56120", "2014-09-30": "19.13230", "2014-06-30": "17.12660", "2014-03-31": "15.00280", "2013-12-31": "15.29410", "2013-09-30": "16.58640", "2013-06-30": "17.92610", "2013-03-31": "16.51790", "2012-12-31": "14.61580", "2012-09-30": "16.79630", "2012-06-30": "19.36370", "2012-03-31": "15.95750", "2011-12-31": "15.72990", "2011-09-30": "16.55980", "2011-06-30": "14.67260", "2011-03-31": "14.68850", "2010-12-31": "15.33450", "2010-09-30": "16.26930", "2010-06-30": "16.05670", "2010-03-31": "14.96170", "2009-12-31": "13.00110", "2009-09-30": "14.14130", "2009-06-30": "14.74200", "2009-03-31": "11.62030", "2008-12-31": "8.07140", "2008-09-30": "9.12010", "2008-06-30": "11.24390", "2008-03-31": "8.77520", "2007-12-31": "9.50330", "2007-09-30": "10.96110", "2007-06-30": "11.18370", "2007-03-31": "7.89890", "2006-12-31": "7.05260", "2006-09-30": "8.45070", "2006-06-30": "7.74390", "2006-03-31": "6.80850", "2005-12-31": "4.46310", "2005-09-30": "5.76850", "2005-06-30": "5.96370", "2005-03-31": "3.32720"}, "EBIT Margin": {"2020-09-30": "6.68760", "2020-06-30": "-0.36190", "2020-03-31": "5.04130", "2019-12-31": "6.81530", "2019-09-30": "8.23690", "2019-06-30": "8.36820", "2019-03-31": "8.42070", "2018-12-31": "3.23350", "2018-09-30": "4.73390", "2018-06-30": "5.36570", "2018-03-31": "8.08150", "2017-12-31": "5.40750", "2017-09-30": "2.73630", "2017-06-30": "9.12640", "2017-03-31": "6.84610", "2016-12-31": "2.95300", "2016-09-30": "0.93790", "2016-06-30": "4.09610", "2016-03-31": "-5.58490", "2015-12-31": "10.38720", "2015-09-30": "19.29170", "2015-06-30": "18.98640", "2015-03-31": "18.16280", "2014-12-31": "17.56130", "2014-09-30": "19.13230", "2014-06-30": "17.12660", "2014-03-31": "15.00280", "2013-12-31": "15.29410", "2013-09-30": "16.58640", "2013-06-30": "17.92610", "2013-03-31": "16.51790", "2012-12-31": "14.61580", "2012-09-30": "16.79630", "2012-06-30": "19.36370", "2012-03-31": "15.95750", "2011-12-31": "15.72990", "2011-09-30": "16.55980", "2011-06-30": "14.67260", "2011-03-31": "14.68850", "2010-12-31": "15.33450", "2010-09-30": "16.26930", "2010-06-30": "16.05670", "2010-03-31": "14.96170", "2009-12-31": "13.00110", "2009-09-30": "14.14130", "2009-06-30": "14.74200", "2009-03-31": "11.62030", "2008-12-31": "8.07140", "2008-09-30": "9.12010", "2008-06-30": "11.24390", "2008-03-31": "8.77520", "2007-12-31": "9.50330", "2007-09-30": "10.96110", "2007-06-30": "11.18370", "2007-03-31": "7.89890", "2006-12-31": "7.05260", "2006-09-30": "8.45070", "2006-06-30": "7.74390", "2006-03-31": "6.80850", "2005-12-31": "100.00000", "2005-09-30": "5.76850", "2005-06-30": "5.96370", "2005-03-31": "3.32720"}, "EBITDA Margin": {"2020-09-30": "", "2020-06-30": "", "2020-03-31": "", "2019-12-31": "", "2019-09-30": "", "2019-06-30": "", "2019-03-31": "", "2018-12-31": "", "2018-09-30": "", "2018-06-30": "", "2018-03-31": "", "2017-12-31": "", "2017-09-30": "", "2017-06-30": "", "2017-03-31": "", "2016-12-31": "", "2016-09-30": "", "2016-06-30": "", "2016-03-31": "", "2015-12-31": "", "2015-09-30": "", "2015-06-30": "", "2015-03-31": "", "2014-12-31": "", "2014-09-30": "", "2014-06-30": "", "2014-03-31": "", "2013-12-31": "", "2013-09-30": "", "2013-06-30": "", "2013-03-31": "", "2012-12-31": "", "2012-09-30": "", "2012-06-30": "", "2012-03-31": "", "2011-12-31": "", "2011-09-30": "", "2011-06-30": "", "2011-03-31": "", "2010-12-31": "", "2010-09-30": "", "2010-06-30": "", "2010-03-31": "", "2009-12-31": "", "2009-09-30": "", "2009-06-30": "", "2009-03-31": "", "2008-12-31": "", "2008-09-30": "", "2008-06-30": "", "2008-03-31": "", "2007-12-31": "", "2007-09-30": "", "2007-06-30": "", "2007-03-31": "", "2006-12-31": "", "2006-09-30": "", "2006-06-30": "", "2006-03-31": "", "2005-12-31": "", "2005-09-30": "", "2005-06-30": "", "2005-03-31": ""}, "Pre-Tax Profit Margin": {"2020-09-30": "6.65040", "2020-06-30": "-0.31630", "2020-03-31": "5.23570", "2019-12-31": "7.01250", "2019-09-30": "8.55110", "2019-06-30": "8.64340", "2019-03-31": "8.65990", "2018-12-31": "3.54840", "2018-09-30": "4.93740", "2018-06-30": "5.54910", "2018-03-31": "8.20290", "2017-12-31": "5.53700", "2017-09-30": "2.84930", "2017-06-30": "9.21610", "2017-03-31": "6.95720", "2016-12-31": "3.00980", "2016-09-30": "1.00270", "2016-06-30": "4.17490", "2016-03-31": "-5.33020", "2015-12-31": "10.56710", "2015-09-30": "19.41650", "2015-06-30": "19.13190", "2015-03-31": "18.27510", "2014-12-31": "17.64400", "2014-09-30": "19.20470", "2014-06-30": "17.23560", "2014-03-31": "15.07900", "2013-12-31": "15.34020", "2013-09-30": "16.67890", "2013-06-30": "17.96650", "2013-03-31": "16.55450", "2012-12-31": "14.68190", "2012-09-30": "16.87440", "2012-06-30": "19.41830", "2012-03-31": "16.02520", "2011-12-31": "15.79930", "2011-09-30": "16.63550", "2011-06-30": "14.32170", "2011-03-31": "14.74490", "2010-12-31": "15.39890", "2010-09-30": "16.34920", "2010-06-30": "16.12990", "2010-03-31": "15.00950", "2009-12-31": "13.06050", "2009-09-30": "14.15630", "2009-06-30": "14.76950", "2009-03-31": "11.65560", "2008-12-31": "8.12780", "2008-09-30": "9.37060", "2008-06-30": "11.49330", "2008-03-31": "9.19080", "2007-12-31": "9.99650", "2007-09-30": "11.49280", "2007-06-30": "11.71440", "2007-03-31": "8.49830", "2006-12-31": "7.91420", "2006-09-30": "9.37230", "2006-06-30": "8.50360", "2006-03-31": "7.29300", "2005-12-31": "100.00000", "2005-09-30": "5.61790", "2005-06-30": "5.74870", "2005-03-31": "3.28520"}, "Net Profit Margin": {"2020-09-30": "5.01080", "2020-06-30": "0.59900", "2020-03-31": "5.41460", "2019-12-31": "5.02810", "2019-09-30": "7.02300", "2019-06-30": "6.34680", "2019-03-31": "6.73680", "2018-12-31": "2.61370", "2018-09-30": "3.11870", "2018-06-30": "3.70180", "2018-03-31": "5.17640", "2017-12-31": "3.94500", "2017-09-30": "1.73840", "2017-06-30": "5.70630", "2017-03-31": "4.31500", "2016-12-31": "1.54410", "2016-09-30": "0.75210", "2016-06-30": "2.56370", "2016-03-31": "-3.16760", "2015-12-31": "6.80440", "2015-09-30": "11.90600", "2015-06-30": "11.70530", "2015-03-31": "11.26140", "2014-12-31": "11.33230", "2014-09-30": "12.06400", "2014-06-30": "10.50120", "2014-03-31": "9.18740", "2013-12-31": "9.43220", "2013-09-30": "10.08320", "2013-06-30": "10.75590", "2013-03-31": "10.53790", "2012-12-31": "8.77520", "2012-09-30": "10.32080", "2012-06-30": "11.82220", "2012-03-31": "9.78200", "2011-12-31": "9.63100", "2011-09-30": "10.21080", "2011-06-30": "8.86290", "2011-03-31": "9.10550", "2010-12-31": "9.62550", "2010-09-30": "10.11340", "2010-06-30": "9.95220", "2010-03-31": "9.23810", "2009-12-31": "8.15290", "2009-09-30": "8.89210", "2009-06-30": "9.10230", "2009-03-31": "7.16370", "2008-12-31": "4.91480", "2008-09-30": "5.71940", "2008-06-30": "7.18050", "2008-03-31": "5.66080", "2007-12-31": "6.07040", "2007-09-30": "7.19340", "2007-06-30": "7.28310", "2007-03-31": "5.26910", "2006-12-31": "4.93400", "2006-09-30": "5.58650", "2006-06-30": "5.26600", "2006-03-31": "4.27130", "2005-12-31": "2.45910", "2005-09-30": "3.08680", "2005-06-30": "16.45920", "2005-03-31": "1.96830"}, "Asset Turnover": {"2020-09-30": "0.28440", "2020-06-30": "0.25410", "2020-03-31": "0.27100", "2019-12-31": "0.28210", "2019-09-30": "0.28430", "2019-06-30": "0.30780", "2019-03-31": "0.28280", "2018-12-31": "0.54070", "2018-09-30": "0.54910", "2018-06-30": "0.59500", "2018-03-31": "0.54750", "2017-12-31": "0.54270", "2017-09-30": "0.54640", "2017-06-30": "0.56530", "2017-03-31": "0.51830", "2016-12-31": "0.51060", "2016-09-30": "0.50170", "2016-06-30": "0.47500", "2016-03-31": "0.38980", "2015-12-31": "0.36600", "2015-09-30": "0.41280", "2015-06-30": "0.42680", "2015-03-31": "0.40280", "2014-12-31": "0.42330", "2014-09-30": "0.44490", "2014-06-30": "0.46100", "2014-03-31": "0.41940", "2013-12-31": "0.42010", "2013-09-30": "0.43260", "2013-06-30": "0.45150", "2013-03-31": "0.42430", "2012-12-31": "0.41900", "2012-09-30": "0.41060", "2012-06-30": "0.41920", "2012-03-31": "0.41940", "2011-12-31": "0.41870", "2011-09-30": "0.44060", "2011-06-30": "0.45230", "2011-03-31": "0.43990", "2010-12-31": "0.43020", "2010-09-30": "0.46190", "2010-06-30": "0.46260", "2010-03-31": "0.41270", "2009-12-31": "0.40310", "2009-09-30": "0.42140", "2009-06-30": "0.44520", "2009-03-31": "0.41480", "2008-12-31": "0.41860", "2008-09-30": "0.40930", "2008-06-30": "0.43310", "2008-03-31": "0.40610", "2007-12-31": "0.40010", "2007-09-30": "0.41910", "2007-06-30": "0.42480", "2007-03-31": "0.37700", "2006-12-31": "0.36360", "2006-09-30": "0.36850", "2006-06-30": "0.38300", "2006-03-31": "0.36410", "2005-12-31": "0.44160", "2005-09-30": "", "2005-06-30": "", "2005-03-31": ""}, "Inventory Turnover Ratio": {"2020-09-30": "50.62790", "2020-06-30": "49.54820", "2020-03-31": "49.79240", "2019-12-31": "44.59610", "2019-09-30": "46.57570", "2019-06-30": "53.65920", "2019-03-31": "55.04380", "2018-12-31": "47.17010", "2018-09-30": "54.48490", "2018-06-30": "48.76890", "2018-03-31": "53.09720", "2017-12-31": "47.58460", "2017-09-30": "43.77090", "2017-06-30": "49.61880", "2017-03-31": "47.99480", "2016-12-31": "59.58550", "2016-09-30": "48.43270", "2016-06-30": "49.70750", "2016-03-31": "46.05440", "2015-12-31": "53.31230", "2015-09-30": "49.78300", "2015-06-30": "52.19060", "2015-03-31": "49.20900", "2014-12-31": "51.19770", "2014-09-30": "48.61300", "2014-06-30": "49.17850", "2014-03-31": "44.07200", "2013-12-31": "48.13810", "2013-09-30": "48.39720", "2013-06-30": "52.45550", "2013-03-31": "46.83180", "2012-12-31": "47.52810", "2012-09-30": "51.05640", "2012-06-30": "46.60350", "2012-03-31": "46.44730", "2011-12-31": "49.48500", "2011-09-30": "49.51220", "2011-06-30": "50.22400", "2011-03-31": "43.59080", "2010-12-31": "50.34920", "2010-09-30": "48.08290", "2010-06-30": "53.70430", "2010-03-31": "47.93970", "2009-12-31": "52.10760", "2009-09-30": "49.28080", "2009-06-30": "50.32510", "2009-03-31": "47.01200", "2008-12-31": "56.89020", "2008-09-30": "48.82550", "2008-06-30": "51.30580", "2008-03-31": "52.47870", "2007-12-31": "51.94390", "2007-09-30": "50.05790", "2007-06-30": "47.66090", "2007-03-31": "45.18860", "2006-12-31": "49.94580", "2006-09-30": "48.87980", "2006-06-30": "52.79380", "2006-03-31": "48.96000", "2005-12-31": "53.77330", "2005-09-30": "", "2005-06-30": "", "2005-03-31": ""}, "Receiveable Turnover": {"2020-09-30": "12.33740", "2020-06-30": "8.22890", "2020-03-31": "11.74740", "2019-12-31": "13.30460", "2019-09-30": "26.32940", "2019-06-30": "29.05540", "2019-03-31": "26.30900", "2018-12-31": "19.66010", "2018-09-30": "25.22410", "2018-06-30": "22.60190", "2018-03-31": "43.02560", "2017-12-31": "22.28850", "2017-09-30": "30.60760", "2017-06-30": "46.88890", "2017-03-31": "49.52410", "2016-12-31": "22.70810", "2016-09-30": "22.48640", "2016-06-30": "20.61970", "2016-03-31": "14.20770", "2015-12-31": "10.34380", "2015-09-30": "32.32710", "2015-06-30": "35.68870", "2015-03-31": "50.70030", "2014-12-31": "20.84300", "2014-09-30": "57.21790", "2014-06-30": "51.87600", "2014-03-31": "54.52680", "2013-12-31": "30.50440", "2013-09-30": "56.73460", "2013-06-30": "54.59440", "2013-03-31": "46.96290", "2012-12-31": "26.47130", "2012-09-30": "17.18500", "2012-06-30": "15.42360", "2012-03-31": "14.56640", "2011-12-31": "71.13470", "2011-09-30": "102.66330", "2011-06-30": "46.42310", "2011-03-31": "32.93150", "2010-12-31": "16.53260", "2010-09-30": "32.80420", "2010-06-30": "123.27460", "2010-03-31": "116.58680", "2009-12-31": "81.36550", "2009-09-30": "47.79640", "2009-06-30": "43.03190", "2009-03-31": "105.02400", "2008-12-31": "87.91850", "2008-09-30": "43.78850", "2008-06-30": "63.40790", "2008-03-31": "58.53660", "2007-12-31": "19.37950", "2007-09-30": "45.38600", "2007-06-30": "43.42290", "2007-03-31": "43.88380", "2006-12-31": "16.09900", "2006-09-30": "69.06180", "2006-06-30": "104.18710", "2006-03-31": "67.44140", "2005-12-31": "41.45250", "2005-09-30": "", "2005-06-30": "", "2005-03-31": ""}, "Days Sales In Receivables": {"2020-09-30": "7.29490", "2020-06-30": "10.93700", "2020-03-31": "7.66130", "2019-12-31": "6.76460", "2019-09-30": "3.41820", "2019-06-30": "3.09750", "2019-03-31": "3.42090", "2018-12-31": "4.57780", "2018-09-30": "3.56800", "2018-06-30": "3.98200", "2018-03-31": "2.09180", "2017-12-31": "4.03800", "2017-09-30": "2.94040", "2017-06-30": "1.91940", "2017-03-31": "1.81730", "2016-12-31": "3.96330", "2016-09-30": "4.00240", "2016-06-30": "4.36480", "2016-03-31": "6.33460", "2015-12-31": "8.70080", "2015-09-30": "2.78400", "2015-06-30": "2.52180", "2015-03-31": "1.77510", "2014-12-31": "4.31800", "2014-09-30": "1.57290", "2014-06-30": "1.73490", "2014-03-31": "1.65060", "2013-12-31": "2.95040", "2013-09-30": "1.58630", "2013-06-30": "1.64850", "2013-03-31": "1.91640", "2012-12-31": "3.39990", "2012-09-30": "5.23710", "2012-06-30": "5.83520", "2012-03-31": "6.17860", "2011-12-31": "1.26520", "2011-09-30": "0.87670", "2011-06-30": "1.93870", "2011-03-31": "2.73290", "2010-12-31": "5.44380", "2010-09-30": "2.74360", "2010-06-30": "0.73010", "2010-03-31": "0.77200", "2009-12-31": "1.10610", "2009-09-30": "1.88300", "2009-06-30": "2.09150", "2009-03-31": "0.85690", "2008-12-31": "1.02370", "2008-09-30": "2.05530", "2008-06-30": "1.41940", "2008-03-31": "1.53750", "2007-12-31": "4.64410", "2007-09-30": "1.98300", "2007-06-30": "2.07260", "2007-03-31": "2.05090", "2006-12-31": "5.59040", "2006-09-30": "1.30320", "2006-06-30": "0.86380", "2006-03-31": "1.33450", "2005-12-31": "2.17120", "2005-09-30": "", "2005-06-30": "", "2005-03-31": ""}, "ROE - Return On Equity": {"2020-09-30": "4.44420", "2020-06-30": "0.47960", "2020-03-31": "4.56860", "2019-12-31": "4.30270", "2019-09-30": "6.07610", "2019-06-30": "5.91840", "2019-03-31": "5.93960", "2018-12-31": "2.22150", "2018-09-30": "2.66070", "2018-06-30": "3.36810", "2018-03-31": "4.35810", "2017-12-31": "3.20960", "2017-09-30": "1.41370", "2017-06-30": "4.60140", "2017-03-31": "3.27620", "2016-12-31": "1.13900", "2016-09-30": "0.54120", "2016-06-30": "1.72240", "2016-03-31": "-1.71610", "2015-12-31": "3.18960", "2015-09-30": "6.03310", "2015-06-30": "6.22660", "2015-03-31": "5.74610", "2014-12-31": "6.02440", "2014-09-30": "6.90690", "2014-06-30": "6.29020", "2014-03-31": "5.04970", "2013-12-31": "5.17600", "2013-09-30": "5.68850", "2013-06-30": "6.42460", "2013-03-31": "5.94550", "2012-12-31": "4.92430", "2012-09-30": "5.52910", "2012-06-30": "6.47650", "2012-03-31": "5.35680", "2011-12-31": "5.50390", "2011-09-30": "6.04670", "2011-06-30": "5.39440", "2011-03-31": "5.37610", "2010-12-31": "5.72780", "2010-09-30": "6.33720", "2010-06-30": "6.19470", "2010-03-31": "5.15360", "2009-12-31": "4.49150", "2009-09-30": "5.05570", "2009-06-30": "5.45300", "2009-03-31": "4.01430", "2008-12-31": "2.72620", "2008-09-30": "3.07840", "2008-06-30": "4.01750", "2008-03-31": "2.97340", "2007-12-31": "3.12000", "2007-09-30": "3.83850", "2007-06-30": "3.91300", "2007-03-31": "2.55880", "2006-12-31": "2.28730", "2006-09-30": "2.59860", "2006-06-30": "2.51180", "2006-03-31": "1.95840", "2005-12-31": "1.37770", "2005-09-30": "", "2005-06-30": "", "2005-03-31": ""}, "Return On Tangible Equity": {"2020-09-30": "4.49890", "2020-06-30": "0.48590", "2020-03-31": "4.62930", "2019-12-31": "4.35960", "2019-09-30": "6.15940", "2019-06-30": "6.00400", "2019-03-31": "6.02880", "2018-12-31": "2.25580", "2018-09-30": "2.70200", "2018-06-30": "3.42200", "2018-03-31": "4.42930", "2017-12-31": "3.26200", "2017-09-30": "1.43640", "2017-06-30": "4.67210", "2017-03-31": "3.32810", "2016-12-31": "1.15710", "2016-09-30": "0.54960", "2016-06-30": "1.74820", "2016-03-31": "-1.74090", "2015-12-31": "3.22280", "2015-09-30": "6.08870", "2015-06-30": "6.28780", "2015-03-31": "5.80580", "2014-12-31": "6.09080", "2014-09-30": "6.98790", "2014-06-30": "6.37000", "2014-03-31": "5.11790", "2013-12-31": "5.25090", "2013-09-30": "5.77500", "2013-06-30": "6.52940", "2013-03-31": "6.04860", "2012-12-31": "5.01260", "2012-09-30": "5.62350", "2012-06-30": "6.59110", "2012-03-31": "5.45920", "2011-12-31": "5.62200", "2011-09-30": "6.18240", "2011-06-30": "5.52350", "2011-03-31": "5.51640", "2010-12-31": "5.88710", "2010-09-30": "6.52530", "2010-06-30": "6.38130", "2010-03-31": "5.31230", "2009-12-31": "4.63610", "2009-09-30": "5.22390", "2009-06-30": "5.64370", "2009-03-31": "4.15850", "2008-12-31": "2.82580", "2008-09-30": "3.18900", "2008-06-30": "4.16760", "2008-03-31": "3.09010", "2007-12-31": "3.24680", "2007-09-30": "4.00210", "2007-06-30": "4.08870", "2007-03-31": "2.66610", "2006-12-31": "2.37630", "2006-09-30": "2.70420", "2006-06-30": "2.62000", "2006-03-31": "2.04750", "2005-12-31": "1.46150", "2005-09-30": "", "2005-06-30": "", "2005-03-31": ""}, "ROA - Return On Assets": {"2020-09-30": "1.42490", "2020-06-30": "0.15220", "2020-03-31": "1.46720", "2019-12-31": "1.41860", "2019-09-30": "1.99640", "2019-06-30": "1.95370", "2019-03-31": "1.90540", "2018-12-31": "1.41330", "2018-09-30": "1.71250", "2018-06-30": "2.20260", "2018-03-31": "2.83420", "2017-12-31": "2.14070", "2017-09-30": "0.94990", "2017-06-30": "3.22590", "2017-03-31": "2.23640", "2016-12-31": "0.78850", "2016-09-30": "0.37730", "2016-06-30": "1.21780", "2016-03-31": "-1.23470", "2015-12-31": "2.49070", "2015-09-30": "4.91480", "2015-06-30": "4.99620", "2015-03-31": "4.53600", "2014-12-31": "4.79690", "2014-09-30": "5.36720", "2014-06-30": "4.84150", "2014-03-31": "3.85350", "2013-12-31": "3.96270", "2013-09-30": "4.36210", "2013-06-30": "4.85660", "2013-03-31": "4.47160", "2012-12-31": "3.67680", "2012-09-30": "4.23750", "2012-06-30": "4.95530", "2012-03-31": "4.10220", "2011-12-31": "4.03230", "2011-09-30": "4.49860", "2011-06-30": "4.00900", "2011-03-31": "4.00520", "2010-12-31": "4.14090", "2010-09-30": "4.67160", "2010-06-30": "4.60410", "2010-03-31": "3.81230", "2009-12-31": "3.28610", "2009-09-30": "3.74680", "2009-06-30": "4.05260", "2009-03-31": "2.97120", "2008-12-31": "2.05740", "2008-09-30": "2.34120", "2008-06-30": "3.11000", "2008-03-31": "2.29860", "2007-12-31": "2.42870", "2007-09-30": "3.01510", "2007-06-30": "3.09380", "2007-03-31": "1.98650", "2006-12-31": "1.79420", "2006-09-30": "2.05890", "2006-06-30": "2.01700", "2006-03-31": "1.55530", "2005-12-31": "1.08590", "2005-09-30": "", "2005-06-30": "", "2005-03-31": ""}, "ROI - Return On Investment": {"2020-09-30": "4.44420", "2020-06-30": "0.47960", "2020-03-31": "4.56860", "2019-12-31": "4.30270", "2019-09-30": "6.07610", "2019-06-30": "5.91840", "2019-03-31": "5.93960", "2018-12-31": "2.22150", "2018-09-30": "2.66070", "2018-06-30": "3.36810", "2018-03-31": "4.35810", "2017-12-31": "3.20960", "2017-09-30": "1.41370", "2017-06-30": "4.60140", "2017-03-31": "3.27620", "2016-12-31": "1.13900", "2016-09-30": "0.54120", "2016-06-30": "1.72240", "2016-03-31": "-1.71610", "2015-12-31": "3.18960", "2015-09-30": "6.03310", "2015-06-30": "6.22660", "2015-03-31": "5.74610", "2014-12-31": "6.02440", "2014-09-30": "6.90690", "2014-06-30": "6.29020", "2014-03-31": "5.04970", "2013-12-31": "5.17600", "2013-09-30": "5.68850", "2013-06-30": "6.42460", "2013-03-31": "5.94550", "2012-12-31": "4.92430", "2012-09-30": "5.52910", "2012-06-30": "6.47650", "2012-03-31": "5.35680", "2011-12-31": "5.50390", "2011-09-30": "6.04670", "2011-06-30": "5.39440", "2011-03-31": "5.37610", "2010-12-31": "5.72780", "2010-09-30": "6.33720", "2010-06-30": "6.19470", "2010-03-31": "5.15360", "2009-12-31": "4.49150", "2009-09-30": "5.05570", "2009-06-30": "5.45300", "2009-03-31": "4.01430", "2008-12-31": "2.72620", "2008-09-30": "3.07840", "2008-06-30": "4.01750", "2008-03-31": "2.97340", "2007-12-31": "3.12000", "2007-09-30": "3.83850", "2007-06-30": "3.91300", "2007-03-31": "2.55880", "2006-12-31": "2.28730", "2006-09-30": "2.59860", "2006-06-30": "2.51180", "2006-03-31": "1.95840", "2005-12-31": "1.37770", "2005-09-30": "", "2005-06-30": "", "2005-03-31": ""}, "Book Value Per Share": {"2020-09-30": "64.53360", "2020-06-30": "60.95320", "2020-03-31": "60.11220", "2019-12-31": "60.63870", "2019-09-30": "58.35930", "2019-06-30": "55.47720", "2019-03-31": "53.52420", "2018-12-31": "52.03950", "2018-09-30": "51.66370", "2018-06-30": "50.05060", "2018-03-31": "49.02050", "2017-12-31": "48.68500", "2017-09-30": "49.03760", "2017-06-30": "50.73280", "2017-03-31": "49.08720", "2016-12-31": "48.67400", "2016-09-30": "49.72120", "2016-06-30": "50.97920", "2016-03-31": "52.48240", "2015-12-31": "69.17090", "2015-09-30": "76.98800", "2015-06-30": "72.27680", "2015-03-31": "68.73420", "2014-12-31": "64.85860", "2014-09-30": "61.05570", "2014-06-30": "56.51490", "2014-03-31": "52.91540", "2013-12-31": "49.56940", "2013-09-30": "47.38140", "2013-06-30": "44.28820", "2013-03-31": "41.64130", "2012-12-31": "40.07100", "2012-09-30": "41.43270", "2012-06-30": "39.80140", "2012-03-31": "36.92300", "2011-12-31": "33.41310", "2011-09-30": "31.91880", "2011-06-30": "30.00680", "2011-03-31": "27.72590", "2010-12-31": "26.09490", "2010-09-30": "24.59770", "2010-06-30": "24.03510", "2010-03-31": "23.34400", "2009-12-31": "22.34420", "2009-09-30": "21.54970", "2009-06-30": "20.50550", "2009-03-31": "19.87450", "2008-12-31": "19.34350", "2008-09-30": "19.25100", "2008-06-30": "18.53540", "2008-03-31": "17.69180", "2007-12-31": "17.13490", "2007-09-30": "16.39830", "2007-06-30": "15.63280", "2007-03-31": "14.90420", "2006-12-31": "14.56360", "2006-09-30": "13.96570", "2006-06-30": "13.23150", "2006-03-31": "12.57340", "2005-12-31": "11.77100", "2005-09-30": "", "2005-06-30": "", "2005-03-31": ""}, "Operating Cash Flow Per Share": {"2020-09-30": 8.5221, "2020-06-30": 4.3341, "2020-03-31": "6.42840", "2019-12-31": 6.6564, "2019-09-30": 8.2286, "2019-06-30": 4.1255, "2019-03-31": "6.49340", "2018-12-31": 4.65, "2018-09-30": 7.0033, "2018-06-30": 3.3796, "2018-03-31": "7.19560", "2017-12-31": 3.0559, "2017-09-30": 4.8783, "2017-06-30": 3.2395, "2017-03-31": "5.21980", "2016-12-31": 2.2948, "2016-09-30": 3.5117, "2016-06-30": 4.0603, "2016-03-31": "2.06330", "2015-12-31": 3.0406, "2015-09-30": 5.9323, "2015-06-30": 5.0409, "2015-03-31": "7.68290", "2014-12-31": 4.2181, "2014-09-30": 5.9749, "2014-06-30": 5.7419, "2014-03-31": "5.70980", "2013-12-31": 4.4836, "2013-09-30": 3.8322, "2013-06-30": 4.5777, "2013-03-31": "4.01070", "2012-12-31": 3.9835, "2012-09-30": 3.882, "2012-06-30": 4.4256, "2012-03-31": "0.92240", "2011-12-31": 3.8001, "2011-09-30": 3.6366, "2011-06-30": 3.3474, "2011-03-31": "2.15360", "2010-12-31": 2.9097, "2010-09-30": 2.148, "2010-06-30": 2.1732, "2010-03-31": "1.88180", "2009-12-31": 2.5145, "2009-09-30": 2.0441, "2009-06-30": 1.6144, "2009-03-31": "1.94710", "2008-12-31": 1.4468, "2008-09-30": 1.6687, "2008-06-30": 1.4258, "2008-03-31": "1.44760", "2007-12-31": 1.2499, "2007-09-30": 1.3064, "2007-06-30": 0.9432, "2007-03-31": "0.93310", "2006-12-31": 0.9563, "2006-09-30": 0.8649, "2006-06-30": 0.6235, "2006-03-31": "0.74630", "2005-12-31": 0.9411, "2005-09-30": 0.9731, "2005-06-30": 0.6041, "2005-03-31": "0.41830"}, "Free Cash Flow Per Share": {"2020-09-30": 5.6896, "2020-06-30": 1.2361, "2020-03-31": "3.68670", "2019-12-31": 3.2379, "2019-09-30": 4.8637, "2019-06-30": 1.392, "2019-03-31": "4.20920", "2018-12-31": 1.8675, "2018-09-30": 4.1081, "2018-06-30": 0.8375, "2018-03-31": "5.13750", "2017-12-31": 1.2857, "2017-09-30": 3.007, "2017-06-30": 1.2699, "2017-03-31": "3.24100", "2016-12-31": 0.1906, "2016-09-30": 1.24, "2016-06-30": 1.8463, "2016-03-31": "-0.04150", "2015-12-31": 0.631, "2015-09-30": 3.797, "2015-06-30": 3.2913, "2015-03-31": "5.80390", "2014-12-31": 1.2869, "2014-09-30": 4.1579, "2014-06-30": 3.9745, "2014-03-31": "4.20970", "2013-12-31": 2.4592, "2013-09-30": 2.0355, "2013-06-30": 3.1761, "2013-03-31": "2.84210", "2012-12-31": 2.1019, "2012-09-30": 2.3913, "2012-06-30": 2.9129, "2012-03-31": "-0.39210", "2011-12-31": 1.9607, "2011-09-30": 2.5353, "2011-06-30": 2.3649, "2011-03-31": "1.32000", "2010-12-31": 1.5926, "2010-09-30": 1.2074, "2010-06-30": 1.4827, "2010-03-31": "1.26250", "2009-12-31": 1.3765, "2009-09-30": 1.1405, "2009-06-30": 0.844, "2009-03-31": "1.10830", "2008-12-31": 0.1744, "2008-09-30": 0.4933, "2008-06-30": 0.2521, "2008-03-31": "0.48020", "2007-12-31": -0.0303, "2007-09-30": 0.2432, "2007-06-30": 0.0208, "2007-03-31": "-0.04130", "2006-12-31": -0.1406, "2006-09-30": 0.0891, "2006-06-30": -0.0443, "2006-03-31": "0.28940", "2005-12-31": -0.1838, "2005-09-30": 0.4131, "2005-06-30": -0.1523, "2005-03-31": "-0.28940"}}, "revenue": {"Chipotle Mexican Grill Annual Revenue (Millions of US $)": {"2020": "$5,985", "2019": "$5,586", "2018": "$4,865", "2017": "$4,476", "2016": "$3,904", "2015": "$4,501", "2014": "$4,108", "2013": "$3,215", "2012": "$2,731", "2011": "$2,270", "2010": "$1,836", "2009": "$1,518", "2008": "$1,332", "2007": "$1,086", "2006": "$823", "2005": "$628"}, "Chipotle Mexican Grill Quarterly Revenue (Millions of US $)": {"2020-12-31": "$1,608", "2020-09-30": "$1,601", "2020-06-30": "$1,365", "2020-03-31": "$1,411", "2019-12-31": "$1,440", "2019-09-30": "$1,404", "2019-06-30": "$1,434", "2019-03-31": "$1,308", "2018-12-31": "$1,225", "2018-09-30": "$1,225", "2018-06-30": "$1,267", "2018-03-31": "$1,148", "2017-12-31": "$1,110", "2017-09-30": "$1,128", "2017-06-30": "$1,169", "2017-03-31": "$1,069", "2016-12-31": "$1,035", "2016-09-30": "$1,037", "2016-06-30": "$998", "2016-03-31": "$834", "2015-12-31": "$998", "2015-09-30": "$1,217", "2015-06-30": "$1,198", "2015-03-31": "$1,089", "2014-12-31": "$1,070", "2014-09-30": "$1,084", "2014-06-30": "$1,050", "2014-03-31": "$904", "2013-12-31": "$844", "2013-09-30": "$827", "2013-06-30": "$817", "2013-03-31": "$727", "2012-12-31": "$699", "2012-09-30": "$701", "2012-06-30": "$691", "2012-03-31": "$641", "2011-12-31": "$597", "2011-09-30": "$592", "2011-06-30": "$572", "2011-03-31": "$509", "2010-12-31": "$483", "2010-09-30": "$477", "2010-06-30": "$467", "2010-03-31": "$410", "2009-12-31": "$388", "2009-09-30": "$388", "2009-06-30": "$389", "2009-03-31": "$354", "2008-12-31": "$345", "2008-09-30": "$341", "2008-06-30": "$341", "2008-03-31": "$305", "2007-12-31": "$289", "2007-09-30": "$286", "2007-06-30": "$274", "2007-03-31": "$236", "2006-12-31": "$220", "2006-09-30": "$211", "2006-06-30": "$205", "2006-03-31": "$187", "2005-12-31": "$173", "2005-09-30": "$165", "2005-06-30": "$156", "2005-03-31": "$133"}}, "gross-profit": {"Chipotle Mexican Grill Annual Gross Profit (Millions of US $)": {"2020": "$1,041", "2019": "$1,142", "2018": "$911", "2017": "$756", "2016": "$498", "2015": "$1,174", "2014": "$1,118", "2013": "$855", "2012": "$740", "2011": "$589", "2010": "$489", "2009": "$379", "2008": "$287", "2007": "$243", "2006": "$172", "2005": "$116"}, "Chipotle Mexican Grill Quarterly Gross Profit (Millions of US $)": {"2020-12-31": "$313", "2020-09-30": "$312", "2020-06-30": "$167", "2020-03-31": "$249", "2019-12-31": "$276", "2019-09-30": "$292", "2019-06-30": "$300", "2019-03-31": "$274", "2018-12-31": "$208", "2018-09-30": "$229", "2018-06-30": "$250", "2018-03-31": "$224", "2017-12-31": "$165", "2017-09-30": "$181", "2017-06-30": "$220", "2017-03-31": "$190", "2016-12-31": "$140", "2016-09-30": "$147", "2016-06-30": "$155", "2016-03-31": "$57", "2015-12-31": "$196", "2015-09-30": "$344", "2015-06-30": "$335", "2015-03-31": "$299", "2014-12-31": "$285", "2014-09-30": "$312", "2014-06-30": "$287", "2014-03-31": "$234", "2013-12-31": "$216", "2013-09-30": "$222", "2013-06-30": "$226", "2013-03-31": "$191", "2012-12-31": "$172", "2012-09-30": "$192", "2012-06-30": "$201", "2012-03-31": "$175", "2011-12-31": "$156", "2011-09-30": "$158", "2011-06-30": "$147", "2011-03-31": "$128", "2010-12-31": "$125", "2010-09-30": "$132", "2010-06-30": "$125", "2010-03-31": "$107", "2009-12-31": "$95", "2009-09-30": "$99", "2009-06-30": "$101", "2009-03-31": "$83", "2008-12-31": "$73", "2008-09-30": "$73", "2008-06-30": "$76", "2008-03-31": "$65", "2007-12-31": "$64", "2007-09-30": "$66", "2007-06-30": "$64", "2007-03-31": "$49", "2006-12-31": "$45", "2006-09-30": "$45", "2006-06-30": "$44", "2006-03-31": "$38", "2005-12-31": "$32", "2005-09-30": "$30", "2005-06-30": "$31", "2005-03-31": "$23"}}, "operating-income": {"Chipotle Mexican Grill Annual Operating Income (Millions of US $)": {"2020": "$290", "2019": "$444", "2018": "$258", "2017": "$271", "2016": "$35", "2015": "$764", "2014": "$711", "2013": "$533", "2012": "$456", "2011": "$351", "2010": "$288", "2009": "$204", "2008": "$124", "2007": "$108", "2006": "$62", "2005": "$31"}, "Chipotle Mexican Grill Quarterly Operating Income (Millions of US $)": {"2020-12-31": "$117", "2020-09-30": "$107", "2020-06-30": "$-5", "2020-03-31": "$71", "2019-12-31": "$98", "2019-09-30": "$116", "2019-06-30": "$120", "2019-03-31": "$110", "2018-12-31": "$40", "2018-09-30": "$58", "2018-06-30": "$68", "2018-03-31": "$93", "2017-12-31": "$60", "2017-09-30": "$31", "2017-06-30": "$107", "2017-03-31": "$73", "2016-12-31": "$31", "2016-09-30": "$10", "2016-06-30": "$41", "2016-03-31": "$-47", "2015-12-31": "$104", "2015-09-30": "$235", "2015-06-30": "$227", "2015-03-31": "$198", "2014-12-31": "$188", "2014-09-30": "$207", "2014-06-30": "$180", "2014-03-31": "$136", "2013-12-31": "$129", "2013-09-30": "$137", "2013-06-30": "$146", "2013-03-31": "$120", "2012-12-31": "$102", "2012-09-30": "$118", "2012-06-30": "$134", "2012-03-31": "$102", "2011-12-31": "$94", "2011-09-30": "$98", "2011-06-30": "$84", "2011-03-31": "$75", "2010-12-31": "$74", "2010-09-30": "$78", "2010-06-30": "$75", "2010-03-31": "$61", "2009-12-31": "$50", "2009-09-30": "$55", "2009-06-30": "$57", "2009-03-31": "$41", "2008-12-31": "$28", "2008-09-30": "$31", "2008-06-30": "$38", "2008-03-31": "$27", "2007-12-31": "$27", "2007-09-30": "$31", "2007-06-30": "$31", "2007-03-31": "$19", "2006-12-31": "$15", "2006-09-30": "$18", "2006-06-30": "$16", "2006-03-31": "$13", "2005-12-31": "$173", "2005-09-30": "$9", "2005-06-30": "$9", "2005-03-31": "$4"}}, "ebitda": {"Chipotle Mexican Grill Annual EBITDA (Millions of US $)": {"2019": "$657", "2018": "$460", "2017": "$434", "2016": "$181", "2015": "$894", "2014": "$821", "2013": "$629", "2012": "$540", "2011": "$426", "2010": "$357", "2009": "$265", "2008": "$177", "2007": "$152", "2006": "$96", "2005": "$59"}, "Chipotle Mexican Grill Quarterly EBITDA (Millions of US $)": {"2020-09-30": "$167", "2020-06-30": "$55", "2020-03-31": "$129", "2019-12-31": "$153", "2019-09-30": "$168", "2019-06-30": "$172", "2019-03-31": "$164", "2018-12-31": "$93", "2018-09-30": "$111", "2018-06-30": "$117", "2018-03-31": "$140", "2017-12-31": "$101", "2017-09-30": "$72", "2017-06-30": "$148", "2017-03-31": "$112", "2016-12-31": "$69", "2016-09-30": "$47", "2016-06-30": "$77", "2016-03-31": "$-12", "2015-12-31": "$138", "2015-09-30": "$268", "2015-06-30": "$260", "2015-03-31": "$228", "2014-12-31": "$218", "2014-09-30": "$235", "2014-06-30": "$207", "2014-03-31": "$161", "2013-12-31": "$154", "2013-09-30": "$162", "2013-06-30": "$170", "2013-03-31": "$143", "2012-12-31": "$124", "2012-09-30": "$139", "2012-06-30": "$154", "2012-03-31": "$122", "2011-12-31": "$113", "2011-09-30": "$117", "2011-06-30": "$102", "2011-03-31": "$93", "2010-12-31": "$92", "2010-09-30": "$95", "2010-06-30": "$92", "2010-03-31": "$78", "2009-12-31": "$66", "2009-09-30": "$70", "2009-06-30": "$73", "2009-03-31": "$56", "2008-12-31": "$42", "2008-09-30": "$45", "2008-06-30": "$51", "2008-03-31": "$39", "2007-12-31": "$39", "2007-09-30": "$43", "2007-06-30": "$41", "2007-03-31": "$29", "2006-12-31": "$25", "2006-09-30": "$27", "2006-06-30": "$24", "2006-03-31": "$21", "2005-12-31": "$15", "2005-09-30": "$17", "2005-06-30": "$16", "2005-03-31": "$11"}}, "net-income": {"Chipotle Mexican Grill Annual Net Income (Millions of US $)": {"2020": "$356", "2019": "$350", "2018": "$177", "2017": "$176", "2016": "$23", "2015": "$476", "2014": "$445", "2013": "$327", "2012": "$278", "2011": "$215", "2010": "$179", "2009": "$127", "2008": "$78", "2007": "$71", "2006": "$41", "2005": "$38"}, "Chipotle Mexican Grill Quarterly Net Income (Millions of US $)": {"2020-12-31": "$191", "2020-09-30": "$80", "2020-06-30": "$8", "2020-03-31": "$76", "2019-12-31": "$72", "2019-09-30": "$99", "2019-06-30": "$91", "2019-03-31": "$88", "2018-12-31": "$32", "2018-09-30": "$38", "2018-06-30": "$47", "2018-03-31": "$59", "2017-12-31": "$44", "2017-09-30": "$20", "2017-06-30": "$67", "2017-03-31": "$46", "2016-12-31": "$16", "2016-09-30": "$8", "2016-06-30": "$26", "2016-03-31": "$-26", "2015-12-31": "$68", "2015-09-30": "$145", "2015-06-30": "$140", "2015-03-31": "$123", "2014-12-31": "$121", "2014-09-30": "$131", "2014-06-30": "$110", "2014-03-31": "$83", "2013-12-31": "$80", "2013-09-30": "$83", "2013-06-30": "$88", "2013-03-31": "$77", "2012-12-31": "$61", "2012-09-30": "$72", "2012-06-30": "$82", "2012-03-31": "$63", "2011-12-31": "$57", "2011-09-30": "$60", "2011-06-30": "$51", "2011-03-31": "$46", "2010-12-31": "$46", "2010-09-30": "$48", "2010-06-30": "$46", "2010-03-31": "$38", "2009-12-31": "$32", "2009-09-30": "$34", "2009-06-30": "$35", "2009-03-31": "$25", "2008-12-31": "$17", "2008-09-30": "$19", "2008-06-30": "$24", "2008-03-31": "$17", "2007-12-31": "$18", "2007-09-30": "$21", "2007-06-30": "$20", "2007-03-31": "$12", "2006-12-31": "$11", "2006-09-30": "$12", "2006-06-30": "$11", "2006-03-31": "$8", "2005-12-31": "$4", "2005-09-30": "$5", "2005-06-30": "$26", "2005-03-31": "$3"}}, "eps-earnings-per-share-diluted": {"Chipotle Mexican Grill Annual EPS": {"2020": "$12.52", "2019": "$12.38", "2018": "$6.31", "2017": "$6.17", "2016": "$0.77", "2015": "$15.10", "2014": "$14.13", "2013": "$10.47", "2012": "$8.75", "2011": "$6.76", "2010": "$5.64", "2009": "$3.95", "2008": "$2.36", "2007": "$2.13", "2006": "$1.28", "2005": "$1.43"}, "Chipotle Mexican Grill Quarterly EPS": {"2020-12-31": "$6.69", "2020-09-30": "$2.82", "2020-06-30": "$0.29", "2020-03-31": "$2.70", "2019-12-31": "$2.56", "2019-09-30": "$3.47", "2019-06-30": "$3.22", "2019-03-31": "$3.13", "2018-12-31": "$1.14", "2018-09-30": "$1.36", "2018-06-30": "$1.68", "2018-03-31": "$2.13", "2017-12-31": "$1.56", "2017-09-30": "$0.69", "2017-06-30": "$2.32", "2017-03-31": "$1.60", "2016-12-31": "$0.51", "2016-09-30": "$0.27", "2016-06-30": "$0.87", "2016-03-31": "$-0.88", "2015-12-31": "$2.18", "2015-09-30": "$4.59", "2015-06-30": "$4.45", "2015-03-31": "$3.88", "2014-12-31": "$3.84", "2014-09-30": "$4.15", "2014-06-30": "$3.50", "2014-03-31": "$2.64", "2013-12-31": "$2.54", "2013-09-30": "$2.66", "2013-06-30": "$2.82", "2013-03-31": "$2.45", "2012-12-31": "$1.95", "2012-09-30": "$2.27", "2012-06-30": "$2.56", "2012-03-31": "$1.97", "2011-12-31": "$1.81", "2011-09-30": "$1.90", "2011-06-30": "$1.59", "2011-03-31": "$1.46", "2010-12-31": "$1.47", "2010-09-30": "$1.52", "2010-06-30": "$1.46", "2010-03-31": "$1.19", "2009-12-31": "$0.99", "2009-09-30": "$1.08", "2009-06-30": "$1.10", "2009-03-31": "$0.78", "2008-12-31": "$0.51", "2008-09-30": "$0.59", "2008-06-30": "$0.74", "2008-03-31": "$0.52", "2007-12-31": "$0.53", "2007-09-30": "$0.62", "2007-06-30": "$0.60", "2007-03-31": "$0.38", "2006-12-31": "$0.33", "2006-09-30": "$0.36", "2006-06-30": "$0.33", "2006-03-31": "$0.26", "2005-12-31": "$0.16", "2005-09-30": "$0.19", "2005-06-30": "$0.98", "2005-03-31": "$0.10"}}, "shares-outstanding": {"Chipotle Mexican Grill Annual Shares Outstanding (Millions of Shares)": {"2020": "28", "2019": "28", "2018": "28", "2017": "29", "2016": "30", "2015": "31", "2014": "32", "2013": "31", "2012": "32", "2011": "32", "2010": "32", "2009": "32", "2008": "33", "2007": "33", "2006": "32", "2005": "26"}, "Chipotle Mexican Grill Quarterly Shares Outstanding (Millions of Shares)": {"2020-12-31": "29", "2020-09-30": "28", "2020-06-30": "28", "2020-03-31": "28", "2019-12-31": "28", "2019-09-30": "28", "2019-06-30": "28", "2019-03-31": "28", "2018-12-31": "28", "2018-09-30": "28", "2018-06-30": "28", "2018-03-31": "28", "2017-12-31": "29", "2017-09-30": "28", "2017-06-30": "29", "2017-03-31": "29", "2016-12-31": "30", "2016-09-30": "29", "2016-06-30": "29", "2016-03-31": "30", "2015-12-31": "31", "2015-09-30": "32", "2015-06-30": "32", "2015-03-31": "32", "2014-12-31": "32", "2014-09-30": "32", "2014-06-30": "31", "2014-03-31": "31", "2013-12-31": "31", "2013-09-30": "31", "2013-06-30": "31", "2013-03-31": "31", "2012-12-31": "32", "2012-09-30": "32", "2012-06-30": "32", "2012-03-31": "32", "2011-12-31": "32", "2011-09-30": "32", "2011-06-30": "32", "2011-03-31": "32", "2010-12-31": "32", "2010-09-30": "32", "2010-06-30": "32", "2010-03-31": "32", "2009-12-31": "32", "2009-09-30": "32", "2009-06-30": "32", "2009-03-31": "32", "2008-12-31": "33", "2008-09-30": "33", "2008-06-30": "33", "2008-03-31": "33", "2007-12-31": "33", "2007-09-30": "33", "2007-06-30": "33", "2007-03-31": "33", "2006-12-31": "32", "2006-09-30": "33", "2006-06-30": "33", "2006-03-31": "31", "2005-12-31": "26", "2005-09-30": "26", "2005-06-30": "26", "2005-03-31": "26"}}, "total-assets": {"Chipotle Mexican Grill Annual Total Assets (Millions of US $)": {"2019": "$5,105", "2018": "$2,266", "2017": "$2,046", "2016": "$2,026", "2015": "$2,725", "2014": "$2,527", "2013": "$2,009", "2012": "$1,669", "2011": "$1,425", "2010": "$1,122", "2009": "$962", "2008": "$825", "2007": "$722", "2006": "$604", "2005": "$392"}, "Chipotle Mexican Grill Quarterly Total Assets (Millions of US $)": {"2020-09-30": "$5,632", "2020-06-30": "$5,370", "2020-03-31": "$5,206", "2019-12-31": "$5,105", "2019-09-30": "$4,938", "2019-06-30": "$4,659", "2019-03-31": "$4,625", "2018-12-31": "$2,266", "2018-09-30": "$2,231", "2018-06-30": "$2,129", "2018-03-31": "$2,097", "2017-12-31": "$2,046", "2017-09-30": "$2,064", "2017-06-30": "$2,069", "2017-03-31": "$2,062", "2016-12-31": "$2,026", "2016-09-30": "$2,067", "2016-06-30": "$2,102", "2016-03-31": "$2,141", "2015-12-31": "$2,725", "2015-09-30": "$2,948", "2015-06-30": "$2,806", "2015-03-31": "$2,704", "2014-12-31": "$2,527", "2014-09-30": "$2,437", "2014-06-30": "$2,278", "2014-03-31": "$2,156", "2013-12-31": "$2,009", "2013-09-30": "$1,911", "2013-06-30": "$1,809", "2013-03-31": "$1,713", "2012-12-31": "$1,669", "2012-09-30": "$1,706", "2012-06-30": "$1,648", "2012-03-31": "$1,528", "2011-12-31": "$1,425", "2011-09-30": "$1,343", "2011-06-30": "$1,264", "2011-03-31": "$1,158", "2010-12-31": "$1,122", "2010-09-30": "$1,032", "2010-06-30": "$1,009", "2010-03-31": "$993", "2009-12-31": "$962", "2009-09-30": "$920", "2009-06-30": "$873", "2009-03-31": "$855", "2008-12-31": "$825", "2008-09-30": "$832", "2008-06-30": "$787", "2008-03-31": "$752", "2007-12-31": "$722", "2007-09-30": "$683", "2007-06-30": "$646", "2007-03-31": "$626", "2006-12-31": "$604", "2006-09-30": "$573", "2006-06-30": "$535", "2006-03-31": "$514", "2005-12-31": "$392", "2005-09-30": "$0", "2005-06-30": "$0", "2005-03-31": "$0"}}, "cash-on-hand": {"Chipotle Mexican Grill Annual Cash on Hand (Millions of US $)": {"2019": "$881", "2018": "$677", "2017": "$509", "2016": "$418", "2015": "$663", "2014": "$758", "2013": "$578", "2012": "$473", "2011": "$456", "2010": "$350", "2009": "$270", "2008": "$188", "2007": "$171", "2006": "$154", "2005": "$0"}, "Chipotle Mexican Grill Quarterly Cash on Hand (Millions of US $)": {"2020-09-30": "$1,005", "2020-06-30": "$907", "2020-03-31": "$881", "2019-12-31": "$881", "2019-09-30": "$815", "2019-06-30": "$718", "2019-03-31": "$735", "2018-12-31": "$677", "2018-09-30": "$671", "2018-06-30": "$574", "2018-03-31": "$531", "2017-12-31": "$509", "2017-09-30": "$548", "2017-06-30": "$570", "2017-03-31": "$577", "2016-12-31": "$418", "2016-09-30": "$359", "2016-06-30": "$270", "2016-03-31": "$251", "2015-12-31": "$663", "2015-09-30": "$960", "2015-06-30": "$879", "2015-03-31": "$891", "2014-12-31": "$758", "2014-09-30": "$790", "2014-06-30": "$805", "2014-03-31": "$707", "2013-12-31": "$578", "2013-09-30": "$532", "2013-06-30": "$484", "2013-03-31": "$508", "2012-12-31": "$473", "2012-09-30": "$574", "2012-06-30": "$530", "2012-03-31": "$465", "2011-12-31": "$456", "2011-09-30": "$445", "2011-06-30": "$385", "2011-03-31": "$328", "2010-12-31": "$350", "2010-09-30": "$301", "2010-06-30": "$307", "2010-03-31": "$298", "2009-12-31": "$270", "2009-09-30": "$238", "2009-06-30": "$208", "2009-03-31": "$205", "2008-12-31": "$188", "2008-09-30": "$212", "2008-06-30": "$196", "2008-03-31": "$187", "2007-12-31": "$171", "2007-09-30": "$168", "2007-06-30": "$156", "2007-03-31": "$159", "2006-12-31": "$154", "2006-09-30": "$158", "2006-06-30": "$142", "2006-03-31": "$133", "2005-12-31": "$0", "2005-09-30": "", "2005-06-30": "", "2005-03-31": ""}}, "long-term-debt": {"Chipotle Mexican Grill Annual Long Term Debt (Millions of US $)": {"2019": "$", "2018": "$", "2017": "$", "2016": "$", "2015": "$", "2014": "$", "2013": "$", "2012": "$", "2011": "$", "2010": "$", "2009": "$", "2008": "$", "2007": "$", "2006": "$", "2005": "$"}, "Chipotle Mexican Grill Quarterly Long Term Debt (Millions of US $)": {"2020-09-30": "", "2020-06-30": "", "2020-03-31": "", "2019-12-31": "", "2019-09-30": "", "2019-06-30": "", "2019-03-31": "", "2018-12-31": "", "2018-09-30": "", "2018-06-30": "", "2018-03-31": "", "2017-12-31": "", "2017-09-30": "", "2017-06-30": "", "2017-03-31": "", "2016-12-31": "", "2016-09-30": "", "2016-06-30": "", "2016-03-31": "", "2015-12-31": "", "2015-09-30": "", "2015-06-30": "", "2015-03-31": "", "2014-12-31": "", "2014-09-30": "", "2014-06-30": "", "2014-03-31": "", "2013-12-31": "", "2013-09-30": "", "2013-06-30": "", "2013-03-31": "", "2012-12-31": "", "2012-09-30": "", "2012-06-30": "", "2012-03-31": "", "2011-12-31": "", "2011-09-30": "", "2011-06-30": "", "2011-03-31": "", "2010-12-31": "", "2010-09-30": "", "2010-06-30": "", "2010-03-31": "", "2009-12-31": "", "2009-09-30": "", "2009-06-30": "", "2009-03-31": "", "2008-12-31": "", "2008-09-30": "", "2008-06-30": "", "2008-03-31": "", "2007-12-31": "", "2007-09-30": "", "2007-06-30": "", "2007-03-31": "", "2006-12-31": "", "2006-09-30": "", "2006-06-30": "", "2006-03-31": "", "2005-12-31": "", "2005-09-30": "", "2005-06-30": "", "2005-03-31": ""}}, "total-liabilities": {"Chipotle Mexican Grill Annual Total Liabilities (Millions of US $)": {"2019": "$3,422", "2018": "$824", "2017": "$681", "2016": "$624", "2015": "$597", "2014": "$515", "2013": "$471", "2012": "$423", "2011": "$381", "2010": "$311", "2009": "$258", "2008": "$202", "2007": "$160", "2006": "$130", "2005": "$83"}, "Chipotle Mexican Grill Quarterly Total Liabilities (Millions of US $)": {"2020-09-30": "$3,826", "2020-06-30": "$3,666", "2020-03-31": "$3,534", "2019-12-31": "$3,422", "2019-09-30": "$3,315", "2019-06-30": "$3,121", "2019-03-31": "$3,142", "2018-12-31": "$824", "2018-09-30": "$795", "2018-06-30": "$737", "2018-03-31": "$733", "2017-12-31": "$681", "2017-09-30": "$677", "2017-06-30": "$618", "2017-03-31": "$655", "2016-12-31": "$624", "2016-09-30": "$626", "2016-06-30": "$616", "2016-03-31": "$601", "2015-12-31": "$597", "2015-09-30": "$546", "2015-06-30": "$555", "2015-03-31": "$569", "2014-12-31": "$515", "2014-09-30": "$543", "2014-06-30": "$525", "2014-03-31": "$511", "2013-12-31": "$471", "2013-09-30": "$446", "2013-06-30": "$441", "2013-03-31": "$425", "2012-12-31": "$423", "2012-09-30": "$399", "2012-06-30": "$387", "2012-03-31": "$358", "2011-12-31": "$381", "2011-09-30": "$344", "2011-06-30": "$325", "2011-03-31": "$295", "2010-12-31": "$311", "2010-09-30": "$271", "2010-06-30": "$259", "2010-03-31": "$258", "2009-12-31": "$258", "2009-09-30": "$238", "2009-06-30": "$224", "2009-03-31": "$222", "2008-12-31": "$202", "2008-09-30": "$199", "2008-06-30": "$178", "2008-03-31": "$171", "2007-12-31": "$160", "2007-09-30": "$147", "2007-06-30": "$135", "2007-03-31": "$140", "2006-12-31": "$130", "2006-09-30": "$119", "2006-06-30": "$105", "2006-03-31": "$106", "2005-12-31": "$83", "2005-09-30": "", "2005-06-30": "", "2005-03-31": ""}}, "total-share-holder-equity": {"Chipotle Mexican Grill Annual Share Holder Equity (Millions of US $)": {"2019": "$1,683", "2018": "$1,441", "2017": "$1,364", "2016": "$1,402", "2015": "$2,128", "2014": "$2,012", "2013": "$1,538", "2012": "$1,246", "2011": "$1,044", "2010": "$811", "2009": "$703", "2008": "$623", "2007": "$562", "2006": "$474", "2005": "$309"}, "Chipotle Mexican Grill Quarterly Share Holder Equity (Millions of US $)": {"2020-09-30": "$1,806", "2020-06-30": "$1,704", "2020-03-31": "$1,672", "2019-12-31": "$1,683", "2019-09-30": "$1,622", "2019-06-30": "$1,538", "2019-03-31": "$1,484", "2018-12-31": "$1,441", "2018-09-30": "$1,436", "2018-06-30": "$1,392", "2018-03-31": "$1,364", "2017-12-31": "$1,364", "2017-09-30": "$1,387", "2017-06-30": "$1,450", "2017-03-31": "$1,408", "2016-12-31": "$1,402", "2016-09-30": "$1,441", "2016-06-30": "$1,486", "2016-03-31": "$1,540", "2015-12-31": "$2,128", "2015-09-30": "$2,401", "2015-06-30": "$2,252", "2015-03-31": "$2,134", "2014-12-31": "$2,012", "2014-09-30": "$1,894", "2014-06-30": "$1,753", "2014-03-31": "$1,645", "2013-12-31": "$1,538", "2013-09-30": "$1,466", "2013-06-30": "$1,367", "2013-03-31": "$1,288", "2012-12-31": "$1,246", "2012-09-30": "$1,308", "2012-06-30": "$1,261", "2012-03-31": "$1,170", "2011-12-31": "$1,044", "2011-09-30": "$999", "2011-06-30": "$939", "2011-03-31": "$863", "2010-12-31": "$811", "2010-09-30": "$761", "2010-06-30": "$750", "2010-03-31": "$734", "2009-12-31": "$703", "2009-09-30": "$682", "2009-06-30": "$649", "2009-03-31": "$633", "2008-12-31": "$623", "2008-09-30": "$633", "2008-06-30": "$609", "2008-03-31": "$581", "2007-12-31": "$562", "2007-09-30": "$537", "2007-06-30": "$511", "2007-03-31": "$486", "2006-12-31": "$474", "2006-09-30": "$454", "2006-06-30": "$430", "2006-03-31": "$408", "2005-12-31": "$309", "2005-09-30": "", "2005-06-30": "", "2005-03-31": ""}}, "profit-margins": {"current": "5.94%"}, "gross margin": {"2020-12-31": "17.39%", "2020-09-30": "17.26%", "2020-06-30": "17.51%", "2020-03-31": "19.63%", "2019-12-31": "20.44%", "2019-09-30": "20.00%", "2019-06-30": "19.47%", "2019-03-31": "19.12%", "2018-12-31": "18.73%", "2018-09-30": "18.27%", "2018-06-30": "17.62%", "2018-03-31": "17.34%", "2017-12-31": "16.89%", "2017-09-30": "16.61%", "2017-06-30": "16.17%", "2017-03-31": "15.27%", "2016-12-31": "12.78%", "2016-09-30": "14.35%", "2016-06-30": "18.58%", "2016-03-31": "21.94%", "2015-12-31": "26.08%", "2015-09-30": "27.61%", "2015-06-30": "27.72%", "2015-03-31": "27.56%", "2014-12-31": "27.22%", "2014-09-30": "27.02%", "2014-06-30": "26.46%", "2014-03-31": "26.47%", "2013-12-31": "26.59%", "2013-09-30": "26.42%", "2013-06-30": "26.53%", "2013-03-31": "26.83%", "2012-12-31": "27.09%", "2012-09-30": "27.53%", "2012-06-30": "27.37%", "2012-03-31": "26.48%", "2011-12-31": "25.95%", "2011-09-30": "25.88%", "2011-06-30": "26.07%", "2011-03-31": "26.34%", "2010-12-31": "26.62%", "2010-09-30": "26.35%", "2010-06-30": "25.77%", "2010-03-31": "25.52%", "2009-12-31": "24.88%", "2009-09-30": "24.12%", "2009-06-30": "23.09%", "2009-03-31": "22.09%", "2008-12-31": "21.55%", "2008-09-30": "21.79%", "2008-06-30": "22.19%", "2008-03-31": "22.44%", "2007-12-31": "22.40%", "2007-09-30": "22.05%", "2007-06-30": "21.57%", "2007-03-31": "20.99%", "2006-12-31": "20.90%", "2006-09-30": "20.49%", "2006-06-30": "19.73%", "2006-03-31": "19.24%", "2005-12-31": "18.50%"}, "operating margin": {"2020-12-31": "4.85%", "2020-09-30": "4.66%", "2020-06-30": "4.98%", "2020-03-31": "7.12%", "2019-12-31": "7.95%", "2019-09-30": "7.19%", "2019-06-30": "6.32%", "2019-03-31": "5.49%", "2018-12-31": "5.32%", "2018-09-30": "5.87%", "2018-06-30": "5.42%", "2018-03-31": "6.39%", "2017-12-31": "6.05%", "2017-09-30": "5.50%", "2017-06-30": "5.13%", "2017-03-31": "3.74%", "2016-12-31": "0.90%", "2016-09-30": "2.79%", "2016-06-30": "8.23%", "2016-03-31": "12.22%", "2015-12-31": "16.97%", "2015-09-30": "18.54%", "2015-06-30": "18.46%", "2015-03-31": "18.01%", "2014-12-31": "17.31%", "2014-09-30": "16.80%", "2014-06-30": "16.06%", "2014-03-31": "16.16%", "2013-12-31": "16.55%", "2013-09-30": "16.45%", "2013-06-30": "16.51%", "2013-03-31": "16.82%", "2012-12-31": "16.69%", "2012-09-30": "17.03%", "2012-06-30": "16.98%", "2012-03-31": "15.74%", "2011-12-31": "15.46%", "2011-09-30": "15.35%", "2011-06-30": "15.24%", "2011-03-31": "15.60%", "2010-12-31": "15.68%", "2010-09-30": "15.15%", "2010-06-30": "14.58%", "2010-03-31": "14.16%", "2009-12-31": "13.36%", "2009-09-30": "12.26%", "2009-06-30": "10.99%", "2009-03-31": "9.99%", "2008-12-31": "9.31%", "2008-09-30": "9.64%", "2008-06-30": "10.07%", "2008-03-31": "10.05%", "2007-12-31": "9.95%", "2007-09-30": "9.45%", "2007-06-30": "8.82%", "2007-03-31": "7.80%", "2006-12-31": "7.53%", "2006-09-30": "28.35%", "2006-06-30": "28.90%", "2006-03-31": "29.96%", "2005-12-31": "31.10%"}, "ebitda margin": {"2020-09-30": "8.66%", "2020-06-30": "8.99%", "2020-03-31": "10.93%", "2019-12-31": "11.76%", "2019-09-30": "11.12%", "2019-06-30": "10.40%", "2019-03-31": "9.65%", "2018-12-31": "9.48%", "2018-09-30": "9.87%", "2018-06-30": "9.24%", "2018-03-31": "10.12%", "2017-12-31": "9.67%", "2017-09-30": "9.11%", "2017-06-30": "8.72%", "2017-03-31": "7.37%", "2016-12-31": "4.64%", "2016-09-30": "6.46%", "2016-06-30": "11.64%", "2016-03-31": "15.40%", "2015-12-31": "19.86%", "2015-09-30": "21.29%", "2015-06-30": "21.19%", "2015-03-31": "20.68%", "2014-12-31": "19.99%", "2014-09-30": "19.50%", "2014-06-30": "18.87%", "2014-03-31": "19.07%", "2013-12-31": "19.56%", "2013-09-30": "19.51%", "2013-06-30": "19.57%", "2013-03-31": "19.87%", "2012-12-31": "19.73%", "2012-09-30": "20.08%", "2012-06-30": "20.07%", "2012-03-31": "18.90%", "2011-12-31": "18.72%", "2011-09-30": "18.74%", "2011-06-30": "18.72%", "2011-03-31": "19.21%", "2010-12-31": "19.43%", "2010-09-30": "19.00%", "2010-06-30": "18.51%", "2010-03-31": "18.22%", "2009-12-31": "17.45%", "2009-09-30": "16.33%", "2009-06-30": "15.12%", "2009-03-31": "14.05%", "2008-12-31": "13.29%", "2008-09-30": "13.64%", "2008-06-30": "14.09%", "2008-03-31": "14.04%", "2007-12-31": "14.01%", "2007-09-30": "13.58%", "2007-06-30": "12.96%", "2007-03-31": "12.04%", "2006-12-31": "11.79%", "2006-09-30": "11.21%", "2006-06-30": "10.55%", "2006-03-31": "10.13%", "2005-12-31": "9.41%"}, "pre tax profit margin": {"2020-12-31": "4.93%", "2020-09-30": "4.78%", "2020-06-30": "5.18%", "2020-03-31": "7.37%", "2019-12-31": "8.20%", "2019-09-30": "7.45%", "2019-06-30": "6.55%", "2019-03-31": "5.69%", "2018-12-31": "5.49%", "2018-09-30": "6.00%", "2018-06-30": "5.52%", "2018-03-31": "6.48%", "2017-12-31": "6.14%", "2017-09-30": "5.57%", "2017-06-30": "5.17%", "2017-03-31": "3.79%", "2016-12-31": "1.00%", "2016-09-30": "2.92%", "2016-06-30": "8.38%", "2016-03-31": "12.39%", "2015-12-31": "17.08%", "2015-09-30": "18.65%", "2015-06-30": "18.58%", "2015-03-31": "18.10%", "2014-12-31": "17.38%", "2014-09-30": "16.85%", "2014-06-30": "16.11%", "2014-03-31": "16.21%", "2013-12-31": "16.61%", "2013-09-30": "16.55%", "2013-06-30": "16.58%", "2013-03-31": "16.86%", "2012-12-31": "16.76%", "2012-09-30": "17.07%", "2012-06-30": "17.02%", "2012-03-31": "15.70%", "2011-12-31": "15.37%", "2011-09-30": "15.26%", "2011-06-30": "15.14%", "2011-03-31": "15.60%", "2010-12-31": "15.68%", "2010-09-30": "15.21%", "2010-06-30": "14.64%", "2010-03-31": "14.22%", "2009-12-31": "13.43%", "2009-09-30": "12.26%", "2009-06-30": "11.06%", "2009-03-31": "10.14%", "2008-12-31": "9.53%", "2008-09-30": "10.03%", "2008-06-30": "10.57%", "2008-03-31": "10.57%", "2007-12-31": "10.51%", "2007-09-30": "10.04%", "2007-06-30": "9.46%", "2007-03-31": "8.49%", "2006-12-31": "8.26%", "2006-09-30": "28.87%", "2006-06-30": "29.18%", "2006-03-31": "30.10%", "2005-12-31": "31.10%"}, "net profit margin": {"2020-12-31": "5.93%", "2020-09-30": "4.06%", "2020-06-30": "4.54%", "2020-03-31": "5.94%", "2019-12-31": "6.27%", "2019-09-30": "5.77%", "2019-06-30": "4.80%", "2019-03-31": "4.08%", "2018-12-31": "3.62%", "2018-09-30": "3.96%", "2018-06-30": "3.65%", "2018-03-31": "4.17%", "2017-12-31": "3.95%", "2017-09-30": "3.39%", "2017-06-30": "3.18%", "2017-03-31": "2.32%", "2016-12-31": "0.61%", "2016-09-30": "1.97%", "2016-06-30": "5.26%", "2016-03-31": "7.70%", "2015-12-31": "10.57%", "2015-09-30": "11.57%", "2015-06-30": "11.60%", "2015-03-31": "11.30%", "2014-12-31": "10.83%", "2014-09-30": "10.41%", "2014-06-30": "9.82%", "2014-03-31": "9.85%", "2013-12-31": "10.20%", "2013-09-30": "10.07%", "2013-06-30": "10.12%", "2013-03-31": "10.36%", "2012-12-31": "10.18%", "2012-09-30": "10.42%", "2012-06-30": "10.39%", "2012-03-31": "9.62%", "2011-12-31": "9.43%", "2011-09-30": "9.42%", "2011-06-30": "9.36%", "2011-03-31": "9.61%", "2010-12-31": "9.69%", "2010-09-30": "9.41%", "2010-06-30": "9.07%", "2010-03-31": "8.83%", "2009-12-31": "8.29%", "2009-09-30": "7.52%", "2009-06-30": "6.72%", "2009-03-31": "6.15%", "2008-12-31": "5.78%", "2008-09-30": "6.11%", "2008-06-30": "6.55%", "2008-03-31": "6.59%", "2007-12-31": "6.54%", "2007-09-30": "6.30%", "2007-06-30": "5.84%", "2007-03-31": "5.28%", "2006-12-31": "5.10%", "2006-09-30": "4.51%", "2006-06-30": "3.84%", "2006-03-31": "6.31%", "2005-12-31": "6.06%"}, "pe ratio": {"current": "144.63", "2021-02-10": "265.86", "2020-12-31": "238.68", "2020-09-30": "148.77", "2020-06-30": "116.80", "2020-03-31": "54.81", "2019-12-31": "67.67", "2019-09-30": "76.62", "2019-06-30": "82.72", "2019-03-31": "97.04", "2018-12-31": "68.32", "2018-09-30": "67.64", "2018-06-30": "71.30", "2018-03-31": "48.30", "2017-12-31": "46.92", "2017-09-30": "59.66", "2017-06-30": "87.78", "2017-03-31": "135.42", "2016-12-31": "465.83", "2016-09-30": "174.28", "2016-06-30": "59.67", "2016-03-31": "45.59", "2015-12-31": "31.80", "2015-09-30": "42.97", "2015-06-30": "37.07", "2015-03-31": "42.33", "2014-12-31": "48.44", "2014-09-30": "52.00", "2014-06-30": "52.30", "2014-03-31": "53.34", "2013-12-31": "50.93", "2013-09-30": "43.40", "2013-06-30": "38.39", "2013-03-31": "35.31", "2012-12-31": "34.00", "2012-09-30": "36.88", "2012-06-30": "46.11", "2012-03-31": "57.50", "2011-12-31": "49.96", "2011-09-30": "47.19", "2011-06-30": "51.02", "2011-03-31": "46.09", "2010-12-31": "37.71", "2010-09-30": "33.33", "2010-06-30": "28.99", "2010-03-31": "25.84", "2009-12-31": "22.32", "2009-09-30": "27.89", "2009-06-30": "26.76", "2009-03-31": "25.24", "2008-12-31": "26.15", "2008-09-30": "23.32", "2008-06-30": "34.28", "2008-03-31": "49.97", "2007-12-31": "69.05", "2007-09-30": "61.21", "2007-06-30": "51.07", "2007-03-31": "44.36", "2006-12-31": "44.53"}, "price sales": {"2021-02-11": "7.33", "2020-12-31": "6.59", "2020-09-30": "6.06", "2020-06-30": "5.31", "2020-03-31": "3.26", "2019-12-31": "4.24", "2019-09-30": "4.41", "2019-06-30": "3.97", "2019-03-31": "3.96", "2018-12-31": "2.48", "2018-09-30": "2.69", "2018-06-30": "2.62", "2018-03-31": "2.02", "2017-12-31": "1.85", "2017-09-30": "2.02", "2017-06-30": "2.81", "2017-03-31": "3.15", "2016-12-31": "2.85", "2016-09-30": "3.28", "2016-06-30": "3.05", "2016-03-31": "3.46", "2015-12-31": "3.36", "2015-09-30": "4.97", "2015-06-30": "4.30", "2015-03-31": "4.78", "2014-12-31": "5.25", "2014-09-30": "5.40", "2014-06-30": "5.13", "2014-03-31": "5.24", "2013-12-31": "5.18", "2013-09-30": "4.38", "2013-06-30": "3.90", "2013-03-31": "3.67", "2012-12-31": "3.47", "2012-09-30": "3.85", "2012-06-30": "4.80", "2012-03-31": "5.54", "2011-12-31": "4.73", "2011-09-30": "4.46", "2011-06-30": "4.79", "2011-03-31": "4.46", "2010-12-31": "3.68", "2010-09-30": "3.14", "2010-06-30": "2.64", "2010-03-31": "2.29", "2009-12-31": "1.87", "2009-09-30": "2.13", "2009-06-30": "1.83", "2009-03-31": "1.59", "2008-12-31": "1.55", "2008-09-30": "1.45", "2008-06-30": "2.25", "2008-03-31": "3.26", "2007-12-31": "4.48", "2007-09-30": "3.83", "2007-06-30": "2.98", "2007-03-31": "2.34", "2006-12-31": "2.24"}, "price book": {"current": "21.48", "2021-02-11": "23.91", "2020-09-30": "19.27", "2020-06-30": "17.27", "2020-03-31": "10.89", "2019-12-31": "13.80", "2019-09-30": "14.40", "2019-06-30": "13.21", "2019-03-31": "13.27", "2018-12-31": "8.30", "2018-09-30": "8.80", "2018-06-30": "8.62", "2018-03-31": "6.59", "2017-12-31": "5.94", "2017-09-30": "6.28", "2017-06-30": "8.20", "2017-03-31": "9.08", "2016-12-31": "7.75", "2016-09-30": "8.52", "2016-06-30": "7.90", "2016-03-31": "8.97", "2015-12-31": "6.94", "2015-09-30": "9.36", "2015-06-30": "8.37", "2015-03-31": "9.46", "2014-12-31": "10.55", "2014-09-30": "10.92", "2014-06-30": "10.48", "2014-03-31": "10.74", "2013-12-31": "10.75", "2013-09-30": "9.05", "2013-06-30": "8.23", "2013-03-31": "7.83", "2012-12-31": "7.42", "2012-09-30": "7.66", "2012-06-30": "9.55", "2012-03-31": "11.32", "2011-12-31": "10.11", "2011-09-30": "9.49", "2011-06-30": "10.27", "2011-03-31": "9.82", "2010-12-31": "8.15", "2010-09-30": "6.99", "2010-06-30": "5.69", "2010-03-31": "4.83", "2009-12-31": "3.95", "2009-09-30": "4.50", "2009-06-30": "3.90", "2009-03-31": "3.34", "2008-12-31": "3.20", "2008-09-30": "2.88", "2008-06-30": "4.46", "2008-03-31": "6.41", "2007-12-31": "8.58", "2007-09-30": "7.20", "2007-06-30": "5.46", "2007-03-31": "4.17", "2006-12-31": "3.91", "2006-09-30": "3.56", "2006-06-30": "4.61", "2006-03-31": "4.41"}, "price fcf": {"2021-02-11": "", "2020-09-30": "$13.85", "2020-06-30": "$13.02", "2020-03-31": "$13.18", "2019-12-31": "$13.70", "2019-09-30": "$12.33", "2019-06-30": "$11.58", "2019-03-31": "$11.02", "2018-12-31": "$11.95", "2018-09-30": "$11.37", "2018-06-30": "$10.27", "2018-03-31": "$10.70", "2017-12-31": "$8.80", "2017-09-30": "$7.71", "2017-06-30": "$5.94", "2017-03-31": "$6.52", "2016-12-31": "$3.24", "2016-09-30": "$3.68", "2016-06-30": "$6.23", "2016-03-31": "$7.68", "2015-12-31": "$13.52", "2015-09-30": "$14.18", "2015-06-30": "$14.54", "2015-03-31": "$15.22", "2014-12-31": "$13.63", "2014-09-30": "$14.80", "2014-06-30": "$12.68", "2014-03-31": "$11.88", "2013-12-31": "$10.51", "2013-09-30": "$10.16", "2013-06-30": "$10.51", "2013-03-31": "$10.25", "2012-12-31": "$7.01", "2012-09-30": "$6.87", "2012-06-30": "$7.02", "2012-03-31": "$6.47", "2011-12-31": "$8.18", "2011-09-30": "$7.81", "2011-06-30": "$6.48", "2011-03-31": "$5.60", "2010-12-31": "$5.55", "2010-09-30": "$5.33", "2010-06-30": "$5.26", "2010-03-31": "$4.62", "2009-12-31": "$4.47", "2009-09-30": "$3.27", "2009-06-30": "$2.62", "2009-03-31": "$2.03", "2008-12-31": "$1.40", "2008-09-30": "$1.20", "2008-06-30": "$0.95", "2008-03-31": "$0.71", "2007-12-31": "$0.19", "2007-09-30": "$0.08", "2007-06-30": "$-0.07", "2007-03-31": "$-0.14", "2006-12-31": "$0.19"}, "net worth": {"value": "$43.38B"}, "current ratio": {"2020-12-31": "1.73", "2020-09-30": "1.51", "2020-06-30": "1.59", "2020-03-31": "1.62", "2019-12-31": "1.61", "2019-09-30": "1.51", "2019-06-30": "1.52", "2019-03-31": "1.44", "2018-12-31": "1.81", "2018-09-30": "1.97", "2018-06-30": "2.03", "2018-03-31": "1.72", "2017-12-31": "1.94", "2017-09-30": "2.03", "2017-06-30": "2.48", "2017-03-31": "2.17", "2016-12-31": "1.85", "2016-09-30": "1.68", "2016-06-30": "1.40", "2016-03-31": "1.38", "2015-12-31": "2.91", "2015-09-30": "4.39", "2015-06-30": "3.79", "2015-03-31": "3.55", "2014-12-31": "3.50", "2014-09-30": "3.30", "2014-06-30": "3.69", "2014-03-31": "3.48", "2013-12-31": "3.34", "2013-09-30": "3.36", "2013-06-30": "3.04", "2013-03-31": "3.16", "2012-12-31": "2.93", "2012-09-30": "4.12", "2012-06-30": "4.13", "2012-03-31": "4.43", "2011-12-31": "3.18", "2011-09-30": "3.80", "2011-06-30": "3.76", "2011-03-31": "3.80", "2010-12-31": "3.30", "2010-09-30": "3.34", "2010-06-30": "3.37", "2010-03-31": "3.26", "2009-12-31": "2.91", "2009-09-30": "3.09", "2009-06-30": "2.96", "2009-03-31": "2.60", "2008-12-31": "2.75", "2008-09-30": "2.96", "2008-06-30": "3.09", "2008-03-31": "2.77", "2007-12-31": "2.75", "2007-09-30": "2.69", "2007-06-30": "2.93", "2007-03-31": "2.66", "2006-12-31": "2.92", "2006-09-30": "3.08", "2006-06-30": "3.53", "2006-03-31": "3.35", "2005-12-31": "0.43", "2005-09-30": "0.00", "2005-06-30": "0.00", "2005-03-31": "0.00"}, "quick ratio": {"2020-12-31": "1.70", "2020-09-30": "1.48", "2020-06-30": "1.56", "2020-03-31": "1.58", "2019-12-31": "1.57", "2019-09-30": "1.47", "2019-06-30": "1.48", "2019-03-31": "1.41", "2018-12-31": "1.76", "2018-09-30": "1.92", "2018-06-30": "1.97", "2018-03-31": "1.67", "2017-12-31": "1.88", "2017-09-30": "1.96", "2017-06-30": "2.41", "2017-03-31": "2.11", "2016-12-31": "1.80", "2016-09-30": "1.61", "2016-06-30": "1.34", "2016-03-31": "1.32", "2015-12-31": "2.86", "2015-09-30": "4.32", "2015-06-30": "3.73", "2015-03-31": "3.50", "2014-12-31": "3.44", "2014-09-30": "3.24", "2014-06-30": "3.63", "2014-03-31": "3.41", "2013-12-31": "3.28", "2013-09-30": "3.29", "2013-06-30": "2.98", "2013-03-31": "3.10", "2012-12-31": "2.87", "2012-09-30": "4.06", "2012-06-30": "4.06", "2012-03-31": "4.35", "2011-12-31": "3.13", "2011-09-30": "3.73", "2011-06-30": "3.69", "2011-03-31": "3.71", "2010-12-31": "3.24", "2010-09-30": "3.27", "2010-06-30": "3.31", "2010-03-31": "3.20", "2009-12-31": "2.86", "2009-09-30": "3.02", "2009-06-30": "2.89", "2009-03-31": "2.54", "2008-12-31": "2.69", "2008-09-30": "2.90", "2008-06-30": "3.02", "2008-03-31": "2.71", "2007-12-31": "2.70", "2007-09-30": "2.62", "2007-06-30": "2.86", "2007-03-31": "2.60", "2006-12-31": "2.87", "2006-09-30": "3.02", "2006-06-30": "3.46", "2006-03-31": "3.28", "2005-12-31": "0.36", "2005-09-30": "0.00", "2005-06-30": "0.00", "2005-03-31": "0.00"}, "debt equity ratio": {"current": "0.00", "2020-12-31": "1.96", "2020-09-30": "2.12", "2020-06-30": "2.15", "2020-03-31": "2.11", "2019-12-31": "2.03", "2019-09-30": "2.04", "2019-06-30": "2.03", "2019-03-31": "2.12", "2018-12-31": "0.57", "2018-09-30": "0.55", "2018-06-30": "0.53", "2018-03-31": "0.54", "2017-12-31": "0.50", "2017-09-30": "0.49", "2017-06-30": "0.43", "2017-03-31": "0.47", "2016-12-31": "0.45", "2016-09-30": "0.43", "2016-06-30": "0.41", "2016-03-31": "0.39", "2015-12-31": "0.28", "2015-09-30": "0.23", "2015-06-30": "0.25", "2015-03-31": "0.27", "2014-12-31": "0.26", "2014-09-30": "0.29", "2014-06-30": "0.30", "2014-03-31": "0.31", "2013-12-31": "0.31", "2013-09-30": "0.30", "2013-06-30": "0.32", "2013-03-31": "0.33", "2012-12-31": "0.34", "2012-09-30": "0.31", "2012-06-30": "0.31", "2012-03-31": "0.31", "2011-12-31": "0.37", "2011-09-30": "0.34", "2011-06-30": "0.35", "2011-03-31": "0.34", "2010-12-31": "0.38", "2010-09-30": "0.36", "2010-06-30": "0.35", "2010-03-31": "0.35", "2009-12-31": "0.37", "2009-09-30": "0.35", "2009-06-30": "0.35", "2009-03-31": "0.35", "2008-12-31": "0.33", "2008-09-30": "0.32", "2008-06-30": "0.29", "2008-03-31": "0.29", "2007-12-31": "0.29", "2007-09-30": "0.27", "2007-06-30": "0.27", "2007-03-31": "0.29", "2006-12-31": "0.28", "2006-09-30": "0.26", "2006-06-30": "0.25", "2006-03-31": "0.26", "2005-12-31": "0.27", "2005-09-30": "0.00", "2005-06-30": "0.00", "2005-03-31": "0.00"}, "return on equity": {"2020-12-31": "19.72%", "2020-09-30": "13.75%", "2020-06-30": "15.27%", "2020-03-31": "20.75%", "2019-12-31": "22.13%", "2019-09-30": "20.38%", "2019-06-30": "16.88%", "2019-03-31": "14.25%", "2018-12-31": "12.50%", "2018-09-30": "13.53%", "2018-06-30": "12.35%", "2018-03-31": "13.66%", "2017-12-31": "12.62%", "2017-09-30": "10.55%", "2017-06-30": "9.61%", "2017-03-31": "6.69%", "2016-12-31": "1.64%", "2016-09-30": "4.61%", "2016-06-30": "11.28%", "2016-03-31": "15.72%", "2015-12-31": "21.36%", "2015-09-30": "24.05%", "2015-06-30": "24.84%", "2015-03-31": "24.89%", "2014-12-31": "24.37%", "2014-09-30": "23.66%", "2014-06-30": "22.24%", "2014-03-31": "22.21%", "2013-12-31": "23.18%", "2013-09-30": "23.03%", "2013-06-30": "22.88%", "2013-03-31": "22.89%", "2012-12-31": "22.31%", "2012-09-30": "22.91%", "2012-06-30": "23.42%", "2012-03-31": "22.25%", "2011-12-31": "22.26%", "2011-09-30": "22.48%", "2011-06-30": "22.64%", "2011-03-31": "23.36%", "2010-12-31": "23.30%", "2010-09-30": "22.25%", "2010-06-30": "20.91%", "2010-03-31": "20.09%", "2009-12-31": "18.90%", "2009-09-30": "17.16%", "2009-06-30": "15.13%", "2009-03-31": "13.61%", "2008-12-31": "12.59%", "2008-09-30": "13.08%", "2008-06-30": "13.98%", "2008-03-31": "13.87%", "2007-12-31": "13.55%", "2007-09-30": "12.75%", "2007-06-30": "11.43%", "2007-03-31": "9.98%", "2006-12-31": "9.51%", "2006-09-30": "8.74%", "2006-06-30": "9.76%", "2006-03-31": "23.99%", "2005-12-31": "49.19%"}, "return on assets": {"2020-12-31": "6.40%", "2020-09-30": "4.43%", "2020-06-30": "4.95%", "2020-03-31": "6.79%", "2019-12-31": "7.24%", "2019-09-30": "7.52%", "2019-06-30": "7.23%", "2019-03-31": "7.29%", "2018-12-31": "8.07%", "2018-09-30": "8.84%", "2018-06-30": "8.16%", "2018-03-31": "9.18%", "2017-12-31": "8.59%", "2017-09-30": "7.25%", "2017-06-30": "6.66%", "2017-03-31": "4.65%", "2016-12-31": "1.15%", "2016-09-30": "3.36%", "2016-06-30": "8.59%", "2016-03-31": "12.32%", "2015-12-31": "17.03%", "2015-09-30": "19.26%", "2015-06-30": "19.67%", "2015-03-31": "19.51%", "2014-12-31": "18.94%", "2014-09-30": "18.20%", "2014-06-30": "17.05%", "2014-03-31": "16.94%", "2013-12-31": "17.63%", "2013-09-30": "17.40%", "2013-06-30": "17.28%", "2013-03-31": "17.34%", "2012-12-31": "16.97%", "2012-09-30": "17.38%", "2012-06-30": "17.63%", "2012-03-31": "16.62%", "2011-12-31": "16.49%", "2011-09-30": "16.62%", "2011-06-30": "16.70%", "2011-03-31": "17.22%", "2010-12-31": "17.13%", "2010-09-30": "16.42%", "2010-06-30": "15.45%", "2010-03-31": "14.83%", "2009-12-31": "13.96%", "2009-09-30": "12.78%", "2009-06-30": "11.34%", "2009-03-31": "10.31%", "2008-12-31": "9.64%", "2008-09-30": "10.09%", "2008-06-30": "10.87%", "2008-03-31": "10.85%", "2007-12-31": "10.61%", "2007-09-30": "10.00%", "2007-06-30": "8.98%", "2007-03-31": "7.87%", "2006-12-31": "7.55%", "2006-09-30": "6.95%", "2006-06-30": "7.77%", "2006-03-31": "18.98%", "2005-12-31": "38.78%"}, "return on investments": {"2020-12-31": "inf%", "2020-09-30": "inf%", "2020-06-30": "inf%", "2020-03-31": "inf%", "2019-12-31": "inf%", "2019-09-30": "inf%", "2019-06-30": "inf%", "2019-03-31": "inf%", "2018-12-31": "inf%", "2018-09-30": "inf%", "2018-06-30": "inf%", "2018-03-31": "inf%", "2017-12-31": "inf%", "2017-09-30": "inf%", "2017-06-30": "inf%", "2017-03-31": "inf%", "2016-12-31": "inf%", "2016-09-30": "inf%", "2016-06-30": "inf%", "2016-03-31": "inf%", "2015-12-31": "inf%", "2015-09-30": "inf%", "2015-06-30": "inf%", "2015-03-31": "inf%", "2014-12-31": "inf%", "2014-09-30": "inf%", "2014-06-30": "inf%", "2014-03-31": "inf%", "2013-12-31": "inf%", "2013-09-30": "inf%", "2013-06-30": "inf%", "2013-03-31": "inf%", "2012-12-31": "inf%", "2012-09-30": "inf%", "2012-06-30": "inf%", "2012-03-31": "inf%", "2011-12-31": "inf%", "2011-09-30": "inf%", "2011-06-30": "inf%", "2011-03-31": "inf%", "2010-12-31": "inf%", "2010-09-30": "inf%", "2010-06-30": "inf%", "2010-03-31": "inf%", "2009-12-31": "inf%", "2009-09-30": "inf%", "2009-06-30": "inf%", "2009-03-31": "inf%", "2008-12-31": "inf%", "2008-09-30": "inf%", "2008-06-30": "inf%", "2008-03-31": "inf%", "2007-12-31": "inf%", "2007-09-30": "inf%", "2007-06-30": "inf%", "2007-03-31": "inf%", "2006-12-31": "inf%", "2006-09-30": "inf%", "2006-06-30": "inf%", "2006-03-31": "inf%", "2005-12-31": "inf%"}, "return on tangible equity": {"2020-09-30": "13.93%", "2020-06-30": "15.47%", "2020-03-31": "21.03%", "2019-12-31": "22.44%", "2019-09-30": "20.67%", "2019-06-30": "17.14%", "2019-03-31": "14.47%", "2018-12-31": "12.70%", "2018-09-30": "13.75%", "2018-06-30": "12.55%", "2018-03-31": "13.87%", "2017-12-31": "12.82%", "2017-09-30": "10.72%", "2017-06-30": "9.76%", "2017-03-31": "6.80%", "2016-12-31": "1.66%", "2016-09-30": "4.67%", "2016-06-30": "11.41%", "2016-03-31": "15.89%", "2015-12-31": "21.57%", "2015-09-30": "24.29%", "2015-06-30": "25.11%", "2015-03-31": "25.18%", "2014-12-31": "24.67%", "2014-09-30": "23.97%", "2014-06-30": "22.55%", "2014-03-31": "22.53%", "2013-12-31": "23.55%", "2013-09-30": "23.41%", "2013-06-30": "23.27%", "2013-03-31": "23.29%", "2012-12-31": "22.71%", "2012-09-30": "23.34%", "2012-06-30": "23.89%", "2012-03-31": "22.73%", "2011-12-31": "22.78%", "2011-09-30": "23.04%", "2011-06-30": "23.25%", "2011-03-31": "24.02%", "2010-12-31": "23.99%", "2010-09-30": "22.93%", "2010-06-30": "21.57%", "2010-03-31": "20.74%", "2009-12-31": "19.53%", "2009-09-30": "17.77%", "2009-06-30": "15.67%", "2009-03-31": "14.11%", "2008-12-31": "13.06%", "2008-09-30": "13.58%", "2008-06-30": "14.54%", "2008-03-31": "14.46%", "2007-12-31": "14.12%", "2007-09-30": "13.28%", "2007-06-30": "11.90%", "2007-03-31": "10.39%", "2006-12-31": "9.92%", "2006-09-30": "9.15%", "2006-06-30": "10.24%", "2006-03-31": "25.22%", "2005-12-31": "52.05%"}, "dividend yield history": {"last payout": "$0.00", "last yield": "0.00%"}}